3986 6320
139 270 228 331 193

522 276 618 334 DE
654 277 1139 336 C(ENOBIORUM
1175 275 1421 336 INSTIT.
1463 279 1593 336 LIB.
1633 277 1727 334 IV.
1755 306 1827 320 —
1850 279 1941 336 DE
1983 281 2372 341 lNSTlTUTlS
2409 281 2982 342 RENUNTIANTIUM

3312 285 3420 342 ιρι

139 393 372 451 Christus
403 408 475 450 ex
508 395 734 466 Virgine
764 398 916 452 nasci
953 396 1205 468 dignatus
1236 405 1341 452 est.
1370 397 1428 452 In
1466 411 1572 467 quo
1599 411 1722 466 per-
1748 401 1801 460 Α
1825 400 1877 456 ei
1901 401 2328 469 cohaerentibus,
2352 402 2747 472 repromittitur
2767 403 2821 457 in
2848 402 3086 457 futurum
3115 420 3127 454 :
3155 409 3227 457 ita
3249 417 3424 473 paenae

139 489 344 545 modico
382 499 646 559 tempore
681 490 1032 555 delitescens,
1073 491 1370 546 secundum
1402 490 1728 546 sententiam
1832 493 2168 564 gravissimae
2211 504 2589 564 praeparantur
2619 494 2703 549 his
2747 495 2839 564 qui
2881 494 3063 564 tepide
3095 509 3214 549 eam
3258 496 3425 565 negti.

139 583 340 639 Domini
376 581 607 655 (Matth.
642 584 728 656 v),
767 594 1040 656 tamquam
1072 585 1270 640 civitas
1301 599 1466 654 super
1492 594 1729 639 montem
1832 596 2134 654 genterque
2164 584 2365 640 fuerint
2390 585 2662 650 exsecuti,
2693 593 2748 639 et
2773 595 2795 622 ο
2827 585 3122 640 secundum
3154 585 3257 641 hoc
3283 586 3428 656 quod

138 677 322 746 posita,
367 674 581 730 diutius
614 676 875 731 abscondi
915 691 1024 732 non
1067 676 1264 746 potuit.
1293 676 1426 731 Nam
1466 677 1731 732 continuo

136 769 347 840 quidam
380 767 613 824 fratrum
645 769 741 839 qui
770 769 837 824 ad
873 770 992 826 loca
1032 779 1222 826 sancta
1255 769 1324 825 de
1353 769 1574 840 Egypti
1608 785 1733 839 par—

138 867 269 920 tibus
326 865 599 928 orationis
646 880 811 921 causa
865 875 1272 932 convenerant,
1323 866 1562 936 agnitum
1609 879 1730 920 eum

137 973 337 1013 summa
373 958 429 1012 vi
469 973 692 1028 precum
735 958 802 1013 ad
840 958 1151 1013 coenobium
1189 973 1345 1013 suum
1385 965 1730 1013 revocarunt.

695 1049 924 1108 CAPUT
962 1049 1184 1106 XXXII.

144 1147 257 1214 ρπϐ
279 1153 549 1228 pracepta
571 1145 714 1198 dedit
737 1145 872 1203 idem
893 1145 1049 1228 abbas
1073 1143 1387 1228 Pynupltius
1409 1145 1559 1213 fratri
1582 1160 1735 1216 quem

449 1217 505 1270 in
532 1233 688 1270 suum
716 1217 1084 1270 monasterium
1112 1217 1408 1288 recipiebat.

197 1309 355 1366 Hunc
382 1309 552 1380 igitur
576 1324 766 1364 senem
791 1324 890 1380 pro
916 1309 1031 1374 illa,
1056 1324 1177 1379 qua:
1209 1309 1369 1364 nobis
1391 1308 1568 1364 fuerat
1591 1307 1735 1379 apud

142 1402 300 1471 ipsum
347 1402 402 1455 in
446 1399 787 1456 monasterio
823 1410 1012 1456 nostro
1056 1400 1417 1464 familiaritas,
1450 1415 1573 1455 cum
1617 1408 1739 1468 post

141 1493 242 1549 hac
263 1494 317 1547 in
334 1491 581 1564 £gypto
600 1491 1008 1546 studiosissime
1030 1490 1475 1561 requisissemus,
1494 1500 1519 1527 ε
1533 1489 1732 1545 exhor-

145 1589 381 1641 tationem
408 1600 576 1653 quam
604 1584 757 1640 dedit
786 1584 943 1639 fratri
963 1599 1121 1654 quem
1151 1583 1254 1638 sub
1281 1593 1466 1638 nostra
1493 1596 1730 1652 praesen-

143 1681 201 1734 tia
239 1680 290 1734 in
344 1681 608 1736 cmnobio
657 1694 759 1735 suo
801 1679 1124 1749 recipiebat,
1169 1679 1296 1749 quia
1337 1687 1468 1748 puto
1509 1691 1576 1732 ex
1629 1677 1730 1731 hac

148 1787 287 1840 posse
337 1772 549 1842 aliquid
607 1772 987 1826 instructionis
1041 1771 1333 1836 accedere,
1391 1771 1606 1824 animus
1653 1778 1738 1824 est

149 1863 394 1932 opusculo
424 1863 559 1918 huic
592 1864 858 1918 intexere.
882 1861 912 1900 b
933 1862 1107 1929 Nosti,
1141 1863 1236 1927 ait,
1266 1870 1402 1930 quot
1427 1859 1618 1914 diebus
1643 1875 1738 1928 pro

150 1955 335 2010 foribus
363 1956 677 2020 excubans,
708 1954 869 2010 hodie
893 1955 972 2010 sis
1002 1965 1276 2024 receptus.
1305 1954 1471 2023 Cujus
1508 1953 1734 2008 difﬁcul-

150 2050 254 2103 tatis
281 2063 507 2103 causam
533 2047 789 2116 primitus
819 2047 986 2103 debes
1016 2061 1336 2117 agnoscere.
1363 2046 1569 2102 Poterit
1589 2047 1736 2100 enim

150 2142 225 2195 tibi
253 2143 303 2196 in
345 2142 454 2197 hac
487 2141 604 2209 via,
636 2156 801 2211 quam
851 2141 1060 2211 ingredi
1107 2140 1470 2209 concupiscis.
1504 2139 1734 2194 multum

153 2231 396 2301 conferre,
430 2233 504 2296 si,
542 2233 754 2286 ratione
798 2231 915 2300 ejus
959 2232 1163 2302 agnita,
1207 2231 1274 2286 ad
1313 2229 1521 2285 Christi
1558 2229 1734 2286 servi-

158 2327 256 2381 titun
286 2336 700 2397 consequenter
731 2341 794 2380 ac
815 2327 961 2381 sicut
988 2334 1210 2392 Oportet
1235 2325 1560 2382 accesseris.

679 2417 908 2476 CAPUT
949 2418 1192 2474 XXXIII.

147 2515 278 2579 Quod
299 2515 434 2568 sicut
458 2530 650 2584 magna
673 2515 1026 2567 remuneratio
1053 2513 1304 2566 monacho
1327 2512 1536 2566 debetur
1555 2527 1739 2566 secun-

203 2586 320 2638 dum
359 2586 745 2638 institutionem
789 2596 995 2656 patrum
1037 2585 1322 2643 laboranti,
1372 2585 1446 2636 ita
1494 2592 1539 2656 et
1586 2599 1737 2656 perna

201 2656 440 2709 similiter
472 2656 760 2721 tribuatur,
792 2655 841 2708 et
870 2656 1061 2709 idcirco
1095 2672 1195 2710 non
1224 2656 1404 2709 debeat
1433 2655 1547 2724 quis
1587 2655 1739 2725 facile

206 2727 413 2780 admitti
441 2728 496 2779 in
523 2727 870 2780 monasterio.

217 2819 371 2875 Sicut
412 2834 640 2890 namque
677 2820 941 2875 immensa
976 2820 1147 2890 gloria
1181 2819 1416 2874 fideliter
1447 2817 1736 2874 servienti-

138 2911 236 2968 bus
268 2913 401 2981 Deo,
434 2927 497 2968 ac
531 2913 839 2969 secundum
879 2913 1237 2968 institutionis
1278 2912 1443 2982 hujus
1489 2911 1730 2983 regulam

1835 675 2069 746 professi
2102 685 2258 741 sunt,
2288 675 2373 731 vel
2406 675 2551 746 quod
2589 676 2655 730 ab
2686 675 3000 736 hominibus
3033 692 3156 732 esse
3194 678 3430 733 credun-

1836 776 1947 833 tur,
1980 766 2188 822 fructus
2218 766 2381 821 etiam
2423 781 2691 837 congruos
2724 769 3031 822 sanctitatis
3062 769 3241 824 eidem
3272 770 3433 824 exhi-

1835 860 1969 916 bere
1999 860 2359 931 neglexerint.
2392 860 2583 915 Melius
2613 869 2696 916 est
2726 861 2926 929 enim,d
2949 863 3249 918 secundum
3285 864 3433 920 Scri-

1838 963 2051 1022 pturam
2098 950 2326 1025 (Eccles.
2371 951 2450 1023 v),
2499 968 2604 1007 non
2646 968 2848 1009 vovere
2888 970 3236 1026 quemquam,
3271 971 3430 1026 quam

1836 1061 2058 1110 vovere,
2104 1056 2159 1100 et
2206 1061 2313 1100 non
2363 1045 2624 1112 reddere;
2668 1056 2745 1113 et,
2799 1033 3117 1102 Maledictus
3162 1048 3255 1118 qui
3306 1049 3438 1102 facit

1837 1151 1977 1207 opus
2014 1137 2109 1191 Dei
2150 1136 2490 1206 negligenter
2535 1135 2754 1208 (Jerem.
2793 1139 3002 1204 vam).
3034 1138 3165 1194 Ideo
3209 1139 3372 1208 igitur
3405 1157 3434 1193 a

1839 1233 1994 1286 nobis
2016 1232 2322 1288 diutissime
2352 1233 2621 1288 refutatus
2642 1248 2725 1297 es,
2754 1247 2862 1287 non
2886 1234 3011 1302 quia
3045 1243 3189 1288 tuam
3214 1234 3296 1288 vel
3319 1249 3434 1288 om-

1839 1325 1986 1379 nium
2011 1325 2240 1379 salutem
2272 1338 2378 1378 non
2406 1332 2522 1378 toto
2553 1325 2826 1380 desiderio
2853 1326 3141 1395 cupiamus
3162 1327 3434 1396 amplecti,

1841 1428 1895 1473 et
1923 1418 2009 1472 his
2038 1418 2128 1488 qui
2155 1415 2228 1491 ad
2259 1415 2536 1472 Christum
2564 1417 2790 1486 cupiunt
2825 1418 3070 1472 converti
3109 1419 3270 1472 etiam
3307 1434 3434 1486 pro-

1841 1510 1930 1566 cul
1977 1524 2267 1566 occurrere
2315 1524 2422 1564 non
2465 1519 2758 1579 optemus:
2791 1509 2887 1565 sed
2928 1525 2997 1566 ne
3040 1521 3247 1567 temere
3298 1513 3436 1566 reci-

1841 1604 2076 1674 pientes,
2113 1611 2167 1656 et
2198 1617 2300 1657 nos
2341 1601 2482 1670 apud
2519 1603 2686 1655 Deum
2716 1600 2976 1669 levitatis,
3012 1610 3067 1656 et
3093 1604 3431 1672 temetipsum

1843 1712 1996 1751 reum
2047 1693 2314 1764 gravioris
2358 1693 2607 1764 supplicii
2649 1695 2978 1757 faceremus,
3017 1694 3063 1749 si
3101 1696 3164 1749 ad
3199 1711 3440 1766 praesens

1842 1790 2001 1844 facile
2031 1797 2341 1857 susceptus,
2373 1802 2473 1842 nec
2506 1785 2719 1854 pondus
2763 1786 3115 1856 professionis
3147 1787 3310 1858 hujus
3348 1791 3430 1844 in-

1845 1883 2117 1953 telligens,
2147 1880 2230 1935 vel
2260 1881 2557 1935 destitutor
2585 1888 2710 1950 post
2741 1879 2882 1945 haec,
2911 1879 2998 1935 vel
3033 1881 3244 1950 tepidus
3271 1885 3442 1937 exsti-

1846 1977 2026 2031 tisses.
2060 1973 2425 2041 Quamobrem
2468 1972 2640 2040 ipsam
2683 1987 2905 2027 causam
2951 1971 3440 2028 abrenuntiationis

1845 2071 2014 2126 debes
2045 2071 2097 2124 in
2129 2068 2320 2140 primis
2367 2081 2663 2136 agnoscere
2689 2083 2700 2117 :
2731 2080 2836 2135 qua
2879 2075 3187 2136 perspecta,
3218 2065 3346 2136 quid
3387 2075 3441 2121 te

1843 2164 2133 2219 conveniat
2184 2176 2367 2232 agere,
2422 2176 2489 2216 ex
2551 2159 2670 2229 ejus
2714 2160 2925 2215 ratione
2971 2159 3310 2214 manifestius
3358 2159 3441 2214 in-

1843 2257 2089 2312 struaris.

2383 2343 2613 2400 CAPUT
2655 2343 2897 2399 XXXIV.

1918 2440 2072 2509 Quod
2110 2438 2498 2493 abrenuntiatio
2539 2444 2716 2489 nostra
2756 2431 2886 2488 nihil
2921 2435 2988 2487 sit
3011 2434 3174 2509 aliud
3214 2451 3365 2505 quam

2184 2509 2538 2577 marti/icatio,
2564 2518 2611 2560 et
2642 2509 2814 2577 imago
2845 2508 3102 2572 cruciﬁxi.

1917 2639 1940 2667 ο
1968 2626 2388 2683 Abrenuntiatio
2428 2623 2562 2678 nihil
2617 2632 2702 2677 est
2745 2622 2892 2676 aliud
2941 2639 3101 2692 quam
3149 2624 3328 2680 crucis
3377 2637 3440 2677 ac

1844 2718 2291 2779 mortificationis
2321 2717 2601 2772 indicium.
2635 2716 2875 2785 Ideoque
2910 2717 3126 2771 noveris
3169 2716 3439 2772 hodierno

1840 2816 1930 2871 die
1959 2823 2012 2869 te
2043 2813 2168 2868 huic
2194 2809 2396 2866 mundo
2425 2818 2482 2864 et
2514 2807 2724 2863 aetibus
2752 2808 2870 2877 ejus
2900 2823 2964 2862 ac
2994 2808 3287 2864 desideriis
3319 2825 3440 2865 esse

1838 2907 2176 2972 defunctum,
2210 2912 2368 2972 teque
2401 2899 2422 2939 ί
2457 2899 2756 2957 secundum
2778 2900 3096 2971 Apostolum
3132 2900 3332 2973 (Galat.
3357 2908 3438 2973 vi)

1205 3051 1464 3108 ALARDI
1503 3047 1738 3107 GAZASI
1778 3042 2358 3105 COMMENTARIUS.

200 3181 222 3207 ³
260 3169 449 3225 Refert
481 3172 689 3225 Auctor
713 3169 978 3237 insignem
1007 3168 1311 3223 orationem
1343 3182 1439 3222 seu
1469 3167 1725 3221 exhorta-
1756 3163 1804 3224 C
1836 3178 1960 3237 cap.
1990 3160 2104 3226 l9),
2151 3157 2243 3212 ubi
2279 3157 2355 3237 ait
2393 3152 2621 3237 eoanui
2663 3168 2723 3208 se
2765 3152 3154 3237 monachorum
3190 3153 3440 3237 instituto

140 3242 326 3296 tionem
359 3241 577 3295 abbatis
616 3241 879 3312 Pynnphii
919 3241 982 3294 ad
1014 3241 1281 3312 novitium
1314 3241 1532 3312 factam,
1569 3253 1730 3308 quem

141 3313 445 3379 recipiebat;
476 3309 707 3382 eamque
731 3309 954 3382 reliquis
980 3312 1138 3378 hujus
1164 3311 1287 3382 libri
1318 3309 1585 3382 capitibus
1612 3324 1734 3382 pro-

143 3382 365 3465 sequitur
395 3402 432 3465 _:.
466 3380 629 3450 quam
660 3380 960 3465 opportune
1007 3381 1218 3465 imitari.
1251 3384 1423 3451 possit
1463 3380 1633 3465 abbas
1677 3380 1748 3434 in”

145 3452 436 3522 hujusmodi
489 3456 804 3524 receptione
854 3469 947 3507 seu
995 3453 1326 3507 adtnissione
1369 3452 1725 3524 novitiorum.

150 3524 363 3596 letninit
388 3525 563 3596 hujus
593 3523 992 3579 exhortationis
1017 3526 1202 3596 collat.
1241 3525 1304 3577 l7
1336 3538 1454 3592 cap.
1490 3523 1546 3578 5.

199 3595 221 3633 δ
253 3596 335 3650 De
385 3592 493 3650 hac
539 3597 856 3663 probatione
905 3604 960 3649 et
1002 3595 1362 3648 excubatione
1409 3604 1535 3646 ante
1583 3592 1731 3648 fores

153 3667 438 3720 monasterii
471 3668 683 3736 egimus
710 3665 961 3735 superius
989 3663 1143 3736 (Cap.
1169 3668 1202 3716 2
1229 3663 1410 3736 hujus)
1437 3681 1451 3717 :
1475 3672 1531 3718 et
1558 3663 1730 3736 refert

147 3736 393 3791 Palladius
443 3734 1140 3803 huiusmodiprobationis
1177 3734 1423 3800 exempla
1467 3736 1518 3788 in
1557 3734 1728 3790 Paulo

143 3807 388 3877 simplice,
422 3819 481 3862 et
511 3809 769 3867 Macario.
811 3807 903 3874 qui
944 3807 1198 3860 simulato
1241 3806 1428 3877 habitu
1471 3814 1664 3874 petens
1695 3821 1726 3860 a

145 3876 426 3933 Pachomio
474 3879 710 3946 admitti,
759 3887 966 3947 septem
1011 3877 1128 3932 dies
1172 3887 1298 3932 ante
1340 3876 1484 3931 fores
1531 3892 1730 3946 exspe-

139 3952 304 4004 Clavit.

198 4033 214 4057 ε
256 4020 421 4075 Νοιεῑ
453 4020 627 4075 lector
655 4030 764 4072 tum
790 4035 853 4074 ex
885 4019 986 4074 hoc
1016 4033 1162 4087 cap..
1195 4029 1308 4074 tum
1346 4033 1413 4072 ex
1451 4018 1726 4087 sequenti-

135 4090 235 4154 bus,
268 4107 472 4145 nomen
501 4091 859 4160 professionis
891 4095 1226 4156 monasticae,
1255 4101 1416 4157 atque
1455 4089 1579 4144 hinc
1606 4090 1725 4145 col-

131 4161 241 4232 ligat
268 4160 677 4228 professionem
704 4161 1054 4215 monasticam
1088 4177 1114 4212 a
1143 4161 1426 4214 monachis
1447 4163 1607 4214 etiam
1635 4177 1726 4214 ve-

131 4235 325 4286 teribus
349 4273 364 4296 ,
407 4233 606 4287 saltem
639 4232 800 4286 tacite
839 4242 895 4284 et
942 4233 1349 4300 interpretative
1373 4274 1386 4296 ,
1435 4232 1722 4294 emissam;

128 4303 344 4370 ejusque
385 4305 532 4368 vim,
578 4317 671 4358 seu
710 4303 1125 4370 obligationetn,
1159 4314 1213 4354 et
1264 4302 1725 4370 prmvaricationis

129 4387 334 4436 plenam
366 4373 458 4427 hic
479 4389 818 4442 expressam.
845 4374 998 4440 Quod
1030 4382 1216 4426 contra
1247 4375 1535 4426 haereticos
1566 4373 1725 4440 hujus

130 4447 385 4514 temporis
416 4444 841 4499 obserVandnm.
875 4444 1025 4508 Quod
1059 4444 1100 4497 si
1145 4445 1266 4514 quis
1294 4453 1501 4512 quaerat
1530 4458 1596 4495 an
1629 4459 1723 4496 ca-

126 4513 239 4568 dem
268 4515 438 4569 l'uerit
465 4530 532 4568 eo
560 4516 762 4569 saeculo
793 4515 1056 4579 religiosae
1084 4515 1205 4567 vita-
1235 4513 1405 4568 forma
1431 4530 1550 4581 quze
1581 4530 1723 4567 nunc

124 4596 228 4648 ρει,
261 4587 402 4641 nihil
436 4587 597 4652 plane
642 4587 1028 4654 ambigendum
1057 4587 1185 4651 quin
1223 4585 1494 4638 simillima
1538 4584 1717 4638 fuerit.

123 4655 239 4709 Nam
277 4668 336 4712 et
371 4657 564 4726 primis
598 4656 854 4710 Ecclesiae
883 4655 1216 4722 temporibus
1247 4672 1351 4707 non
1385 4656 1556 4707 solum
1589 4669 1721 4722 pau-

124 4738 422 4793 pertatem,
461 4728 798 4792 castitatem,
841 4739 894 4781 et
933 4727 1294 4780 obedientiam
1329 4726 1720 4791 profitebantur

121 4800 396 4860 monachi,
422 4800 498 4851 uti
520 4813 586 4851 ex
614 4798 837 4851 Philone
853 4806 1062 4851 constat
1081 4797 1217 4865 (Lib.
1236 4799 1298 4851 de
1329 4796 1449 4849 Vita
1470 4797 1715 4864 suppli.);

118 4874 199 4922 fed
222 4882 276 4925 et
305 4869 424 4922 voti
450 4869 668 4922 vinculo
690 4869 756 4922 ad
785 4870 900 4923 haec
924 4877 1188 4936 perpetuo
1209 4869 1545 4921 observanda
1575 4868 1718 4921 obli-

116 4944 402 5006 gibantur,
437 4941 512 4993 ita
541 4949 598 4992 ut
623 4939 692 4992 ab
720 4940 813 4993 illo
839 4949 986 4992 statu
1017 4939 1253 4993 deficere
1282 4939 1525 4993 illicitum
1559 4941 1717 5006 plane

115 5031 164 5062 .;‹τ
191 5013 470 5067 nefarium
498 5022 836 5064 censeretur.
871 5011 982 5063 Hoc
1012 5018 1217 5064 tantum
1245 5011 1492 5074 interest,
1517 5012 1560 5062 si
1584 5011 1711 5075 quid

118 5086 362 5143 interest,
403 5081 550 5150 quod
601 5096 708 5134 non
762 5081 938 5134 adhuc
985 5090 1131 5133 tanta
1181 5081 1356 5134 inerat
1401 5082 1713 5135 monasticis

119 5157 252 5206 hisce
283 5152 439 5205 votis
472 5154 792 5217 auctoritas,
819 5153 956 5216 sive,
1003 5160 1062 5204 ut
1087 5150 1348 5220 Theologi
1382 5162 1592 5215 vocant,
1625 5167 1716 5205 so-

118 5225 406 5278 letnnitas:
438 5232 496 5276 et
522 5221 773 5277 fortassis
806 5223 1030 5276 initione
1067 5237 1326 5287 expresse
1378 5223 1620 5291 quidem,
1657 5232 1714 5275 ut

117 5309 231 5348 vero
258 5294 506 5349 similius
536 5305 640 5356 est,
685 5307 749 5346 ac
778 5294 992 5361 publice
1016 5303 1138 5345 vota
1163 5293 1585 5357 emittebantur;
1617 5293 1712 5346 sed

115 5378 167 5417 ea
210 5363 512 5435 professio,
558 5379 623 5417 ex
667 5365 939 5435 communi
981 5364 1222 5416 omnium
1269 5379 1433 5418 sensu
1479 5372 1534 5417 et
1582 5379 1714 5418 con-

113 5434 296 5501 sensu,
334 5438 406 5488 ita
450 5444 570 5488 erat
609 5434 866 5503 religioso
910 5438 1072 5487 statui
1121 5449 1358 5499 annexa,
1399 5445 1455 5487 ut
1501 5435 1712 5488 etiamsi

113 5520 233 5560 voce
258 5507 413 5562 nulla
445 5504 586 5559 facta
611 5513 761 5558 esset
793 5504 1072 5572 professio,
1103 5513 1285 5559 tamen
1317 5505 1712 5574 intelligeretur

111 5580 259 5632 simul
284 5593 413 5630 cum
439 5584 585 5629 statu
616 5583 868 5642 suscepta
895 5577 1012 5642 ejus
1038 5577 1388 5644 professionis
1416 5575 1708 5643 obligatio:

110 5663 167 5698 eo
203 5649 422 5702 scilicet
462 5647 630 5701 modo
673 5660 781 5713 quo
827 5661 968 5698 nunc
1011 5649 1275 5700 castitatis
1315 5657 1497 5700 votum
1540 5648 1710 5699 sacris

110 5719 389 5772 ordinibus
432 5731 712 5772 annexum
759 5715 1093 5786 intelligitur.
1143 5719 1295 5784 Quod
1326 5734 1390 5772 ex
1427 5719 1488 5770 ῐ).
1525 5717 1707 5771 Basilii

111 5793 343 5861 quodam
393 5789 519 5846 loco
570 5786 803 5858 intelligi
851 5797 1029 5857 putest
1071 5786 1273 5857 (Epist.
1323 5789 1391 5842 ad
1441 5788 1705 5844 Amabilo.

1751 4541 1801 4600 1)

1840 3225 2180 3294 addicerent,
2214 3228 2379 3281 tacite
2405 3225 2716 3280 ctelibatum
2750 3225 3039 3278 admittere
3067 3227 3435 3280 consucvisse.

1838 3304 2024 3372 Itaque
2075 3302 2178 3354 hoc
2225 3299 2388 3352 etiam
2437 3295 2639 3350 tamdiu
2690 3304 2986 3372 servatum
3015 3298 3437 3372 est,_quamdiu

1837 3366 2012 3441 prisca
2039 3373 2131 3426 illa
2159 3372 2327 3439 pietas
2354 3383 2417 3422 ac
2442 3367 2772 3441 verecundia
2801 3367 2934 3421 satis
2965 3369 3065 3421 fuit
3091 3366 3156 3440 ad
3190 3367 3438 3422 homines

1836 3438 1891 3498 in
1943 3444 2126 3499 officio
2161 3438 2536 3495 continendos
2586 3457 2599 3490 :
2660 3452 2921 3506 processu
2973 3438 3102 3492 vero
3151 3441 3434 3506 temporis,

1835 3525 2120 3570 crescente
2145 3513 2424 3566 hominum
2457 3508 2683 3569 malitia,
2718 3509 3023 3563 consultius
3051 3524 3115 3564 ac
3159 3512 3324 3561 tutius
3359 3514 3438 3561 vi-

1835 3601 1953 3641 sum
1986 3595 2091 3649 est,
2114 3585 2181 3637 ab
2213 3584 2278 3636 iis
2301 3583 2390 3648 qui
2425 3595 2554 3635 vere
2587 3580 2823 3648 religiosi
2852 3591 2946 3633 aut
2971 3579 3219 3633 monachi
3249 3580 3435 3635 haberi

1833 3658 2074 3718 vellent,
2133 3667 2449 3724 expressam
2511 3652 3096 3724 promissionetntatn
3161 3653 3431 3724 castitatis

1833 3742 1991 3797 quam
2037 3721 2462 3797 paupertatis__et
2505 3721 2831 3797 obedientiae
2873 3721 3130 3797 exigere:
3166 3721 3431 3797 quemad-

1833 3791 2054 3852 modum
2084 3791 2229 3851 et’D.
2267 3792 2501 3847 Basilius
2543 3791 2743 3845 ibidem
2787 3793 3052 3848 decernit.
3081 3801 3135 3845 et
3172 3791 3262 3844 alii
3309 3793 3436 3846 reli-

1830 3871 2051 3938 gionum
2083 3867 2396 3920 fundatores
2428 3871 2484 3917 et
2515 3863 2858 3938 institutores
2891 3873 3233 3938 statuerunt;
3268 3864 3433 3938 tacita

1831 3933 2012 3994 famen
2045 3939 2380 4004 professione
2424 3950 2528 3986 non
2567 3935 2807 3997 exclusa,
2841 3933 2934 3986 sed
2969 3933 3434 3988 certis‘conditio-

1830 4012 1990 4065 nibus
2012 4025 2109 4078 per
2131 4023 2316 4063 sacros
2340 4020 2582 4059 canones
2600 4005 3008 4078 circumscripta
3038 4022 3048 4056 :
3076 4009 3218 4059 unde
3248 4021 3431 4078 parem

1829 4075 2028 4150 accipit
2055 4097 2178 4136 cum
2210 4091 2471 4148 expressa
2506 4077 2840 4146 professione
2872 4075 3180 4130 ﬁrmitatem
3213 4086 3267 4129 et
3298 4076 3433 4131 obli-

1828 4155 2127 4223 gatiouem.

1899 4223 1926 4262 ά
1969 4225 2071 4278 Alii
2123 4222 2341 4278 codices
2379 4237 2392 4272 :
2439 4218 2733 4274 Secundum
2782 4218 3072 4288 Scriptura
3102 4221 3428 4273 sententiam.

1828 4297 2068 4350 Habetur
2123 4306 2302 4348 autem
2368 4291 2483 4344 haec
2537 4291 2806 4344 sententia
2855 4290 2995 4352 apud
3055 4290 3427 4344 Ecclesiasten

1827 4383 1946 4434 Cap.
1998 4382 2029 4417 ν
2078 4366 2161 4419 his
2206 4361 2522 4434 verbisaSi
2563 4362 2693 4434 quid
2727 4362 2907 4434 vovisti
2937 4359 3068 4434 Deo,
3112 4378 3176 4413 ne
3212 4363 3430 4434 utereris

1826 4432 2042 4491 reddere
2065 4453 2084 4490 :
2112 4437 2348 4504 displicet
2375 4433 2508 4484 enim
2531 4433 2578 4484 ei
2599 4432 2830 4490 inﬁdelis
2868 4440 2914 4484 et
2943 4432 3102 4484 stulta
3118 4432 3430 4498 promissio;

1828 4512 2091 4575 multoque
2117 4507 2297 4559 melius
2325 4513 2398 4557 est
2426 4519 2528 4556 non
2557 4518 2754 4568 vovere,
2782 4519 2934 4572 quam
2964 4514 3076 4574 post
3103 4515 3274 4555 votum
3304 4519 3428 4570 pro-

1827 4582 1984 4632 missa
2013 4595 2112 4631 non
2136 4577 2378 4629 reddere.

1902 4661 1924 4688 °
1968 4645 2493 4706 Abrennntiationis,
2539 4643 2680 4697 sicut
2721 4652 2776 4697 et
2820 4643 3220 4714 abnvgationis,
3264 4661 3427 4700 voca-

1825 4721 2010 4774 bulum
2037 4733 2310 4785 sumptum
2328 4732 2395 4769 ex
2415 4715 2592 4769 verbis
2607 4715 2908 4769 Salvatoris
2923 4717 3062 4785 apud
3079 4715 3423 4773 Matthzeum:

1827 4792 1887 4845 Si
1929 4792 2046 4860 quis
2089 4789 2197 4843 vult
2239 4789 2412 4841 venire
2454 4794 2567 4856 post
2611 4802 2709 4852 me,
2745 4787 2959 4856 abneget
2990 4788 3340 4860 semetipsum,
3377 4799 3426 4840 et

1823 4857 1974 4915 tollat
2016 4877 2220 4914 crucem
2265 4874 2436 4919 suam,
2487 4868 2534 4910 et
2579 4868 2821 4925 sequatur
2868 4874 2947 4910 me
2979 4857 3195 4927 (Matth.
3229 4858 3302 4926 κ).
3361 4860 3426 4912 Et

1821 4935 1960 5002 apud
1995 4932 2190 4987 Lucam
2220 4949 2232 4982 :
2266 4930 2444 4983 Omnis
2475 4945 2537 4980 ea:
2563 4929 2700 4981 vobis
2723 4929 2810 4995 qui
2833 4945 2935 4980 non
2967 4931 3229 5002 renuntiat
3258 4932 3424 5002 omni-

1822 5001 1914 5057 bus
1959 5019 2071 5075 qua:
2103 5003 2373 5075 possidet,
2427 5015 2526 5052 non
2577 5010 2740 5075 potest
2791 5015 2930 5075 meus
2980 5017 3084 5075 esse
3134 5001 3423 5075 discipulus

1820 5069 1981 5137 (Luc:
2009 5073 2144 5144 xw).
2178 5075 2314 5140 Quid
2347 5083 2523 5144 autem
2555 5073 2626 5123 sit
2654 5070 2966 5144 abnegatio,
3001 5073 3114 5144 sive
3148 5069 3422 5144 abi-enini.

1821 5147 1974 5199 tiatio
1997 5139 2143 5215 (sunt
2171 5139 2314 5198 enim
2345 5143 2460 5196 haec
2491 5143 2841 5215 synonyma),
2869 5141 2977 5215 late
3002 5139 3290 5215 disseritur
3313 5142 3422 5192 col-

1821 5210 2022 5271 latione
2053 5217 2236 5279 tertia,
2262 5215 2354 5268 ubi
2384 5215 2453 5267 de
2489 5210 3227 5268 tribusabrenuntiationum
3260 5226 3423 5279 gene-

1819 5288 1969 5342 ribns
1998 5291 2196 5356 agitur.

1895 5357 1914 5396 ί
1960 5351 2289 5412 ΑόὨοΙιιιεε
2317 5366 2474 5411 sexto
2495 5370 2618 5424 cap.
2651 5355 2785 5408 dicit
2814 5354 3110 5424 Apostolus
3138 5370 3150 5404 :
3186 5351 3417 5405 Mundus

1815 5431 1946 5483 mihi
1988 5430 2272 5495 cruciﬁxus
2319 5439 2416 5492 est,
2459 5436 2504 5480 et
2550 5423 2642 5496 ego
2683 5427 2896 5479 mundo.
2941 5423 3097 5496 Quod
3135 5440 3418 5492 exponens

1816 5500 1882 5554 D.
1926 5494 2217 5570 Gregorius
2261 5499 2398 5566 (Lib.
2432 5514 2465 5552 v
2507 5494 2697 5570 Mdral.
2725 5514 2770 5550 c.
2933 5494 3182 5570 Mundus,
3219 5496 3412 5561 inquit,

1815 5575 1861 5624 ei
1905 5567 2182 5637 cruciﬁxus
2224 5581 2353 5637 erat,
2391 5570 2512 5638 quia
2545 5569 2678 5619 [tunc
2707 5567 2850 5618 cordi
2887 5582 2980 5617 suo
3009 5567 3124 5638 jam
3162 5576 3416 5618 mortuum

1815 5660 1918 5696 non
1947 5643 2152 5695 amabat
2179 5659 2198 5695 .°
2227 5643 2315 5693 sed
2353 5637 2410 5693 et
2431 5655 2652 5708 seipsum
2685 5638 2878 5708 mundo
2905 5637 3259 5703 cruci/iurat,
3290 5639 3415 5703 quia

1814 5717 1970 5767 talem
1997 5731 2049 5765 se
2075 5715 2121 5765 ei
2157 5711 2393 5771 exhibere
2421 5706 2639 5768 stnituit,
2667 5719 2719 5757 ut
2745 5706 2808 5758 ab
2848 5723 2931 5769 eo,
2971 5709 3118 5775 quasi
3156 5721 3413 5770 mortuus,

1813 5786 2110 5855 concupisci
2135 5800 2237 5838 non
2267 5791 2458 5855 posset.
2488 5781 2550 5833 Et
2591 5777 2726 5830 infra
2758 5796 2770 5832 :
2802 5779 2934 5843 Quia
2966 5780 3126 5850 igitur
3157 5795 3247 5833 nec
3271 5777 3415 5832 Pau-
