3986 6320
549 264 654 331 I05

1866 268 2148 330 JOANNIS
2184 262 2499 329 CASSIANI

3701 260 3799 323 £96

546 387 752 444 mundo
773 386 899 444 huic
919 402 1040 445 esse
1063 389 1400 457 crucifixum,
1435 388 1641 460 tibique
1671 388 1816 444 hunc
1844 389 2123 444 mundum.
2152 396 2203 455 Α
2230 384 2642 453 constrinxerit,
2682 384 2958 455 applicare
2999 383 3281 441 debemus.
3328 381 3399 439 Et
3444 382 3586 439 sicut
3629 380 3674 437 is
3711 380 3799 451 qui

546 479 842 557 considera
864 495 993 550 ergo
1015 481 1355 536 conditiones
1376 482 1574 545 crucis,
1604 480 1704 535 sub
1725 480 1881 549 cujus
1907 489 1960 535 te
1978 480 2132 534 dein-

543 583 672 640 ceps
711 580 1052 626 sacramento
1086 582 1301 641 oportet
1340 574 1391 624 in
1432 572 1531 625 hac
1567 571 1689 626 luce
1734 572 1967 641 versari,
2005 573 2128 638 quia

540 659 653 730 jam
688 670 745 715 tu
783 677 888 717 non
918 663 1076 722 vivis.
1117 660 1212 716 sed
1242 661 1333 717 ille
1360 663 1491 715 vivit
1521 661 1573 716 in
1612 671 1685 726 te,
1715 661 1807 732 qui
1843 673 1928 716 est
1956 662 2133 717 cruci-

543 750 684 806 fixus
707 768 804 823 pro
827 763 879 807 te
905 750 1102 822 (Galat.
1130 753 1214 822 ιι).
1244 751 1321 808 Eo
1344 767 1475 823 ergo
1507 753 1693 808 habitu
1718 768 1780 807 ac
1810 752 2000 823 figura,
2024 766 2130 823 qua

542 859 644 915 pro
675 846 833 900 nobis
859 845 911 899 in
940 845 1177 914 patibulo
1200 845 1304 900 fuit
1329 846 1421 900 ille
1444 861 1764 915 suspensus,
1787 861 1890 900 nos
1916 860 2130 916 quoque

543 953 767 993 necesse
798 944 883 992 est
910 939 963 991 in
994 938 1094 993 hac
1121 938 1227 992 vita
1255 938 1476 1009 degere,
1502 949 1562 993 ut
1590 940 1803 994 scilicet
1831 938 2128 995 secundum

537 1027 707 1083 David
747 1025 920 1099 (Psal.
967 1029 1181 1099 cxvtn),
1228 1030 1511 1101 aftigentes
1557 1030 1624 1086 de
1674 1031 1864 1086 timore
1915 1030 2129 1086 Domini

536 1135 727 1175 carnes
771 1133 1008 1186 nostras,
1041 1120 1328 1178 universas
1373 1124 1679 1177 voluntates
1729 1138 1793 1177 ac
1831 1122 2123 1190 desideria,

538 1227 649 1268 non
694 1220 893 1285 nostra:
931 1214 1385 1284 concupiscentia:
1423 1218 1738 1283 servientia,
1771 1216 1863 1271 sed
1900 1216 2128 1271 mortiﬁ-

535 1306 734 1360 cationi
765 1307 881 1377 ejus
914 1306 1210 1363 habeamus
1238 1308 1421 1364 afﬁxa.
1454 1311 1544 1365 Sic
1573 1311 1714 1366 enim
1742 1310 1957 1365 Domini
1988 1326 2129 1380 prte-

533 1409 748 1467 ceptum
782 1398 1127 1467 implebimus
1148 1400 1383 1455 dicentis
1408 1400 1624 1471 (Matth.
1660 1402 1719 1473 ι)
1739 1419 1751 1454 :
1771 1402 1873 1469 Qui
1905 1418 2012 1456 non
2035 1415 2129 1457 ac-

535 1487 669 1557 cipit
720 1504 940 1545 crucem
991 1505 1142 1545 suam
1190 1500 1248 1546 et
1289 1493 1537 1561 sequitur
1579 1506 1688 1560 me,
1748 1508 1853 1546 non
1906 1503 1988 1548 est
2036 1508 2126 1549 me

532 1578 746 1648 dignus.
776 1579 883 1635 Sed
916 1580 1055 1635 forte
1078 1579 1263 1636 dicas:
1291 1581 1575 1649 Quomodo
1594 1589 1774 1650 potest
1802 1580 1967 1636 homo
1997 1597 2122 1638 cru-

530 1685 648 1725 cem
681 1685 831 1725 suam
850 1672 1050 1742 jugiter
1081 1684 1319 1742 portare,
1342 1672 1431 1728 vel
1454 1673 1904 1743 quemadmodum
1934 1674 2123 1729 vivens

2230 480 2477 551 patibulo
2496 479 2674 534 crucis
2710 462 2953 547 atligitur
2980 492 3087 534 non
3112 477 3223 547 jam
3254 477 3543 545 praesentia
3572 484 3798 531 contem-

2229 572 2429 642 platur,
2462 585 2565 627 nec
2590 571 2661 647 de
2689 572 2801 624 suis
2828 569 3204 625 affectionibus
3228 568 3450 639 cogitat,
3473 582 3578 622 non
3607 581 3697 639 pro
3716 565 3798 621 die

2233 667 2473 727 crastino
2499 664 2870 720 sollicitudine
2887 678 3123 733 curaque
3145 662 3493 728 distenditur,
3517 660 3655 716 nulla
3682 674 3798 731 pos.

2229 757 2439 813 sidendi
2475 756 2911 827 concupiscentia
2946 766 3320 826 permovetur,
3353 755 3501 811 nulla
3542 755 3797 824 superbia,

2229 848 2379 903 nulla
2429 850 2807 914 contentione,
2858 849 3007 904 nulla
3054 848 3399 905 mulatione
3443 846 3792 912 succenditur,

2228 955 2337 997 non
2362 941 2431 996 de
2459 943 2819 1012 presentibus
2839 941 2987 996 dolet
3015 939 3253 1010 injuriis,
3283 953 3391 995 non
3412 938 3790 1009 praeteritarum

2221 1033 2334 1105 jam
2364 1035 2710 1101 recordatur,
2745 1049 2913 1103 seque
2938 1048 3061 1089 cum
3088 1030 3267 1095 adhuc
3291 1031 3461 1101 spirat
3489 1032 3543 1084 in
3583 1044 3795 1099 corpore

2225 1128 2436 1184 cunctis
2471 1128 2754 1182 elementis
2796 1124 2971 1182 credit
3001 1138 3124 1180 esse
3148 1122 3489 1189 defunctum.
3513 1122 3640 1197 illuc
3665 1135 3794 1199 prae-

2226 1221 2447 1276 mittens
2494 1221 2578 1274 sui
2629 1219 2811 1275 cordis
2861 1217 3139 1283 intuitum,
3186 1230 3294 1287 quo
3336 1230 3398 1271 se
3437 1229 3545 1270 non
3593 1213 3793 1269 dubitat

2226 1311 2372 1366 illico
2403 1312 2760 1366 transiturum
2780 1327 2799 1363 -.
2836 1311 2907 1364 ita
2938 1323 3037 1363 nos
3071 1321 3287 1378 quoque
3311 1315 3340 1345 ι
3367 1306 3561 1362 timore
3597 1306 3793 1363 Domini

2224 1403 2516 1458 crucitixos
2545 1410 2758 1472 oportet
2787 1400 2871 1456 bis
2910 1399 3178 1463 omnibus,
3225 1396 3279 1453 id
3324 1408 3430 1465 est,
3478 1412 3587 1452 non
3629 1397 3790 1453 solum

2223 1496 2533 1551 carnalibus
2560 1495 2724 1561 vitiis,
2753 1509 2942 1549 verum
2983 1494 3144 1547 etiam
3182 1490 3313 1561 ipsis
3347 1490 3631 1547 elementis
3656 1506 3792 1545 mor-

2223 1595 2345 1642 tuos
2374 1601 2520 1656 esse,
2554 1586 2679 1641 illuc
2727 1585 2989 1641 habentes
3023 1584 3213 1640 oculos
3241 1584 3436 1638 animae
3480 1594 3676 1637 nostra:
3699 1582 3792 1639 de-

2224 1679 2383 1744 ﬁxos,
2418 1694 2523 1745 quo
2552 1693 2650 1733 nos
2679 1692 2901 1747 sperare
2939 1676 3199 1731 debemus
3242 1673 3534 1729 momentis
3581 1674 3792 1745 singulis

535 1763 655 1832 quis
683 1763 860 1834 possit
885 1779 1007 1819 esse
1036 1763 1370 1820 crucitiXus?
1399 1766 1535 1820 Audi
1567 1766 1831 1821 rationem
1862 1766 2117 1823 breviter.
2150 1767 2198 1828 B
2224 1772 2570 1842 migraturus.
2615 1770 2724 1824 lloc
2757 1769 2901 1825 enim
2936 1769 3096 1822 modo
3124 1767 3479 1822 mortiﬁcatas
3507 1768 3792 1836 poterimus

1084 1853 1311 1911 CAPUT
1351 1855 1572 1914 XXXV.

796 1947 946 2014 Quod
970 1963 1102 2002 crux
1131 1957 1310 2003 nostra
1345 1950 1497 2003 timor
1532 1948 1738 2004 Domini
1764 1950 1845 2004 sit.

601 2037 745 2094 Crux
774 2051 960 2093 nostra
1008 2042 1163 2096 timor
1210 2041 1428 2096 Domini
1470 2053 1574 2097 est.
1611 2043 1758 2097 Sicut
1786 2058 1916 2114 ergo
1942 2044 2120 2100 cruci-

531 2129 675 2199 ﬁxus
698 2132 816 2200 quis
843 2130 952 2201 jam
987 2147 1094 2186 non
1126 2149 1224 2203 pro
1259 2118 1425 2188 animi
1451 2136 1533 2188 sui
1567 2143 1719 2189 motu
1750 2135 1994 2190 membra
2021 2151 2119 2192 sua

528 2239 796 2293 quoquam
822 2224 1074 2278 movendi
1101 2226 1181 2280 vel
1204 2225 1557 2280 convertendi
1580 2226 1739 2281 habet
1762 2237 2115 2295 potestatem:

528 2314 600 2368 ita
628 2329 681 2371 et
718 2331 818 2371 nos
846 2316 1155 2372 voluntates
1197 2329 1413 2373 nostras
1450 2336 1513 2373 ac
1544 2319 1834 2387 desideria,
1879 2336 1985 2374 non
2014 2334 2117 2377 se-

525 2406 758 2462 cundum
784 2408 835 2463 id
861 2409 1000 2479 quod
1026 2408 1181 2465 nobis
1217 2425 1386 2464 suave
1415 2419 1494 2465 est
1526 2425 1587 2465 ac
1612 2412 1848 2466 delectat
1879 2413 1945 2467 ad
1972 2428 2114 2483 prae-

523 2511 671 2568 sens,
725 2499 820 2556 sed
866 2500 1162 2556 secundum
1211 2500 1387 2572 legem
1434 2501 1671 2569 Domini,
1724 2517 1831 2572 quo
1879 2517 1977 2558 nos
2018 2503 2110 2557 illa

2226 1867 2510 1918 universas
2529 1860 2995 1933 concupiscentias
3020 1869 3257 1926 nostras,
3285 1870 3339 1915 et
3359 1858 3583 1915 aﬂ‘ectus
3603 1858 3792 1916 habere

2224 1955 2494 2013 carnales.

2752 2063 2981 2121 CAPUT
3014 2063 3259 2121 XXXVI.

2224 2202 2378 2271 Quod
2398 2201 2709 2257 renuntiatio
2748 2207 2929 2254 nostra
2965 2197 3097 2253 nihil
3126 2198 3314 2268 prosit,
3339 2198 3384 2253 si
3405 2198 3595 2254 eisdem
3614 2200 3789 2271 quibus

2610 2272 3014 2325 renuntiavimus
3057 2270 3400 2337 implicemur.

2286 2408 2430 2466 Cave
2458 2424 2587 2480 ergo
2618 2422 2686 2463 ne
2711 2407 2840 2478 quid
2868 2406 3164 2477 aliquando
3192 2420 3379 2462 eorum
3407 2420 3648 2462 resumas
3672 2422 3792 2476 quae

2217 2504 2537 2558 renuntians
2558 2500 2829 2571 abjecisti,
2856 2508 2912 2555 et
2936 2498 2963 2538 δ
2986 2506 3180 2555 contra
3210 2498 3427 2555 Domini
3450 2499 3791 2557 interdictum

1575 2655 1837 2711 ALARDI
1874 2653 2113 2712 GAZzEI
2148 2652 2717 2711 COMMENTARIUS.

521 2791 600 2845 las
635 2788 815 2843 mundi
846 2787 1064 2859 gloriam
1100 2786 1376 2857 quwrebat,
1414 2803 1507 2842 nec
1535 2804 1566 2840 a
1596 2789 1777 2841 mundi
1806 2787 1979 2859 gloria
2000 2786 2111 2855 ipse

520 2858 861 2928 quwrehatur,
888 2872 938 2914 et
973 2876 1025 2912 se
1057 2859 1272 2925 mundo,
1311 2868 1357 2913 et
1392 2859 1642 2912 mundum
1666 2858 1762 2912 sibi
1802 2858 2109 2928 crucifixum

526 2948 638 2986 esse
661 2934 937 3000 gloriatur.
967 2930 1092 2983 Haec
1113 2930 1426 2998 Gregorius.
1457 2929 1682 2983 Pulchra
1714 2941 1890 2983 autem
1924 2929 1976 2982 iu
2006 2927 2108 2983 hoc

522 3004 699 3071 capite
729 3012 783 3056 et
813 3003 1055 3071 sequenti
1082 3000 1381 3055 instituitur
1409 3000 1741 3069 comparatio
1771 3001 2018 3071 monachi
2050 3009 2107 3054 et

524 3070 764 3128 hominis
783 3071 930 3125 cruci
955 3070 1123 3135 aflixi,
1154 3072 1291 3124 lectu
1313 3070 1622 3135 dignissima
1652 3082 1708 3124 et
1734 3072 1905 3138 praxi.
1931 3070 2100 3138 Quam

521 3144 983 3210 comparationem
1016 3141 1283 3195 Caesarius
1326 3141 1510 3195 itidem
1559 3140 1699 3208 (Lib.
1748 3156 1840 3194 vin
1886 3157 1931 3195 c.
1990 3139 2099 3208 10),

2280 2786 2312 2824 ι)
2346 2785 2550 2841 Alludit
2576 2786 2640 2857 ad
2671 2787 2847 2841 locum
2871 2784 3104 2840 Matthtei
3126 2802 3251 2843 xxrv
3267 2786 3467 2857 capite,
3494 2786 3580 2851 ubi
3613 2787 3790 2845 Domi-

2222 2871 2346 2921 nus,
2377 2857 2444 2911 de
2484 2856 2694 2911 excidio
2735 2857 3234 2927 Hierosolymorum
3267 2866 3323 2927 et
3352 2859 3653 2914 calamitate
3695 2858 3791 2914 Ju-

2209 2928 2448 3000 dazorum
2497 2928 2746 2996 loquens,
2777 2928 2853 2981 ait
2885 2944 2897 2978 :
2929 2925 3074 2981 Tunc
3102 2929 3192 2997 qui
3219 2929 3270 2981 in
3292 2926 3485 2982 Iudam
3526 2939 3668 2993 sunt,
3707 2936 3791 3000 fu-

2207 2999 2350 3068 giant
2379 3001 2448 3051 ad
2490 3009 2724 3063 montes;
2752 3008 2799 3051 et
2841 3000 2931 3067 qui
2972 3000 3026 3051 in
3055 3009 3207 3067 tecto,
3252 3015 3356 3053 non
3401 2999 3790 3065 descendat,ut

2206 3071 2354 3122 tollat
2378 3068 2581 3135 aliquid
2609 3070 2671 3120 de
2699 3069 2851 3122 domo
2876 3084 3006 3134 sua;
3045 3078 3091 3122 et
3118 3071 3206 3132 qui
3234 3071 3286 3122 in
3311 3087 3459 3140 agro,
3493 3087 3594 3123 non
3631 3088 3791 3125 retier-

2211 3147 2350 3192 tatur
2398 3140 2579 3193 tollere
2625 3141 2852 3192 tunicam
2889 3156 3056 3193 suam.
3095 3140 3262 3208 Quem
3294 3140 3470 3195 locum
3517 3142 3677 3195 etiam
3723 3142 3787 3197 D.

522 3201 777 3269 non-ille
829 3211 1168 3266 Arelatensis
1219 3216 1529 3280 episcOpus,
1568 3201 1680 3267 'sed
1730 3201 2107 3265 Cisterciensis
2134 3201 2180 3265 C
2212 3210 2445 3265 Hilarius
2485 3211 2711 3279 mystice
2757 3218 2811 3264 et.
2861 3201 3173 3277 moraliter,
3208 3220 3264 3265 ut
3315 3213 3400 3266 hic
3455 3210 3786 3281 Cassianus,

524 3285 841 3346 monachus.
878 3283 1122 3351 apposite
1153 3292 1205 3336 et
1230 3294 1596 3337 consentanee
1624 3283 1750 3337 huic
1778 3282 1896 3335 loco
1925 3283 2108 3347 expla-

519 3366 616 3410 nut
642 3356 692 3408 in
725 3356 867 3407 hunc
906 3353 1123 3407 modum
1159 3370 1171 3405 :
1209 3352 1416 3417 Duplex
1440 3361 1514 3406 est
1544 3352 1904 3421 religiosorum
1939 3354 2109 3405 cruci-

520 3426 669 3494 [ixio,
697 3424 915 3478 hominis
941 3423 1200 3478 interioris
1233 3440 1323 3493 per
1347 3424 1569 3478 alienam
1600 3425 2028 3492 compassionem,
2061 3432 2109 3477 et

521 3494 743 3549 hominis
764 3495 1029 3549 exterioris
1053 3511 1142 3563 per
1164 3496 1429 3563 propriam
1449 3496 1617 3548 carnis
1636 3495 2105 3560 mortificationem.

519 3566 660 3621 Crux
690 3567 824 3619 enim
853 3565 1045 3617 dicitur
1078 3581 1109 3617 a
1129 3567 1364 3618 cruciatu
1389 3580 1407 3618 :
1435 3581 1564 3619 crum
1584 3564 1950 3617 monachorum
1970 3566 2110 3635 rigor

521 3636 717 3703 ordinis
750 3646 843 3701 est,
880 3646 985 3687 tum
1008 3646 1216 3706 propter
1244 3636 1445 3704 vigilias
1471 3645 1519 3688 et
1541 3636 1820 3699 orationes,
1855 3647 1963 3688 tum
1986 3652 2109 3705 pro-

518 3719 631 3779 pter
651 3708 859 3776 jejuuia
886 3716 933 3759 et
958 3708 1357 3777 castigationes;
1394 3718 1500 3760 tum
1530 3716 1738 3774 propter
1765 3706 2031 3779 silentium
2060 3714 2108 3760 et

519 3777 677 3849 opera
711 3793 992 3843 manuum;
1032 3790 1138 3849 tum
1177 3789 1388 3848 prapter
1426 3779 1597 3831 carnis
1634 3777 2020 3840 continentiam,
2061 3787 2110 3830 et

520 3848 934 3917 uestimentorum
980 3848 1234 3917 stratique
1288 3849 1549 3900 duritiam.
1608 3848 1709 3912 Qui
1766 3858 1937 3917 autem
1988 3858 2108 3900 sunt

520 3912 757 3987 Christi?
790 3919 893 3984 Qui
923 3934 1038 3971 cum
1059 3912 1306 3986 Apostolo
1330 3919 1497 3971 dicere
1529 3928 1740 3984 possunt
1775 3916 1974 3987 (Galat.
2008 3922 2103 3984 It):

520 3985 729 4043 Christo
759 3989 948 4051 conﬁxi
977 4005 1157 4041 sumus
1192 3990 1333 4041 cruci
1361 4004 1379 4041 :
1407 3988 1495 4057 qui
1524 4004 1727 4040 carnem
1757 3985 1902 4040 suam
1939 3988 2109 4040 cruci-

518 4057 766 4135 ﬁxerunt,
794 4059 849 4112 id
876 4069 972 4135 est,
996 4059 1139 4135 cruci
1176 4059 1467 4135 afﬁrerunl,
1501 4075 1613 4110 cum
1650 4060 1784 4111 vitiis
1804 4073 2026 4124 xoperum
2057 4067 2108 4110 et

518 4129 949 4200 concupiscentiis
978 4129 1354 4182 desideriorum
1376 4138 1662 4200 pugnantes
1686 4145 1701 4180 :
1734 4145 1822 4181 nec
1843 4138 2106 4196 ponuntur

519 4198 603 4273 illi
634 4198 735 4254 duo
762 4199 972 4273 genitiui
1000 4200 1222 4273 plurales
1245 4198 1729 4273 instrumentaliter,
1762 4200 1849 4251 sed
1881 4199 2101 4273 passive,

518 4270 577 4324 eo
608 4273 744 4339 quod
776 4286 867 4340 per
893 4270 1103 4340 virtutes
1131 4270 1185 4321 in
1217 4270 1386 4323 carnis
1414 4273 1757 4322 maceratione
1794 4272 2105 4333 mortiﬁcen-

519 4344 621 4397 tur.
655 4339 783 4394 Tres
811 4339 960 4405 clavi,
988 4341 1171 4407 quibus
1193 4356 1378 4404 corpus
1406 4340 1644 4392 monachi
1674 4343 1813 4392 cruci
1835 4342 1977 4394 debet
1999 4357 2105 4394 esse

518 4408 747 4482 afﬁxam,
780 4422 878 4482 tres
905 4421 1022 4463 sunt
1067 4412 1279 4482 virtutes
1315 4427 1406 4482 per
1432 4427 1579 4478 quas,
1609 4418 1733 4463 teste
1765 4409 2100 4481 Hieronymo,

520 4480 774 4552 martyres
806 4480 1108 4551 efﬁciuntur,
1136 4480 1329 4535 scilicet
1365 4482 1669 4544 obedientia,
1704 4484 1966 4549 patientia,
2007 4485 2103 4534 hu-

518 4554 711 4625 militas
736 4569 755 4606 :
786 4569 992 4625 manum
1025 4554 1259 4605 monachi
1297 4553 1531 4606 dextram
1559 4554 1780 4625 conﬁgat
1816 4554 2103 4625 obeilientia

516 4622 629 4677 sine
670 4623 1112 4687 murmuratione;
1156 4625 1412 4677 sinistram
1450 4622 1710 4691 patientia
1737 4626 1847 4677 sine
1887 4623 2105 4677 simula-

518 4690 654 4747 tione
679 4710 698 4753 :
727 4694 928 4747 clavum
950 4692 1248 4746 obedientice
1273 4690 1506 4760 impellat
1527 4709 1674 4747 amor
1695 4710 1929 4764 superna!
1947 4694 2104 4747 liber-

518 4765 641 4817 tatis
661 4780 679 4816 :
707 4764 911 4817 clavum
941 4764 1201 4833 patientiae
1230 4765 1383 4817 timor
1405 4780 1566 4832 paenae
1593 4764 1906 4835 gehennalis.
1940 4764 2106 4835 Pedes

519 4835 662 4907 illius
692 4851 810 4887 vera
837 4835 1099 4887 humilitas
1128 4836 1392 4903 conligat;
1421 4845 1474 4887 ut
1510 4834 1611 4888 non
1640 4837 1809 4907 solum
1845 4834 2097 4907 prtelatis,

517 4906 609 4959 sed
635 4915 682 4957 et
706 4907 953 4975 fratribus
974 4921 1027 4958 se
1053 4915 1262 4975 propter
1288 4907 1549 4958 Christum
1571 4906 1912 4975 subjiciat,’ut
1934 4908 2105 4958 dicere

518 4977 677 5042 possit
706 4966 832 5029 cum
874 4966 1159 5047 Psalmista
1184 4974 1353 5047 (P_sal.
1380 4978 1568 5046 cxvttt)
1601 4993 1612 5027 :
1649 4966 1962 5047 Humiliatus
1991 4992 2102 5027 sum

517 5061 895 5117 usquequaque,
932 5044 1147 5099 Domine
1169 5044 1201 5099 ε’
1225 5044 1291 5098 Ει
1324 5052 1376 5099 in
1417 5047 1523 5099 alio
1551 5044 1750 5117 psalmo
1781 5045 1895 5113 (Ps.
1933 5052 2059 5117 va)
2088 5062 2101 5098 :

517 5113 823 5184 Imposuisti
863 5117 1095 5187 homines
1130 5133 1284 5187 super
1322 5119 1498 5181 capita
1531 5113 1725 5170 nostra.
1768 5117 1884 5169 Duo
1927 5115 2101 5183 pedes,

519 5187 716 5254 duplex
740 5196 815 5240 est
834 5185 1095 5255 superbia,
1124 5185 1306 5240 mentis
1331 5189 1525 5241 scilicet
1550 5195 1596 5240 et
1621 5188 1852 5256 corporis
1876 5203 1894 5240 :
1921 5199 1967 5240 et
1991 5188 2108 5238 licet

515 5258 760 5326 superbia
799 5266 954 5328 caput
991 5258 1058 5328 sit
1100 5259 1636 5328 omniumrvitt’orum;
1682 5274 1782 5311 non
1822 5266 1988 5309 tamen
2025 5257 2107 5308 in-

517 5344 744 5400 congrue
787 5326 876 5397 per
899 5326 1088 5400 pedes,
1133 5330 1219 5398 qui
1257 5327 1452 5400 inﬁmw
1490 5337 1609 5380 sunt
1645 5338 1813 5400 partes
1851 5327 2103 5400 corporis,

552 5396 827 5466 nandoque
873 5396 1208 5467 designatur;
1258 5399 1396 5466 quod
1446 5400 1581 5451 enim
1624 5396 1770 5467 valde
1812 5396 2013 5467 odimus
2058 5405 2106 5449 et

2213 3281 2624 3346 interpretatur.
2652 3281 2769 3346 Quo
2799 3281 3012 3350 quidem
3043 3295 3202 3334 sensu
3233 3296 3361 3336 vere
3390 3282 3586 3336 dicitur
3606 3298 3792 3338 mona-

2210 3354 2314 3405 cbo
2357 3352 2700 3406 interdictum
2734 3352 2801 3406 de
2832 3351 3177 3419 perfectionis
3217 3360 3359 3407 tecto
3402 3353 3790 3409 descendendo

2211 3423 2411 3492 aliquid
2461 3424 2654 3477 tollere
2694 3437 2762 3476 ex
2793 3424 2874 3477 his
2914 3438 3035 3492 quae
3063 3423 3455 3479 abrenuntians
3480 3424 3791 3492 abdicarit;

2210 3504 2307 3548 aut
2333 3494 2399 3548 de
2430 3508 2560 3562 agro
2584 3492 2922 3562 Evangelica:
2958 3494 3290 3560 operationis
3320 3495 3543 3561 reverti,
3574 3498 3794 3550 uttuni-

2209 3578 2294 3630 ca,
2326 3564 2428 3619 hoc
2454 3574 2556 3630 est,
2586 3565 2833 3618 externis
2862 3573 2917 3618 et
2963 3564 3349 3632 temporalibus
3383 3564 3560 3629 boois,
3591 3566 3793 3631 quibus

2209 3648 2270 3689 se
2296 3636 2563 3703 spoliarit,
2599 3636 2945 3690 revestiatur.
2975 3635 3080 3688 Sed
3116 3633 3330 3701 juvabit
3352 3635 3438 3690 hic
3465 3635 3564 3692 SS.
3597 3638 3793 3692 Patres

2210 3704 2542 3760 disserentes
2605 3704 2860 3760 audiisse.
2931 3705 3164 3761 Hilarius
3222 3707 3276 3759 in
3346 3707 3791 3762 commentario:

2212 3773 2445 3839 Tectum,
2471 3777 2664 3845 inquit,
2698 3786 2771 3828 est
2820 3777 3003 3829 domus
3044 3776 3330 3846 fastigium,
3361 3785 3411 3830 et
3454 3775 3794 3833 habitationis

2208 3849 2366 3899 totius
2397 3850 2593 3900 excelsa
2625 3847 2892 3915 perfectio.
2935 3846 3035 3911 Qui
3078 3848 3235 3915 igitur
3259 3847 3315 3900 in
3351 3849 3799 3903 consummatione

2208 3915 2390 3969 domus
2419 3933 2527 3970 sua:
2557 3957 2570 3977 ,
2603 3916 2659 3968 id
2685 3927 2782 3979 est,
2806 3917 2861 3968 in
2882 3922 3051 3969 cordis
3081 3917 3163 3969 sui
3201 3920 3515 3986 perfectione
3542 3920 3794 3973 constite-

2206 3988 2294 4051 rit,
2322 3988 2625 4060 descendere
2652 3988 2720 4060 in_
2735 3986 3014 4060 humiliora
3042 4003 3215 4060 rerum
3232 3990 3562 4060 Asiecularium
3583 3990 3799 4060 cupidi-

2207 4064 2312 4111 tate
2341 4074 2444 4110 non
2477 4057 2643 4111 debet.
2664 4055 2741 4130 (Et
2762 4059 2850 4127 qui
2876 4060 2927 4130 in
2970 4072 3116 4128 agro,
3145 4058 3338 4130 scilicet
3364 4066 3561 4129 positus
3592 4055 3799 4130 inape-

2206 4130 2402 4182 ratione
2430 4129 2692 4199 prtecepti.
2718 4144 2818 4180 non
2845 4127 2912 4179 ad
2940 4127 3091 4180 curas
3116 4127 3711 4198 pristinasrevertatar,
3728 4131 3796 4183 ob

2205 4215 2332 4261 quas
2354 4211 2576 4252 veterum
2602 4200 2784 4251 exinde
2812 4199 3180 4268 peccaminum.
3205 4199 3388 4266 quibus
3432 4211 3582 4252 antea
3606 4210 3795 4254 conte-

2202 4271 2434 4340 gebatur,
2463 4273 2559 4323 erit
2581 4270 2808 4322 tunicam
2834 4269 3129 4340 relicturus.
3165 4268 3228 4322 D.
3257 4269 3611 4340 Hieronymus
3636 4270 3793 4325 Lici-

2207 4338 2354 4395 itiutn
2379 4340 2443 4393 ad
2481 4338 2934 4407 perseverantiam
2962 4340 3208 4392 hortatur
3248 4341 3434 4394 multis
3465 4338 3795 4409 hujusmodi

2204 4412 2489 4465 Sententiis
2521 4410 2881 4473 coacervmis,
2907 4411 3057 4477 quasi
3103 4412 3151 4463 in
3184 4410 3323 4464 idem
3368 4410 3750 4479 spectantibus
3782 4429 3797 4464 :

2208 4480 2431 4536 Obsecro
2452 4493 2519 4543 te.
2550 4482 2721 4547 inquit
2752 4479 2944 4549 (Epist.
2969 4480 3095 4551 28),
3139 4489 3186 4532 et
3227 4497 3404 4551 moneo
3446 4481 3675 4548 parentis
3708 4485 3806 4551 αῖς

2209 4557 2370 4623 fectu,
2400 4563 2458 4606 ut
2488 4556 2576 4620 qui
2608 4552 2891 4607 Sodomam
2914 4549 3166 4617 reliquisti
3196 4549 3353 4620 (Gen.
3384 4551 3522 4620 ιιι),
3548 4555 3615 4603 ad
3637 4549 3806 4605 mori-

2208 4636 2331 4678 tana
2358 4627 2628 4695 festinans,
2654 4631 2765 4690 post
2794 4632 2993 4695 tergum
3015 4623 3347 4695 nearespicias
3377 4638 3396 4676 :
3419 4638 3482 4675 ne
3505 4623 3673 4695 aratri
3697 4624 3807 4675 sti-

2205 4712 2320 4749 vam
2348 4690 2505 4765 (Luc.
2539 4696 2641 4763 Ix),
2673 4709 2735 4745 ne
2772 4690 3026 4765 ﬁmbriam
3073 4690 3480 4765 Saltiatoris,_ne
3519 4693 3840 4747 cincinnos.

2207 4759 2539 4833 ejusfnoctis
2585 4759 2702 4816 rore
2744 4764 3063 4831 madefactos
3084 4759 3318 4833 ((Cantic.
3355 4760 3428 4832 v),
3474 4779 3604 4832 quos
3632 4764 3810 4817 semel

2208 4832 2379 4889 tenere
2409 4836 2623 4903 coepisti,
2656 4834 2934 4901 aliquando
2965 4832 3228 4898 dimittas;
3252 4849 3317 4903 ne
3357 4833 3419 4886 de
3450 4843 3576 4885 tecto
3617 4833 3808 4885 uirtu-

2208 4918 2316 4959 tum
2356 4901 2577 4976 pristiua
2603 4905 2918 4976 qtaesiturus
2936 4905 3239 4976 pestimenta
3285 4901 3606 4976 descendas;
3634 4918 3704 4954 ne
3734 4904 3814 4976 de

2206 4991 2335 5045 agro
2357 4971 2645 5045 revertaris
2671 4979 2876 5027 domum
2902 4971 3115 5041 (Matth.
3158 4972 3325 5045 uxrv');
3355 4990 3418 5028 ne
3454 4974 3807 5044 campestria,

2206 5044 2321 5099 cum
2351 5045 2484 5098 Loth
2512 5044 2669 5117 (Gen.
2695 5048 2837 5117 xm),
2862 5055 2909 5097 et
2930 5059 3129 5096 amoena
3151 5044 3414 5096 hortorum
3435 5045 3644 5117 diligas,
3678 5059 3818 5117 qua:

2207 5133 2307 5170 non
2334 5114 2613 5188 irrigantur
2639 5115 2703 5168 de
2731 5116 2879 5179 cado,
2905 5124 2957 5167 ut
2986 5124 3121 5188 terra
3148 5121 3344 5176 sancta,
3375 5115 3465 5167 sed
3492 5121 3554 5188 de
3581 5114 3818 5188 turbido

2205 5188 2420 5257 ﬂumine
2430 5182 2710 5248 dardanis,
2729 5197 2997 5257 pastqttam
3027 5183 3205 5238 dulces
3226 5200 3386 5257 aquas
3407 5184 3566 5236 maris
3584 5182 3819 5257 ortui

2208 5252 2571 5312 commixtione
2612 5252 3096 5323 mutavitﬁprisse
3124 5255 3404 5307 multorum
3436 5264 3546 5319 est;
3569 5256 3642 5305 ad
3674 5253 3818 5307 cul-

2209 5344 2323 5381 men
2350 5330 2656 5398 pervenisse,
2690 5341 2991 5398 paucorum.
3021 5324 3123 5390 Qui
3144 5326 3195 5376 in
3220 5326 3389 5398 stadio
3415 5336 3652 5398 currunt,
3678 5339 3820 5398 gm-

2210 5414 2298 5453 nes
2325 5393 2534 5468 quidem
2566 5406 2824 5468 currunt;
2853 5396 2940 5468 sed
2965 5412 3094 5468 unus
3122 5397 3309 5463 accipit
3340 5393 3637 5459 brariumd
3672 5393 3821 5468 Cor.

2209 5474 2305 5537 Vl).
2331 5464 2395 5521 Άι
2416 5477 2597 5522 contra
2624 5466 2766 5519 nobis
2792 5467 2996 5518 dicitur.
3029 5464 3117 5518 Sic
3138 5468 3353 5530 currite,
3380 5476 3434 5518 ut
3455 5466 3827 5537 comprehen-

2209 5535 2344 5597 datis
2379 5540 2421 5609 (ι
2450 5538 2571 5592 Cor.
2606 5538 2783 5603 tx).D.
2809 5537 3139 5609 augustinns
3177 5537 3482 5609 inopis-tola
3511 5535 3579 5609 ad
3615 5535 3828 5606 Hesy-

2206 5604 2607 5680 cltittm'(Epist.
2636 5609 2765 5675 80):
2798 5604 2865 5658 In
2887 5604 3340 5680 tribulationibus,
3376 5607 3571 5680 inquit,
3604 5604 3828 5680 caveri-

2206 5681 2331 5732 dum
2364 5677 2458 5741 est,
2484 5697 2543 5732 ne
2564 5680 2830 5747 quisquam
2861 5678 3086 5729 devictus
3129 5677 3197 5729 ad
3236 5678 3492 5731 carnalem
3536 5681 3713 5731 vitam
3751 5678 3830 5730 de

2207 5752 2469 5822 spirituali
2498 5750 2808 5803 sublimitate
2845 5747 3269 5814 descendat;aut
3306 5749 3391 5819 qui
3414 5749 3729 5821 profecerat
3761 5752 3841 5807 ita

558 5468 845 5537 espicimus,
871 5468 969 5519 hoc
986 5465 1209 5536 pedibus
1236 5467 1597 5521 conculcamus
1613 5483 1631 5520 :
1652 5466 1787 5520 unde
1806 5465 1961 5520 Iosue
1981 5466 2108 5536 ﬁliis

515 5532 693 5591 Israel
737 5549 790 5591 ut
832 5538 968 5611 colla
998 5532 1183 5611 regum
1226 5540 1551 5611 calcarentur
1580 5538 1850 5611 iprwcepit.
1900 5532 1991 5590 lta'
2014 5538 2107 5611 ille

517 5612 852 5665 monachum
881 5607 1126 5662 adinstar
1150 5609 1384 5663 hominis
1410 5609 1653 5662 crucifixi
1681 5608 1947 5675 depingit.

508 5730 511 5735 ,
591 5677 888 5744 ’ροηιοαο
919 5680 1166 5734 tnouachi
1211 5681 1460 5734 dicantur
1504 5679 1706 5736 mundo
1734 5680 1936 5736 mortui
1980 5678 2107 5735 vide

516 5747 711 5808 collat.
741 5748 815 5806 ει
839 5763 965 5819 cap.
987 5751 1022 5806 9
1050 5749 1405 5820 explicatum.
