3986 6320
169 286 263 347 I97

561 287 650 346 DE
688 287 1168 349 C(ENOBIORUM
1204 291 1447 350 INSTIT.
1488 293 1622 350 LIB.
1663 293 1750 350 IV.
1781 293 1964 349 -ΒΕ
2004 292 2388 352 INSTITUTIS
2428 293 3018 354 RENUNTIANTIUM.

3314 292 3422 355 I98

167 404 371 478 (lfatth.
397 407 558 479 utv)
592 408 662 465 de
689 422 820 480 agro
839 409 1168 479 evangelicae
1192 409 1525 479 operationis
1549 425 1740 466 rever-
1768 423 1824 482 Α
1848 416 2157 478 paupertas,
2187 424 2347 478 quam
2379 424 2521 464 nunc
2546 424 2728 464 coram
2761 411 2878 479 ipso
2908 409 3186 479 professus
3209 423 3294 477 es,
3323 424 3422 468 us-

165 515 266 566 sus,
313 499 622 558 inveniaris
671 503 851 558 tunica
901 515 1010 570 tua,
1062 519 1167 573 qua
1222 514 1274 558 te
1313 504 1738 573 exspoliaveras,

166 598 402 655 revestiri
433 615 447 650 :
478 613 664 669 neque
686 602 752 654 ad
783 599 1014 653 humiles
1041 607 1396 670 terrenasque
1428 601 1615 655 mundi
1645 602 1745 656 hu-

166 691 240 762 jus
264 693 743 761 concupiscentias
772 707 837 747 ac
870 691 1048 747 studia
1092 693 1420 759 revolvaris,
1451 704 1508 750 et
1553 706 1741 749 contra

167 781 352 837 Christi
385 783 703 838 mandatum
732 783 801 839 de
833 783 1182 853 perfectionis
1207 792 1348 840 tecto
1375 785 1738 853 descendens,

166 875 348 930 tollere
392 875 602 945 aliquid
643 891 941 946 prasumas
970 893 1038 932 ex
1083 876 1166 932 his
1197 893 1318 948 quae
1345 878 1742 934 abrenuntians

162 967 439 1024 abdicasti.
469 968 620 1024 Cave
664 982 735 1023 ne
774 980 1054 1038 parentum
1077 1012 1094 1036 ,
1141 986 1207 1026 ne
1236 970 1537 1026 all‘ectionis
1566 972 1744 1042 pristi-

163 1077 241 1116 na
271 1061 599 1129 recorderis,
633 1074 690 1120 et
709 1064 775 1120 ad
805 1078 966 1119 curas
997 1063 1159 1131 hujus
1199 1063 1382 1118 surculi
1411 1063 1740 1118 sollicitudi-

164 1169 360 1224 nesque
387 1164 702 1222 revocatus,
737 1155 1033 1212 secundum
1078 1153 1381 1209 Salvatoris
1411 1154 1740 1208 sententiam

163 1261 360 1318 ponens
408 1263 634 1304 manum
680 1258 826 1304 tuam
857 1263 1024 1317 super
1063 1257 1340 1312 aratrum,
1373 1255 1428 1303 et
1468 1249 1742 1318 aspiciens

166 1351 318 1405 retro,
333 1355 510 1412 regno
524 1341 790 1397 cut-lorum
809 1351 966 1413 aptus
987 1356 1108 1396 esse
1127 1356 1232 1394 non
1253 1342 1428 1412 possis
1443 1340 1622 1411 (Lacte
1639 1341 1737 1411 is).

166 1433 295 1488 Cave
333 1449 402 1488 ne
445 1434 664 1504 quando
705 1434 1047 1504 superbiam,
1082 1448 1242 1502 quam
1287 1449 1431 1488 nunc
1475 1434 1741 1502 incipiens

167 1525 348 1578 ardore
378 1524 505 1578 tidei
537 1539 601 1578 ac
631 1523 789 1594 plena
839 1523 1142 1578 humilitate
1185 1523 1428 1588 calcasti,
1456 1539 1578 1579 cum
1620 1539 1738 1580 cm-

168 1621 294 1686 peris
335 1617 671 1684 psalmorum
714 1618 801 1672 vel
847 1616 1203 1687 professionis
1241 1605 1405 1686 hujus
1447 1619 1736 1687 quamdam

168 1711 398 1763 notitiam
429 1707 748 1780 degustare,
777 1709 1036 1779 paulatim
1069 1710 1246 1764 elatus
1276 1711 1604 1790 resuscitare
1627 1727 1738 1766 me-

168 1800 1738 1918 έὶίξτῗξἷῗῗῗῗῗῗδξῗῗῖἐῖΡῗῗἛῗεἰῗῗὶίὶηῗέζῗΒΕῗῖῗῖΈέ
1771 1814 1818 1873 ιι
2538 1849 2592 1902 in
2906 1847 2999 1902 οεε

165 1910 269 1964 quae
296 1894 630 1950 destruxisti
672 1894 870 1948 iterum
899 1893 1238 1948 reaedilicans
1266 1896 1741 1962 praevaricatorem

171 1986 462 2041 constituas
497 1986 879 2055 temetipsum;
914 1986 1007 2040 sed
1038 1987 1215 2054 potius
1246 1995 1302 2040 ut
1328 1988 1379 2040 iu
1407 1989 1503 2041 hac
1532 1988 1746 2042 nudita-

172 2086 234 2140 te,
263 2093 429 2150 quam
462 2092 648 2131 coram
673 2078 781 2131 Deo
807 2087 862 2131 et
891 2077 1095 2145 angelis
1125 2078 1242 2146 ejus
1273 2078 1546 2146 professus
1571 2093 1653 2144 es,
1675 2077 1743 2132 ad

167 2170 307 2226 ﬁnem
343 2185 525 2240 usque
558 2167 837 2238 perdures.
871 2168 926 2222 In
953 2168 1052 2223 hac
1076 2185 1294 2240 quoque
1327 2170 1652 2233 humilitate,
1680 2183 1744 2223 ac

175 2267 447 2336 patientia,
492 2278 600 2334 qua
626 2273 685 2316 ut
722 2261 1072 2333 suscipereris
1109 2263 1162 2318 in
1204 2263 1530 2318 monasterio
1557 2265 1744 2318 decem

170 2357 344 2413 diebus
375 2372 484 2429 pro
511 2355 720 2410 foribus
754 2369 1108 2424 perseverans
1147 2356 1335 2410 multis
1367 2357 1619 2425 Iacrymis
1644 2357 1745 2410 im-

165 2452 408 2520 plorasti;
431 2465 539 2503 non
567 2448 727 2503 modo
749 2447 1026 2516 persistas,
1054 2464 1245 2503 verum
1268 2449 1431 2504 etiam
1465 2449 1737 2518 prolicias,

162 2552 310 2612 atque
357 2553 701 2596 succrescas.
733 2537 878 2593 Satis
928 2540 1073 2594 enim
1117 2541 1378 2594 miserum
1410 2550 1494 2595 est
1536 2551 1592 2594 ut
1621 2555 1742 2594 cum

162 2631 356 2687 debeas
391 2647 422 2685 a
450 2630 780 2685 rudimentis
810 2644 874 2685 ac
904 2631 1221 2700 primordiis
1262 2633 1370 2686 tuis
1419 2632 1666 2700 provehi,
1689 2641 1744 2686 et

177 2725 244 2778 ad
272 2723 650 2793 perfectionem
681 2722 927 2790 tendere,
963 2723 1127 2778 etiam
1157 2725 1224 2778 ab
1258 2724 1386 2789 ipsis
1424 2724 1648 2793 incipias
1675 2724 1743 2778 ad

180 2817 439 2872 inferiora
468 2816 725 2872 recidere.
754 2815 871 2871 Non
902 2819 1045 2872 enim
1077 2819 1167 2888 qui
1206 2819 1434 2887 coeperit
1477 2819 1616 2882 haec,
1647 2818 1743 2872 sed

163 2909 253 2982 qui
280 2909 704 2977 perseveraverit
731 2907 788 2962 iu
818 2907 905 2964 his
935 2923 1106 2977 usque
1131 2908 1197 2962 ad
1233 2908 1417 2976 linem,
1449 2908 1537 2964 hic
1559 2910 1742 2964 salvus

162 3002 263 3057 erit
290 3000 506 3072 (Matth.
537 3017 570 3055 ι
598 3009 645 3054 et
673 3000 847 3071 sxrv).

679 3112 908 3169 CAPUT
946 3113 1217 3170 XXXVII.

164 3207 306 3276 Quod
351 3207 593 3262 diabolus
637 3217 817 3260 nostra
847 3205 1178 3277 ﬁnigsemper
1221 3205 1514 3273 insidietur,
1551 3215 1598 3262 et
1643 3223 1737 3262 nos
1763 3182 1809 3246 C

360 3280 475 3350 ejus
511 3287 669 3348 caput
688 3279 886 3348 jugiter
917 3275 1183 3330 observare
1220 3278 1516 3332 debeamus.

230 3368 491 3426 Versutus
512 3373 660 3425 enim
688 3365 1132 3441 serpens(Genes.
1155 3366 1238 3439 ιιι)
1268 3371 1523 3424 calcanea
1555 3379 1736 3424 nostra

168 3481 365 3535 semper
395 3464 678 3529 observat,
711 3463 764 3517 id
790 3470 894 3523 est,
925 3462 1212 3517 insidiatur
1248 3463 1415 3518 exitui
1447 3475 1656 3531 nostro,
1684 3474 1741 3520 et

174 3574 320 3627 usque
365 3558 419 3613 in
463 3559 628 3612 finem
673 3555 796 3611 vita:
826 3563 1028 3610 nostra:
1058 3572 1161 3611 nos
1186 3558 1534 3626 supplantare
1564 3574 1736 3613 cona-

174 3659 257 3703 tur.
281 3651 344 3706 Et
376 3649 586 3704 idcirco
608 3648 749 3702 bene
777 3647 1010 3717 coepisse
1039 3649 1171 3702 nihil
1204 3649 1463 3719 proderit,
1497 3666 1595 3704 nec
1626 3651 1740 3719 ple-

163 3756 230 3796 ιο
272 3744 489 3798 fervore
539 3741 960 3796 renuntiationis
1006 3741 1303 3811 arripuisse
1357 3744 1654 3813 principia,
1687 3745 1733 3799 si

159 3827 268 3888 Ilaec
290 3847 566 3905 congruus
593 3833 757 3888 etiam
802 3833 923 3887 ﬁnis
959 3833 1214 3890 similiter
1243 3851 1348 3891 non
1383 3839 1735 3894 commenda-

157 3929 282 3990 verit
319 3939 487 4000 atque
513 3925 865 3993 concluserit,
895 3925 1209 3998 Christique
1245 3927 1519 3987 humilitas
1569 3944 1734 4003 atque

1842 517 1948 572 que
1975 502 2041 555 ad
2073 511 2376 558 extremum
2403 506 2547 572 vita,
2581 505 3034 574 quemadmodum
3066 515 3282 576 arrepta
3309 512 3418 574 est,

1841 611 1872 650 a
1900 604 1952 651 te
1973 613 2077 651 non
2112 597 2270 652 fuerit
2296 599 2585 654 custodita.
2616 600 2769 666 Quod
2791 608 2853 654 ut
2889 599 3066 670 possis
3090 601 3334 670 implere,
3363 608 3424 658 tu

1843 696 1870 726 ι
1898 691 2017 758 ejus
2042 693 2241 760 capita,
2275 691 2324 744 id
2347 703 2452 758 est,
2485 691 2870 762 cogitationum
2911 693 3172 764 principia
3200 709 3418 765 semper

1841 783 2096 848 observa,
2130 783 2157 822 ιδ
2181 787 2246 838 ad
2279 787 2550 839 seniorem
2582 786 2791 842 scilicet
2817 800 2944 841 mox
2969 801 3031 840 ea
3055 786 3326 842 deferens.
3346 787 3424 843 Ita

1841 876 1984 929 enim
2015 875 2193 930 disces
2227 876 2531 945 perniciosa
2559 876 2677 946 ejus
2705 877 2856 931 initia
2877 887 3186 944 conterere,
3215 879 3262 934 si
3288 879 3426 935 nihil

1842 983 1909 1024 ex
1939 969 2018 1024 eis
2043 971 2246 1025 seniori
2277 980 2368 1025 tuo
2388 972 2668 1026 erubueris
2699 972 2964 1027 revelare.

2370 1102 2600 1160 CAPUT
2629 1101 2920 1159 XXXVIII.

1842 1188 1922 1247 De
1947 1193 2286 1248 renuntiantis
2323 1195 2735 1264 pra-paratione,
2780 1195 3054 1250 adversum
3085 1196 3413 1264 tentationes,

2302 1274 2349 1318 et
2378 1269 2440 1318 de
2467 1267 2642 1333 paucis
2671 1265 2958 1320 imitandis.

1913 1375 2254 1446 QuaprOpter
2283 1378 2578 1434 secundum
2609 1378 2900 1451 Scriptura:
2926 1382 3258 1438 sententiam
3287 1381 3419 1453 (Ec-

1841 1469 1932 1524 eli.
1963 1472 2028 1538 ιι)
2079 1488 2333 1542 egressus
2377 1473 2442 1528 ad
2489 1475 2837 1531 serviendum
2869 1477 3116 1546 Domino,
3155 1489 3235 1533 sta
3274 1479 3326 1533 in
3359 1480 3426 1534 ti-

1842 1577 1992 1618 more
2010 1564 2192 1627 Dei,et
2220 1581 2460 1636 praepara
2491 1567 2728 1624 animam
2748 1580 2893 1623 tuam
2925 1585 3028 1625 n0o
3058 1571 3125 1626 ad
3155 1572 3423 1642 requiem,

1844 1669 1952 1708 non
1987 1657 2052 1710 ad
2093 1660 2467 1726 securitatem,
2499 1675 2606 1713 non
2636 1660 2703 1714 ad
2733 1660 2976 1727 delicias,
3007 1663 3100 1718 sed
3143 1664 3206 1718 ad
3251 1675 3430 1719 tenta-

1841 1750 2017 1804 tiones
2045 1761 2101 1806 et
2129 1755 2425 1822 angustias.
2459 1754 2564 1809 Per
2602 1757 2800 1811 multas
2845 1758 2990 1812 enim
3047 1758 3425 1814 tribulationes

3036 1847 3237 1920 (Actor.
3285 1853 3421 1921 xlv).

1846 1934 2088 2003 Angusta
2121 1951 2354 2008 namque
2385 1948 2468 1992 est
2495 1947 2645 2006 porta
2676 1949 2731 1992 et
2753 1949 2901 1992 arcta
2931 1939 3015 1993 via
3039 1956 3159 2010 qum
3190 1941 3339 1996 ducit
3364 1942 3432 1999 ad

1845 2025 2036 2091 vitam,
2065 2036 2120 2081 et
2159 2028 2317 2096 pauci
2368 2039 2494 2083 sunt
2520 2032 2608 2099 qui
2649 2031 2932 2086 inveniunt
2957 2047 3099 2087 eam.
3131 2034 3432 2091 Considera

1845 2130 1974 2186 ergo
2010 2129 2061 2173 te
2089 2120 2156 2174 de
2195 2121 2384 2188 paucis
2413 2132 2466 2176 et
2494 2123 2684 2177 electis
2705 2123 2981 2191 effectum,
3018 2135 3069 2180 et
3095 2140 3162 2180 ne
3187 2129 3432 2196 exemplo

1845 2223 1909 2263 ac
1933 2219 2119 2278 tepore
2147 2213 2504 2267 multitudinis
2520 2216 2844 2285 refrigescas
2869 2217 2990 2272 :sed
3020 2218 3140 2272 vive
3165 2229 3220 2272 ut
3248 2222 3429 2290 pauci,

1846 2310 1905 2354 ut
1933 2316 2052 2355 cum
2094 2305 2278 2371 paucis
2312 2305 2541 2359 inveniri
2567 2307 2830 2360 merearis
2859 2308 2912 2361 in
2938 2324 3106 2378 regno
3138 2310 3254 2364 Dei.
3281 2311 3429 2366 Multi

1845 2393 1988 2447 enim
2022 2407 2145 2448 sunt
2163 2397 2358 2460 vocati,
2378 2397 2533 2466 pauci
2552 2399 2848 2453 veroelecti
2867 2398 3081 2468 (Matth.
3100 2417 3172 2455 xx
3199 2414 3245 2455 et
3267 2402 3426 2475 xm);

1849 2496 1905 2540 et
1933 2487 2162 2554 pusillus
2193 2496 2278 2541 est
2306 2502 2458 2556 grex,
2493 2489 2580 2544 cui
2609 2489 2941 2558 complacuit
2968 2492 3104 2558 patri
3139 2494 3429 2547 haeredita-

1803 2586 1817 2602 '
1844 2584 1952 2631 tetu
1977 2579 2135 2632 ‘dare
2167 2577 2346 2650 (Luca:
2371 2580 2488 2649 xu).
2537 2579 2718 2650 Itaque
2750 2597 2854 2636 non
2888 2582 3009 2636 leve
3048 2585 3266 2638 noveris
3295 2600 3423 2642 esse

1845 2682 2150 2739 peccatum,
2186 2683 2207 2710 ο
2242 2672 2630 2740 perfectionem
2672 2675 2975 2744 professum
3010 2679 3341 2748 quempiam,
3364 2695 3428 2735 ea

1843 2779 1964 2830 qua:
2002 2774 2129 2817 sunt
2163 2763 2477 2833 imperfecta
2508 2767 2724 2820 sectari.
2766 2765 2847 2820 Ad
2878 2783 3036 2833 quem
3081 2769 3429 2838 perfectionis

1841 2866 2041 2912 statum
2075 2858 2157 2913 his
2181 2859 2431 2928 gradibus
2457 2868 2624 2930 atque
2656 2860 2754 2915 hoc
2784 2860 2976 2917 ordine
3006 2863 3344 2933 pervenitur.

2421 2995 2648 3050 CAPUT
2683 2995 2924 3051 XXXIX.

1939 3089 2054 3156 Quo
2077 3090 2258 3144 ordine
2281 3091 2349 3143 ad
2367 3090 2735 3160 perfectionem
2767 3091 3045 3147 ascendere
3075 3101 3328 3165 Oporteat.

1911 3199 1939 3238 ά
1975 3201 2304 3271 Principium
2337 3211 2541 3258 nostrae
2563 3204 2749 3258 salutis
2783 3205 3136 3278 ejusdemque
3157 3207 3426 3278 custodia,

1840 3293 1985 3350 sicut
2017 3295 2151 3360 dixi,
2185 3295 2346 3350 timor
2385 3295 2597 3351 Domini
2630 3307 2733 3352 est.
2765 3297 2869 3353 Per
2903 3301 3045 3355 hunc
3066 3303 3210 3355 enim
3242 3310 3296 3355 et
3333 3303 3429 3358 ini-

1840 3388 1973 3442 tium
2004 3389 2401 3454 conversionis,
2436 3398 2490 3443 et
2520 3390 2772 3444 vitiorum
2809 3393 3069 3462 purgatio,
3097 3402 3152 3447 et
3171 3396 3427 3451 virtutum

1839 3479 2105 3545 custodia,
2143 3479 2226 3534 his
2265 3479 2356 3550 qui
2403 3481 2720 3535 imbuuntur
2769 3483 2834 3536 ad
2877 3485 3016 3537 viam
3054 3486 3427 3555 perfectionis,

1837 3575 2158 3643 acquiritur.
2191 3575 2293 3640 Qui
2329 3591 2456 3630 cum
2491 3579 2862 3645 penetraverit
2905 3578 3137 3633 hominis
3167 3592 3426 3648 mentem,

1837 3677 2215 3735 contemptum
2256 3683 2437 3722 rerum
2469 3671 2708 3724 omnium
2742 3672 2908 3740 parit;
2950 3672 3282 3728 oblivionem
3334 3690 3427 3744 pa-

1839 3767 2079 3823 rentum,
2111 3759 2405 3828 mundique
2438 3759 2610 3829 ipsius
2636 3761 2809 3830 gignit
2842 3761 3120 3818 horrorem
3155 3772 3426 3820 :contem-

1841 3861 1937 3920 ptu
1970 3861 2147 3905 autem
2180 3866 2244 3905 ac
2271 3851 2570 3920 privatione
2599 3852 2912 3908 facultatum
2940 3855 3202 3922 omnium,
3237 3856 3414 3912 humi-

1837 3939 1962 3994 litas
1991 3942 2313 4009 acquiritur.
2351 3952 2374 3980 ⁸
2413 3944 2695 4000 llumilitas
2726 3961 2855 4000 vero
2885 3945 2968 4002 his
3009 3945 3226 4002 indiciis
3268 3963 3421 4004 com-

1219 4042 1478 4098 ALARDI
1517 4046 1748 4103 GAZAEI
1789 4051 2356 4111 COMMENTARIUS.

151 4141 401 4218 anteriora
426 4155 486 4193 se
501 4140 819 4218 extendens,
850 4140 1137 4218 deiicienda
1181 4142 1263 4218 ἔτι,
1285 4129 1572 4218 posteriora
1603 4147 1734 4218 deﬁ-

149 4213 268 4292 fiat.
297 4211 432 4266 Vide
464 4210 616 4280 plura
662 4213 714 4266 in
745 4211 988 4267 eamdem
1028 4210 1357 4268 sententiam
1409 4217 1476 4269 ad
1518 4231 1638 4286 Cap.
1662 4210 1731 4272 97

147 4279 422 4428 vEjus,
458 4353 657 4428 supple
684 4353 977 4428 serpentis,
1007 4357 1112 4428 hoc
1141 4364 1244 4418 est,
1276 4355 1500 4428 diaboli,
1528 4357 1594 4412 de
1625 4375 1730 4428 quo

144 4420 382 4477 Isidorus
434 4420 686 4492 appos-ite
741 4420 808 4478 ad
860 4424 1003 4478 hunc
1052 4426 1228 4479 locum
1269 4427 1442 4480 dicit:
1480 4420 1729 4482 Diabolus

142 4510 350 4565 serpens
395 4503 470 4567 est
510 4496 760 4556 lubricus.
795 4499 947 4567 cujus
999 4497 1042 4549 si
1097 4498 1276 4564 capiti,
1310 4498 1363 4548 id
1420 4507 1516 4564 est,
1552 4503 1730 4565 prima)

1838 4152 2099 4220 perfectus
2149 4169 2274 4215 esse,
2309 4155 2460 4220 vade,
2504 4155 2662 4208 vende
2701 4155 2875 4225 omnia
2905 4172 3019 4225 qua:
3067 4158 3240 4224 habes,
3263 4168 3312 4214 et
3357 4160 3426 4214 da

1840 4225 2178 4298 pauperibus,
2210 4234 2253 4277 el
2286 4226 2418 4298 veni,
2443 4241 2655 4295 sequere
2675 4243 2775 4278 me.
2803 4224 2955 4280 Unde
2985 4244 3321 4298 con~equens
3343 4240 3425 4284 est

1837 4295 2150 4362 religiosum
2183 4311 2286 4347 non
2320 4297 2435 4349 leve
2464 4306 2738 4363 peccatum
2793 4299 3102 4359 admittere.
3139 4295 3196 4354 ut
3226 4302 3311 4354 hic
3345 4303 3425 4353 di-

1830 4363 1998 4482 qitur,
2032 4368 2073 4417 si
2105 4366 2339 4418 studium
2373 4384 2467 4418 seu
2523 4368 2776 4420 allectum
2827 4372 3189 4439 adipiscendu-
3247 4370 3426 4439 perle-

1871 4436 2032 4482 lIOlIIS
2057 4435 2294 4482 altiinial-
2315 4446 2401 4482 aut
2427 4441 2692 4482 remittat:
2720 4442 3067 4482 mnIInmaoia
3095 4446 3137 4482 ei
3161 4444 3239 4482 ain
3272 4444 3411 4482 qnsnl

1835 4435 2032 4515 jtionis
2057 4435 2403 4515 alijicial,_atit
2427 4441 2663 4515 remittat
2681 4456 2703 4515 :_
2719 4435 3067 4515 multomagis
3095 4446 3138 4495 si
3161 4435 3413 4512 sic'apud

1827 4507 1893 4559 se
1924 4516 2148 4580 statuat,
2185 4517 2242 4558 et
2264 4507 2409 4560 dicat
2440 4526 2450 4558 :
2479 4508 2617 4580 Nolo
2643 4512 2704 4560 ται
2753 4507 3139 4574 perfectionem
3173 4507 3416 4580 tendere,

141 4562 456 4645 suggesﬁoni
488 4562 912 4650 non-Iresistitu’r,
938 4575 1078 4650 totus
1100 4562 1360 4650 in'i‘n‘tima
1384 4562 1576 4650 cordis,
1604 4571 1726 4624 dum
1757 4562 1809 4622 Ι)
1833 4585 1922 4628 aut
1947 4576 1998 4628 in
2029 4593 2087 4627 ea
2125 4562 2692 4650 progresstunfacore.
2716 4562 2784 4632 Ita
2810 4562 3424 4650 intelligendn{IIII-lie:

140 4634 253 4706 non
295 4637 542 4698 sentitur,
589 4635 825 4690 illabitur
878 4634 1124 4706 (Isidor.
1178 4639 1271 4693 lib.
1323 4653 1360 4692 ιι
1411 4640 1474 4692 de
1525 4657 1727 4695 summa

140 4705 285 4759 Bono
309 4723 358 4759 ο.
398 4707 476 4760 ll.

207 4723 358 4830 :21):
375 4707 479 4831 hiat
509 4776 728 4830 salutari
751 4777 995 4833 doctrina
1013 4790 1067 4833 et
1087 4781 1337 4834 cautione
1370 4780 1465 4836 SS.
1500 4780 1723 4838 Patrum

137 4860 238 4916 pro
264 4848 542 4918 iuniorum
569 4863 662 4900 seu
686 4851 1010 4904 novitiorum
1037 4851 1374 4905 institutione
1403 4868 1467 4906 ac
1497 4854 1726 4907 tuitione

135 4917 402 4992 adversus
433 4917 737 4992 diaholicas
772 4922 1382 4992 suggestiones,dicttnn
1405 4932 1482 4977 est
1509 4922 1560 4976 in
1590 4940 1728 4992 prse-

135 4935 402 4972 aaversus
433 4935 737 4972 utaooncas
772 4936 864 4988 sug
907 4935 1382 4985 esuones,utctuin
1405 4935 1482 4977 est
1509 4939 1560 4976 ιιι
1590 4940 1724 4992 βηρ-

134 4989 460 5113 ἓξὲίέῐζιιῗιὲιιε
505 4985 659 5059 (Cap.
700 4989 734 5044 8
783 5002 829 5044 et
870 4935 904 5045 ὅ
954 4993 1110 5063 hujus
1151 4992 1293 5064 lib.),
1322 5002 1376 5047 et
1409 4993 1535 5047 alibi
1567 4996 1724 5064 plura

167 5063 406 5115 icentur.

204 5129 678 5205 ¢_Perlectionem
734 5131 1060 5205 proﬁtentur
1093 5132 1375 5205 _religiosi,
1427 5150 1533 5188 non
1584 5136 1727 5205 quod

133 5203 318 5256 statim
376 5213 666 5255 teneantur
711 5216 832 5256 esse
882 5203 1134 5272 perfecti;
1167 5205 1262 5258 sed
1300 5207 1422 5273 quia
1469 5221 1566 5270 per
1599 5203 1724 5261 vota

131 5287 224 5326 sua
254 5275 665 5344 constituuntur
696 5273 750 5325 in
773 5283 912 5344 statu
955 5275 1302 5343 perfectionis
1329 5275 1414 5344 (S.
1442 5275 1630 5329 Thom.
1665 5279 1726 5330 9-

132 5344 180 5409 2,
217 5362 270 5414 q.
297 5342 428 5418 [86,
455 5351 560 5418 art.
591 5343 613 5396 I
644 5344 772 5406 θεὴ
804 5341 1004 5418 Notior.
1024 5356 1297 5418 comment.
1326 5341 1350 5400 I
1382 5347 1445 5401 de
1477 5347 1719 5418 Regular.

130 5413 272 5468 sum.
305 5415 340 5470 9
379 5423 431 5468 et
468 5413 586 5482 ιο),
613 5421 774 5485 atque
814 5415 918 5468 hoc
969 5417 1088 5485 ipso
1126 5416 1434 5484 obligantur
1473 5418 1526 5471 in
1553 5413 1721 5472 'ouini

132 5485 240 5539 vita
271 5502 374 5542 sua
407 5486 477 5539 ad
503 5483 923 5554 perfectionem,
959 5483 1101 5541 velut
1130 5487 1194 5539 ad
1227 5483 1502 5554 proririum
1536 5488 1720 5550 finem,

130 5558 359 5612 tendere
390 5565 450 5610 et
501 5556 782 5622 aspirare;
809 5558 1079 5610 servando
1111 5559 1367 5611 nimirum
1403 5559 1722 5626 Evangelica

131 5630 378 5698 consilia,
409 5643 532 5698 qua:
563 5633 694 5678 sunt
725 5637 848 5679 vota
871 5627 1201 5698 essentialia,
1227 5638 1278 5682 et
1306 5644 1417 5683 sua:
1447 5630 1722 5698 religionis

129 5695 399 5764 Instituta,
426 5695 553 5769 qua:
598 5704 733 5750 sunt
791 5697 1066 5769 aptissima
1111 5699 1506 5768 consequendae
1543 5695 1721 5768 perfe-

129 5771 334 5828 uiouis
361 5767 766 5834 instrumenta,
782 5767 939 5838 juxta
966 5769 1096 5825 illud
1121 5767 1361 5826 Matthuzi
1388 5786 1482 5825 at:
1505 5788 1524 5825 ι
1548 5767 1617 5825 Si
1646 5774 1727 5826 tn's

1829 4661 2092 4722 ronymus
2124 4662 2244 4698 cum
2277 4647 2341 4722 ad
2368 4649 2738 4722 ΔΙιεειὶυιιρξιιιιι
2772 4651 2840 4703 ita
2874 4647 3060 4706 scribit
3092 4672 3104 4706 :
3133 4653 3212 4707 Tu
3256 4660 3423 4722 perfe-

1828 4726 1971 4768 ctum
1999 4726 2044 4768 te
2067 4718 2174 4790 fore
2199 4718 2461 4786 pollicitus
2482 4736 2551 4772 es.
2582 4718 2720 4772 Nam
2744 4722 3182 4790 quando,relicta
3207 4718 3416 4788 militia,

1828 4795 1878 4839 te
1905 4788 2146 4864 castrasti
2186 4800 2394 4858 propter
2415 4806 2575 4864 regna
2619 4788 2884 4864 malorum,
2916 4795 3040 4863 quid
3079 4793 3226 4848 aliud
3265 4811 3419 4864 quam

1831 4858 2110 4926 perfectam
2140 4871 2342 4910 secutus
2371 4876 2423 4911 es
2456 4863 2656 4914 vitam?

1900 4923 1926 4962 ἀ
1963 4928 2037 4979 De
2090 4930 2282 5004 timore
2324 4930 2422 5004 _l_)ei
2457 4932 2698 5004 pluribus
2744 4933 2796 4986 in
2852 4934 2986 4987 locis
3039 4944 3249 5004 agetur.
3281 4934 3416 4988 Vide

1830 4995 1928 5049 lib.
1967 5013 2114 5073 stre.
2143 5000 2230 5063 5i,
2254 4995 2498 5073 enlist/5
2523 5017 2640 5069 cap.
2666 5003 2946 5065 l8,collat.
2982 5005 3035 5058 Il
3072 4995 3192 5073 cap.
3226 5005 3258 5059 6
3280 5009 3416 5069 et8;

1831 5081 1904 5130 et,
1941 5070 1982 5120 si
2019 5063 2182 5132 IIlIir‘I,
2217 5070 2300 5122 :ldI
2334 5063 2806 5126 'I‘urrecrematum
2839 5086 3070 5128 tractatu
3111 5063 3181 5129 5'9
3222 5076 3274 5128 in
3311 5063 3415 5128 Re;

1828 5139 1949 5204 gula
1986 5139 2044 5191 υ.
2081 5139 2384 5205 Benedicti,
2417 5141 2485 5195 de
2533 5147 2729 5196 timore
2777 5144 2990 5199 Domini
3042 5146 3159 5200 fuse
3207 5161 3270 5198 ac
3323 5147 3414 5214 pie

1829 5217 2176 5263 tractantem.

1905 5288 1927 5315 ε
1957 5280 2288 5334 Hutnllitatis
2313 5280 2502 5336 decem
2533 5291 2707 5348 actus,
2737 5299 2830 5337 seu
2859 5283 3057 5349 officia,
3089 5284 3178 5339 hic
3217 5299 3411 5340 recen-

1826 5357 1934 5415 set,
1969 5367 2088 5414 quu:
2121 5349 2232 5405 fere
2263 5355 2595 5406 conveniunt
2628 5364 2682 5408 et
2709 5355 3023 5408 coinciduut
3053 5369 3174 5407 cum
3200 5357 3412 5411 duode-

1825 5420 1930 5492 c_i_m
1959 5421 2213 5488 gradibus
2258 5422 2578 5478 humilitatis
2622 5440 2648 5477 a
2695 5426 2756 5477 D.
2790 5425 3081 5478 Benedicto
3123 5426 3413 5492 assignatis

1829 5489 1984 5570 (Cap.
2014 5494 2043 5545 7
2075 5491 2344 5570 Regultr):
2379 5495 2576 5570 Quibus
2602 5494 2744 5546 scala
2784 5496 2879 5547 illa
2907 5494 3154 5570 erigenda
3173 5489 3280 5570 est,
3300 5514 3417 5568 qua

1827 5562 1882 5613 in
1909 5579 2088 5615 somno
2115 5562 2280 5616 Iacob
2305 5567 2566 5633 apparuit,
2599 5582 2689 5630 per
2709 5582 2857 5632 quam
2889 5567 2933 5618 ei
2957 5562 3326 5622 descendentes
3364 5579 3414 5624 et

1826 5636 2165 5687 ascendentes
2194 5633 2366 5701 angeli
2413 5636 2721 5689 visebantur.
2751 5633 2856 5688 Sed
2905 5635 2974 5691 de
3027 5637 3332 5693 humilitate
3363 5649 3420 5694 et

1828 5701 1946 5777 ejus
1976 5706 2230 5777 gradihus
2262 5706 2411 5777 plura
2440 5707 2548 5777 alio
2580 5707 2707 5777 loco
2730 5704 2869 5777 (Lib.
2907 5705 3031 5777 an).
3066 5709 3178 5764 Iloc
3208 5719 3418 5764 tantum

1825 5774 1991 5837 addo,
2010 5774 2110 5828 tria
2132 5774 2452 5830 humilitatis
2482 5776 2682 5830 indicia
2697 5775 2798 5831 hoc
2823 5776 2946 5834 loco
2966 5774 3423 5841 commemorata.
