3986 6320
498 284 604 347 ιον

495 505 835 567 voluntates;
859 500 1120 568 secundo,
1147 500 1191 555 si
1227 515 1340 555 non
1369 499 1545 554 solum
1578 509 1794 554 actuum
1822 513 2068 564 suorum,

496 605 684 644 verum
711 590 884 646 “etiam
914 590 1301 662 cogitationum
1336 589 1476 644 nihil
1506 604 1664 644 suum
1691 589 1951 645 celaverit
1979 604 2071 645 se-

497 684 737 750 niorem;
771 684 954 746 tertio,
986 683 1031 736 si
1063 682 1198 737 nihil
1230 697 1343 736 sua:
1373 680 1713 749 discretioui,
1758 680 1853 736 sed
1868 681 2073 751 judicio

496 775 613 845 ejus
642 776 894 830 universa
932 775 1257 837 committat,
1288 787 1354 828 ac
1393 773 1597 828 monita
1628 772 1747 843 ejus
1785 774 1976 827 sitiens
2007 786 2073 827 ac

494 870 727 925 libenter
753 867 1051 931 auscultet;
1079 877 1292 937 quarto,
1319 866 1363 921 si
1392 866 1444 920 in
1478 865 1728 920 omnibus
1743 877 1922 921 servet
1942 864 2072 921 obe-

492 960 780 1025 dientiam,
803 958 1296 1022 mansuetudinem,
1311 967 1365 1013 et
1382 957 1655 1028 patientiae
1679 956 2067 1021 constantiam;

490 1052 699 1120 quinto,
732 1053 778 1106 si
811 1066 918 1106 non
957 1052 1131 1105 solum
1166 1050 1419 1121 injuriam
1449 1049 1645 1105 inferat
1682 1050 1838 1115 nulli,
1869 1048 1963 1105 sed
2003 1064 2072 1105 ne

490 1146 559 1200 ab
580 1143 687 1198 alio
713 1141 931 1214 quidem
961 1142 1179 1197 sibimet
1210 1142 1499 1210 irrogatam
1530 1141 1711 1205 doleat
1750 1151 1911 1211 atque
1971 1140 2069 1194 tri-

489 1244 698 1297 stetur;
732 1241 910 1299 sexto,
939 1233 985 1287 si
1042 1232 1176 1287 nihil
1220 1244 1365 1304 agat,
1411 1232 1544 1288 nihil
1587 1240 1896 1301 prmsumat,
1923 1232 2068 1301 quod

489 1343 600 1383 non
650 1327 736 1381 vel
774 1325 1079 1381 communis
1111 1326 1316 1395 regula,
1347 1326 1436 1381 vel
1484 1326 1748 1395 majorum
1781 1326 2070 1379 cohortan-

447 1451 451 1455 η
492 1430 581 1474 tur
598 1419 880 1488 exempla;
908 1418 1163 1488 septimo,
1187 1418 1233 1471 si
1263 1418 1410 1472 omni
1437 1417 1646 1473 vilitate
1664 1425 1952 1473 contentus
1975 1419 2065 1482 sit,

490 1522 547 1568 et
573 1513 640 1567 ad
677 1513 854 1567 omnia
885 1527 1006 1581 quae
1042 1511 1146 1567 sibi
1178 1512 1561 1580 prtecipiuntur
1585 1512 1733 1566 velut
1763 1511 2067 1581 operarium

493 1604 696 1659 malum
748 1620 808 1659 se
846 1601 1175 1673 judicaverit
1202 1610 1257 1657 et
1295 1602 1606 1671 indignum:
1653 1612 1863 1664 octavo,
1890 1602 1936 1655 si
1982 1615 2068 1656 se-

487 1698 775 1766 metipsum
807 1696 1017 1751 cunctis
1042 1694 1353 1750 inferiorem
1379 1709 1484 1748 non
1508 1694 1795 1763 superficie
1822 1710 2066 1764 pronun-

740 357 744 361 g
1815 282 2090 345 JOANNIS
2126 287 2434 347 CASSIANI

497 408 786 478 probatur:
808 406 1069 477 primo,si
1102 405 1452 463 mortificatas
1483 403 1540 459 in
1572 418 1633 460 se
1657 404 1863 460 habeat
1886 419 2074 459 omnes
2099 409 2157 469 Α

3655 291 3767 351 εοο

2766 404 2993 464 CAPUT
3033 404 3167 463 XLI.

2224 535 2291 594 In
2321 542 2709 611 congregatione
2735 543 3032 597 caenobitica
3061 544 3324 598 constituti
3350 544 3475 615 quid
3510 545 3731 600 tolerare

2666 627 2726 665 ac
2745 615 2996 669 sustinere
3024 615 3250 673 debeant.

2242 765 2371 832 Quae
2394 781 2572 821 omnia
2604 776 2663 821 ut
2688 769 2862 837 possis
2891 773 3171 840 consequi,
3201 777 3257 825 et
3291 772 3392 825 sub
3431 770 3530 827 hac
3574 773 3763 842 regula

2172 859 2393 928 spiritali
2434 868 2690 928 perpetuo
2719 863 3035 929 perdurare,
3072 864 3171 917 tria
3210 862 3326 919 haec
3364 864 3419 918 iu
3461 879 3767 934 congrega-

2172 952 2317 1006 tione
2341 954 2647 1035 necessario
2672 954 3020 1010 custodienda
3050 966 3177 1011 sunt
3201 955 3326 1023 tibi,
3354 966 3414 1011 ut
3441 957 3653 1012 scilicet
3677 972 3763 1012 se-

2171 1043 2400 1097 cundum
2448 1042 2747 1100 Psalmistte
2789 1048 3113 1102 sententiam
3152 1046 3336 1118 (Psal.
3366 1047 3572 1119 xxxvii)
3603 1065 3614 1101 :
3648 1047 3767 1121 Ego

2171 1142 2337 1186 autem
2361 1143 2619 1202 tamquam
2640 1137 2826 1190 surdus
2875 1154 2974 1191 non
2997 1139 3290 1204 audiebam,
3318 1148 3365 1193 et
3411 1140 3540 1194 sicut
3591 1150 3765 1194 mutus

2170 1224 2259 1292 qui
2298 1240 2410 1277 .non
2445 1228 2607 1296 aperit
2664 1242 2721 1279 os
2747 1244 2899 1280 suum
2924 1243 2945 1292 ,'
2969 1238 3018 1282 et
3057 1230 3224 1299 factus
3271 1246 3385 1283 sum
3432 1230 3562 1283 sicut
3610 1231 3765 1284 homo

2169 1329 2270 1367 non
2296 1316 2532 1381 audiens,
2556 1325 2726 1369 etnon
2750 1317 2937 1371 habens
2962 1319 3019 1372 in
3068 1335 3154 1373 ore
3197 1336 3291 1373 suo
3340 1320 3761 1392 redargutiones;

2173 1415 2225 1457 tu
2256 1420 2469 1473 quoque
2496 1406 2640 1461 velut
2670 1408 2865 1462 surdus
2893 1424 2955 1463 ac
2982 1418 3161 1464 mutus
3198 1421 3252 1464 et
3296 1424 3474 1465 cmcus
3519 1411 3759 1472 incedas.

2170 1504 2229 1549 ut
2253 1497 2453 1565 absque
2476 1497 2619 1552 illius
2645 1500 3099 1569 contemplatione
3129 1502 3223 1571 qui
3251 1502 3345 1556 tibi
3372 1503 3532 1557 fuerit
3551 1501 3618 1557 ad
3640 1503 3764 1557 imi-

2170 1592 2392 1647 tandum
2425 1595 2618 1649 merito
2654 1595 3000 1664 perfectionis
3038 1597 3279 1663 electus,
3327 1598 3573 1653 universa
3610 1614 3764 1665 qua:-

2170 1697 2401 1752 cutnque
2441 1685 2639 1739 videris
2681 1687 2856 1740 minus
2902 1687 3273 1741 :etlilicationis
3300 1688 3576 1753 habentia,
3609 1690 3762 1744 velut

488 1790 586 1843 tiet
615 1788 902 1852 labiorum,
930 1787 1026 1841 sed
1065 1785 1257 1840 intimo
1283 1785 1462 1839 cordis
1489 1785 1675 1840 credat
1701 1784 1927 1849 affectu;
1968 1799 2068 1840 no-
2095 1779 2144 1840 B
2169 1789 2344 1829 caecus
2368 1791 2475 1830 non
2505 1777 2714 1843 Videas;
2743 1793 2810 1831 ne
2838 1780 3114 1838 animatus.
3130 1794 3315 1834 eorum
3338 1781 3427 1849 qui
3454 1782 3568 1835 11ωο
3590 1791 3757 1849 ³8ι¹¹ιῑ

486 1894 579 1947 no,
609 1880 656 1934 si
701 1877 936 1949 linguam
984 1876 1262 1940 cohibeat,
1293 1877 1377 1931 vel
1427 1892 1534 1930 non
1585 1876 1657 1929 sit
1696 1876 1966 1931 clamosus
2012 1876 2065 1931 iu

483 1984 656 2034 voce;
686 1968 982 2033 decimo,si
1007 1983 1114 2022 non
1142 1968 1214 2022 sit
1243 1967 1423 2022 facilis
1454 1981 1517 2023 ac
1544 1975 1826 2037 promptus
1857 1967 1910 2021 in
1930 1966 2064 2022 risu.

485 2061 706 2117 Talibus
744 2076 974 2131 namque
1000 2060 1235 2124 indiciis,
1266 2070 1323 2116 et
1354 2060 1440 2115 his
1468 2059 1759 2122 similibus,
1791 2058 2067 2114 humilitas

482 2168 611 2209 vera
641 2154 994 2222 dignoscitur.
1020 2155 1153 2220 Quae
1179 2168 1302 2208 cum
1326 2153 1488 2209 fuerit
1510 2154 1565 2208 in
1591 2154 1819 2207 veritate
1850 2165 2067 2221 posses-

485 2260 564 2310 sa,
611 2245 902 2301 confestim
952 2253 1007 2301 te
1044 2245 1113 2301 ad
1161 2244 1507 2312 charitatem,
1530 2260 1651 2316 qua:
1682 2245 1929 2300 timorem
1958 2259 2065 2298 non

485 2337 670 2402 habet,
698 2337 869 2406 gradu
905 2338 1300 2393 excellentiore
1329 2336 1609 2406 perducet,
1637 2352 1736 2406 per
1760 2353 1920 2407 quam
1945 2336 2065 2391 uni-

483 2432 641 2483 versa
672 2443 792 2497 qua:
819 2429 967 2498 prius
994 2442 1102 2483 non
1129 2429 1248 2484 sine
1278 2443 1434 2498 pinna
1465 2430 1769 2484 formidinis
1796 2429 2063 2484 observa-

482 2519 602 2585 bas,
626 2519 830 2591 absque
852 2520 962 2575 ullo
984 2518 1173 2576 labore
1198 2521 1348 2576 velut
1368 2522 1686 2575 naturaliter
1713 2520 1945 2590 incipies
1970 2536 2064 2576 cu-

483 2614 710 2679 stodire,
740 2623 767 2651 α
797 2629 905 2668 non
939 2613 1048 2682 jam
1079 2615 1542 2683 contemplatione
1569 2614 1846 2684 supplicii,
1880 2616 1963 2670 vel
1997 2615 2065 2669 ti-

483 2706 652 2760 moris
693 2705 858 2765 illius.
886 2704 983 2761 sed
1012 2721 1198 2762 amore
1238 2706 1408 2776 ipsius
1438 2707 1563 2762 boni
1606 2717 1664 2763 et
1706 2707 2063 2787 delectatione

481 2795 759 2851 virtutum.

1090 2908 1319 2966 CAPUT
1367 2909 1479 2966 XL.

486 3040 636 3108 Quod
675 3058 778 3096 non
803 3037 992 3115 debeat
1033 3045 1317 3097 monachus
1362 3044 1616 3115 exempla
1642 3045 1976 3114 perfectionis
2027 3060 2060 3097 a

704 3112 879 3167 multis
900 3122 1155 3183 expetere,
1185 3115 1276 3169 sed
1301 3115 1363 3167 ab
1385 3111 1514 3182 uno,
1539 3111 1850 3185 vel'paucis.

552 3247 631 3303 Ad
663 3252 805 3317 quod
849 3257 908 3302 ut
950 3249 1135 3303 valeas
1178 3247 1386 3302 facilius
1426 3247 1733 3318 pervenire,
1760 3247 2052 3317 bexempla

484 3340 581 3396 tibi
612 3348 737 3396 sunt
780 3341 1095 3396 imitationis
1136 3354 1200 3395 ac
1235 3342 1355 3394 vitae
1402 3340 1656 3410 perfectae
1687 3342 1741 3396 in
1771 3356 2061 3411 congrega-

487 3415 634 3488 tione
655 3434 1034 3499 commoranti,
1056 3448 1086 3486 a
1114 3433 1319 3503 paucis,
1353 3432 1517 3486 immo
1547 3433 1616 3486 ab
1644 3448 1773 3499 uno,
1809 3434 1892 3488 vel
1922 3434 2055 3487 duo-

482 3523 605 3587 bus,
635 3538 738 3579 non
769 3539 799 3577 a
829 3524 1074 3593 pluribus
1095 3522 1418 3592 expetenda.
1452 3522 1584 3577 Nam
1615 3534 1813 3593 praeter
1837 3523 1890 3578 id
1916 3524 2058 3593 quod

483 3615 784 3670 examinata
819 3616 924 3670 vita
955 3624 1119 3685 atque
1140 3617 1206 3669 ad
1234 3622 1426 3686 purum
1467 3629 1688 3675 excocta
1716 3617 1984 3688 reperitur
2004 3619 2057 3671 in

483 3708 695 3777 paucis;
725 3708 886 3763 etiam
927 3707 1070 3763 istud
1097 3723 1165 3764 ex
1215 3709 1317 3763 hoc
1362 3708 1610 3764 utilitatis
1651 3708 1882 3774 accedit,
1914 3709 2056 3778 quod

482 3798 551 3854 ad
582 3799 963 3868 perfectionem
993 3800 1252 3871 propositi
1305 3801 1485 3873 hujus,
1512 3801 1566 3857 id
1606 3810 1713 3867 est,
1744 3802 2061 3858 etenobialis

483 3892 629 3955 vitae,
653 3891 961 3962 diligentius
1003 3893 1124 3962 quis
1168 3892 1331 3948 unius
1374 3893 1634 3948 imbuitur
1687 3907 1751 3949 ac
1801 3892 2061 3947 formatur

410 3977 428 4000 '
486 3984 754 4055 exemplo.

2168 1868 2488 1922 auctoritate
2508 1911 2523 1935 ,
2572 1869 2656 1922 vel
2704 1869 2876 1923 forma
2902 1911 2917 1935 ,
2960 1870 3025 1923 ad
3058 1870 3111 1925 id
3138 1870 3279 1939 quod
3305 1870 3542 1925 deterius
3568 1881 3673 1934 est,
3702 1881 3760 1926 et

2169 1958 2309 2029 quod
2338 1968 2462 2014 ante
2491 1959 2864 2027 damnaveras,
2894 1962 3216 2017 traducaris.
3241 1961 3297 2017 Si
3332 1962 3760 2026 inobedientem,

2171 2050 2215 2103 si
2247 2057 2642 2115 contumacem,
2670 2051 2715 2105 si
2740 2051 3110 2109 detrahentem
3160 2052 3395 2108 audieris
3419 2097 3434 2122 ,
3472 2054 3555 2107 vel
3597 2069 3759 2108 secus

2167 2157 2325 2210 quam
2361 2143 2452 2198 tibi
2485 2144 2741 2198 traditum
2768 2154 2851 2198 est
2875 2144 3075 2212 aliquid
3106 2144 3481 2199 admittentem
3530 2160 3635 2199 non
3677 2146 3754 2199 of-

2167 2230 2447 2300 fendaris,
2496 2249 2595 2288 nec
2642 2235 2710 2289 ad
2759 2234 3075 2289 imitandum
3119 2251 3241 2290 eum
3289 2236 3377 2290 tali
3426 2238 3759 2291 subvertaris

2167 2326 2454 2395 exemplo:
2500 2326 2597 2380 sed
2640 2336 2702 2380 ut
2745 2327 2960 2393 surdus,
3000 2329 3088 2397 qui
3143 2329 3258 2383 haec
3296 2328 3508 2396 penitus
3535 2344 3633 2383 nec
3663 2344 3757 2383 au-

2166 2417 2332 2472 dieris
2358 2419 2607 2473 universa
2637 2421 2990 2473 transmittas.
3020 2420 3077 2474 Si
3109 2420 3205 2474 tibi
3234 2421 3320 2474 vel
3348 2422 3598 2490 cuiquam
3623 2436 3757 2475 con-

2164 2510 2321 2575 vicia,
2355 2511 2398 2565 si
2426 2512 2734 2582 irrogantur
2761 2512 3009 2581 injurite,
3056 2523 3174 2567 esto
3216 2514 3503 2569 immobilis
3532 2555 3546 2578 ,
3590 2522 3647 2567 et
3688 2516 3755 2567 ad

2165 2601 2569 2668 responsionem
2594 2601 2809 2656 talionis
2828 2612 2884 2655 ut
2904 2613 3081 2655 mutus
3098 2603 3362 2668 ausculta,
3382 2619 3597 2673 semper
3613 2604 3759 2659 hunc

2164 2692 2462 2747 Psalmistw
2488 2692 2824 2773 vlersiculutu‘
2846 2694 2898 2747 in
2928 2694 3093 2749 corde
3125 2706 3214 2749 tuo
3244 2696 3536 2749 dccantans
3561 2714 3574 2749 :
3610 2696 3752 2763 Dixi,

2164 2783 2462 2839 custodiam
2492 2786 2608 2839 vias
2644 2800 2815 2849 meas,
2865 2795 2925 2839 ut
2970 2802 3077 2839 non
3121 2786 3427 2855 delinquam
3473 2786 3527 2840 in
3575 2788 3755 2856 lingua

2164 2889 2304 2931 mea.
2336 2876 2496 2931 Posui
2525 2878 2604 2931 ori
2631 2891 2754 2932 meo
2780 2878 3077 2932 custodiam
3103 2894 3224 2933 cum
3255 2881 3581 2934 consisteret
3616 2895 3749 2947 pec-

2165 2966 2315 3023 cator
2343 2968 2599 3024 adversus
2629 2985 2736 3032 me,
2766 2970 3010 3024 obmutui
3040 2979 3094 3024 et
3141 2971 3454 3025 humiliatus
3498 2986 3647 3036 sum,
3697 2982 3755 3025 et

2165 3061 2287 3116 silui
2318 3076 2347 3115 a
2380 3061 2537 3117 bonis
2566 3060 2740 3133 (Psal.
2785 3061 3035 3133 xxxvut).
3084 3073 3107 3101 α
3151 3062 3348 3118 Verum
3399 3071 3455 3118 et
3499 3074 3751 3133 quartum

2084 3164 2132 3227 ο
2164 3152 2267 3207 hoc
2296 3167 2405 3222 prae
2433 3154 2685 3207 omnibus
2713 3153 2923 3219 excole,
2952 3154 3093 3223 quod
3124 3154 3238 3208 haec
3265 3170 3384 3224 qua:
3408 3171 3567 3222 supra
3611 3154 3753 3209 dixi-

2161 3262 2281 3302 mus
2308 3233 2410 3301 tri'a
2435 3255 2592 3301 ornet
2618 3256 2777 3317 atque
2807 3247 3166 3312 commendet,
3199 3248 3251 3301 id
3283 3257 3383 3312 est,
3434 3257 3491 3301 ut
3528 3247 3753 3301 stultum

2159 3348 2234 3403 te,
2264 3337 2556 3393 secundum
2586 3338 2830 3407 Apostoli
2857 3340 3178 3394 sententiam
3209 3338 3264 3408 (l
3292 3337 3413 3393 Cor.
3446 3338 3550 3409 ιιι),
3589 3338 3754 3391 facias

2156 3431 2211 3485 in
2237 3432 2338 3486 hoc
2358 3432 2576 3494 mundo,-
2610 3440 2671 3487 ut
2698 3433 2772 3486 sis
2808 3431 3063 3501 sapiens:
3117 3432 3250 3486 nihil
3296 3432 3505 3487 scilicet
3548 3431 3756 3487 discer-

2159 3542 2316 3592 nens,
2336 3526 2465 3580 nihil
2483 3525 2786 3593 dijudicans
2804 3540 2870 3579 ex
2889 3525 2971 3579 his
2990 3541 3109 3594 qua:
3131 3524 3224 3580 tibi
3248 3523 3449 3579 fuerint
3465 3525 3750 3593 imperata:

2159 3619 2254 3675 sed
2279 3634 2400 3673 cum
2430 3619 2574 3672 omni
2605 3616 2948 3687 simplicitate
2976 3633 3039 3672 ac
3068 3617 3173 3672 fide
3202 3617 3565 3671 obedientiam
3611 3631 3756 3670 sem-

2164 3727 2260 3780 per
2276 3710 2554 3777 exhibeas,
2580 3710 2709 3763 illud
2742 3710 3108 3763 tantummodo
3131 3718 3375 3763 sanctum
3398 3749 3415 3773 ,
3441 3708 3571 3762 illttd
3596 3708 3749 3771 utile,

2166 3802 2295 3857 illud
2338 3815 2553 3871 sapiens
2598 3816 2719 3857 esse
2761 3801 3045 3869 judicans,
3093 3800 3346 3871 quicquid
3387 3801 3513 3867 tibi,
3547 3801 3631 3855 vel
3664 3801 3755 3855 lex

2170 3895 2289 3960 Dei,
2316 3896 2401 3948 vel
2430 3893 2676 3949 Senioris
2703 3908 2930 3946 examen
2962 3891 3235 3947 indixerit.
3268 3892 3382 3946 Tali
3410 3892 3557 3947 enim
3602 3891 3757 3944 insti-

2170 3985 2379 4039 tutione
2405 3983 2676 4050 fundatus,
2707 3982 2807 4038 sub
2837 3982 2939 4037 hac
2976 3982 3261 4053 disciplina
3309 3983 3510 4054 poteris
3553 3982 3755 4038 durare

1547 4138 1805 4197 suum
1843 4137 2078 4195 GAZAEI
2116 4109 2689 4197 COMMENTARIUS.

487 4294 681 4349 nempe
698 4286 932 4343 sextum,
957 4278 1246 4348 septimum
1276 4284 1332 4349 et
1363 4285 1635 4349 octavum,
1667 4275 1858 4349 iisdem
1889 4274 2069 4330 verbis

488 4367 516 4405 a
546 4347 932 4405 D.'Benedicto
979 4347 1122 4402 inter
1164 4347 1364 4414 gradus
1396 4348 1717 4401 humilitatis
1773 4361 2071 4400 connume-

489 4423 622 4486 rari,
654 4428 715 4475 ut
736 4419 933 4474 ibidem
946 4418 1132 4473 videre
1152 4428 1258 4473 est.
1283 4415 1437 4473 Unde
1457 4419 1705 4487 suspicor
1734 4431 1802 4471 ex
1829 4416 1932 4471 hoc
1952 4418 2072 4472 loco

492 4492 663 4546 fuisse
693 4498 1011 4544 mutuatum.

570 4571 597 4599 α
631 4561 887 4617 Alludere
915 4559 1129 4614 videtur
1158 4558 1226 4613 ad
1256 4558 1379 4613 illos
1405 4558 1706 4614 versiculos
1738 4575 1752 4624 ;

670 4669 894 4732 Oderunt
911 4682 1119 4732 peccare
1140 4670 1257 4732 boni
1285 4671 1474 4732 virtutis
1498 4681 1663 4719 amore
1691 4684 1703 4718 :

674 4729 901 4781 Oderunt
915 4729 1129 4793 peccare
1151 4731 1264 4781 mali
1285 4731 1541 4781 formidine
1561 4745 1734 4794 poenae.

486 4837 590 4910 Sed
621 4838 888 4906 praecipue
937 4837 1006 4892 ad
1030 4836 1189 4910 illud
1236 4837 1465 4910 Joannis
1506 4838 1736 4910 apostoli
1767 4857 1781 4892 :
1811 4837 2061 4910 Perfecta

487 4908 715 4961 charitas
738 4912 877 4978 foras
907 4908 1063 4961 mittit
1085 4910 1320 4962 timorem
1344 4908 1387 4978 (Ι
1413 4906 1573 4962 Joan.
1602 4908 1699 4979 tv),
1734 4906 1933 4979 nempe
1947 4925 2062 4965 ser-

494 4979 673 5031 vilem.

561 5047 588 5086 ι’
614 5049 921 5103 Meminerit
951 5048 1122 5103 lector
1145 5049 1234 5103 hic
1264 5050 1345 5119 agi
1368 5049 1434 5105 de
1458 5050 1679 5105 novitiis
1709 5058 1766 5104 et
1808 5049 2066 5112 incipien-

490 5119 653 5180 tibus,
680 5119 877 5173 nonde
908 5120 1338 5189 provectioribus
1375 5128 1430 5173 et
1469 5119 1745 5189 perfectis.
1779 5119 2060 5187 Siquidem

492 5191 753 5243 novitiunt
784 5190 883 5242 hac
914 5189 1074 5256 longa
1105 5190 1374 5255 oration‘e,
1406 5205 1498 5243 seu
1543 5189 1948 5257 exhortatione,
1982 5193 2066 5244 in-

490 5260 754 5329 formabat
778 5271 835 5314 et
863 5258 1166 5314 instruebat
1210 5259 1374 5314 abbas
1406 5261 1506 5329 ille
1537 5260 1874 5329 Pynuphius,
1910 5272 1965 5313 ut
1993 5276 2063 5315 ex

491 5328 919 5401 praecedentibus
942 5340 1158 5384 Constat
1179 5328 1337 5401 (Cap.
1355 5328 1426 5384 52
1445 5328 1649 5400 hujus).
1676 5330 1840 5401 Docet
1885 5332 2065 5399 itaque

492 5400 796 5466 hujusmodi
830 5400 1045 5454 novitiis
1082 5410 1136 5454 et
1183 5400 1465 5467 tironibus,
1494 5416 1616 5455 cum
1666 5400 1846 5453 adhuc
1893 5406 2054 5453 rutles

492 5469 809 5532 sint,etnon
832 5485 892 5523 ea
923 5470 1105 5536 jutlicii
1129 5481 1183 5522 et
1211 5472 1504 5538 prudentia!
1520 5470 1771 5524 facultate
1800 5470 2053 5534 polleant,

496 5548 554 5591 ut
581 5541 753 5591 sciant
784 5544 1071 5608 reprobare
1101 5541 1299 5595 malum
1340 5549 1397 5593 et
1438 5541 1637 5608 eligere
1691 5541 1913 5605 bonum,
1956 5540 2060 5594 hoc

495 5616 599 5672 est,
629 5618 853 5662 Virtutes
885 5629 910 5661 a
941 5612 1084 5665 vitiis
1114 5614 1455 5675 discernere;
1498 5626 1603 5664 non
1633 5610 1834 5664 debere
1861 5618 2057 5663 multos

497 5679 741 5751 adhiberi
769 5683 1074 5748 magistros.
1105 5698 1135 5736 a
1165 5682 1360 5751 quibus
1395 5682 1639 5744 exempla
1670 5679 1984 5733 imitationis
2004 5690 2060 5732 et

500 5749 748 5807 ineunda:
791 5751 914 5806 vine
942 5749 1228 5820 θιρθιςιηές
1265 5756 1363 5805 hoc
1388 5761 1490 5814 est,
1522 5766 1750 5820 quorum
1783 5752 1973 5807 intuitu
2005 5758 2061 5806 et

2177 4275 2479 4347 imitatione
2505 4276 2756 4331 studeant
2777 4290 2959 4332 mores
2986 4290 3113 4333 suos
3133 4290 3484 4347 componere,
3506 4294 3569 4334 ac
3588 4279 3756 4336 vitam

2177 4345 2491 4420 instituere;
2526 4346 2621 4400 sed
2663 4363 2824 4420 unum
2874 4349 3074 4420 potius,
3103 4350 3188 4402 vel
3214 4345 3363 4404 certe
3385 4345 3587 4420 paucos
3614 4367 3746 4405 vere

2176 4416 2460 4485 religiosos
2489 4418 2710 4485 proponi
2744 4419 3065 4482 imitandos;
3097 4433 3217 4473 cum
3255 4416 3422 4475 multo
3450 4421 3658 4475 facilius
3683 4422 3759 4476 sit

2177 4488 2336 4541 unius
2362 4490 2613 4553 exemplo
2646 4487 2953 4552 informari,
2980 4505 3137 4557 quam
3170 4490 3458 4546 multorum
3483 4532 3497 4550 .
3524 4503 3581 4544 et
3610 4506 3641 4545 e
3672 4493 3759 4545 di-

2181 4571 2340 4610 verso
2382 4559 2621 4622 proclive
2664 4558 2953 4612 admodum
2984 4561 3214 4629 plurium
3238 4562 3757 4629 exemplojuniores

2182 4630 2474 4694 corrumpi.
2507 4637 2599 4681 aut
2646 4630 2939 4682 deteriores
2992 4628 3155 4682 efﬁci.
3191 4628 3443 4686 Proclivis
3486 4633 3620 4684 enim
3671 4642 3753 4684 est

2089 4701 2141 4760 D
2165 4697 2426 4772 malorum
2452 4698 2692 4772 imitatio,
2725 4709 2775 4751 et
2793 4714 3033 4772 quarunt
3051 4699 3260 4753 uirtutes
3280 4703 3485 4770 assequi
3509 4718 3753 4772 nequeas,

2169 4776 2303 4842 certe
2331 4767 2551 4842 imitaris
2580 4770 2852 4842 quitiatait
2882 4770 2941 4842 D.
2974 4768 3336 4842 Hieronymus
3378 4767 3541 4841 epist.
3568 4767 3596 4824 7
3622 4771 3644 4842 (
3668 4771 3756 4824 Ad

2168 4837 2361 4910 Lectum
2384 4838 2447 4910 de
2466 4838 2690 4910 institut.
2717 4836 2884 4907 ﬁlice).
2915 4840 2984 4910 At
3006 4839 3075 4892 de
3101 4836 3525 4907 provectioribus
3552 4852 3601 4896 et
3626 4836 3760 4910 pru-

2170 4907 2510 4961 dentioribus
2538 4908 2693 4961 aliter
2724 4909 3065 4963 sentiendum
3087 4924 3159 4963 ex
3188 4913 3456 4966 sententia
3489 4911 3549 4965 Β.
3580 4907 3761 4966 Anto-

2170 4976 2269 5041 nii,
2297 4992 2456 5047 quam
2506 4979 2677 5032 refert
2706 4982 2909 5032 Auctor
2937 4988 3180 5047 sequenti
3213 4980 3390 5035 libro:
3422 4996 3528 5046 qua
3581 4981 3752 5035 docet

2170 5049 2495 5102 monachum
2526 5050 2746 5101 minime
2766 5048 2967 5102 debere
2994 5051 3062 5102 ab
3081 5065 3211 5115 uno,
3234 5052 3479 5117 quamvis
3510 5066 3755 5116 summo,

2170 5117 2422 5172 universa
2450 5124 2648 5187 genera
2691 5120 2947 5171 virtutum
2993 5129 3268 5187 expetere.
3300 5121 3450 5175 Alius
3492 5122 3758 5187 cnim,iu-

2169 5188 2305 5257 quit,
2338 5190 2564 5242 scientia:
2593 5187 2810 5258 ﬂoribus
2838 5198 3134 5249 exornatur,
3156 5192 3289 5243 alter
3318 5193 3642 5245 discretionis
3661 5208 3756 5243 ra-

2171 5253 2307 5331 tione
2340 5253 2603 5312 robustius
2641 5253 3003 5331 com'rnunitur,
3031 5257 3162 5331 alter
3191 5263 3454 5327 patientia:
3497 5262 3756 5331 gravitate

2172 5328 2442 5400 fundatur,
2471 5330 2607 5400 alius
2648 5328 2977 5400 humilitatis,
3010 5329 3143 5382 alius
3189 5328 3521 5385 continentia}
3569 5334 3759 5385 abfuit:

2156 5398 2456 5469 prazfertur,
2482 5398 2617 5452 alius
2634 5399 2989 5471 simplicitatis
3013 5402 3181 5471 gratia
3204 5401 3506 5466 decoratur,
3530 5411 3645 5455 etc.

2240 5485 2257 5506 ι’
2293 5471 2532 5535 Quatuor
2562 5470 2792 5531 colores,
2826 5484 2922 5523 seu
2966 5469 3304 5525 conditiones
3348 5474 3461 5524 veri
3503 5469 3758 5525 monachi

2138 5540 2327 5594 'habes
2356 5543 2441 5593 hic
2471 5540 2614 5592 velut
2644 5541 2694 5592 in
2726 5540 2899 5592 tabula
2924 5538 3196 5609 depictas;
3228 5557 3423 5610 nempe
3448 5552 3504 5595 ut
3529 5541 3757 5605 surdus,

2163 5624 2363 5682 tnutus,
2389 5624 2582 5682 ctecus,
2612 5618 2667 5663 et
2696 5611 2889 5663 stultus
2917 5611 2987 5664 sit
3012 5630 3027 5663 :
3056 5628 3188 5681 quas
3225 5612 3439 5682 quidem
3475 5612 3761 5666 moraliter

2162 5678 2538 5747 intelligendas
2565 5695 2706 5747 esse,
2743 5696 2849 5737 nou
2878 5678 3118 5752 proprie,
3146 5678 3256 5740 aut'
3266 5682 3511 5755 physice,
3534 5697 3643 5738 non
3665 5690 3758 5743 est

2163 5753 2307 5821 quod
2338 5764 2609 5807 moneam.
2760 5753 2765 5758 ’
