3986 6320
233 210 316 272 201
705 229 795 288 DE
832 230 1313 290 C(ENOBIDBUM
1358 230 1886 299 INSTIT.-LIB»,,V.
1913 263 1983 276 -
2008 234 2105 294 DD
2137 236 2407 296 SPIRITU
2444 236 3011 300 GASTRIMARGLE.

3399 245 3508 304 202

229 358 502 414 perpetuo,
533 353 592 401 et
619 345 688 401 de
712 349 959 404 ctenobio
978 346 1154 402 mulis
1176 347 1564 406 mutationibus
1577 346 1798 417 inimici,
1842 352 1896 415 Α
1925 354 2180 410 sensibus
2219 349 2434 414 valeant
2472 359 2762 426 inhaerere,
2803 361 3075 431 quoddam
3116 375 3181 416 es
3215 359 3301 416 his
3327 370 3352 400 α
3379 363 3507 421 bre-

229 439 378 493 nullis
404 437 735 496 factionibus
761 441 1086 498 devolveris.

801 555 1026 615 CAPUT
1067 557 1229 614 XLII.

229 669 368 733 Quod
397 668 591 724 bonum
623 672 884 736 patientia:
918 688 1026 728 sua
1062 691 1165 728 non
1210 673 1386 728 debeat
1425 676 1706 730 monachus
1748 677 1811 732 de

287 741 510 795 aliorum
539 759 750 811 sperare
775 743 982 813 uirtute,
1010 744 1103 798 sed
1128 746 1192 799 de
1211 762 1305 800 sua
1327 746 1737 818 longanimitate.

287 874 427 945 Ergo
453 875 774 945 patientiam
801 886 945 934 tuam
973 894 1081 935 non
1111 879 1279 936 debes
1311 881 1381 936 de
1416 881 1645 937 aliorum
1684 896 1810 953 spe—

227 983 336 1022 rare
363 969 586 1037 virtute,
617 971 670 1026 id
697 981 802 1036 est,
833 981 892 1027 ut
922 980 1050 1028 tunc
1078 989 1196 1028 eam
1227 975 1599 1030 tantummodo
1633 976 1812 1046 possi-

225 1061 360 1126 deas,
386 1077 508 1117 curn
540 1079 570 1118 a
597 1064 813 1120 nemine
839 1065 1010 1120 fueris
1037 1066 1314 1121 irritatus:
1356 1067 1500 1137 quod
1548 1077 1605 1121 ut
1645 1069 1814 1137 possit

225 1167 319 1207 non
348 1156 594 1214 evenire.
625 1167 730 1211 tuae
757 1171 865 1212 non
894 1157 1137 1226 subjacet
1168 1159 1458 1228 potestati;
1502 1160 1598 1215 sed
1635 1160 1814 1230 potius

224 1244 280 1300 de
311 1245 615 1302 humilitate
643 1256 734 1302 tua
761 1255 818 1303 et
845 1248 1272 1318 longanimitate,
1301 1265 1422 1320 quas
1459 1251 1513 1304 in
1551 1258 1645 1304 tuo
1682 1265 1813 1320 pen-

224 1336 299 1391 det
327 1337 575 1393 arbitrio.

785 1431 1016 1488 CAPUT
1056 1432 1242 1489 XLIII.

330 1542 1082 1620 Recapitulatioexpositionis
1108 1565 1199 1620 per
1225 1566 1380 1619 quam
1409 1551 1696 1607 monachus

515 1616 586 1669 ad
617 1616 978 1687 perfectionem
1004 1616 1168 1691 possit
1199 1616 1496 1676 ascendere.

1911 449 2141 505 viarium
2172 451 2446 521 colligam,
2481 467 2576 522 per
2605 454 2749 526 quod
2779 457 2954 525 possis
2982 456 3245 511 brevitate
3272 465 3327 511 et
3353 471 3509 514 com-

1913 544 2113 615 pendio
2142 545 2516 602 mandatorum
2548 549 2868 606 memoriter
2896 550 3148 606 universa
3194 551 3505 622 complecti.

1913 639 2052 693 Audi
2095 654 2224 708 ergo
2276 639 2461 709 paucis
2507 641 2756 698 ordinem
2800 658 2902 711 per
2925 659 3082 711 quem
3111 645 3408 700 ascendere
3438 646 3508 700 ad

1911 731 2303 802 perfectionem
2327 749 2594 789 summam
2618 735 2736 791 sine
2762 736 2877 791 ullo
2898 737 3084 792 labore
3104 750 3169 793 ac
3190 737 3508 794 difﬁcultate

1913 826 2117 882 valeas.
2152 825 2480 896 Principium
2512 839 2713 883 nostra:
2751 828 2943 883 salutis
2986 829 3375 900 sapientiaeque
3416 845 3509 885 se-

1913 920 2148 976 cundum
2178 919 2484 990 Scripturas
2509 922 2672 976 timor
2703 921 2914 976 Domini
2942 933 3026 976 est
3063 921 3302 994 (Prouer.
3338 924 3400 994 ι).
3434 924 3512 978 De

1914 1011 2110 1072 timore
2163 1011 2377 1067 Domini
2427 1014 2662 1068 nascitur
2709 1015 3051 1084 compunctio
3098 1014 3375 1071 salutaris.
3434 1015 3512 1070 De

1915 1095 2332 1175 compunctione
2359 1106 2537 1161 cordis
2567 1107 2810 1174 procedit
2843 1108 3244 1162 abrenuntiatio
3263 1150 3278 1174 ,
3309 1108 3363 1162 id
3395 1118 3507 1177 est,

1917 1197 2132 1252 nuditas
2162 1208 2216 1253 et
2239 1209 2583 1268 contemptus
2607 1199 2848 1252 omnium
2878 1198 3213 1254 facultatum.
3247 1199 3320 1254 De
3350 1200 3510 1254 nudi-

1915 1300 2026 1348 tate
2057 1290 2329 1346 humilitas
2353 1303 2695 1362 procreatur.
2727 1291 2800 1346 De
2826 1290 3128 1347 humilitate
3164 1291 3510 1347 niortiiicatio

1916 1383 2256 1439 voluntatum
2326 1395 2636 1454 generatur.
2694 1382 3112 1439 Mortificatione
3165 1386 3506 1441 voluntatum

1918 1478 2825 1549 cxstirpanturatquejmarcescunt
2848 1479 3097 1533 universa
3124 1478 3277 1533 vitia.
3303 1479 3509 1550 Expul-

1915 1571 2071 1626 sione
2099 1571 2376 1635 vitiorum,
2428 1573 2654 1624 virtutes
2705 1567 3035 1624 fructiﬁcant
3079 1580 3238 1638 atque
3285 1584 3508 1625 succre-

1915 1673 2094 1720 scunt.
2124 1663 2485 1718 Pullulatione
2510 1663 2766 1717 virtutum
2809 1662 3013 1730 puritas
3052 1663 3234 1717 cordis
3271 1662 3509 1732 acquiri-

282 1748 342 1801 Et
370 1757 435 1802 ut
461 1748 579 1804 haec
606 1752 787 1806 omnia
814 1768 933 1822 quae
961 1753 1141 1810 latiori
1171 1770 1424 1812 sermone
1452 1757 1661 1828 digesta
1691 1765 1816 1813 sunt
1842 1774 1893 1836 Β
1919 1766 2025 1812 tur.
2057 1757 2296 1812 Puritate
2332 1755 2515 1812 cordis
2554 1754 2882 1826 Apostolicte
2924 1754 3202 1810 charitatis
3248 1755 3506 1825 perfectio

230 1841 359 1897 cordi
388 1850 489 1898 tuo
520 1842 734 1900 facilius
781 1846 1146 1913 inculcentur,
1199 1864 1261 1904 ac
1307 1851 1657 1907 tenacissime
1701 1853 1810 1906 tuis

1918 1849 2245 1919 possidetur.

1293 1969 1554 2026 ALARDI
1593 1968 1826 2026 GAZrEl
1862 1966 2427 2025 COMMENTARIUS.

281 2069 302 2096 ι
330 2059 704 2124 Breviarium,
731 2061 895 2116 etiam
925 2064 1148 2118 vetustis
1176 2073 1230 2118 et
1266 2063 1475 2119 Latinis
1501 2063 1816 2119 auctoribus

227 2131 494 2204 usitatum,
522 2131 575 2185 id
599 2141 713 2204 est,
733 2133 1136 2204 compendium,
1158 2136 1546 2200 summarium;
1573 2135 1657 2190 vel
1683 2150 1817 2204 Opus

224 2203 488 2278 concisum
535 2212 590 2257 et
604 2203 1007 2278 _abbreviatum
1032 2250 1046 2269 ,
1089 2204 1278 2261 Graece
1308 2208 1544 2278 ing-apri,
1579 2208 1661 2261 vel
1694 2203 1817 2261 ἁνα-

224 2276 576 2347 ιεφαλαίωσιςη
600 2273 894 2347 Suetonius
935 2275 987 2330 in
1028 2277 1310 2346 Augusto:
1353 2273 1500 2330 Fecit
1539 2285 1585 2330 et
1620 2277 1816 2331 brevia-

223 2345 335 2396 rium
365 2347 530 2398 totius
562 2345 784 2414 imperii,
812 2356 1062 2418 quantum
1089 2345 1312 2400 militum
1338 2350 1430 2402 sub
1451 2350 1612 2418 signis
1635 2348 1817 2417 ubique

223 2425 350 2492 esset,
385 2430 643 2492 quantum
674 2419 908 2492 pecuniis
931 2417 1199 2492 in_a{rario
1227 2428 1277 2472 et
1312 2419 1470 2492 ﬁscis,
1502 2417 1551 2472 et
1589 2421 1813 2492 vectiga-

223 2488 391 2560 liorum
423 2486 673 2560 residuis.
701 2486 852 2560 Idem
876 2490 928 2541 in
969 2487 1206 2560 Caligula
1237 2507 1248 2541 :
1300 2486 1659 2560 Dispensatori
1702 2486 1815 2544 Ere-

221 2558 426 2610 riarium
463 2559 724 2611 rationum
755 2557 1009 2625 o/ferenti.
1043 2559 1246 2615 Eodem
1289 2557 1575 2616 aut'aflini
1621 2576 1806 2626 sensu,

223 2637 274 2680 ut
290 2631 718 2691 nomenclatura,
749 2628 930 2684 brevis
952 2641 1006 2685 et
1031 2630 1194 2685 breve
1213 2631 1416 2686 dicitur
1437 2633 1806 2699 substantive,

224 2699 495 2773 masculini
526 2709 581 2752 et
603 2704 782 2754 neutri
814 2702 1026 2770 generis
1053 2719 1066 2753 :
1093 2717 1206 2773 quo
1237 2702 1396 2758 modo
1423 2704 1623 2773 vulgus
1651 2701 1813 2757 Breve

225 2770 560 2844 apostolicum
583 2780 809 2844 usurpat
833 2789 845 2823 :
877 2787 988 2841 quo
1011 2772 1196 2826 itidem
1224 2774 1282 2826 D.
1308 2770 1634 2829 Benedictus
1657 2774 1808 2843 (Cap.

227 2854 360 2909 xxxii
398 2840 632 2909 Regulae)
662 2840 911 2896 abbatem
965 2853 1184 2906 monet,
1218 2854 1273 2896 ut
1316 2859 1487 2898 rerum
1530 2854 1576 2899 et
1612 2840 1808 2899 utensi-

223 2908 668 2984 liunrmonasterii
700 2911 895 2965 brevem
927 2922 1131 2979 teneat;
1162 2929 1320 2984 quem
1363 2915 1807 2970 Turrecrematus

221 2981 454 3057 notularn
498 2993 557 3057 et
603 2984 974 3057 memorialem
1022 2981 1350 3057 scripturam
1400 2987 1804 3057 interpretatur.

223 3050 320 3128 Sed
359 3054 652 3128 occasione
671 3053 1055 3128 _datadicendi
1085 3050 1153 3110 de
1184 3055 1468 3128 Breviario,
1499 3050 1558 3112 in
1577 3058 1807 3128 gratiam

219 3121 516 3198 iuniorum,
540 3123 752 3198 juvabit
781 3124 870 3179 hic
899 3135 1114 3180 notasse
1131 3127 1386 3198 codicem
1434 3121 1610 3193 illum',
1649 3144 1809 3198 quem

223 3208 320 3259 pne
345 3195 602 3249 inanibus
635 3195 922 3265 habemus,
955 3212 1061 3264 quo
1084 3196 1322 3252 ofﬁcium
1348 3197 1588 3254 divinum
1637 3195 1802 3255 conti-

223 3275 401 3335 netur,
460 3266 802 3321 Breviarium
853 3268 1158 3337 appellari,
1212 3269 1499 3340 multiplici
1556 3271 1808 3324 ratione:

1921 2061 2098 2132 primo
2127 2063 2250 2185 quia
2279 2062 2522 2117 continet
2546 2076 2732 2118 omnes
2765 2063 2998 2128 psalmos
3033 2061 3230 2130 quibus
3270 2062 3510 2116 breviter

1921 2133 2104 2185 omnia
2175 2135 2331 2185 ivinae
2367 2132 2662 2185 Scriptura:
2700 2133 2956 2185 mvsteria
3002 2135 3373 2185 nmeinnaaue
3413 2134 3508 2185 Dei

1921 2133 2104 2188 omnia
2135 2132 2331 2187 divina».
2367 2132 2662 2203 Scriptura:
2700 2133 2956 2202 mysteria
3002 2135 3373 2203 praecipnaque
3413 2134 3508 2188 Dei

1921 2219 2087 2272 opera
2117 2213 2170 2259 et
2199 2203 2460 2259 beneficia
2489 2219 2584 2270 per
2626 2204 2845 2256 modum
2893 2203 3068 2258 laudis
3107 2205 3508 2273 exprimuntur,

1922 2284 1982 2330 ut
2023 2276 2097 2328 ait
2142 2274 2431 2344 Dionysius
2471 2273 2564 2328 lib.
2615 2273 2683 2327 de
2734 2274 2940 2328 Eccles.
2986 2273 3194 2329 Hierar.
3239 2277 3412 2342 capite
3439 2275 3508 2336 ὃς

1921 2346 2119 2401 deinde
2149 2346 2501 2400 selectissima
2546 2359 2774 2413 qumque
2821 2345 2984 2399 totius
3032 2346 3238 2401 veteris
3283 2357 3337 2399 et
3384 2347 3508 2398 novi

1919 2415 2280 2482 Testamenti;
2308 2418 2466 2471 tertio
2485 2415 2683 2470 selecta
2709 2415 2923 2468 Patrum
2947 2417 3295 2480 documenta;
3317 2428 3508 2484 quarto

1917 2489 2184 2556 praecipua
2217 2502 2442 2556 quaeque
2487 2495 2636 2556 gesta
2680 2498 3029 2551 sanctorum;
3079 2489 3266 2556 quinto
3317 2487 3510 2541 breves

1916 2559 2253 2627 precationes
2297 2572 2434 2628 quas
2475 2557 2734 2612 collectas
2771 2567 2980 2622 vocant,
3013 2572 3132 2624 quae
3163 2557 3329 2628 fereia
3362 2573 3504 2612 sum-

1915 2631 2018 2683 mis
2052 2627 2394 2697 pontilicibus
2433 2629 2744 2697 composita;
2794 2628 3037 2698 fuerunt;
3081 2638 3235 2683 sexto
3279 2627 3508 2698 hymnos

1913 2700 2132 2770 aliquos
2159 2717 2187 2753 a
2222 2699 2469 2770 Patribus
2507 2699 2839 2764 compositos
2879 2700 2897 2744 ι
2919 2697 3174 2752 Lconard.
3217 2697 3424 2752 LesSius
3468 2700 3508 2751 ι.

1914 2787 1953 2825 u
1979 2769 2041 2824 de
2065 2771 2248 2824 Justit.
2284 2781 2331 2824 et
2356 2769 2484 2824 lure
2506 2786 2552 2822 c.
2585 2771 2652 2824 57
2680 2770 2802 2824 dub.
2825 2771 2902 2839 8).
2924 2770 3112 2825 Merito
3139 2770 3330 2838 itaque
3351 2785 3507 2823 voca-

1917 2853 2005 2896 tur
2033 2842 2392 2907 Breviarium,
2423 2841 2546 2910 quia
2576 2853 2658 2895 est
2685 2841 3064 2904 compendium
3089 2842 3330 2893 omnium
3361 2855 3507 2905 prae-

1917 2913 2179 2967 dictorum
2208 2912 2548 2967 admirabile.
2581 2912 2698 2980 Quo
2736 2912 2900 2967 etiam
2949 2911 3109 2965 modo
3147 2910 3511 2964 Tertullianus

1949 2984 2057 3038 Lib.
2092 2985 2155 3038 de
2183 2984 2329 3037 Orat.
2373 3001 2488 3053 cap.
2522 2983 2576 3050 i)
2626 2985 2926 3037 orationem
2975 2981 3307 3036 Dominicam
3352 2991 3513 3038 vocat

1967 3056 2447 3136 reviariumntotius
2493 3053 2784 3136 Evangelii.
2831 3054 2938 3109 Sed
2980 3053 3096 3136 haec
3125 3053 3324 3136 obiter,
3354 3061 3408 3105 et
3425 3067 3502 3136 ex

1838 3157 1885 3221 Ο
1917 3126 2205 3221 {ingenii-926
2235 3125 2378 3181 dicta
2404 3125 2471 3182 de
2497 3120 2796 3193 Breviario,
2831 3140 2936 3194 quo
2963 3125 3094 3178 nihil
3126 3124 3387 3178 habemus
3422 3120 3501 3176 fa-

1917 3197 2202 3252 miliarius.

1235 3473 1704 3582 LIBER
1791 3472 2512 3600 QUINTUS.

1403 3657 1488 3708 DE
1520 3656 1775 3708 SPIRI'IU
1810 3655 2317 3710 GASTRIMABGUE.

739 3893 968 3952 CAPUT
1006 3894 1293 3952 PRIMUM.

225 3984 487 4043 Transitus
516 3987 584 4042 ab
616 3987 872 4042 institutis
901 3988 1244 4042 canobiorum
1284 3987 1352 4040 ad
1397 3986 1814 4041 colluctationem

610 4069 728 4112 octo
758 4060 1124 4129 principalium
1155 4060 1411 4112 vitiorum.

283 4173 518 4241 Quintus
551 4173 736 4241 nobis,
758 4171 982 4241 iuvante
1011 4173 1142 4241 Deo,
1174 4173 1309 4229 liber
1344 4175 1442 4230 iste
1481 4174 1812 4244 procuditur.

1919 3895 2052 3951 Nam
2081 3904 2107 3933 ει
2136 3905 2256 3966 post
2282 3904 2515 3967 quatuor
2539 3896 2768 3962 libellos,
2799 3895 2889 3965 qui
2915 3912 3076 3966 super
3104 3895 3364 3954 institutis
3388 3914 3503 3954 mo-

1918 3989 2278 4044 nasteriorum
2309 3989 2500 4058 digesti
2527 3998 2675 4052 sunt.
2709 4004 2852 4046 nunc
2878 3991 3120 4058 arripere
3164 3992 3503 4048 colluctatio-

1921 4096 2048 4136 nem
2075 4079 2102 4118 δ
2133 4081 2392 4135 adversus
2419 4090 2540 4138 octo
2562 4081 2879 4152 principalia
2909 4083 3037 4137 vitia
3066 4087 3260 4139 vestris
3296 4087 3492 4142 oratio:

1923 4174 2103 4239 nibus,
2138 4175 2365 4228 Domino
2396 4173 2759 4239 confortante,
2793 4174 3152 4246 disponimus,
3185 4178 3234 4232 id
3259 4189 3364 4243 est,
3394 4180 3503 4249 pri-

1313 4314 1570 4369 ALABDI
1606 4312 1840 4370 cum
1877 4311 2440 4394 COMM_ENTORIUS.

291 4406 698 4483 {itaquatuor
729 4405 897 4483 libros
926 4405 1296 4483 praecedentes
1323 4406 1437 4483 sub
1470 4421 1578 4461 uno
1619 4407 1777 4461 titulo
1802 4423 1815 4460 :
1845 4409 1899 4469 D
1923 4409 2450 4483 metaphorice_vero
2468 4421 2631 4483 omne
2658 4406 2977 4483 principium
3001 4407 3323 4483 directivum
3347 4428 3503 4483 caput

223 4476 294 4531 De
320 4476 578 4532 institutis
608 4478 1072 4544 monasteriorum,
1120 4478 1206 4532 vel
1247 4478 1620 4544 coenobiorum,
1665 4492 1816 4532 eom-

221 4551 543 4618 preliendit:
579 4564 718 4617 quos
748 4548 1060 4603 Gennadius
1087 4559 1140 4602 et
1169 4549 1261 4602 alii
1288 4550 1398 4603 suis
1430 4549 1662 4616 propriis
1693 4549 1819 4601 titti-

221 4619 286 4674 lis
311 4621 682 4690 distinguunt.
717 4618 818 4673 Alii
849 4635 978 4674 vero
1010 4635 1114 4673 una
1154 4619 1454 4685 eademque
1495 4619 1821 4673 monastica-

219 4705 332 4744 rum
365 4693 778 4746 institutionum
827 4691 1180 4758 inscriptione
1223 4690 1596 4750 denominant,
1637 4690 1820 4759 sicque

223 4761 388 4817 libros
419 4762 716 4818 duodecim
757 4762 1154 4816 institutionum
1202 4777 1230 4815 a
1274 4761 1426 4816 libris
1471 4759 1818 4814 collationum

220 4845 520 4975 secernuin;
552 4846 617 4886 ac
646 4841 920 4901 separant,
952 4841 1014 4887 ut
1040 4832 1164 4886 alibi
1221 4833 1420 4887 dictum
1460 4842 1543 4888 est
1577 4832 1691 4901 (Ad
1726 4832 1816 4885 lib.

220 4917 254 4968 ι,
285 4921 402 4975 _cap.
509 4946 526 4961 .
591 4974 594 4975 ν
1072 4973 1081 4975 _
1467 4974 1472 4975 ν
1597 4937 1602 4942 ·
1693 4974 1697 4975 ν
1774 4974 1781 4975 ,

219 4917 254 4968 ι,
285 4921 402 4972 cap.
441 4907 526 4972 i).
1597 4937 1602 4942 -

285 4973 314 5011 δ
344 4973 527 5044 Hujus
563 4974 686 5028 libri
719 4988 782 5028 ac
834 4973 1178 5042 sequentium
1207 4974 1508 5029 communis
1538 4974 1821 5044 inscriptio

218 5055 320 5109 est,
351 5048 422 5100 de
452 5046 782 5115 capitalibus
811 5046 994 5099 vitiis:
1028 5045 1277 5114 quamvis
1323 5045 1482 5099 etiam
1525 5047 1624 5100 sub
1662 5060 1823 5114 gene-

219 5117 320 5169 rali
348 5117 514 5170 titulo
561 5115 960 5170 institutionum
1006 5116 1426 5169 monasticarum
1465 5117 1824 5184 comprehen-

219 5185 438 5242 dantur.
475 5187 687 5241 Horum
737 5187 993 5240 librorum
1046 5186 1290 5240 meminit
1341 5187 1556 5240 Photius
1605 5187 1824 5242 Graecus

219 5256 272 5311 in
302 5274 405 5311 suo
431 5259 642 5323 elogio,
674 5271 875 5324 eosque
897 5256 1051 5311 valde
1079 5257 1445 5321 commendat,
1469 5267 1526 5312 ut
1548 5257 1618 5310 ibi
1640 5258 1824 5313 videre

221 5338 302 5380 est
328 5331 387 5382 in
423 5329 593 5396 hujus
618 5328 801 5392 oneris
832 5328 1001 5382 initio.
1034 5327 1206 5382 Porro
1239 5326 1306 5381 de
1333 5328 1478 5382 vitiis
1518 5329 1825 5396 principali-

221 5397 340 5462 bus,
373 5404 496 5452 sive
529 5399 872 5470 capitalibus,
907 5414 1136 5470 quorum
1169 5398 1543 5470 tractationem
1570 5397 1824 5466 deinceps

220 5470 554 5539 aggreditur
597 5468 888 5522 Cassianus
914 5468 934 5531 ,⁷
975 5470 1220 5539 quaedam
1265 5470 1394 5522 mihi
1442 5469 1690 5523 videntur
1739 5470 1825 5524 hic

220 5538 538 5610 generatim
571 5539 937 5607 praziiotanda.
971 5538 1172 5598 Primo,
1206 5541 1394 5594 vitium
1424 5539 1653 5608 capitale
1692 5539 1825 5592 duo-

221 5611 318 5665 bus
351 5612 547 5666 modis
573 5610 910 5679 intelligitur.
953 5611 1198 5677 Capitale
1233 5612 1377 5664 enim
1406 5626 1436 5664 a
1466 5611 1642 5678 capite
1684 5611 1824 5664 dici-

222 5693 334 5746 tur;
359 5692 544 5744 caput
563 5690 741 5734 autem
765 5691 920 5734 sonat
942 5684 1244 5736 membrum
1259 5680 1526 5751 quoddam
1554 5679 1823 5750 animalis,

221 5754 363 5826 quod
395 5765 514 5810 est.
542 5751 865 5821 principium
917 5752 1273 5808 directionum
1322 5754 1487 5808 totius
1530 5752 1822 5809 animalis:

545 5847 821 5907 Ρηκοι..
863 5844 1091 5906 XLIX.

1924 4489 2178 4551 vocatur;
2212 4479 2353 4533 unde
2385 4487 2438 4551 et
2468 4478 2730 4541 homines,
2765 4479 2854 4542 qui
2883 4479 3019 4551 alios
3046 4479 3282 4548 dirigunt
3317 4493 3372 4538 et
3409 4478 3504 4551 gu-

1923 4549 2172 4614 beruant,
2191 4552 2362 4619 capita
2377 4549 2604 4602 aliorum
2629 4557 2908 4604 vocantur.
2935 4549 3134 4620 Dicitur
3163 4565 3294 4620 ergo
3320 4549 3507 4615 vitium

1923 4621 2151 4688 capitale
2175 4618 2278 4674 uno
2300 4620 2456 4672 modo
2483 4633 2513 4671 a
2535 4620 2707 4684 capite
2732 4620 2946 4684 proprie
2963 4618 3127 4679 dicto,
3152 4634 3203 4674 et
3221 4618 3298 4675 sic
3319 4627 3505 4682 vitium

1924 4691 2150 4753 capitale
2173 4690 2495 4758 appellatur,
2515 4689 2656 4760 quod
2679 4703 2833 4756 pteoa
2850 4689 3038 4760 capitis
3062 4693 3280 4756 punitur
3296 4693 3507 4760 (Thom.

1927 4763 2092 4827 1-2.!1.
2113 4757 2490 4825 51,7art.5et4,
2507 4757 3082 4823 et2-2,q.5,48;100n.
3101 4757 3506 4822 Azoriuslnstit.

1926 4834 2108 4886 moral.
2138 4848 2209 4896 iv,
2235 4849 2330 4902 cap
2367 4829 2476 4898 l2).
2503 4835 2571 4883 At
2591 4846 2694 4882 non
2719 4831 2784 4882 ita
2813 4829 3506 4899 accipiturvitiumcapitale

1925 4903 1977 4956 in
1993 4905 2092 4956 hoc
2116 4901 2364 4960 tractatu.
2383 4917 2490 4970 quo
2510 4901 2576 4955 de
2589 4902 2732 4953 vitiis
2752 4901 3070 4967 capitalibus
3092 4905 3293 4969 agitur:
3319 4904 3508 4960 dicun-

1926 4981 2012 5026 tur
2038 4975 2180 5028 enim
2203 4974 2470 5044 capitalia,
2500 4971 2640 5042 quod
2669 4973 2776 5024 sint
2800 4972 2959 5025 veluti
2993 4970 3186 5036 fontes,
3212 4974 3301 5044 vel
3332 4977 3507 5044 capita

1924 5045 2276 5112 reliquorum.
2295 5059 2326 5098 e
2346 5043 2558 5112 quibus,
2584 5043 2729 5096 velut
2751 5056 2814 5095 ex
2837 5053 3086 5107 corrupta
3107 5043 3306 5107 radice,
3331 5049 3507 5102 omnis

1924 5116 2136 5184 generis
2166 5116 2314 5180 vitia,
2345 5113 2731 5182 turpitudines,
2782 5113 3034 5184 scandala
3082 5129 3148 5184 ac
3183 5118 3507 5182 corruptela:

1924 5183 2227 5254 proﬂuunt;
2275 5185 2415 5254 quod
2462 5195 2636 5237 tamen
2679 5198 2784 5236 non
2817 5183 2895 5236 sic
2925 5183 3320 5254 accipiendum,
3352 5189 3507 5253 quasi

1924 5253 2132 5325 singula
2158 5253 2551 5326 vitia’capitalia
2575 5263 2892 5326 czeterorum
2918 5253 3155 5326 omnium
3178 5267 3352 5326 causae
3375 5256 3501 5315 sint,

1925 5337 1980 5382 et
2009 5323 2266 5396 origines,
2297 5323 2390 5380 sed
2417 5328 2538 5394 quia
2566 5325 2983 5396 unumquodque
3010 5323 3221 5396 illorum
3259 5325 3330 5378 sit
3363 5329 3510 5379 mul-

1927 5393 2115 5451 torum'
2134 5393 2358 5452 aliorum
2392 5393 2550 5462 caput
2580 5405 2635 5449 et
2662 5410 2842 5448 causa.
2871 5393 3021 5448 Unde
3041 5403 3095 5447 et
3117 5394 3341 5463 singulis
3363 5398 3510 5451 vitiis

1925 5469 2244 5537 capitalibus
2273 5467 2435 5521 multa
2463 5468 2585 5520 vitia
2625 5481 2694 5521 ex
2739 5465 2868 5532 ipsis
2911 5464 3182 5537 nascentia
3229 5467 3506 5536 assignan-

1927 5532 2029 5602 tui’
2065 5555 2183 5607 qum
2215 5541 2338 5592 “lia,
2365 5539 2597 5607 ipsorum
2629 5544 2903 5607 vocantur.
2936 5532 3184 5607 secundo
3211 5532 3506 5594 notandum

1926 5609 2068 5679 quod
2084 5603 2532 5679 Cassianus-(Hic
2552 5618 2598 5660 et
2625 5605 2802 5679 collqt.
2825 5603 2880 5666 4,
2907 5620 2956 5679 _c.
2984 5603 3040 5671 9.)
3063 5615 3184 5679 octo
3208 5606 3333 5660 vitia
3360 5611 3506 5676 capi~

1925 5674 2074 5743 talia,
2099 5694 2199 5735 seu
2223 5674 2570 5749 principalia,
2606 5674 2800 5749 posuit,
2830 5676 2953 5743 quia
2983 5676 3287 5749 superbiam
3316 5674 3505 5749 octavo

1926 5766 1990 5808 ac
2032 5751 2200 5808 veluti
2225 5743 2493 5818 'supremo
2533 5748 2653 5802 loco
2680 5743 2822 5802 inter
2853 5760 2914 5801 ea
2948 5757 3216 5807 recenset.
3249 5747 3319 5806 Et
3345 5748 3504 5822 hujus

2922 5845 2958 5909 7
