3986 6320
414 297 519 365 207

1716 303 1997 368 JnANNlS
2034 303 2345 368 CASSIAN]

3557 301 3664 363 208

413 423 700 490 sententia,
734 435 1054 478 monacnum
1099 439 1194 494 qut
1241 431 1363 492 post
1415 424 1714 483 cutuobiale
1743 439 1991 493 pr0post-
2013 432 2068 491 Α
2096 425 2312 492 habeat,
2355 422 2731 492 contemplari,
2771 422 3125 494 studioseque
3168 421 3483 492 decerpere.
3523 422 3669 478 Cun-

412 527 527 571 tum
583 516 793 586 fastigia
846 515 1034 570 nititur
1063 514 1395 569 sublimioris
1449 514 1798 584 perfectioms
1827 519 1988 570 attin-

411 624 565 679 gere,
603 595 660 663 et
685 608 1026 679 apprehenso
1056 607 1404 662 discretionis
1449 609 1719 672 examine,
1765 610 1988 678 prOprio

409 701 520 771 iam
551 709 741 769 potens
767 708 853 755 est
877 710 1022 754 stare
1049 699 1278 768 judicio,
1309 708 1469 769 atque
1495 710 1522 737 α
1548 701 1616 755 ad
1646 716 1824 756 arcem
1854 703 2002 756 ana?

410 792 706 848 choreseos
722 793 1023 862 pervenire,
1043 789 1068 827 δ
1093 791 1313 846 minime
1328 791 1525 847 debere
1549 791 1616 847 ab
1633 806 1764 860 uno,
1794 806 1991 861 quam<

408 887 493 941 vis
511 901 743 951 summo,
766 886 1015 940 universa
1043 885 1241 954 genera
1259 885 1525 940 virtutum
1541 892 1816 954 expetere.
1830 885 1988 938 Alius

409 980 554 1035 enim
581 977 822 1034 scientiae
863 976 1089 1032 ﬂoribus
1119 985 1433 1044 exornatur,
1484 978 1619 1032 alter
1648 975 1989 1033 discretionis

407 1073 619 1128 ratione
645 1070 917 1126 robustius
970 1071 1355 1135 communitur,
1386 1070 1521 1124 alter
1551 1070 1824 1138 patientiae
1866 1084 1991 1138 gra-

408 1169 577 1219 vitate
605 1162 894 1228 fundatur;
920 1163 1052 1216 alius
1101 1161 1440 1228 humilitatis,
1471 1161 1609 1216 alius
1635 1161 1988 1216 continentia;

407 1258 610 1311 virtute
663 1255 968 1324 praefertur,
1001 1254 1138 1308 alius
1168 1253 1530 1323 simplicitatis
1561 1255 1733 1324 gratia
1762 1254 1990 1309 decora-

407 1356 516 1403 tur.
549 1347 648 1402 Hic
671 1346 1151 1416 magnanimitatis,
1190 1345 1283 1400 ille
1333 1345 1745 1412 misericordia,
1779 1346 1881 1400 iste
1910 1346 1990 1400 vi-

408 1439 682 1510 giliarum,
713 1438 802 1493 hic
825 1437 1227 1502 taciturnitatis,
1267 1436 1358 1491 ille
1391 1437 1591 1492 laboris
1607 1436 1990 1508 studiosnper-

412 1534 617 1587 eminet
663 1537 914 1585 caeteros.
969 1529 1039 1584 Et
1090 1528 1291 1584 idcirco
1345 1529 1672 1584 monachum
1724 1529 1989 1599 Spiritalia

339 1680 344 1686 ,
407 1623 570 1679 mella
620 1621 855 1676 condere
901 1620 1235 1690 cupientem,
1284 1619 1432 1673 velut
1478 1635 1634 1689 apem
1674 1621 1987 1688 prudentis-

407 1714 602 1768 simam
632 1712 836 1767 debere
864 1724 1300 1780 unamquamque
1344 1711 1600 1766 virtutem
1652 1711 1722 1766 ab
1765 1712 1848 1766 his
1896 1713 1987 1781 qui

2093 525 2211 573 ctas
2241 530 2472 586 namque
2502 516 2545 568 si
2574 515 2642 570 ab
2670 531 2777 569 uno
2805 516 3056 570 volumus
3106 515 3363 584 mutuari,
3411 527 3503 570 aut
3527 515 3670 570 diffi-

2091 605 2217 671 cile,
2249 617 2341 660 aut
2366 614 2512 660 certe
2533 620 2824 676 numquam
2855 605 3050 661 idonea
3069 606 3137 661 ad
3164 605 3484 661 imitandum
3510 607 3668 662 nobis

2091 697 2335 767 exempla
2363 704 2616 768 poterunt
2638 697 3030 767 reperiri.Quia
3057 708 3080 736 ο
3104 699 3230 753 licet
3259 697 3488 754 necdum
3514 697 3665 753 Chri-
3757 760 3766 766 ι

2091 800 2234 844 stum
2287 789 2465 843 omnia
2492 788 2714 856 factum,
2760 791 3058 844 secundum
3098 790 3416 859 Apostolum
3449 789 3662 862 (ICor.
3748 845 3759 863 ,

2091 881 2211 954 xv),
2237 882 2517 938 videamus
2545 883 2600 938 in
2628 883 2911 949 omnibus;
2946 893 3126 938 tamen
3156 883 3261 940 hoc
3285 884 3448 939 modo
3480 898 3671 953 possu-

2091 991 2214 1031 mus
2243 992 2386 1044 eum,
2432 976 2484 1031 id
2513 985 2617 1043 est,
2667 991 2766 1046 per
2793 983 2979 1047 partes
3035 975 3090 1030 in
3121 976 3374 1031 omnibus
3406 976 3666 1032 invenire.

2093 1069 2170 1124 De
2199 1068 2320 1138 ipso
2349 1068 2492 1122 enim
2541 1067 2762 1136 dicitur,
2794 1068 2886 1138 qui
2930 1067 3104 1123 factus
3130 1077 3213 1124 est
3244 1067 3400 1123 nobis
3445 1083 3510 1122 ex
3559 1068 3672 1124 Deo

2092 1159 2378 1230 sapientia,
2406 1159 2642 1230 justitia,
2671 1159 2933 1215 sanctitas
2958 1168 3014 1214 et
3044 1159 3343 1230 redemptio
3383 1159 3429 1230 (ι
3456 1157 3576 1214 Cor.
3601 1158 3670 1227 t).

2093 1252 2229 1306 Dum
2259 1266 2388 1322 ergo
2415 1253 2470 1306 in
2506 1251 2616 1306 alio
2642 1252 2925 1322 sapientia,
2959 1253 3013 1307 in
3045 1253 3152 1308 alio
3185 1252 3413 1322 justitia,
3461 1252 3515 1305 in
3566 1251 3675 1305 alio

2091 1342 2371 1410 sanctitas,
2407 1343 2462 1398 in
2493 1343 2605 1398 alio
2655 1343 3043 1409 mansuetudo,
3075 1345 3130 1398 in
3177 1343 3284 1398 alio
3331 1344 3575 1410 castitas,
3619 1342 3676 1396 in

2093 1436 2200 1492 alio
2230 1434 2528 1501 humilitas,
2561 1435 2614 1490 in
2645 1435 2752 1490 alio
2799 1435 3052 1505 patientia
3079 1435 3369 1504 reperitur,
3400 1435 3676 1490 membra-

2091 1528 2190 1582 tim
2217 1525 2461 1584 Cbristus
2491 1542 2585 1597 per
2609 1542 3046 1597 unumquemque
3084 1541 3225 1582 nunc
3255 1534 3566 1581 sanctorum
3591 1525 3678 1580 di-

2093 1622 2241 1677 visus
2289 1633 2394 1678 est.
2421 1619 2448 1660 ά
2479 1621 2933 1678 Concurrentibus
2981 1635 3110 1676 vero
3158 1617 3426 1676 universis
3475 1620 3531 1675 in
3560 1619 3682 1674 uni-

2093 1723 2255 1770 tatem
2283 1715 2410 1769 ﬁdei
2439 1728 2502 1770 ac
2526 1713 2759 1779 virtutis,
2791 1713 3036 1768 redditur
3061 1713 3117 1767 in
3145 1712 3317 1767 virum
3359 1711 3681 1782 perfectum,

408 1820 529 1860 eam
577 1803 892 1859 familiarius
921 1802 1201 1874 possident
1229 1801 1497 1859 deﬂorare
1523 1813 1578 1858 et
1605 1804 1658 1858 in
1688 1805 1771 1861 sui
1805 1815 1991 1874 pecto-
2018 1830 2068 1893 Β
2093 1806 2481 1878 plenitudinem
2507 1809 2587 1862 sui
2613 1805 2860 1880 corporis
2892 1805 3109 1877 (Ephes.
3138 1810 3236 1876 tv),
3266 1805 3321 1860 in
3350 1805 3684 1875 singulorum

407 1898 488 1954 ris
516 1913 643 1952 vase
672 1897 955 1966 diligenter
986 1895 1283 1951 recondere
1313 1913 1326 1948 :
1376 1910 1477 1951 nec
1507 1895 1638 1965 quid
1690 1899 1868 1953 minus
1897 1899 1991 1953 ali-

409 1989 530 2060 quis
553 1988 748 2044 habeat
772 1986 1066 2054 discutere,
1098 1985 1193 2042 sed
1221 1985 1328 2042 hoc
1355 1995 1565 2042 tantum
1605 1987 1734 2058 quid
1773 1990 1988 2046 virtutis

2098 1901 2462 1956 membrorum
2501 1915 2762 1971 compage
2785 1915 2849 1955 ac
2878 1899 3208 1970 proprietate
3237 1897 3540 1969 perliciens.
3572 1900 3684 1954 Do-

2096 2007 2198 2048 nec
2225 2007 2354 2063 ergo
2392 1993 2573 2048 veniat
2619 1993 2753 2049 illud
2783 2001 2997 2063 tempus
3039 2007 3149 2064 quo
3176 1992 3248 2047 sit
3275 1991 3420 2048 Deus
3449 2001 3474 2030 ε
3501 1993 3688 2048 omnia

1473 2123 1729 2179 ALARDI
1768 2124 2006 2181 GAZAEI
2043 2125 2614 2188 COMMENTARIUS.

410 2244 649 2300 tionibus
675 2242 730 2296 in
759 2239 1021 2311 praeclaro
1040 2251 1205 2307 opere
1234 2236 1302 2311 de
1329 2236 1468 2311 Vitis
1497 2237 1715 2292 Patrum
1756 2253 1930 2311 nuper
1958 2255 1992 2296 a

409 2331 470 2372 se
499 2314 749 2369 restituto
764 2308 831 2365 'et
859 2311 1127 2364 illustrato
1151 2308 1342 2379 :cujus
1370 2309 1611 2363 rationes
1639 2309 1779 2377 apud
1814 2311 1988 2379 ipsum

409 2384 669 2440 videndas
701 2382 970 2449 relinquo,
1004 2394 1128 2434 cum
1181 2377 1272 2431 hic
1320 2386 1528 2449 tantum
1583 2393 1649 2432 ex
1699 2377 1990 2437 occasione

410 2453 707 2509 notationis
738 2445 1057 2506 Baronianaz
1081 2449 1149 2503 de
1171 2448 1393 2503 Antonii
1420 2445 1540 2502 Vita
1571 2449 1798 2518 ejusque
1824 2451 1991 2508 inter-

409 2535 576 2597 prete
594 2539 774 2580 sermo
803 2520 1082 2597 inciderit.

484 2605 512 2634 ι
535 2595 646 2650 Hoc
672 2605 776 2656 est,
811 2593 879 2646 ad
909 2593 1143 2651 culmen,
1171 2586 1668 2658 perfectionemque
1691 2589 1820 2645 vitm
1861 2606 1991 2648 ana-

410 2667 722 2731 choretica,
753 2679 873 2733 qua:
902 2673 986 2718 est
1010 2659 1179 2716 veluti
1208 2674 1308 2714 arx
1333 2659 1588 2730 quaedam
1615 2671 1670 2716 et
1712 2659 1989 2734 fastigium

410 2738 708 2793 relittionis.

479 2753 947 2861 ggiialgssententia
978 2799 1290 2874 B._Antonii
1320 2799 1479 2856 docet
1501 2799 1710 2874 Auctor
1737 2817 1862 2858 eum
1894 2805 1990 2874 qui

410 2878 476 2932 ad
508 2876 897 2947 perfectionem
929 2871 1119 2936 tendit,
1151 2872 1384 2947 quique,
1411 2871 1753 2942 apprehensa,
1793 2871 1986 2947 inquit,

411 2943 729 3023 discretionis
751 2947 1004 3023 examine,
1033 2943 1252 3023 proprio
1263 2945 1380 3023 jam
1393 2953 1574 3023 potens
1591 2953 1670 3023 est
1688 2951 1825 3023 stare
1841 2943 1992 3023 fudi-

410 3021 508 3082 cio,
540 3019 641 3071 hoc
663 3026 769 3081 est,
798 3017 889 3084 qui
921 3011 996 3069 ita
1023 3011 1416 3084 prudentiaaet
1454 3011 1798 3069 discretionis
1841 3011 1990 3071 dono

411 3089 672 3158 praeditus
728 3083 833 3158 est,
883 3094 941 3140 ut
986 3085 1158 3154 possit
1209 3083 1388 3158 omnia
1420 3083 1670 3158 probare,
1699 3085 1989 3140 et'solum-

415 3151 578 3214 modo
609 3157 751 3227 quod
774 3151 1091 3212 bonum—est
1123 3165 1310 3227 tenere
1341 3153 1386 3225 (l
1419 3151 1602 3227 Tltess.
1626 3159 1708 3222 v),
1743 3170 1850 3210 non
1896 3158 1993 3212 de-

410 3231 542 3285 bere
596 3226 667 3283 ab
709 3243 817 3282 uno
873 3227 1090 3281 homine
1151 3226 1392 3280 omnium
1432 3226 1691 3278 virtutum
1739 3228 1988 3295 exempla

412 3295 516 3355 sibi
548 3313 852 3369 proponere
880 3295 1170 3362 imitanda;
1192 3295 1286 3350 sed
1315 3310 1345 3348 a
1376 3295 1582 3369 multis,
1607 3306 1659 3369 et
1679 3295 1734 3369 in
1765 3297 1990 3368 singulis

411 3366 678 3438 inspicere
731 3368 862 3438 quid
910 3369 1174 3436 optimum
1205 3377 1367 3438 atque
1397 3366 1986 3438 perlectissimum'sit;

412 3437 534 3496 cum
565 3437 779 3496 constet
807 3440 1083 3495 neminem
1132 3437 1442 3492 mortalium
1495 3437 1547 3489 in
1600 3439 1746 3491 omni
1787 3439 1990 3495 virtute

412 3511 709 3604 e‘xcellere,
742 3509 838 3592 sed
889 3511 1030 3564 hunc
1083 3507 1392 3604 prudentia=
1428 3506 1592 3560 alium
1643 3506 1983 3592 (ortitudine,
2016 3539 2063 3604 ρ

410 3583 579 3637 alium
606 3577 714 3636 alia
741 3581 937 3635 virtute
985 3593 1266 3650 superare,
1310 3577 1394 3650 vel
1423 3578 1696 3650 superari,
1735 3591 1793 3633 ut
1839 3577 1982 3650 quis;

409 3668 517 3722 que
554 3653 725 3722 magis
770 3651 858 3722 vel
886 3647 1065 3722 minus
1097 3650 1148 3703 in
1173 3648 1273 3702 hac
1310 3647 1393 3702 vel
1417 3647 1526 3722 illa
1555 3647 1984 3722 se__exercuerit.

410 3718 569 3790 Quod
623 3718 942 3792 praeclarum
988 3720 1382 3792 documentum
1416 3718 1557 3773 idem
1581 3719 1692 3792 ille
1720 3719 1989 3776 Antonius

409 3788 638 3861 magnus
696 3807 801 3847 non
851 3791 1030 3846 verbis
1080 3789 1422 3861 solummodo
1477 3788 1732 3861 tradidit,
1790 3791 1884 3844 sed
1933 3803 1992 3847 et

410 3859 658 3933 exemplo
687 3871 742 3917 et
763 3877 928 3930 opere
955 3860 1227 3929 praestitit.
1257 3859 1413 3933 Nam,
1448 3869 1504 3933 ut
1545 3859 1792 3933 relet-tAS.
1819 3863 1992 3933 Atha-

410 3929 619 4001 nasius,
648 3933 721 3988 sic
746 3929 974 3986 omnium
1006 3933 1223 4000 fratrum
1252 3929 1592 4001 amulaba‘tur
1627 3931 1841 3983 meliora
1865 3932 1989 3985 cha-

411 3999 646 4067 rismata,
688 4012 745 4056 ut
775 3999 1034 4071 tamquam
1061 4001 1172 4067 apis
1201 3999 1599 4071 prudentissima
1624 4003 1860 4070 praprias
1891 4005 1991 4056 sin-

410 4076 655 4142 gulorum
698 4069 901 4144 gratiast
943 4073 1167 4144 hauriret
1187 4069 1402 4144 {hujus
1427 4071 1815 4144 continentiam,
1845 4071 1991 4127 illius

411 4139 786 4216 iucunditatem
800 4143 1106 4216 sectabatur,
1127 4141 1278 4216 istius
1303 4139 1584 4216 lenitatem,
1610 4141 1751 4216 illius
1772 4144 1987 4216 vigilan-

413 4209 555 4274 tiam,
578 4213 788 4266 alterius
833 4212 1036 4283 legendi
1063 4209 1405 4283 aemulabatur
1444 4211 1788 4277 industriam;
1823 4209 1990 4266 istum

409 4287 752 4352 ieiunantem,
778 4282 925 4337 illum
962 4282 1108 4352 humi
1144 4282 1484 4349 quiescentem
1514 4283 1834 4348 mirabatur;
1863 4287 1991 4338 alte-

411 4351 521 4408 rius
552 4354 880 4422 patientiam,
914 4351 1128 4406 alterius
1162 4352 1608 4404 mansuetudinem
1644 4354 1990 4422 praedicabat:

412 4426 640 4478 omnium
665 4425 865 4494 quoque
890 4424 1137 4477 vicariam
1163 4437 1294 4494 erga
1310 4437 1379 4494 se
1415 4425 1640 4494 retinens
1663 4424 1987 4490 charitatem,

411 4505 565 4565 atque
598 4491 848 4548 universis
877 4495 1140 4565 virtutum_
1153 4491 1392 4565 partibus
1445 4493 1687 4565 irrigatus
1718 4497 1784 4547 ad
1815 4499 1990 4550 sedem

410 4561 677 4636 propriam
693 4565 1073 4636 regrediebatur
1081 4603 1103 4636 ._
1111 4561 1140 4614 I
1143 4561 1192 4615 bi
1207 4578 1376 4615 secum
1388 4563 1633 4636 universa
1644 4575 1985 4633 pertractans,

411 4633 642 4690 omnium
667 4637 720 4689 in
750 4633 802 4690 se
823 4637 952 4688 bona
982 4633 1232 4688 nitebatur
1262 4633 1560 4700 exprimere.
1597 4635 1721 4690 Haec
1747 4636 1987 4690 Athana-

411 4709 526 4761 sius
569 4707 634 4761 de
666 4708 722 4760 S.
775 4707 1008 4760 Antonio
1043 4703 1373 4774 (Theodoret.
1402 4704 1477 4774 in
1506 4704 1706 4759 Histor.
1743 4707 1848 4764 SS.
1885 4707 1991 4760 Pa-

410 4789 569 4840 trum,
598 4794 644 4830 c.
670 4777 749 4845 5).
793 4777 875 4830 Ad
908 4773 1059 4830 hunc
1082 4776 1242 4829 etiam
1292 4773 1512 4845 modum
1557 4776 1779 4830 Publius
1821 4777 1988 4832 abbas

410 4844 784 4903 sanctissimus
811 4861 937 4901 suos
963 4846 1262 4901 ctenobitas
1291 4844 1625 4910 hortabatur,
1661 4857 1716 4900 ut
1745 4849 1880 4902 alter
1909 4865 1976 4902 ex

409 4921 582 4974 altero
610 4919 879 4974 assiduam
924 4918 1205 4972 utilitatem
1239 4929 1438 4982 capere
1471 4929 1780 4982 conaretur,
1814 4930 1976 4985 atque
2003 4916 2058 4976 D

407 4990 499 5043 hic
527 4991 741 5056 quidem
775 4989 915 5042 illius
959 4986 1428 5041 mansuetudinem
1477 4987 1783 5040 imitaretur
1815 5007 1827 5038 :
1888 4991 1978 5044 ille

406 5064 594 5113 contra
625 5058 1089 5113 mansuetudinem
1142 5069 1291 5108 suam
1323 5056 1479 5123 hujus
1508 5058 1623 5110 zelo
1654 5058 1930 5112 roboraret
1960 5076 1975 5121 ;

407 5131 546 5184 alius
598 5132 664 5184 ab
714 5132 820 5183 alio
850 5128 1179 5197 vigilantiam
1223 5123 1488 5197 disceret;
1549 5129 1692 5180 illum
1741 5131 1979 5184 vicissim

406 5196 1279 5272 jejuniiausteritat’em_doceret
1317 5215 1329 5248 :
1359 5196 1621 5272 denique_
1637 5214 1826 5272 omnes
1874 5203 1978 5272 sibi

408 5267 642 5325 invicem
669 5280 722 5324 et
746 5270 990 5338 discipuli
1014 5268 1203 5322 ﬁerent
1229 5269 1565 5338 etmagistri.
1591 5267 1679 5323 Sic
1701 5271 1844 5326 enim
1865 5269 1978 5325 fore

409 5341 640 5405 dicebat,
665 5349 723 5394 ut
754 5337 895 5394 alter
915 5356 979 5394 ex
1006 5339 1226 5393 alterius
1255 5337 1358 5390 vita
1383 5353 1496 5405 qua:
1521 5339 1620 5392 sibi
1641 5339 1864 5392 deerant
1883 5341 1980 5395 de-

410 5425 708 5476 sumentes,
743 5410 1192 5479 perfectissimum
1229 5407 1492 5479 virtutum)
1511 5410 1789 5462 cumulum
1819 5413 1980 5466 conli-

411 5491 615 5536 cerent.
646 5478 822 5536 Sic’et
855 5482 915 5534 D.
964 5481 1322 5548 Hieronymus
1371 5479 1436 5532 ad
1467 5478 1748 5532 Rusticum
1796 5495 1980 5536 mona-

410 5552 571 5622 chum
603 5559 722 5618 post
751 5553 892 5622 varia
941 5552 1261 5605 documenta
1302 5548 1703 5622 subditlEpist.
1744 5550 1800 5622 4)
1831 5569 1842 5603 :
1877 5552 1980 5605 Per

410 5621 519 5676 hac
546 5622 716 5674 omnia
743 5622 810 5674 ad
834 5621 967 5674 illud
997 5622 1156 5676 tendit
1178 5621 1367 5684 oratio,
1395 5627 1448 5672 ut
1475 5620 1684 5673 doceam
1705 5630 1752 5675 te
1772 5620 1872 5675 non
1893 5633 1979 5678 tuo

409 5693 603 5751 iudicio
626 5693 999 5759 dimittendum,
1037 5694 1123 5745 sed
1152 5692 1313 5745 vivere
1351 5691 1528 5743 debere
1565 5693 1618 5744 in
1671 5695 1979 5748 monasterio

409 5764 504 5821 sub
525 5764 681 5821 unius
718 5763 993 5832 disciplina
1035 5762 1232 5833 Patris,
1281 5762 1631 5834 consortioque
1677 5765 1978 5836 multorum,

2097 2251 2154 2296 ut
2179 2244 2244 2296 ab
2275 2244 2380 2297 alio
2417 2245 2587 2297 discas
2611 2243 2976 2309 humilitatem,
3008 2241 3072 2295 ab
3097 2242 3200 2295 alio
3220 2243 3521 2312 patientiam
3551 2257 3570 2296 :
3598 2243 3692 2296 hic

2097 2323 2146 2365 te
2185 2314 2467 2378 silentium,
2519 2315 2612 2367 ille
2641 2315 2820 2367 doceat
2864 2314 3334 2376 mansuetudinem,
3365 2323 3470 2368 etc.
3523 2313 3595 2368 Et
3621 2314 3684 2368 in

2096 2383 2341 2452 Epistula
2391 2385 2459 2439 ad
2507 2384 2858 2439 Eustochium
2912 2382 3110 2453 (Epist.
3140 2383 3255 2454 22),
3297 2383 3684 2454 Egyptiorum

2095 2457 2484 2508 monachorum
2535 2456 2779 2509 instituta
2834 2469 3289 2518 commemorans,
3335 2464 3518 2509 narrat
3549 2469 3694 2523 quo-

2094 2527 2258 2580 modo
2288 2526 2382 2579 alii
2414 2526 2646 2580 aliorum
2679 2527 2909 2580 virtutes
2935 2534 2990 2580 et
3016 2526 3162 2579 varia
3197 2525 3356 2590 dona,
3395 2524 3694 2592 perlectio-

2095 2611 2301 2665 nesque
2329 2596 2703 2659 observarent,
2735 2607 2792 2651 et
2834 2596 2939 2650 sil‘i
2971 2597 3038 2650 ad
3070 2595 3386 2651 imitandum
3418 2611 3691 2665 propone-

2095 2679 2242 2738 rent.
2280 2665 2483 2736 Hymno
2505 2668 2664 2727 dicto,
2698 2666 2896 2738 inquit;
2924 2667 2993 2720 ad
3024 2669 3276 2738 prtesepia
3301 2667 3384 2734 (id
3408 2678 3490 2720 est
3516 2667 3696 2721 cellu-

2095 2735 2201 2802 las)
2231 2735 2446 2790 redeunt
2470 2754 2489 2801 ;
2515 2739 2586 2792 ibi
2626 2735 2788 2807 usque
2824 2737 2891 2789 ad
2921 2735 3198 2807 vesperam
3232 2753 3348 2792 cum
3388 2737 3496 2791 suis
3526 2753 3697 2807 unus-

2094 2808 2308 2876 quisque
2331 2808 2575 2876 loquitur,
2621 2818 2668 2862 et
2700 2805 2878 2861 dicit:
2916 2806 3127 2862 Vidistis
3171 2809 3341 2870 illum,
3386 2815 3434 2861 et
3486 2805 3639 2861 illum
3668 2811 3698 2863 ?

2093 2889 2288 2947 quanta
2314 2879 2368 2933 in
2397 2879 2512 2948 ipso
2537 2881 2602 2932 sit
2630 2879 2894 2949 gravitasz
2916 2889 3171 2944 quantum
3190 2877 3452 2932 silentium
3476 2878 3502 2931 ?
3525 2894 3695 2946 quam

2093 2949 2388 3003 moderatus
2428 2947 2654 3004 incessus
2681 2951 2706 3003 .9
2737 2949 2804 3004 Si
2811 2947 3084 3017 ‘inprmum
3128 2949 3382 3014 viderint,
3415 2952 3698 3003 consolan-

2096 3027 2183 3142 ξιιμ
2206 3035 2225 3072 :
2255 3021 2299 3073 si
2325 3021 2380 3072 in
2410 3017 2509 3074 Dei
2552 3035 2726 3073 amore
2763 3023 3061 3089 ferventem,
3093 3018 3428 3074 cohortantur
3451 3019 3520 3071 ad
3570 3031 3692 3076 stu-

2135 3106 2263 3142 tum.

2135 3106 2263 3143 tum.

2171 3171 2195 3198 ο
2226 3160 2482 3229 Spectant
2509 3161 2600 3214 illa
2621 3161 2784 3230 verba
2811 3161 3053 3228 Apostoli
3099 3160 3164 3214 ad
3193 3159 3402 3214 Coloss.
3436 3176 3526 3230 ttt,
3559 3161 3702 3215 0m-

2094 3232 2183 3283 nia
2229 3242 2275 3284 et
2305 3233 2357 3284 in
2399 3231 2630 3285 omnibus
2657 3229 2910 3284 Christus.
2942 3231 3041 3286 Ubi
3067 3233 3238 3284 omnia
3263 3229 3644 3300 intelliguntur
3679 3275 3699 3299 ,

2095 3316 2214 3369 qua:
2239 3301 2306 3354 ad
2341 3302 2747 3356 renovationem
2772 3302 3010 3372 hominis
3053 3303 3346 3371 pertinent,
3382 3301 3449 3356 de
3474 3318 3577 3372 qua
3611 3303 3702 3358 ibi

2093 3373 2204 3440 agit
2227 3372 2542 3440 Apostolus,
2575 3383 2631 3426 ut
2655 3371 2884 3440 justitia,
2915 3373 3195 3436 sanctitas,
3220 3382 3276 3427 et
3302 3387 3421 3442 quae
3449 3371 3577 3427 tu’ox
3611 3374 3698 3427 ab

2094 3442 2358 3510 Apostolo
2389 3455 2796 3497 enumerantur.
2852 3443 3057 3497 Dicitur
3101 3453 3278 3496 autem
3322 3441 3577 3498 Christus
3621 3459 3702 3500 ea

2094 3515 2272 3568 omnia
2303 3529 2423 3568 esse
2449 3514 2502 3566 in
2531 3513 2798 3575 omnibus,
2822 3513 2873 3566 id
2897 3522 2998 3578 est,
3034 3514 3249 3568 inomni
3281 3513 3554 3568 hominum
3587 3529 3705 3583 ge-

2092 3598 2242 3649 nere,
2268 3598 2372 3638 non
2403 3585 2580 3655 solum
2611 3584 2920 3646 causaliter,
2947 3598 3042 3638 seu
3068 3594 3336 3655 tamquam
3368 3585 3702 3655 principalis

2092 3669 2283 3717 causa,
2316 3663 2375 3707 ttt
2401 3654 2572 3717 Deus;
2607 3655 2698 3709 sed
2741 3655 2903 3709 etiam
2929 3658 3256 3719 meritorie,
3286 3654 3386 3708 hoc
3437 3654 3554 3720 est,
3587 3673 3705 3721 per

2092 3727 2340 3778 meritum
2369 3740 2483 3778 sua:
2512 3725 2776 3795 passionis
2800 3743 2812 3777 :
2863 3741 2968 3792 quo
2984 3740 3161 3795 sensu
3187 3726 3348 3778 etiam
3382 3725 3518 3779 infra
3549 3727 3706 3782 dici-

2095 3806 2208 3847 tur:
2246 3795 2347 3868 Qui
2394 3793 2558 3868 factus
2589 3795 2927 3868 estnobis‘ex
2975 3793 3402 3868 Deohsapientia,
3435 3798 3698 3868 justitia,

2092 3867 2337 3918 sanctitas
2363 3875 2411 3919 et
2435 3866 2714 3935 redemptio
2743 3865 2787 3933 (Ι
2819 3865 2936 3919 Cor.
2977 3868 3040 3928 t).
3079 3866 3272 3920 Verum
3297 3868 3417 3935 quia
3437 3865 3564 3921 'htec
3597 3884 3709 3922 re-

2095 3937 2309 3989 novatio
2331 3951 2425 3989 seu
2455 3937 2660 3988 novitas
2687 3934 2919 3988 hominis
2943 3937 3231 3990 inchoatur
3254 3934 3471 4005 quidem
3497 3939 3548 3990 in
3579 3937 3704 3994 hac

2094 4006 2200 4076 vita
2236 4023 2327 4072 per
2356 4007 2582 4074 gratiam
2617 4013 2669 4057 et
2692 4005 3150 4072 justilicationem,
3182 4017 3235 4061 at
3262 4008 3418 4076 plene
3445 4017 3500 4063 et
3523 4009 3709 4063 abso-

2094 4075 2207 4146 lute
2228 4092 2332 4128 non
2359 4077 2631 4141 perﬁcitur
2652 4083 2706 4128 et
2732 4085 3156 4146 consummatur,
3191 4075 3290 4130 nisi
3319 4079 3368 4130 in
3395 4077 3567 4132 futura
3590 4096 3712 4146 per

2094 4145 2362 4213 integram
2392 4147 2589 4198 animae
2613 4153 2667 4200 et
2697 4145 2940 4215 corporis
2970 4146 3402 4202 reformationem
3435 4159 3488 4202 et
3515 4145 3712 4213 glori-

2097 4217 2437 4276 fit-ationem;
2489 4215 2610 4269 ideo
2657 4214 3102 4270 dicitCassiauus
3149 4218 3376 4271 necdum
3409 4218 3708 4276 Christum

2101 4287 2280 4408 οἶηηῖιι
2312 4287 2508 4341 factum
2535 4286 2706 4340 videri
2736 4289 2787 4340 in
2817 4287 3091 4353 omnibus,
3129 4290 3337 4343 scilicet
3369 4290 3607 4358 perfecte
3639 4303 3713 4348 et

2101 4371 2126 4408 a
2149 4371 2228 4408 )so
2258 4368 2366 4408 utu.

2096 4359 2366 4411 absolute.

2165 4426 2192 4463 ἰ
2221 4428 2428 4481 Alludit
2456 4443 2642 4482 rursus
2670 4428 2735 4483 ad
2764 4427 2854 4481 illa
2875 4430 3034 4482 verba
3082 4428 3327 4495 Apostoli
3360 4429 3555 4496 Ephes.
3589 4446 3654 4484 tv
3689 4449 3710 4486 :

2099 4497 2276 4551 Donec
2301 4515 2631 4553 occurramus
2663 4515 2836 4552 omnes
2862 4501 2914 4551 in
2943 4501 3187 4553 unitatem
3211 4499 3354 4566 ﬁdei,
3379 4510 3425 4551 et
3461 4501 3718 4567 agnitio-

2095 4571 2178 4622 nis
2221 4571 2319 4637 ﬁlii
2348 4569 2465 4630 Dei,
2498 4572 2550 4622 in
2580 4572 2741 4623 virum
2772 4570 3069 4638 perfectum,
3117 4572 3169 4622 in
3195 4585 3483 4622 mensuram
3511 4575 3714 4628 (elatis

2097 4641 2430 4708 plenitudinis
2458 4638 2667 4694 Christi.
2701 4641 2807 4694 Sed
2840 4642 3014 4694 virum
3041 4642 3337 4708 perfectum
3368 4639 3454 4693 hic
3508 4641 3714 4696 inter-

2096 4722 2336 4776 pretatur
2371 4711 2641 4764 Cltrtsutm
2668 4711 2841 4779 ipsum
2862 4752 2874 4774 ,
2903 4727 3023 4765 cum
3059 4722 3236 4764 tamen
3265 4711 3489 4765 evidens
3515 4712 3584 4762 sit
3617 4716 3716 4769 ad

2097 4795 2197 4833 nos
2219 4796 2280 4833 ea
2310 4782 2464 4833 verba
2495 4780 2704 4846 referri,
2736 4796 2869 4850 quos
2886 4782 3176 4848 Apostolus
3202 4783 3331 4835 dicit
3359 4782 3409 4834 iu
3437 4786 3714 4850 generali

2096 4851 2338 4903 omnium
2369 4853 2763 4905 resurrectione
2788 4867 3110 4905 occursuros
3139 4893 3152 4914 ,
3184 4853 3236 4906 id
3265 4860 3349 4907 est
3374 4895 3388 4918 ,
3422 4866 3720 4910 evasuros

2085 4922 2137 4973 in
2173 4923 2315 4975 viros
2359 4921 2648 4988 perlecms,
2679 4921 2730 4973 in
2765 4936 3072 4976 mensuram
3103 4924 3278 4976 aetatis
3325 4922 3718 4988 plenitudinis

2085 4990 2310 5063 Cinistir,
2344 5001 2478 5055 etc.,
2527 4993 2650 5060 quia
2675 5008 2794 5044 cum
2821 4993 3013 5063 venerit
3047 4994 3186 5063 quod
3241 4993 3519 5063 perfectum
3565 5006 3660 5048 est

2087 5062 2580 5135 evacuabiturquod
2605 5078 2670 5115 ea:
2697 5076 2840 5129 parte
2865 5074 2936 5116 est
2961 5061 3003 5135 (Ι
3027 5062 3147 5117 Cor.
3178 5061 3320 5134 Xlll).

2165 5141 2187 5168 θ
2221 5132 2367 5205 Quid
2389 5131 2453 5205 sit
2477 5133 2645 5187 Deum
2679 5136 2860 5205 omnia
2889 5131 3012 5187 esse
3040 5135 3094 5188 in
3117 5131 3389 5200 omnibus,
3423 5144 3480 5189 et
3500 5150 3711 5205 quan-

2088 5201 2158 5256 do
2187 5205 2290 5255 erit
2319 5202 2448 5256 illud
2477 5214 2706 5269 tempus,
2738 5204 2870 5258 scite
2901 5214 2956 5257 et
2998 5205 3405 5259 accommodate
3431 5206 3496 5260 ad
3519 5201 3727 5266 hunc

2088 5271 2325 5347 Cassiani
2349 5273 2542 5347 locum,
2559 5274 3199 5347 illustrandumesplicat
3229 5276 3289 5347 Β.
3317 5277 3720 5347 Hieronymus

2091 5341 2622 5417 b_isnverbi~j(E_pist.
2643 5343 2762 5417 14],
2797 5354 2920 5397 tom.
2951 5344 3075 5417 Ill):
3106 5345 3280 5417 Quod,
3301 5347 3375 5399 ait
3397 5341 3727 5417 Apostolus

2091 5415 2140 5480 (l
2172 5412 2291 5466 Cor.
2327 5411 2448 5482 xv):
2483 5411 2549 5467 Ut
2579 5415 2645 5467 sit
2675 5413 2812 5467 Deus
2834 5415 3006 5467 omnia
3026 5411 3091 5468 in
3119 5415 3376 5483 omnibus,
3408 5411 3503 5470 hoc
3528 5433 3734 5477 sensu

2091 5485 2452 5550 accipiendum
2477 5493 2590 5537 est:
2639 5484 2917 5551 Dominus,
2945 5501 3005 5537 ac
3037 5486 3283 5540 Salvator
3323 5499 3494 5541 noster
3543 5504 3734 5546 nunc

2093 5558 2260 5608 omnia
2289 5573 2390 5608 non
2415 5564 2490 5607 est
2523 5556 2575 5607 in
2605 5555 2857 5621 omnibus,
2893 5557 2981 5608 sed
3011 5573 3131 5624 pars
3162 5559 3214 5610 in
3245 5557 3486 5624 singulis.
3526 5557 3732 5618 Verbi
3775 5617 3778 5620 ,

2093 5627 2264 5693 gratia
2285 5669 2298 5690 τ
2333 5627 2384 5678 in
2416 5623 2696 5680 Salomone
2723 5623 3018 5690 sapientia,
3057 5630 3110 5680 in
3144 5626 3313 5681 David
3331 5623 3543 5682 bonitas
3563 5668 3576 5682 .
3647 5633 3732 5688 in

2093 5695 2191 5768 .lob
2221 5697 2490 5768 patientia,
2519 5696 2572 5748 in
2596 5695 2804 5768 Dan_iele
2836 5699 3061 5766 cognitio
3090 5699 3406 5768 futurorum,
3433 5700 3486 5751 in
3519 5697 3730 5758 Petro

2093 5766 2244 5836 ﬁdes,
2273 5767 2326 5822 in
2355 5765 2576 5822 Pltinees
2605 5775 2654 5821 et
2680 5764 2856 5824 Paulo
2878 5764 3043 5840 zelus,
3077 5764 3129 5824 in
3156 5767 3362 5825 Joanne
3384 5768 3732 5848 virginitas.
