3986 6320
308 331 400 392 909

768 340 856 397 DE
893 344 1378 407 C(ENOBIORUM
1415 350 1660 409 INSTIT.
1702 355 1832 413 LIB.
1873 357 1942 415 ν.
1967 384 2023 403 -ι
2066 362 2154 420 DE
2192 365 2462 427 SPIRITU
2501 369 3069 430 GASTRIMARGIE.

3451 378 3559 438 2I0

303 448 350 501 in
380 451 652 559 qmnibus,
690 469 743 507 tn
798 461 1047 523 praesenti
1107 472 1282 528 p0test
1333 465 1432 518 hoc
1486 482 1592 534 quo
1639 468 1873 526 diximus
1896 477 1949 537 Α
1979 477 2260 536 uniformis
2283 485 2459 553 regula
2481 487 2761 556 custodiri,
2785 490 2908 559 quia
2929 507 3027 546 nec
3050 491 3216 547 robur
3238 509 3400 550 unum
3419 483 3558 554 'c'un-

303 540 468 604 modo,
503 542 554 595 id
586 552 690 606 est,
725 561 818 612 per
847 558 1026 616 partes
1058 553 1309 607 virtutqu
1357 571 1477 611 esse
1515 558 1570 612 iu
1620 561 1870 617 omnibus

299 633 449 697 Deus,
485 634 613 689 licet
667 639 900 693 nondum
929 657 1024 711 per
1051 645 1437 712 plenitudinem
1465 663 1652 704 earum
1683 656 1864 708 omnia

295 727 360 776 sit
387 724 437 776 in
461 727 731 782 omnibus.
781 730 915 796 Quia
971 733 1095 788 licet
1149 751 1286 790 unus
1334 739 1610 806 religionis
1668 755 1866 798 nostrae

295 818 359 866 sit
403 815 562 879 ﬁnis,
623 819 988 887 professiones
1039 835 1215 880 tamen
1267 828 1499 883 diversae
1552 832 1745 900 quibus
1798 835 1865 889 ad

298 907 448 959 Deum
479 910 778 977 tendimus;
815 915 1019 971 sicutin
1047 918 1429 974 collationibus
1454 924 1724 978 seniorum
1754 929 1868 996 ple-

294 1000 403 1050 nius
427 1001 810 1069 disputandum
834 1017 917 1061 est
946 1008 1109 1076 (Vide
1128 1011 1302 1064 collat.
1328 1015 1378 1078 l,
1413 1014 1478 1068 18
1505 1024 1552 1068 et
1581 1017 1689 1084 19).
1715 1017 1867 1072 Ideo-

292 1106 383 1157 que
404 1091 755 1149 discretionis
773 1107 825 1150 et
847 1100 1192 1156 continentiae
1207 1101 1377 1158 forma
1403 1103 1470 1158 ab
1498 1105 1580 1160 his
1602 1116 1686 1162 est
1710 1110 1866 1164 nobis

291 1183 612 1250 peculiarius
633 1189 959 1259 expetenda,
985 1205 1014 1243 a
1039 1193 1232 1262 quibus
1266 1194 1490 1250 virtutes
1515 1197 1607 1249 has
1634 1215 1728 1269 per
1746 1216 1868 1271 gra-

291 1273 409 1324 tiam
443 1272 683 1342 Spiritus
712 1283 882 1334 sancti
915 1281 1135 1338 uberius
1175 1284 1420 1340 videmus
1464 1285 1724 1354 efﬂuere;
1757 1308 1866 1347 non

288 1366 422 1435 quod
469 1368 612 1423 ullus
642 1385 764 1440 qua:
797 1373 848 1426 in
881 1376 1080 1430 multos
1119 1375 1292 1432 divisa
1339 1389 1471 1432 sunt
1497 1383 1648 1435 solus
1696 1385 1869 1452 possit

291 1458 593 1526 acquirere,
624 1461 720 1516 sed
746 1473 802 1516 ut
828 1464 883 1518 in
915 1465 1000 1521 his
1029 1467 1181 1522 bonis
1220 1484 1452 1538 quorum
1483 1486 1706 1540 capaces
1743 1489 1865 1529 esse

288 1559 590 1617 possumus,
621 1552 688 1605 ad
721 1567 908 1608 eorum
940 1570 1038 1611 nos
1079 1557 1435 1615 imitationem
1466 1562 1559 1632 qui
1603 1578 1664 1619 ea
1698 1579 1862 1634 pecu-

287 1637 466 1694 liarius
492 1640 798 1712 obtinuere,
831 1647 1139 1704 tendamus.

915 1738 1144 1798 CAPUT
1184 1742 1246 1796 V.

317 1820 471 1889 Quod
499 1841 606 1880 non
633 1828 796 1899 possit
832 1830 896 1882 ab
944 1832 1178 1910 omnibus
1208 1835 1483 1910 uniformis
1503 1838 1828 1910 jejuniorum

835 1903 1016 1972 regula
1043 1903 1309 1959 custodiri.

342 1985 533 2060 Itaque
564 1999 588 2028 ι
619 2005 781 2062 super
799 1992 1128 2063 jejuniorum
1158 1997 1318 2054 modo
1346 1999 1486 2054 haud
1513 2008 1688 2069 potest
1707 2001 1864 2056 facile

1973 582 2075 636 etis
2102 587 2414 654 corporibus
2468 589 2638 652 inest,
2686 607 2782 646 nec
2806 633 2820 656 ,
2866 595 3002 647 sicut
3043 604 3256 651 creterte
3283 597 3508 656 virtutes
3535 647 3553 672 ,

1973 684 2136 739 animi
2166 689 2331 742 solius
2359 689 2536 759 rigore
2565 703 2840 761 parantur.
2875 695 2942 748 Et
2969 697 3168 751 idcirco
3201 701 3326 768 quia
3353 718 3457 757 non
3500 705 3554 759 in

1972 790 2086 842 sola
2111 788 2423 844 fortitudine
2451 795 2644 847 mentis
2660 796 2983 859 consistunt,
3001 812 3123 851 cum
3145 803 3390 869 corporis
3409 805 3556 860 enim

1973 888 2327 956 possibilitate
2348 892 2686 961 participant,
2720 894 2877 948 talem
2893 908 3054 964 super
3073 897 3155 952 his
3180 898 3550 956 deﬁnitionem

1973 991 2221 1061 traditam
2251 993 2407 1047 nobis
2434 995 2763 1062 accepimus,
2793 993 2817 1033 δ
2850 997 3120 1052 diversum
3157 1013 3280 1055 esse
3308 1001 3557 1057 refectio-

1973 1092 2057 1146 nis
2087 1093 2301 1162 quidem
2335 1103 2541 1162 tempus
2569 1109 2632 1149 ac
2656 1096 2870 1150 modum
2893 1105 2948 1151 et
2974 1099 3307 1168 qualitatem,
3342 1116 3436 1170 pro
3459 1105 3554 1156 im-

1971 1194 2084 1261 pari
2140 1194 2344 1248 scilicet
2391 1209 2685 1264 corporum
2731 1204 2906 1263 statu,
2940 1199 3023 1254 vel
3074 1208 3232 1260 aetate
3276 1217 3340 1257 ac
3389 1218 3556 1258 sexu:

1971 1307 2130 1348 unam
2159 1303 2334 1350 tamen
2364 1310 2485 1351 esse
2513 1297 2764 1351 omnibus
2793 1313 2891 1366 pro
2918 1303 3114 1357 mentis
3143 1304 3471 1359 continentia
3503 1315 3559 1362 et

1971 1393 2135 1448 animi
2188 1394 2388 1448 virtute
2439 1393 2803 1464 castigationis
2857 1395 3117 1463 regulam.
3175 1396 3360 1466 Neque
3412 1399 3555 1453 enim

1971 1495 2177 1549 cunctis
2193 1493 2450 1564 possibile
2471 1501 2554 1547 est
2581 1493 3007 1548 hebdomadibus
3035 1496 3303 1563 protelare
3323 1497 3551 1566 jejunia.

1968 1592 2064 1648 sed
2090 1607 2156 1647 ne
2179 1591 2425 1646 triduana
2447 1591 2685 1660 quidem,
2719 1592 2800 1646 vel
2822 1591 3078 1658 biduana,
3109 1593 3285 1649 inedia
3312 1597 3556 1650 refectio—

1968 1707 2093 1748 nem
2143 1691 2250 1746 t-ibi
2305 1688 2538 1745 diﬂerre.
2596 1690 2641 1745 A
2688 1689 2869 1745 multis
2915 1692 3114 1761 quippe
3165 1695 3481 1764 aegritudine
3501 1709 3596 1760 et,

1969 1794 2205 1849 maxime
2249 1795 2400 1847 senio
2426 1793 2536 1861 jam
2568 1790 2798 1846 defessis
2823 1837 2836 1858 ,
2869 1807 2936 1847 ne
2983 1809 3154 1863 usque
3195 1795 3262 1849 ad
3301 1811 3554 1852 occasum

1969 1897 2188 1969 quidem
2212 1895 2342 1949 solis
2357 1893 2618 1962 jejunium
2650 1893 2767 1946 sine
2784 1891 3079 1949 afﬂictione
3106 1895 3381 1951 toleratur.
3402 1907 3423 1935 ε
3438 1897 3557 1952 Non

1973 1996 2225 2052 omnibus
2251 1995 2546 2048 iufusorum
2595 1992 2924 2062 leguminum
2954 2007 3080 2049 esus
3118 1997 3373 2051 convenit
3404 2012 3557 2052 ener-

1345 2134 1603 2191 ALARDI
1643 2135 1879 2194 GAZAEI
1915 2129 2484 2192 COMMENTARIUS.

284 2233 329 2269 ιιι
353 2217 558 2294 ceteris
585 2220 951 2294 creteraaCum
972 2231 1143 2278 autem
1170 2241 1344 2280 rerum
1367 2227 1598 2280 omnium
1625 2228 1742 2294 ﬁnis
1773 2227 1867 2280 ad-

284 2290 496 2353 renerit,
523 2300 646 2342 tunc
666 2292 848 2367 omnia
878 2293 933 2367 in
947 2296 1186 2367 omnibus
1215 2299 1334 2361 erit,
1358 2310 1413 2349 ut
1434 2290 1633 2367 singuli
1652 2308 1864 2351 sancto-

284 2374 387 2410 rum
421 2376 600 2413 omnes
630 2361 840 2415 virtutes
871 2363 1126 2428 habeant,
1157 2376 1213 2419 ut
1244 2368 1308 2421 sit
1356 2361 1595 2422 Christus
1633 2376 1772 2422 totus
1809 2369 1866 2422 in

286 2432 500 2505 cunctis.
536 2431 661 2505 Haec
696 2431 760 2505 ρ,
789 2432 1166 2505 Hieronymus.

353 2508 374 2535 ³
401 2499 496 2572 Sic
526 2510 581 2554 et
613 2501 672 2554 Ι).
708 2502 936 2557 Basilius
977 2499 1028 2559 in
1076 2505 1277 2570 Regula
1319 2507 1706 2562 monachorum
1741 2523 1863 2572 cap.

291 2568 483 2649 “ME:
507 2573 742 2649 versione
758 2573 958 2649 Ruﬁni,
983 2586 1030 2630 et
1051 2577 1103 2630 in
1128 2568 1256 2646 Reg.
1282 2579 1384 2646 fus.
1410 2578 1603 2649 disput.
1620 2595 1732 2649 cap.
1753 2568 1864 2649 I9),

291 2640 590 2710 ubi‘quaarit
615 2658 736 2712 qua:
759 2647 828 2698 sit
846 2640 1098 2702 inensura
1120 2640 1504 2714 continentiae,
1523 2649 1574 2704 id
1601 2640 1707 2712 esi,
1735 2640 1870 2704 tein;

295 2715 576 2787 perantia,
607 2728 704 2768 seu
730 2715 1108 2773 abstinentiae?
1142 2729 1197 2774 et
1227 2722 1515 2787 respondet
1543 2737 1558 2776 :
1605 2720 1868 2785 Quantum

301 2783 539 2858 adeibos,
574 2796 728 2858 prout
759 2802 878 2841 usus
904 2788 1153 2858 deposcit,
1185 2797 1260 2843 vel
1286 2783 1441 2852 tetas,
1476 2791 1553 2844 vel
1597 2783 1764 2853 labor,
1791 2791 1871 2846 vel

304 2852 452 2904 robur
472 2857 721 2928 corporis,
748 2859 826 2910 vel
843 2852 1180 2915 commoditas
1199 2871 1272 2914 est
1286 2879 1304 2915 :
1328 2863 1398 2914 ita
1413 2862 1569 2914 etiam
1593 2872 1639 2916 et
1661 2852 1868 2928 modus,

302 2933 345 2975 et
368 2925 587 3001 qualitas
619 2928 983 2995 temperabitur
1005 2931 1124 2987 cibi.
1161 2929 1341 3000 Neque
1369 2933 1503 2984 enim
1529 2932 1771 3001 possibile
1797 2925 1872 2986 est

297 3008 471 3074 omnes
479 2997 686 3074 fratres
717 3015 875 3052 unum
901 3001 1134 3074 ordinem
1161 3018 1223 3055 ac
1257 2997 1470 3056 modum
1515 2997 1593 3055 uel
1637 3001 1872 3074 regulum

295 3066 568 3143 custodire.
600 3066 676 3120 Hi
713 3085 829 3122 vero
854 3073 940 3139 qui
967 3073 1078 3143 sani
1116 3081 1253 3136 sunt,
1288 3082 1502 3143 possunt
1528 3066 1870 3127 omnes'eam-

295 3137 396 3186 dem
425 3153 719 3192 mensuram
751 3137 916 3194 tenere
959 3142 1012 3194 in
1040 3137 1367 3196 abstinentia.
1397 3142 1670 3196 lmmutari
1700 3153 1872 3197 autem

295 3216 488 3281 Oportet
510 3224 601 3276 per
623 3210 878 3279 singulos,
901 3211 956 3265 in
975 3214 1158 3281 quibus
1186 3230 1342 3267 causa
1366 3213 1541 3280 aliqua
1564 3214 1873 3268 diversitutis

291 3277 480 3354 existit,
509 3277 833 3354 providentia
857 3298 918 3334 ac
942 3277 1234 3351 provisione
1253 3301 1430 3338 eorum
1451 3277 1636 3354 quibus
1667 3285 1878 3350 dispen-

291 3346 596 3423 sandicura
626 3350 736 3404 lucc
767 3346 1038 3406 commissa
1066 3366 1156 3409 est.
1209 3355 1274 3408 Et
1306 3355 1367 3408 ι).
1401 3346 1720 3408 Benedictus
1749 3346 1870 3423 cap.

292 3417 381 3472 ως
422 3417 791 3490 Unusquisque
823 3425 1087 3488 proprium
1110 3425 1302 3478 donum
1327 3425 1477 3478 habet
1504 3441 1565 3478 ea:
1585 3424 1711 3489 Deo,
1739 3417 1874 3480 alius

291 3490 376 3580 sic;
406 3489 554 3580 αζὶιιξ
575 3508 689 3544 vero
707 3489 782 3580 sic
811 3493 853 3561 (l
871 3493 990 3547 Cor.
1020 3494 1138 3563 xu).
1162 3494 1228 3578 Et
1258 3496 1504 3580 ideo‘cum
1525 3494 1704 3580 aliqua
1728 3513 1874 3580 scru-
1901 3515 1949 3580 ρ

292 3560 570 3622 pulositate
601 3579 633 3614 a
662 3560 1286 3619 nobis’mensura’t'ictus
1333 3567 1558 3619 aliorum
1605 3560 1871 3621 statuitur.

294 3629 494 3694 Quibus
540 3643 710 3686 autem
757 3634 914 3686 donat
963 3636 1103 3690 Deus
1149 3638 1472 3690 tolerantiam
1521 3636 1872 3700 abstinentia,

293 3701 561 3774 propriam
591 3720 644 3774 se
674 3703 937 3758 habituros
975 3709 1257 3760 mercedem
1299 3709 1484 3761 sciant.
1540 3707 1687 3772 Quod
1714 3710 1758 3759 si
1784 3719 1875 3761 aut

291 3772 382 3822 loci
411 3772 693 3848 necessitas
715 3816 730 3837 ,
757 3784 848 3848 aut
880 3775 1063 3848 labor,
1096 3787 1186 3830 aut
1237 3777 1395 3831 ardor
1422 3779 1613 3832 arstatis
1653 3780 1875 3848 amplius

291 3844 604 3908 poposcerit,
637 3845 689 3896 in
712 3845 923 3899 arbitrio
955 3849 1140 3914 prioris
1170 3850 1432 3911 consistat,
1468 3844 1799 3902 considerans
1821 3850 1876 3902 in

291 3914 553 3986 omnibus,
577 3931 642 3966 ne
670 3918 904 3986 subrepat
926 3919 1149 3980 satietas,
1183 3917 1258 3972 vel
1286 3921 1520 3973 ebrietas.

360 3980 386 4018 δ
419 3983 582 4038 Patet
610 4001 674 4038 ex
705 3980 952 4041 hoe'loco
979 3991 1185 4042 varium
1218 3989 1382 4045 fuisse
1412 3990 1517 4043 illis
1547 3989 1794 4044 Patribns
1821 3999 1877 4044 et

296 4055 579 4128 monachis
604 4057 881 4126 utriusque
928 4072 1088 4113 sexus
1135 4059 1410 4128 jejunandi
1447 4062 1708 4115 modum:
1755 4059 1875 4114 aliis

293 4125 620 4179 strictiorem
663 4135 717 4180 et
747 4125 1147 4194 aiiSteriorem,
1182 4125 1306 4185 aliis
1336 4132 1511 4184 minus
1561 4140 1873 4194 austerum,

296 4210 382 4257 pro
430 4197 653 4271 impari,
702 4197 902 4271 inquit,
949 4215 1220 4271 corporum
1249 4211 1414 4265 statu,
1466 4203 1544 4255 vel
1588 4211 1769 4266 aetate,
1798 4201 1874 4255 vel

293 4280 414 4341 seru
445 4268 626 4341 ;alios
657 4269 798 4341 enim
830 4268 1050 4341 integris
1081 4271 1507 4326 hebdomadibus
1530 4273 1728 4341 jejunio
1752 4286 1876 4340 pro-

297 4338 514 4410 telasse,
544 4337 595 4390 id
623 4349 728 4410 est,
759 4338 996 4408 integras
1022 4340 1387 4396 hebdomadas
1405 4337 1710 4410 jejunasse;
1740 4337 1874 4396 alios

296 4407 568 4481 triduana,
601 4419 695 4461 aut
716 4407 944 4481 biduana
971 4425 1256 4476 servasse;
1280 4407 1418 4466 alios
1447 4407 1709 4481 integram
1735 4412 1876 4478 Qua-

294 4477 893 4552 dpgesimaniabsque
917 4481 1037 4552 cibo
1061 4491 1122 4536 et
1140 4492 1268 4552 potu
1312 4477 1610 4550 jejunassé;
1645 4477 1875 4549 denique

295 4546 428 4600 alios
474 4549 608 4602 solis
661 4549 1016 4618 leguminibus
1041 4546 1428 4616 aut'oleribus;
1479 4553 1611 4606 alios
1667 4546 1875 4607 modico

299 4630 458 4690 pane,
491 4635 671 4685 eoque
715 4620 890 4687 sicco,
925 4622 976 4674 id
1005 4631 1118 4688 est,
1165 4623 1368 4685 absque
1416 4622 1644 4676 obsonio
1674 4623 1876 4690 (cujus-

297 4688 437 4766 modi
469 4691 672 4742 victum
703 4690 838 4744 alias
867 4690 1103 4766 (Li_b.__tv_,
1135 4709 1182 4744 c.
1210 4693 1304 4766 21)
1331 4695 1660 4766 ξηροφαγίᾳν,
1693 4691 1743 4746 id
1764 4688 1870 4766 est.

297 4759 572 4832 siccorum
598 4773 750 4814 esum
785 4759 963 4815 vocari
989 4763 1243 4832 diximus)
1271 4759 1556 4816 contentos
1586 4762 1770 4816 fuisse.
1800 4763 1875 4817 De

296 4829 492 4893 quibus
523 4831 792 4901 videndus
814 4832 1144 4901 Epiphanius
1171 4829 1233 4886 in'
1255 4833 1359 4888 fine
1390 4834 1510 4886 libri
1533 4842 1721 4886 contra
1755 4833 1875 4886 lite-

1972 2225 2141 2290 licias,
2163 2235 2219 2277 ut
2243 2221 2400 2290 duplo
2423 2219 2541 2291 plus
2558 2221 2802 2290 temporis
2825 2221 3052 2275 inediam
3075 2222 3230 2290 facile
3249 2226 3553 2292 sustineant,

1971 2307 2019 2350 et
2043 2298 2126 2349 vix
2154 2303 2375 2354 tantum,
2403 2309 2492 2346 sex
2523 2292 2699 2345 diebus
2729 2294 2963 2361 expletis,
3000 2294 3298 2346 alimentum
3327 2312 3556 2351 necessa-

1969 2368 2105 2420 rium
2133 2361 2705 2436 degustant;_llmc_illi.
2737 2362 2942 2436 Quibus
2961 2364 3175 2436 accedin
3207 2363 3266 2414 I).
3299 2365 3553 2436 Augusti-

1973 2453 2074 2490 nus
2104 2430 2224 2506 (Lib
2252 2450 2267 2488 I
2295 2435 2358 2486 de
2390 2431 2526 2506 Mor.
2561 2430 2706 2484 Eccl.
2727 2449 2857 2506 _cap.
2883 2433 2978 2506 Si)
3009 2433 3077 2506 de
3124 2430 3420 2490 Cmnobitis
3464 2440 3550 2493 sui

1972 2501 2233 2572 temporis
2265 2505 2378 2556 ha-c
2399 2503 2639 2557 scribens
2668 2521 2679 2574 ς
2712 2501 2927 2574 Jejunia
2953 2503 3106 2556 etiam
3145 2521 3355 2574 prorsus
3383 2508 3553 2560 incre-

1972 2577 2151 2630 dibilia
2173 2575 2363 2627 multos
2388 2589 2620 2626 exercere
2645 2573 2835 2641 didici,
2870 2589 2973 2625 non
3009 2575 3237 2642 quotidie
3277 2576 3431 2630 semel
3459 2579 3554 2632 sub

1972 2657 2170 2700 noctem
2194 2644 2471 2712 reﬁciendo
2498 2659 2710 2712 corpus,
2737 2644 2878 2712 quod
2904 2651 2975 2696 est
3013 2659 3370 2713 usquequaque
3399 2650 3553 2701 usita.

1973 2718 2245 2779 tissimum,
2293 2715 2380 2768 sed
2411 2714 2709 2786 continuum
2747 2715 2991 2778 triduum,
3021 2715 3098 2767 uel
3125 2717 3349 2784 amplius
3370 2719 3548 2786 scapis-

1973 2789 2120 2852 sime,
2151 2787 2259 2839 sine
2279 2787 2389 2838 cibo
2416 2801 2475 2837 ac
2500 2793 2626 2850 potu
2651 2785 2856 2838 ducere.

2049 2869 2071 2897 ο
2104 2859 2375 2926 Legunten
2406 2854 2901 2926 dficituriquidquidi
2921 2869 2953 2909 e
2980 2863 3140 2910 terra:
3185 2856 3317 2911 satis
3346 2857 3398 2912 in
3430 2859 3552 2915 sili-

1975 2930 2095 2999 quis
2125 2931 2379 3000 nascitur.
2415 2925 2582 2978 Varro
2613 2925 2706 2978 lib.
2740 2941 2757 2979 ι
2784 2925 2850 2980 de
2876 2925 2962 3000 Re
2979 2926 3206 2980 rustica:
3231 2926 3550 3000 Legumina,

1975 2997 2168 3066 inquit,
2200 2997 2486 3071 evelluntur
2512 3012 2538 3049 e
2567 3004 2723 3071 lena,
2754 3013 2857 3050 non
2872 2997 3234 3071 subsecantur,
3257 2997 3511 3071 ut'fruges
3534 2997 3553 3066 ξ

2012 3087 2092 3125 ua:
2119 3069 2254 3138 quod
2295 3070 2365 3120 ita
2394 3069 2648 3136 legantur,
2696 3067 2955 3138 legumina
2978 3065 3116 3121 dicta
3144 3078 3281 3123 sunt.
3315 3065 3553 3128 Isidorus

2012 3088 2092 3125 uw
2119 3088 2253 3138 quoa
2295 3088 2365 3120 ιια
2394 3088 2648 3136 tegantur,
2696 3088 2955 3138 tegumina
2978 3088 3116 3121 αισια
3144 3088 3281 3123 sum.
3315 3088 3553 3128 ιειαυῐυε

1973 3088 2210 3212 ἒιγηιοι.
2243 3139 2337 3212 lib.
2373 3153 2479 3212 xvtl
2506 3153 2627 3206 cap.
2653 3139 2724 3192 ιε
2758 3137 3042 3212 Legumina
3072 3156 3104 3192 a
3129 3140 3345 3212 legendo
3384 3143 3553 3209 dicta,

1973 3208 2165 3266 veteres
2195 3211 2328 3264 enim
2351 3208 2565 3263 meliora
2588 3225 2799 3276 quaeque
2823 3208 3051 3278 legebant
3066 3210 3206 3280 {sive
3224 3213 3367 3280 quod
3395 3208 3554 3266 manu

1979 3283 2242 3352 legantur,
2270 3295 2432 3348 neque
2460 3280 2730 3353 sectionem
2756 3281 3039 3353 requirant.
3072 3278 3412 3351 Leguminum
3438 3284 3555 3353 plu-

1976 3349 2111 3406 rima
2136 3361 2254 3406 sunt
2283 3365 2493 3418 genera,
2521 3350 2795 3422 exquibus
2824 3349 2961 3418 faba,
2987 3349 3116 3422 lens,
3146 3349 3280 3418 piso,
3313 3349 3552 3422 faselum,

1978 3425 2132 3487 cicer,
2176 3421 2432 3489 lupinum,
2479 3421 2707 3489 gratiora
2748 3422 2803 3473 in
2850 3437 2945 3472 usu
2985 3419 3248 3474 hominum
3293 3419 3550 3477 uidentur.

1979 3494 2156 3548 lulusa
2211 3499 2388 3545 autem
2434 3490 2700 3556 legumina
2747 3492 3039 3551 dicuntur,
3096 3505 3231 3560 aqua
3280 3493 3556 3549 dumtaxat

1978 3563 2282 3618 madefaCta
2305 3569 2397 3614 aut
2421 3561 2606 3614 diluta.
2635 3560 2728 3614 Sic
2758 3575 2900 3627 sape
2931 3561 2983 3613 in
3015 3561 3154 3614 Vitis
3185 3562 3402 3618 Patrum
3429 3605 3443 3626 ,
3471 3566 3552 3617 in-

1980 3637 2196 3704 fundere
2217 3648 2398 3704 panes,
2428 3646 2525 3704 pro
2556 3645 2852 3704 macerare,
2871 3639 2962 3682 aut
2991 3630 3356 3704 madefacere;
3379 3633 3474 3688 lib.
3497 3651 3552 3688 ut

1977 3701 2126 3759 ilum.
2147 3701 2759 3770 4:71nfundebatpanem
2783 3701 2836 3752 in
2861 3715 3049 3768 aquam
3077 3701 3250 3754 dicens
3269 3717 3288 3755 :
3314 3703 3447 3756 Dum
3470 3705 3555 3757 hic

1977 3780 2127 3845 panis
2172 3771 2492 3845 infunditur,
2535 3781 2681 3845 etgc.;
2722 3771 2874 3845 lib.)
2904 3770 3090 3845 libello
3123 3771 3156 3823 4
3179 3771 3429 3845 :_Infudit
3461 3791 3554 3844 pa-

1977 3839 2113 3909 nem,
2137 3854 2185 3899 et
2211 3839 2341 3898 sedit
2364 3851 2418 3894 ut
2441 3843 2796 3894 manducaret.
2830 3839 2999 3894 Porro
3020 3841 3394 3906 leguminibus,
3426 3839 3556 3897 utet

1977 3917 2246 3980 oleribus,
2297 3911 2593 3965 monachos
2631 3911 2989 3965 communiter
3029 3913 3103 3964 uti
3145 3912 3323 3967 solere
3369 3923 3554 3967 narrat

1977 3987 2142 4040 etiam
2182 3985 2243 4038 ι).
2273 3983 2634 4052 Hieronymus
2674 3983 2726 4034 in
2757 3983 2914 4050 epist.
2953 3981 3059 4034 ‘22:
3097 3980 3325 4052 Vivitur,
3358 3984 3554 4050 inquit,

1976 4073 2129 4128 pane,
2154 4051 2492 4128 leguminibus
2522 4051 2838 4128 et‘olerjbus,
2876 4068 3004 4128 qua:
3029 4051 3137 4128 sale
3165 4054 3552 4128 solorondiun-

1979 4122 2085 4179 tur.
2113 4128 2178 4180 Et
2206 4122 2279 4178 'in
2329 4123 2614 4177 Hilarionis
2670 4122 2819 4175 Vita:
2853 4123 2895 4175 Α
2921 4123 3161 4176 vicesimo
3207 4125 3373 4191 primo
3420 4141 3555 4178 anno

1979 4214 2141 4266 usque
2161 4197 2227 4249 ad
2258 4195 2548 4248 vicesimum
2575 4193 2844 4266 septimum
2863 4234 2877 4256 ,
2911 4192 3246 4266 tribusrannis
3281 4195 3555 4248 dimidium

1979 4263 2132 4321 lentis
2162 4267 2437 4320 sextarium
2475 4263 2820 4329 madefactum
2858 4279 2987 4332 aqua
3017 4265 3208 4334 frigida
3234 4265 3474 4334 comedit,
3507 4275 3557 4319 et

1977 4340 2097 4392 aliis
2126 4337 2288 4392 tribus
2312 4351 2495 4406 panem
2523 4337 2727 4387 aridum
2748 4349 2871 4406 cum
2915 4333 3024 4406 sale
3060 4343 3107 4386 et
3144 4351 3294 4402 aqua.
3327 4333 3494 4389 Porro
3523 4352 3557 4387 a

1978 4409 2216 4462 vicesimo
2243 4404 2457 4472 septimo
2484 4420 2642 4470 usque
2689 4404 3119 4474 aditi-tcesimum,
3152 4405 3317 4458 herbis
3346 4408 3559 4474 agresti-

1980 4479 2070 4532 bus
2091 4488 2135 4533 et
2159 4479 2496 4548 virgultorum
2518 4472 2868 4548 quorumdam
2881 4474 3336 4548 radicibus_crndis
3358 4472 3558 4530 susten-

1979 4558 2113 4604 tatus
2142 4544 2254 4602 est.'
2278 4548 2404 4601 llaec
2435 4545 2812 4616 Hieronymus.
2839 4544 2915 4597 De
2944 4544 3193 4616 lenticula
3222 4547 3405 4609 etiam,
3438 4564 3558 4615 qua.-

1980 4622 2121 4673 inter
2143 4619 2410 4684 legumina
2440 4625 2726 4680 censetur,
2762 4630 2861 4668 nec
2897 4630 3002 4668 non
3050 4615 3324 4684 lapsanio,
3350 4617 3400 4670 id
3431 4627 3513 4669 est
3539 4659 3554 4682 ,

1978 4690 2130 4744 olere
2156 4687 2354 4757 agresti
2385 4686 2663 4740 monachis
2680 4685 2959 4757 _rEgyptiis
2984 4685 3233 4757 familiari
3255 4687 3376 4757 cibo
3399 4701 3559 4754 supe-

1977 4762 2089 4814 rius
2116 4754 2293 4812 habita
2319 4768 2401 4810 est
2423 4757 2622 4809 mentio
2646 4754 2784 4824 (Lib.
2802 4754 2863 4808 ἰν
2888 4771 2935 4808 c.
2966 4756 3036 4810 20
3055 4765 3102 4810 et
3129 4758 3276 4822 ult.).
3302 4756 3365 4809 Β.
3394 4757 3557 4810 etiam

1981 4830 2300 4883 Benedictus
2355 4828 2573 4882 tertium
2620 4827 2686 4880 de
2733 4827 3092 4894 leguminibus
3142 4827 3557 4894 pulmentarium

296 4913 480 4964 reses,
502 4911 569 4972 et
600 4893 876 4956 Palladius
901 4893 955 4955 in
984 4901 1257 4958 Lausiacis
1277 4948 1293 4972 ,
1327 4906 1660 4958 Sozouienus
1700 4903 1788 4957 lib.
1826 4919 1878 4958 vt
1903 4893 1956 4953 Ι)
1982 4900 2239 4955 fratribus
2267 4898 2515 4972 concedit
2539 4895 2692 4972 (Cap.
2715 4893 2994 4967 59’Reg.).
3026 4897 3095 4952 At
3117 4893 3319 4972 praeter
3341 4895 3457 4949 haec
3475 4913 3560 4949 se-

298 4983 414 5036 t‘ap.
448 4971 520 5025 28
551 4981 606 5024 et
635 4981 882 5040 sequent.
911 4971 1022 5028 Nec
1048 4990 1150 5029 non
1178 4985 1232 5027 et
1254 4974 1390 5028 Vita:
1417 4975 1631 5028 Patrum
1662 4974 1883 5040 praecla-

299 5043 369 5091 ris
400 5043 544 5093 notis
574 5051 628 5094 et
655 5044 1121 5098 observationibus
1144 5044 1209 5098 Β.
1239 5045 1295 5096 I’.
1328 5044 1596 5098 Heriberti
1627 5042 1886 5102 Roswev-

298 5110 412 5184 die
443 5112 714 5184 Societate
768 5113 897 5167 Jesu
951 5115 1181 5182 theologi
1233 5131 1403 5184 nuper
1456 5115 1760 5184 illustratsz,
1794 5115 1882 5168 ubi

300 5181 581 5254 innumera
613 5183 880 5250 ejusmodi
914 5181 1217 5238 referuntur
1247 5181 1514 5254 exempla.
1543 5183 1654 5238 lluc
1677 5194 1885 5252 spectat

299 5253 444 5316 quod
467 5252 535 5306 de
558 5254 837 5307 monachis
865 5253 1241 5308 Alexandrinis
1267 5252 1452 5308 scribit
1481 5255 1634 5308 Philo
1665 5254 1883 5309 Judaeus

301 5319 466 5393 (Lib.
491 5321 711 5393 defl’ita
758 5324 1090 5393 contempl.),
1137 5334 1190 5378 et
1216 5342 1280 5378 ex
1310 5341 1377 5379 co
1405 5325 1672 5378 Eusebius
1703 5323 1884 5378 Caesa-

301 5392 500 5446 riensis
531 5392 669 5464 (Lib.
703 5409 736 5446 u
769 5393 973 5447 Histor.
1006 5392 1050 5447 c.
1081 5394 1172 5464 16)
1206 5395 1290 5447 his
1320 5396 1533 5448 verbis:
1579 5394 1884 5464 Cibumraut

300 5463 563 5530 potionem
586 5479 734 5517 nemo
763 5465 974 5518 illorum
1002 5476 1120 5518 ante
1140 5463 1264 5518 solis
1292 5481 1528 5518 occasum
1549 5464 1710 5530 capit.
1757 5463 1886 5526 Qui-

301 5533 427 5585 dam
461 5550 635 5600 porro,
664 5550 882 5603 quorum
917 5536 1100 5588 animis
1128 5537 1393 5588 ardentius
1421 5537 1647 5588 scientia:
1683 5534 1884 5588 deside-

299 5604 445 5656 rium
472 5605 690 5668 insidet,
738 5607 822 5659 vix
864 5610 1020 5660 semel
1059 5616 1161 5659 toto
1191 5607 1359 5659 triduo
1403 5606 1500 5658 cibi
1532 5607 1885 5658 recordamur.

305 5673 572 5727 Nonnulli
617 5675 872 5729 illecebris
921 5677 1184 5746 sapientiae
1210 5676 1364 5746 (qua:
1417 5674 1643 5729 salubria
1687 5675 1891 5729 virtutis

301 5753 691 5818 pra-ceptatam
733 5746 935 5814 affatim
961 5758 1006 5799 et
1042 5749 1242 5818 copiose
1271 5746 1592 5818 suppeditat)
1635 5747 1887 5818 quodam-

304 5815 468 5869 modo
486 5815 686 5869 inuitati
710 5818 783 5870 sic
812 5815 1148 5886 oblectamur,
1178 5819 1393 5887 indeque
1419 5817 1544 5870 tales
1571 5817 1779 5884 capiunt
1803 5816 1892 5869 de-

1989 4973 2088 5036 ria,
2117 4970 2353 5025 occurrit
2385 4967 2514 5020 tnihi
2540 4968 2774 5033 lepidum
2799 4966 3115 5035 responsum
3136 4966 3411 5034 cujusdam
3448 4982 3561 5018 nio-

1985 5041 2166 5105 nachi,
2193 5041 2282 5104 qui
2311 5050 2528 5107 rogatus
2548 5039 2673 5106 quid
2699 5037 2856 5092 hodie
2879 5037 3240 5092 comedisset?
3261 5038 3556 5107 respondit,

1987 5113 2132 5166 olera
2164 5127 2284 5164 cum
2314 5106 2472 5186 pisis;
2507 5109 2630 5176 quid
2665 5107 2816 5186 heri?
2846 5108 2962 5186 pisa
2990 5124 3109 5186 cuin
3138 5106 3408 5186 oleribus;
3435 5109 3560 5186 quid

1987 5182 2182 5236 nudius
2232 5179 2470 5233 tertius?
2501 5181 2609 5246 pisa
2642 5188 2696 5231 et
2724 5179 2894 5232 olera.
2929 5179 3168 5246 Denique
3215 5177 3341 5245 quid
3367 5176 3564 5246 nudius

1987 5251 2246 5320 quartus?
2275 5253 2443 5328 olera,
2468 5259 2522 5303 et
2551 5249 2800 5328 pisa..Sic
2824 5249 2909 5302 ille
2936 5245 3309 5328 quotidianum
3339 5245 3562 5328 autfra-

1987 5316 2157 5391 quens
2187 5322 2473 5374 admodum
2499 5316 2882 5374 monachorum
2907 5318 3188 5391 obs_on_ium
3218 5316 3565 5391 facere_i_ndi-

1989 5386 2118 5447 caus
2147 5391 2305 5468 (Υἱρς
2355 5391 2511 5468 aliud.
2539 5391 2825 5468 exemplum
2868 5387 3011 5468 apud
3054 5386 3358 5468 Cgsarium,
3387 5388 3494 5468 liba
3516 5402 3566 5439 tv

1993 5481 2109 5530 cap.
2134 5463 2228 5526 79;
2258 5461 2424 5514 Basil.
2453 5459 2543 5513 lib.
2573 5456 2826 5512 deslmcta
2868 5457 3048 5530 Virg.;
3075 5456 3388 5530 Hierongm.
3413 5458 3564 5528 epist.

1995 5528 2066 5588 10⁷
2087 5534 2154 5587 ad
2176 5533 2436 5598 Furiam).
2462 5529 2728 5584 Czcterum
2758 5543 2879 5582 esus
2895 5528 3217 5595 leguminum
3233 5543 3334 5598 qua
3359 5540 3567 5582 ratione

1995 5604 2085 5657 hic
2112 5605 2319 5658 dicatur
2360 5595 2672 5663 enervatus,
2703 5598 2842 5678 haud
2866 5600 2996 5651 satis
3024 5595 3276 5666 expedio,
3320 5599 3426 5652 nisi
3443 5612 3568 5678 ἰιις-

1997 5677 2288 5748 tonymice,
2320 5674 2441 5740 quia
2473 5685 2670 5748 Corpus
2697 5679 2750 5722 et
2777 5669 2920 5722 vires
2951 5677 3204 5748 _enervat,
3236 5678 3396 5748 atque
3425 5669 3567 5748 debi-

1998 5739 2114 5798 litai
2147 5739 2502 5812 potiusquam
2532 5739 2851 5812 confirmat:
2882 5740 2967 5794 vel
2995 5743 3396 5812 comparatione
3436 5739 3567 5791 alio-

1999 5830 2118 5870 rum
2143 5810 2388 5870 cihorutn
2423 5811 2702 5865 fortiorum
2723 5851 2736 5874 ,
2765 5825 2859 5867 seu
2891 5812 2979 5880 qui
3032 5811 3202 5880 magis
3236 5810 3480 5864 nutriunt
3515 5816 3566 5862 et
