3986 6320
414 277 515 341 ΞΝ

1722 283 2002 343 JOANNIS
2039 279 2358 345 CASSIANI

3576 279 3682 342 εις

414 413 602 476 vasus,
633 418 733 463 nec
771 406 983 464 cunctis
1011 420 1265 478 purorum
1299 404 1506 463 olerum
1537 405 1731 465 habilis
1761 419 1843 466 est
1877 425 2004 480 par-
2029 413 2083 472 Α
2108 409 2443 466 conceditur.
2473 407 2628 464 Alius
2655 404 2952 478 quantitate
2985 401 3244 464 librarum
3277 401 3503 462 duarum
3533 415 3686 461 satu-

413 499 668 566 cimonia,
699 515 799 556 nec
821 502 1085 557 universis
1108 509 1133 538 ι
1157 500 1289 556 sicci
1320 501 1474 570 panis
1495 501 1718 557 refectio
1735 505 1996 572 castigata

2106 507 2322 561 ritatem
2349 519 2456 558 non
2477 503 2674 569 sentit;
2695 499 2723 540 ι)
2743 501 2880 557 alius
2897 500 3047 556 libra:
3067 501 3248 569 unius,
3275 500 3388 556 sive
3406 498 3684 556 unciarum

1483 642 1743 698 ALARDI
1783 643 2020 701 GAZIEI
2055 643 2623 704 COMMENTARIUS.

411 754 608 808 corpus
665 739 948 805 roborant,
1007 747 1132 808 puta
1176 741 1421 795 carnium
1461 750 1516 794 et
1555 740 1804 808 piscium.
1860 740 1994 795 Nam

412 810 683 880 legumina
715 811 955 878 alioquin
988 821 1181 865 natura
1215 827 1311 866 sua
1340 811 1515 866 calida
1545 819 1599 864 et
1627 811 1854 866 ﬂatuosa
1877 827 2000 868 esse

411 889 644 954 testatur
672 882 925 954 Basilius,
957 893 1011 936 et
1034 881 1417 954 Hieronymus,
1447 881 1609 954 cujus
1632 882 1749 954 haec
1771 891 1853 954 est
1877 898 2002 954 sen-

411 954 576 1006 tentia
607 952 673 1006 de
695 952 1022 1022 leguminum
1047 962 1100 1006 et
1117 950 1323 1007 olerum
1355 968 1452 1007 esu
1482 963 1535 1007 et
1563 951 1862 1007 differentia
1891 970 1904 1007 :
1933 950 2003 1006 In

414 1023 543 1093 ipsis
570 1025 693 1078 cibis
705 1024 877 1078 calida
903 1025 1316 1093 qumquedevita.
1343 1022 1466 1077 Non
1482 1023 1651 1077 solum
1673 1025 1736 1077 de
1759 1024 2001 1078 carnibus

411 1091 617 1170 loquor,
647 1111 802 1168 super
826 1091 1011 1170 quibus
1029 1091 1143 1160 Vas
1169 1096 1427 1148 electionis
1443 1095 1638 1170 profert
1654 1096 2001 1170 sententiam:

410 1163 616 1218 Bonum
641 1163 721 1219 esi
734 1163 1170 1219 non’manducare
1192 1181 1418 1230 carnem,
1434 1163 1594 1219 etnon
1617 1165 1782 1218 bibere
1807 1167 1998 1221 vinum.

412 1234 521 1290 Sed
571 1239 728 1289 etiam
768 1238 821 1290 in
859 1238 984 1306 ipsis
1023 1235 1366 1306 leguminibus
1399 1238 1645 1305 inflantia
1697 1251 1911 1305 qumque
1937 1245 2002 1292 ἐι

410 1307 588 1378 gravia
616 1307 928 1362 declinanda
972 1318 1125 1372 sunt;
1181 1306 1418 1378 nihilque
1448 1309 1519 1362 ita
1544 1309 1676 1363 scias
1718 1311 2004 1378 conducere

410 1373 723 1430 Christianis
749 1378 1181 1442 adolescentibus,
1217 1389 1271 1432 ut
1300 1373 1439 1431 esum
1462 1379 1676 1434 olerum.
1709 1377 1858 1433 Unde
1882 1390 1928 1433 et
1951 1385 2006 1434 in

411 1448 514 1501 alio
549 1449 692 1503 loco:
727 1449 829 1513 Qui
854 1448 1092 1518 infirmus
1124 1457 1222 1513 est,
1258 1449 1353 1514 ait,
1397 1447 1538 1502 olera
1580 1450 1884 1514 manducet;
1926 1467 2007 1503 ar-

411 1519 607 1590 dorque
630 1535 902 1589 corporum
929 1520 1287 1590 frigidioribus
1328 1521 1489 1590 epulis
1517 1521 1878 1590 temperandus
1907 1531 2002 1576 est.

413 1539 607 1588 aorque
630 1539 902 1589 corporum
929 1539 998 1588 ιη
1037 1539 1287 1574 ιαιονιυυε
1328 1539 1489 1588 epuus
1517 1539 1878 1590 temperandus
1907 1539 2002 1576 eu.

413 1588 621 1643 Rursus
651 1590 756 1643 alio
800 1592 920 1644 loco
964 1539 1104 1660 (lib.
1146 1607 1182 1645 ll
1225 1600 1402 1644 contra
1438 1588 1726 1656 Jovinia.):
1761 1589 2004 1658 Olerum,

413 1662 606 1728 tnquit,
642 1678 913 1733 pomorum
939 1678 999 1715 ac
1028 1661 1378 1732 leguminum,
1413 1675 1458 1716 et
1491 1663 1696 1732 facilior
1722 1673 2006 1733 apparatus

412 1740 508 1795 est,
538 1742 584 1785 et
613 1743 724 1786 arte
745 1734 1120 1804 impendiisque
1137 1748 1417 1802 aequorum
1439 1750 1543 1787 non
1575 1733 1791 1804 indiget,
1824 1743 1869 1786 et
1895 1736 2006 1787 sine

414 1817 542 1877 cura
570 1813 826 1877 sustentat
876 1820 1084 1873 corpus,
1135 1806 1496 1874 moderateque
1540 1815 1782 1877 sumptus
1830 1804 2005 1859 leviori

414 1873 698 1938 digestione
727 1877 1080 1944 concoquitur.

487 1952 511 1981 ⁸
537 1945 590 1996 'd
621 1954 725 2011 est,
752 1947 948 2007 tenuis,
974 1956 1029 2000 et
1045 1961 1227 2016 parca,
1243 1957 1299 2001 et.
1319 1956 1486 2002 certae
1503 1961 1774 2001 mensura:
1795 1947 2006 2010 legibus

418 2015 663 2078 astricta,
694 2032 852 2085 quam
881 2018 1148 2074 excedere
1168 2015 1272 2072 neu
1290 2019 1496 2073 liceret.
1524 2018 1823 2073 Macrobius
1844 2018 1936 2073 ltb.
1967 2034 2005 2074 tt

417 2085 692 2160 saturnal.
739 2102 861 2160 cap.
901 2089 1071 2160 1:7At
1111 2105 1224 2142 cum
1255 2089 1466 2154 heroes,
1498 2089 1701 2160 inquit,
1737 2090 2004 2160 castigatis

417 2156 640 2226 dapibus
668 2159 926 2211 assidunt.
959 2159 1326 2214 Tertullianus
1351 2159 1445 2213 lib.
1476 2159 1544 2213 de
1575 2159 1822 2225 Jejunio:
1851 2156 2006 2214 Nunc

403 2227 464 2280 .si
495 2236 681 2282 temere
707 2231 960 2282 rationem
981 2232 1221 2299 castigati
1245 2233 1374 2284 adeo
1402 2232 1585 2295 victus,
1615 2242 1747 2293 elc.,
1773 2230 1860 2284 ubi
1885 2246 2010 2298 per-

417 2312 604 2422 Beram
639 2300 692 2352 in
733 2301 1053 2368 quibusdam
1101 2301 1332 2368 legitur:
1365 2301 1598 2370 castigati
1627 2318 1660 2355 a
1686 2300 1793 2356 Deo
1823 2301 2005 2356 victus.

473 2407 487 2422 .
520 2369 882 2422 Hieronvmus
911 2371 1003 2422 lib.
1036 2387 1070 2422 ιι
1092 2386 1279 2422 contra
1301 2372 1680 2422 Iovinianum:
1714 2374 1819 2422 nui
1846 2389 2005 2422 amm-

473 2407 487 2422 .
520 2369 882 2445 Hieronymus
911 2371 1070 2445 lib."
1092 2386 1279 2445 contra
1301 2369 1680 2426 Jovinianum:
1714 2374 1819 2440 Qui
1846 2389 2011 2445 aegro-

418 2447 514 2504 tat,
548 2456 651 2494 non
677 2442 832 2496 aliter
861 2443 1040 2511 recipit
1067 2444 1364 2505 sanitatem,
1400 2445 1500 2497 nisi
1539 2445 1678 2496 tenui
1715 2445 1824 2497 cibo
1851 2442 2013 2498 etca-

418 2511 608 2584 stigato
632 2513 787 2578 victu,
811 2529 929 2584 quia
956 2514 1115 2574 λεπτὴ
1145 2513 1315 2570 δίαιτα
1335 2515 1542 2568 dicitur.
1571 2513 1862 2568 Cassianus
1893 2531 2013 2570 rur-

420 2597 516 2636 sus
545 2583 673 2638 lib.t
695 2599 813 2652 cap.
846 2586 970 2645 ult.,
998 2587 1295 2640 secundum
1317 2585 1671 2652 quorumdam
1696 2585 2010 2649 lectionem,

423 2654 731 2725 castigatum
760 2654 989 2725 modum
1035 2655 1171 2709 dixit
1216 2672 1314 2725 pro
1349 2658 1499 2723 justo
1539 2658 1596 2710 et
1642 2657 2010 2711 convenienti.

424 2723 595 2806 Porro
611 2725 709 2806 illa
728 2724 858 2806 sicci
882 2727 1038 2795 panis
1054 2723 1280 2806 refectio
1294 2726 1483 2806 Graece
1503 2727 1778 2806 ξηρρφαγία
1799 2728 2017 2782 diceba-

426 2804 536 2856 tur,
566 2804 627 2848 ut
651 2797 901 2865 superius
928 2800 1326 2860 annotavimus,
1349 2798 1402 2852 id
1432 2808 1536 2863 est,
1567 2797 1836 2852 siccorum
1866 2813 2014 2863 esus,

425 2872 553 2934 puta
578 2866 747 2921 solius
774 2869 927 2935 panis
953 2883 1075 2921 cum
1094 2869 1230 2932 sale,
1255 2869 1458 2933 absque
1479 2869 1590 2923 alio
1619 2871 1878 2925 obsonio:
1909 2885 2017 2924 non

425 2945 610 3008 tamen
641 2938 863 3008 exclusa
892 2952 1061 3007 aqua.
1095 2953 1200 3008 qua
1231 2939 1519 3008 dupliciter
1550 2941 1868 3005 utebantur,
1901 2948 2018 2994 tum

429 3006 497 3078 ad
529 3006 921 3063 infundendum
947 3006 1040 3063 aut
1069 3006 1564 3077 superfundendum
1599 3013 1762 3078 pani,
1812 3023 1921 3065 tum
1949 3010 2018 3064 ad

426 3077 742 3136 bibendum.
772 3079 930 3136 Unde
959 3081 1102 3149 apud
1133 3081 1431 3136 Palladittm
1468 3084 1522 3136 in
1551 3077 1672 3136 Vita
1706 3082 1855 3136 Pattli
1889 3082 2021 3150 legi-

429 3157 524 3221 tur
549 3151 817 3206 Antonius
852 3153 1170 3220 apposuisse
1199 3166 1401 3207 mensae
1428 3162 1660 3220 quatuor
1690 3155 2018 3221 paxamidia,

430 3219 486 3300 id
513 3231 629 3304 est,
646 3237 832 3304 panes,
860 3219 937 3277 et
963 3224 1065 3279 sibi
1097 3238 1260 3278 unum
1287 3219 1671 3288 madefecisse;
1692 3219 1852 3279 erant
1875 3225 2021 3277 enim

431 3293 586 3352 sicci.
617 3293 808 3358 inquit.

505 3361 534 3401 δ
575 3363 872 3419 Difﬁcultas
901 3379 1008 3420 non
1033 3380 1196 3435 parva
1223 3366 1350 3421 hinc
1375 3367 1550 3421 oritur
1581 3366 1648 3420 de
1674 3365 1812 3421 libra
1844 3365 2018 3434 panis,

2099 743 2274 806 librae,
2301 756 2398 796 seu
2419 740 2628 811 pondo:
2655 753 2900 794 mensura
2919 747 3096 794 autem
3121 745 3279 804 potus
3305 747 3426 806 quae
3463 736 3681 792 hemina

2101 813 2322 878 dicitur,
2353 828 2454 866 non
2489 827 2585 880 pro
2617 811 2853 878 pondere
2881 811 3048 879 ipsius
3077 817 3259 879 potus,
3288 823 3384 880 seu
3416 821 3515 880 pro
3553 815 3687 877 potu

2101 886 2234 937 tanti
2263 877 2542 955 ponderis,
2567 883 2662 937 sed
2687 898 2781 951 pro
2805 877 3058 960 mensura
3078 877 3398 960 mensurali,
3414 877 3690 960 gvel.men-

2102 950 2363 1020 suran’te,
2416 969 2508 1008 seu
2552 950 3047 1012 vase’continente.
3103 961 3157 1007 et
3203 950 3459 1005 metiente
3513 950 3688 1018 ipsum

2104 1037 2312 1094 potum.
2336 1027 2420 1080 vel
2446 1041 2544 1093 pro
2569 1035 2694 1092 potu
2721 1033 2982 1079 contento
3006 1023 3063 1078 in
3088 1037 3240 1084 vase.
3267 1022 3354 1092 qui
3377 1020 3484 1075 dici
3510 1027 3694 1089 potest

2105 1112 2365 1173 mensura
2395 1106 2728 1173 mensurata.
2772 1097 2952 1173 Itaque
2983 1101 3425 1173 mensurapotus
3470 1107 3575 1173 non
3622 1106 3693 1146 ex

2104 1171 2390 1238 gravitate.
2425 1179 2517 1222 aut
2555 1167 2815 1236 pondere,
2846 1169 2939 1220 sed
2977 1180 3044 1220 ex
3073 1165 3371 1234 capacitate
3400 1165 3544 1217 vasis
3571 1177 3694 1232 spe-

2105 1251 2306 1305 ctatur,
2336 1249 2397 1292 ut
2427 1241 2563 1293 satis
2590 1251 2773 1292 notum
2807 1246 2908 1291 est.

2178 1311 2346 1366 Porro
2396 1310 2590 1364 libram
2639 1307 2990 1378 ponderalem
3020 1320 3208 1362 rursus
3250 1304 3518 1372 duplicem
3574 1312 3693 1357 sta-

2107 1392 2296 1436 tuunt:
2330 1381 2558 1437 alteram
2600 1379 2839 1436 sedecim
2871 1380 3173 1442 unciarum,
3221 1392 3380 1446 quam
3429 1385 3697 1430 mercato-

2107 1454 2267 1517 riam,
2295 1453 2408 1506 sive
2435 1451 2844 1522 zygostaticam.
2874 1448 3258 1522 Galliregiam,
3277 1457 3371 1503 aut
3393 1446 3696 1522 Parisinam

2107 1534 2442 1592 nuncupant,
2469 1519 2583 1593 qua
2614 1530 2942 1576 mercatores
2968 1520 3400 1593 ,‘institoresque
3449 1519 3698 1593 quicum-

2107 1609 2212 1662 que
2243 1588 2454 1650 merces
2485 1588 2752 1662 appensas
2781 1589 3131 1652 venumdant,
3179 1599 3435 1652 utuntur;
3463 1588 3696 1662 altcgm

2109 1658 2428 1726 Romanam,
2459 1658 2742 1718 duodecim
2771 1663 3046 1717 dumtaxat
3080 1662 3391 1726 unciarum,
3439 1675 3558 1727 qua:
3589 1658 3700 1711 Ro—

2110 1737 2283 1788 manis
2309 1737 2436 1788 olim
2457 1736 2678 1800 usitata,
2703 1742 2757 1789 et
2783 1733 3138 1802 scriptoribus
3156 1740 3241 1787 est
3259 1730 3700 1802 nominatissitua

2110 1805 2358 1878 (Budaeus
2373 1806 2461 1859 lib.
2478 1823 2514 1860 tt
2537 1807 2600 1858 de
2623 1805 2780 1868 Asse;
2800 1800 2988 1858 Junius
3011 1801 3466 1878 nomenclat.)_._lta
3486 1801 3543 1855 S.
3573 1800 3701 1878 Epi-

2108 1873 2362 1950 phanius,
2393 1879 2482 1946 qui
2514 1878 2581 1932 de
2604 1877 2870 1950 mensuris
2899 1874 3300 1950 etpo‘nderibus
3332 1873 3526 1950 libru_m_
3553 1873 3701 1950 scri-

2113 1941 2247 2017 psit:
2281 1941 2458 2014 Libra,
2492 1948 2684 2015 inquit,
2725 1956 2798 2017 est
2820 1941 3106 2017 duodecim,
3137 1946 3428 1998 unciarum.
3461 1941 3703 2017 lsidorus

2035 2041 2082 2101 Β
2109 2015 2333 2101 etytnol.
2362 2020 2455 2072 lib.
2481 2033 2712 2101 xv1cap.
2733 2016 2834 2072 24:
2869 2015 3036 2101 Uncia
3056 2015 3704 2101 dicta,quod.uniuersita-

2112 2085 2212 2144 tein
2237 2091 2490 2144 minorum
2505 2085 2785 2158 ponderum
2803 2105 2895 2140 sua
2919 2088 3111 2140 unitate
3132 2088 3339 2158 vinciat,
3365 2085 3418 2137 id
3439 2094 3533 2144 est,
3557 2101 3705 2158 coni-

2110 2163 2384 2229 plectatur.
2417 2155 2628 2214 Constat
2654 2170 2823 2212 autem
2856 2159 3080 2229 dragmis
3109 2164 3244 2229 octo,
3275 2157 3330 2210 id
3353 2166 3424 2209 est
3437 2155 3707 2224 scrupulis

2109 2232 2202 2288 25.
2228 2232 2378 2297 Quod
2391 2230 2610 2303 proinde
2631 2231 2911 2303 legitimum
2925 2228 3124 2303 pondus
3138 2228 3374 2303 habetur,
3391 2229 3514 2303 quia
3529 2243 3708 2303 numef

2109 2320 2202 2357 rus
2229 2298 2591 2369 scrupulorunt
2613 2298 2723 2374 ejus
2747 2302 2906 2374 horas
2935 2300 3035 2352 diei
3080 2300 3341 2374 noctisque
3360 2298 3593 2374 metitur,
3625 2302 3709 2374 vel

2111 2376 2234 2444 quia
2248 2374 2431 2427 libram
2446 2374 2603 2442 efﬁcit
2617 2370 2886 2444 duodecies
2897 2377 3237 2444 computatus,
3247 2370 3522 2444 duodecim
3535 2372 3711 2444 unciis

2112 2441 2415 2515 perﬁcitur;
2436 2441 2483 2497 et
2505 2444 2622 2496 inde
2647 2443 2864 2495 habetur
2887 2441 3094 2564 perlecti
3116 2441 3358 2512 ponderis
3380 2456 3563 2512 genus,
3585 2442 3713 2512 quia

2114 2525 2186 2564 tot
2211 2525 2407 2564 constat
2431 2515 2614 2564 unciis.
2643 2524 2765 2564 attat
2803 2513 2962 2564 mensi
2997 2529 3056 2564 us
3103 2528 3293 2564 annus.
3329 2511 3481 2564 Dicta
3531 2521 3712 2564 autem

2114 2511 2186 2570 tot
2211 2525 2407 2569 constat
2431 2515 2614 2576 unciis,
2643 2524 2765 2583 quot
2803 2511 3056 2566 mensibus
3103 2511 3293 2564 annus.
3329 2511 3481 2583 Dicta
3531 2511 3712 2568 autem

2116 2587 2267 2652 libra,
2301 2596 2426 2656 quot
2455 2587 2520 2640 sit
2543 2582 2723 2649 libera,
2750 2593 2796 2656 et
2838 2592 3022 2656 cuncta
3063 2584 3195 2656 inter
3222 2598 3274 2656 se
3299 2582 3543 2656 pondera
3572 2600 3714 2654 prae-

2117 2657 2254 2711 dicta
2285 2653 2578 2710 concludat.
2613 2658 2706 2715 Sic
2735 2655 2847 2709 ille.
2883 2654 2974 2708 His
2995 2653 3318 2722 prtemissis,
3369 2662 3426 2708 ut
3481 2653 3547 2706 ad
3574 2653 3716 2709 sco-

2117 2743 2244 2799 pum
2279 2741 2519 2782 nos-trum
2541 2728 2841 2790 veniamus,
2874 2725 3014 2799 quod
3046 2725 3113 2777 ad
3139 2723 3457 2799 Cassianum
3487 2724 3712 2792 attinet,

2117 2794 2224 2853 non
2258 2802 2416 2853 aliam
2469 2799 2722 2854 existimo
2770 2797 2911 2866 apud
2946 2798 3118 2864 ipsum
3167 2794 3395 2864 intelligi
3425 2805 3710 2864 oportere,

2119 2885 2280 2941 quam
2309 2882 2544 2924 veterem
2580 2871 2761 2941 illam,
2803 2877 2858 2941 et
2895 2867 3035 2936 apud
3084 2881 3273 2941 omnes
3321 2866 3605 2941 usitatam,
3654 2883 3717 2941 et

2122 2937 2390 3009 éOgnitatn
2433 2941 2662 3004 libram,
2714 2939 2998 2993 duodecim
3053 2937 3261 2990 scilicet
3305 2937 3603 3009 unciarum.
3653 2939 3716 2995 Id

2122 3007 2265 3067 enim
2298 3012 2415 3080 ipse
2449 3015 2580 3064 satis
2619 3011 2819 3065 indicat
2861 3010 3056 3063 Collat.
3087 3009 3122 3060 2
3151 3022 3270 3076 cap.
3303 3007 3396 3074 i9,
3423 3008 3510 3062 ubi
3541 3011 3717 3065 abbas

2125 3083 2335 3154 Moyses
2359 3083 2620 3153 approbat
2647 3091 2702 3136 et
2746 3080 3088 3154 commendat
3131 3092 3445 3154 mensuram
3469 3080 3623 3150 panis
3656 3081 3716 3137 itt

2125 3150 2337 3208 duobus
2360 3150 2670 3222 paximaciis
2695 3153 3062 3222 conStitutam,
3093 3150 3514 3222 quosparvulos
3543 3166 3718 3219 panes

2123 3236 2318 3288 vocat,
2349 3218 2403 3279 et
2430 3227 2515 3278 vix
2547 3225 2696 3279 librae
2738 3225 2895 3277 unius
2927 3221 3136 3289 pondus
3166 3219 3421 3275 habuisse
3449 3218 3717 3279 aﬂirmat.

2126 3297 2192 3351 At
2215 3299 2258 3350 si
2291 3296 2401 3351 duo
2425 3311 2594 3365 panes
2638 3295 2798 3349 simul
2833 3293 3004 3365 juncti
3034 3306 3140 3346 non
3165 3289 3477 3344 habuissent
3501 3293 3719 3365 pondus

2129 3363 2730 3422 duodet-itn‘unciarum
2770 3375 2862 3418 aut
2906 3364 3153 3426 circiter;
3201 3369 3352 3415 certe
3384 3377 3490 3416 non
3522 3363 3720 3420 luisset

433 3444 568 3502 quot
589 3436 776 3490 uncias
803 3428 1052 3492 babuerii
1079 3439 1217 3505 apud
1248 3438 1368 3492 illos
1398 3438 1603 3493 Patres.
1629 3428 1857 3492 Videtur
1875 3428 2020 3492 enim
2052 3428 2101 3492 C
2133 3439 2325 3493 modus
2357 3438 2445 3492 ille
2465 3437 2833 3504 aequissimus,
2880 3451 2932 3488 ut
2960 3444 3140 3505 vocat,
3165 3434 3555 3505 sive‘mensura
3579 3438 3719 3491 satis

434 3505 526 3559 hic
557 3508 749 3561 Auctor
775 3508 1002 3562 innuere
1043 3508 1235 3562 libram
1268 3524 1428 3562 unam
1476 3519 1682 3563 tantum
1732 3507 1898 3562 fuisse
1928 3523 2023 3562 sex

435 3590 738 3648 unctarnm.
773 3577 943 3633 Libra:
971 3579 1124 3632 unius
1149 3621 1163 3642 ,
1212 3580 1413 3648 inquit,
1448 3581 1550 3633 sive
1597 3577 1872 3633 unciaritm
1900 3595 2021 3644 sex,

437 3648 590 3715 quasi
622 3647 764 3702 idem
793 3649 864 3704 sit
889 3650 1024 3704 libra
1055 3661 1181 3718 una,
1211 3660 1263 3705 et
1284 3647 1456 3704 unciae
1483 3656 1602 3706 sex.
1628 3651 1709 3704 Ad
1742 3650 1893 3718 cujus
1925 3657 2023 3705 ex-

437 3719 784 3843 Plicationem
816 3719 1017 3801 aliquid
1046 3720 1336 3809 dicendum
1368 3721 1436 3804 de
1459 3722 1616 3782 libra,
1641 3732 1694 3776 et
1719 3720 2024 3791 cujusmodi

459 3792 576 3843 tbra
604 3791 920 3843 tutelltattur
952 3803 1059 3843 tum
1093 3793 1230 3843 anud
1274 3794 1588 3843 Lasstanum
1626 3792 1777 3843 (Con.
1819 3792 1888 3843 59
1923 3791 2024 3843 Re-

459 3790 585 3861 ibra
604 3789 921 3859 intelligitur
952 3803 1059 3844 tum
1093 3793 1230 3855 apud
1274 3793 1588 3846 Cassianum
1626 3789 1797 3861 (Cap.‘
1819 3792 1888 3847 59
1923 3791 2027 3846 Re-

440 3859 630 3932 gula),
660 3871 772 3933 tum
805 3861 1048 3933 apudD.
1080 3863 1431 3916 Benedictum
1473 3867 1524 3917 in
1558 3859 1778 3933 Regula.
1817 3865 1916 3928 Qui
1957 3863 2026 3917 de

442 3932 713 4002 mensuris
743 3941 800 3985 et
829 3932 1156 4000 ponderibus
1173 3932 1732 4002 scripserunt,libram
1759 3934 2024 3997 duplicem

442 4000 798 4069 distinguunt,
832 4005 1215 4064 mensuralem,
1245 4000 1295 4055 et
1322 4005 1703 4072 ponderalem;
1738 4013 1795 4057 et
1823 4005 2026 4056 Roma-

442 4087 544 4127 nos
574 4082 803 4139 utraque
825 4087 953 4125 usos
984 4073 1149 4127 luisse
1176 4073 1415 4128 Galenus
1442 4078 1656 4139 asserit,
1687 4083 1825 4127 teste
1855 4074 2025 4127 Geor-

441 4142 532 4214 gjo
580 4144 813 4213 agricola
856 4143 1063 4214 (Galen.
1117 4145 1206 4197 lib.
1239 4161 1254 4198 ι
1291 4145 1355 4198 de
1383 4145 1664 4214 Composit.
1720 4146 2027 4210 medicam;

445 4212 601 4285 Geor.
627 4212 753 4285 Agr.
784 4215 874 4267 lib.
901 4217 962 4267 de
985 4213 1214 4268 Ponder.
1243 4226 1289 4269 et
1311 4212 1586 4285 mensur.).
1607 4216 1739 4269 Erat
1759 4215 2024 4284 siquidem

442 4284 581 4339 libra
604 4284 742 4352 apud
762 4285 1214 4355 Romanosgenus
1235 4302 1503 4340 mensurae
1533 4284 1686 4340 lineis
1708 4288 2026 4355 quibusdam

442 4355 814 4418 intersectum,
855 4357 1049 4424 quibus
1078 4357 1419 4411 dividebatur
1450 4358 1502 4410 in
1527 4357 1813 4411 duodecim
1847 4368 2026 4425 partes

445 4427 704 4496 aequales,
737 4441 870 4487 quas
899 4426 1086 4482 uncias
1115 4429 1402 4486 vocabant.
1433 4428 1581 4487 lianc
1609 4437 1788 4482 autem
1818 4443 2028 4480 mensu-

443 4512 561 4550 ram
593 4498 656 4550 ad
688 4497 1048 4552 ditl'ereutiam
1085 4499 1338 4566 ponderis
1361 4541 1374 4561 ,
1430 4500 1616 4553 libram
1664 4499 2024 4552 mensuralem

444 4566 717 4633 dixerunt,
744 4568 827 4621 vel
859 4568 1048 4622 libram
1077 4584 1414 4634 mensuram;
1443 4569 1668 4624 alteram
1697 4578 1895 4633 autem,
1923 4584 2027 4637 qua

442 4651 536 4692 res
567 4637 981 4710 appenduntur,
1016 4642 1117 4694 hoc
1168 4648 1280 4705 est,
1328 4641 1542 4710 pondus
1571 4644 1776 4710 ipsum,
1835 4641 2024 4694 libram

433 4708 816 4782 .ponderalem,
849 4712 929 4764 vel
957 4710 1162 4782 libram
1196 4708 1403 4779 pnttdo:
1437 4708 1603 4780 cujus
1633 4711 1814 4766 itidem
1848 4722 2026 4781 partes

441 4779 616 4834 unciae
644 4790 924 4834 vocantur.
956 4779 1109 4836 Unde
1137 4797 1474 4850 consequens
1511 4779 1595 4838 est
1629 4779 1869 4852 duplices
1904 4797 2024 4836 esse

442 4852 655 4922 uncias,
679 4866 875 4918 nempe
892 4855 1251 4918 mensurales,
1277 4863 1329 4909 et
1349 4853 1696 4922 7p0uderales.
1721 4855 1850 4907 Nam
1875 4870 2024 4906 men-

444 4921 651 4992 surales
681 4933 858 4988 partes
889 4930 1016 4976 sunt
1045 4923 1196 4978 libra:
1221 4921 1562 4986 mansitralis,
1591 4926 1730 4978 sicut
1762 4924 2026 4992 pondera-

444 4991 525 5064 les
541 5005 719 5060 partes
747 5002 873 5046 sunt
899 4995 1053 5047 librae
1078 4995 1416 5064 ponderalis:
1447 5004 1501 5048 et
1529 4997 1641 5048 haec
1663 5003 1747 5050 est
1766 4991 2027 5048 differen-

445 5063 516 5116 tia
545 5066 684 5118 inter
712 5063 1148 5124 mensuraleset
1174 5065 1494 5134 p0nderales
1526 5069 1732 5127 uncias,
1757 5075 1808 5118 et
1840 5065 2023 5130 libras,

443 5134 586 5202 quod
635 5135 959 5204 ponderales
990 5137 1147 5192 nobis
1172 5137 1241 5189 ob
1266 5139 1453 5190 oculos
1479 5149 1677 5202 ponunt
1707 5137 2025 5204 gravitatem

363 5225 368 5230 ·
443 5219 761 5272 corporum;
794 5210 1148 5273 mensurales,
1182 5207 1396 5269 molem,
1429 5209 1542 5262 sive
1575 5207 2023 5275 magnitudinem,

443 5283 536 5328 aut
567 5279 944 5346 capacitatem,
974 5278 1210 5331 utdocet
1237 5279 1378 5332 idem
1403 5276 1658 5332 Galenus.
1684 5276 2026 5330 Manifestum

365 5377 383 5413 η
445 5352 628 5400 autem
662 5355 747 5402 est
774 5348 963 5401 libram
993 5349 1426 5412 ponderalem,et
1446 5358 1842 5416 consequenter
1862 5349 2025 5401 etiatn

444 5417 633 5488 uncias
651 5417 971 5485 ponderales
995 5419 1243 5488 intelligi,
1261 5435 1380 5475 cum
1403 5417 1469 5471 de
1495 5418 1628 5473 libra
1651 5418 1805 5484 panis
1825 5429 2023 5487 agitur.

445 5485 715 5558 Quaeritur
741 5488 884 5558 enim
903 5489 971 5542 de
995 5485 1232 5558 pondere
1259 5506 1352 5543 seu
1382 5488 1644 5556 gravitate
1669 5490 1826 5557 hujus
1853 5485 2023 5543 librae.

444 5555 678 5629 Proinde
705 5557 864 5610 aliter
895 5555 1033 5626 apud
1076 5561 1156 5618 0.,
1180 5560 1522 5614 Benedictum
1559 5559 1710 5629 (Cap.
1739 5555 1812 5614 S9
1852 5569 1899 5613 et
1932 5559 2023 5629 40)

446 5625 704 5693 accipitur
717 5625 971 5683 mensura
993 5629 1256 5695 ciborum,
1271 5633 1426 5686 aliter
1439 5625 1684 5686 mensura
1701 5646 1876 5699 poms.
1892 5625 2025 5684 Nam

445 5711 695 5754 mensura
712 5699 977 5762 ciborum,
1007 5712 1261 5769 quantum
1282 5704 1347 5756 ad
1376 5719 1567 5772 panem
1595 5705 1804 5766 attinet,
1830 5704 2027 5767 accipi-

434 5777 541 5840 ,ttlr
569 5779 664 5837 pro
695 5784 948 5825 mensura
976 5772 1277 5840 ponderali,
1312 5775 1411 5829 hoc
1436 5782 1539 5841 est,
1573 5790 1670 5843 pro
1699 5789 1838 5842 pane
1865 5775 2026 5830 unius

2127 3489 2451 3580 istiatque
2470 3489 2734 3580 omnibus
2756 3489 2981 3580 passim
3011 3489 3261 3558 sutﬁ'cere
3283 3489 3474 3580 posset
3503 3489 3718 3580 absque

2127 3575 2239 3635 ullo
2269 3575 2515 3635 Obsonio.
2551 3579 2703 3633 Unde
2743 3577 2983 3632 nonnulli
3016 3591 3047 3630 e
3074 3575 3352 3628 contrario
3386 3589 3450 3627 ex
3483 3589 3548 3640 eo
3590 3576 3722 3632 loco

2129 3653 2389 3718 colligunt
2413 3651 2621 3719 singula
2647 3646 3148 3719 paximacial’uisse
3179 3644 3339 3719 unius
3371 3643 3544 3719 librae,
3593 3647 3719 3719 sive

2131 3721 2197 3775 12
2230 3716 2719 3789 ιιῖιοίπυηίεψιῦά
2753 3731 2926 3772 tamen
2961 3717 3160 3789 ibidem
3195 3716 3720 3789 refutabimus._Sed

2128 3795 2325 3846 clarius
2355 3793 2404 3845 id
2437 3786 2607 3857 ipsum
2639 3789 2925 3845 conﬁrmat
2963 3788 3234 3842 Palladius
3283 3786 3523 3842 historiae
3573 3786 3720 3844 Lau-

2129 3865 2290 3917 siacze
2313 3877 2432 3932 cap.
2455 3862 2547 3927 ‘28,
2570 3862 2658 3915 ubi
2688 3860 2754 3914 de
2785 3861 2948 3914 Paulo
2977 3858 3233 3926 Sitnplice
3260 3860 3368 3927 agit
3399 3876 3411 3910 :
3448 3857 3593 3928 Fert,
3625 3860 3718 3915 itt-

2128 3936 2276 4000 quit,
2299 3933 2573 3995 Antonius,
2615 3943 2662 3985 et
2691 3932 2902 3999 imponit
2947 3945 3133 3983 mensa?
3160 3939 3378 4001 quatuor
3412 3932 3720 4001 paramidia

2131 3999 2232 4073 (bsic
2261 4005 2376 4071 ipse
2400 4012 2577 4069 vocat,
2605 4017 2724 4070 qum
2751 4002 2839 4054 alii
2869 3999 3194 4073 paximacia)
3227 4017 3319 4073 ses;
3349 3999 3642 4065 un'ciarurn,
3670 4014 3720 4056 et

2128 4071 2224 4128 sibi
2254 4077 2460 4144 quidem
2489 4090 2648 4126 unum
2677 4075 2967 4144 madefecit,
3003 4079 3107 4124 etc.
3152 4071 3279 4144 Sex,
3310 4072 3505 4144 inquit,
3531 4074 3720 4126 uncia-

2128 4163 2243 4199 rum
2267 4142 2289 4200 ἐ
2317 4145 2455 4216 quod
2487 4145 2669 4216 utique
2698 4145 2764 4196 de
2786 4143 3012 4216 Singulis
3034 4142 3372 4216 paxantidiis,
3392 4215 3395 4216 ν
3416 4144 3530 4196 sive
3560 4147 3718 4211 paxi-

2131 4214 2790 4284 maciis’intelligendum.
2843 4215 2998 4284 Quis
3032 4215 3174 4266 enim
3230 4214 3427 4266 dixerit
3479 4223 3720 4281 quatuor

2131 4289 2429 4356 paxamidia
2463 4283 2618 4338 simul
2648 4295 2704 4339 et
2727 4285 2953 4353 junctim
2979 4283 3143 4356 inisse
3177 4293 3377 4356 tantum
3401 4297 3492 4338 sex
3527 4288 3721 4339 uncia-

2131 4355 2291 4412 rum?
2317 4358 2556 4426 Quatuor
2577 4371 2706 4426 ergo
2735 4355 3034 4426 paxamidia
3058 4355 3240 4423 viginti
3257 4359 3715 4426 quatuoruncias,

2131 4428 2234 4483 hoc
2262 4424 2361 4493 est,
2389 4430 2518 4482 duas
2550 4424 2715 4482 libras
2738 4424 2899 4495 panis
2929 4426 3266 4494 pendebant:
3299 4424 3441 4478 unde
3471 4424 3720 4495 sequitur

2130 4515 2565 4569 unamquamque
2597 4498 2787 4552 librant
2821 4496 3104 4569 duodecim
3128 4568 3134 4569 ί
3159 4496 3716 4569 υιιίιίἰδυεοηειηίεδε.

2131 4572 2237 4626 Sed
2271 4565 2395 4639 qt'titl
2419 4565 2490 4623 ad
2514 4580 2832 4634 praesentem
2857 4567 3099 4620 Cassiani
3126 4565 3597 4639 locutngdicetnus,
3624 4571 3718 4623 ubi

2133 4637 2344 4695 videtur
2376 4642 2590 4704 libram,
2634 4651 2685 4692 et
2716 4654 2812 4692 sex
2860 4640 3043 4708 uncias
3091 4637 3446 4702 confundere,
3492 4650 3584 4692 aut
3615 4656 3720 4708 pro

2131 4714 2318 4768 eodem
2369 4709 2650 4776 accipere?
2690 4709 2950 4774 Equidem
2995 4707 3166 4763 fateor
3203 4710 3376 4778 primo
3416 4707 3717 4766 intuitu’ita

2049 4808 2102 4868 Β
2131 4785 2319 4841 videri.
2340 4781 2700 4868 e‘tquetnlibet
2719 4782 2976 4868 lectorcm
2997 4779 3127 4833 satis
3153 4789 3418 4868 attentum
3450 4783 3719 4868 in‘trans-

2129 4869 2287 4909 cursu
2341 4849 2435 4906 ita,
2459 4851 2847 4918 judicaturunt.
2876 4849 2944 4905 At
2974 4866 3094 4904 cum
3131 4866 3201 4905 ex
3230 4851 3386 4905 diotis
3422 4855 3553 4907 satis
3578 4869 3717 4906 con-

2129 4934 2236 4979 stet
2274 4923 2340 4977 de
2369 4923 2582 4976 diversa
2615 4924 2866 4976 Auctoris
2896 4922 3181 4985 sententia.
3216 4926 3356 4976 ratio
3388 4925 3627 4992 postulat
3659 4935 3718 4978 ut
3771 4967 3780 4978 .

2128 4997 2244 5065 ejus
2275 4995 2472 5059 verba,
2522 4995 2696 5060 quoad
2745 4995 2863 5060 ejus
2912 4993 3026 5046 lieri
3059 5004 3266 5061 potest,
3334 4996 3618 5050 commode
3657 5007 3720 5048 et

2131 5076 2498 5120 consentattee
2531 5067 2964 5133 interpretemur.
3019 5066 3107 5120 Sic
3133 5067 3297 5134 igitur
3321 5067 3521 5129 sentio,
3549 5082 3718 5121 vocu-

2129 5138 2233 5191 lam
2259 5137 2361 5190 sive
2392 5138 2493 5190 hoc
2532 5136 2654 5190 loco
2702 5151 2807 5188 non
2839 5150 2958 5188 esse
2987 5139 3376 5202 eXpositivam,
3409 5137 3501 5190 sed
3533 5139 3716 5204 potius

2131 5208 2548 5269 adversativam,
2581 5216 2634 5259 ut
2657 5204 2923 5258 dialectici
2950 5209 3263 5274 loquuntur,
3291 5217 3344 5260 et
3363 5209 3587 5274 positam
3616 5225 3716 5275 pro

2130 5279 2284 5330 immo
2313 5278 2401 5332 vel
2429 5278 2857 5332 subaudiendum
2885 5277 3037 5328 etiam
3060 5290 3146 5328 aut
3173 5278 3298 5343 quid
3329 5279 3534 5343 simile;
3565 5291 3617 5331 ut
3639 5284 3716 5332 sit

2129 5364 2321 5403 sensus
2354 5367 2365 5400 :
2399 5349 2656 5417 quosdam
2685 5357 2967 5417 contentos
2995 5362 3115 5401 esse
3142 5347 3276 5400 libra
3310 5352 3463 5416 panis
3498 5365 3511 5403 :
3544 5349 3714 5402 immo

2131 5423 2290 5475 etiam
2322 5416 2576 5482 dimidia,
2622 5434 2714 5471 seu
2745 5419 2886 5486 quod
2917 5416 3057 5470 idem
3106 5430 3223 5482 est,
3263 5434 3356 5473 sex
3386 5420 3580 5472 unciis.
3605 5419 3713 5486 Qui

2129 5492 2345 5560 quidem
2375 5504 2566 5544 sensus
2587 5500 2642 5544 et
2670 5505 2831 5543 verus
2855 5497 2907 5540 et
2938 5490 3127 5560 planus
3157 5499 3258 5554 est,
3293 5491 3559 5560 dictisque
3586 5506 3712 5543 con-

2130 5559 2440 5617 sentaneus.
2467 5561 2553 5615 Sic
2575 5561 2716 5615 enim
2741 5561 2807 5613 de
2843 5559 3078 5613 Antonio
3101 5563 3348 5630 superius
3372 5559 3674 5615 audivimus
3692 5601 3712 5625 ,

2129 5633 2303 5702 ipsum
2337 5635 2495 5686 unico
2524 5631 2857 5700 paxamidio,
2893 5630 2941 5684 id
2974 5640 3058 5684 est
3087 5632 3287 5686 selibra
3315 5633 3464 5702 panis
3495 5649 3587 5686 sex
3608 5647 3712 5686 un-

2130 5708 2330 5760 ciarum
2380 5716 2690 5758 contentum
2739 5703 2924 5757 fuisse.
2974 5703 3040 5757 Et
3082 5707 3135 5758 in
3189 5706 3297 5758 vita
3348 5703 3498 5758 Pauli
3548 5704 3709 5773 primi

2131 5778 2370 5830 eremitae
2397 5784 2581 5829 narrat
2611 5774 2675 5830 D.
2707 5774 3066 5838 Hieronymus
3109 5790 3330 5830 corvum
3375 5776 3428 5830 in
3473 5777 3709 5831 adventu
