3986 6320
480 223 586 280 215

1787 224 2070 282 JUANMS
2110 222 2424 278 CASSIANI

3638 224 3752 284 ΞΜ

447 339 726 409 -pacitatis
752 352 864 395 sua:
893 342 1194 397 saturitatis
1216 348 1469 398 oneretur
1495 341 1746 413 ingluvie.
1777 341 1891 398 Non
1918 342 2062 398 enim
2090 339 2354 411 Aguata,
2407 341 2628 396 noxium
2672 342 2924 398 vitiorum
2965 341 3205 399 fomitem
3258 343 3581 414 igneumque
3617 358 3736 402 suc-

477 432 707 499 qualitas
731 432 868 499 sola,
919 435 1018 490 sed
1050 435 1212 490 etiam
1260 434 1530 505 quantitas
1575 449 1842 501 escarum,
1889 435 2060 490 aciem

475 523 654 578 cordis
693 524 958 591 obtundit,
1004 541 1066 582 ac
1093 538 1274 584 mente
1301 542 1420 582 cum
1452 543 1613 582 carne
1641 527 1839 595 pariter
1866 528 2058 596 impin-

2168 431 2367 488 cendit.

1537 621 1793 678 ALABDI
1840 620 2076 678 GAZIEI
2113 618 2677 678 COMMENTARIUS.

443 747 446 749 Α
474 723 637 786 quam
669 720 902 786 mentem
929 714 1002 784 pii
1035 716 1204 784 patris
1234 725 1288 772 et
1310 717 1634 786 legislatoris
1663 716 1939 771 Benedicti
1965 727 2051 768 at-

443 816 446 819 -
477 781 798 856 tendendatn
825 826 838 846 ,
887 781 946 840 et
973 781 1270 851 ex'jndicio
1299 781 1661 842 et'sententia
1708 787 2050 856 praelatorum

475 853 561 918 pie
589 855 1042 928 interpretandam
1061 856 1254 928 (Epist.
1285 858 1376 915 28.
1398 859 1490 912 lib.
1522 858 1626 926 in).
1653 853 1735 912 Ei
1759 858 1912 927 cujus
1935 858 2052 910 lon-

475 936 542 990 ga
586 923 746 979 nimis
789 935 844 999 et
896 923 1104 999 prolixa
1135 923 1498 999 disputatione
1531 923 1647 984 haec
1685 923 1908 998 quaz'ad
1935 944 2052 984 rem

478 1003 718 1068 nostram
745 1005 799 1051 et
829 997 1029 1052 locide
1071 1015 1177 1067 quo
1218 997 1426 1065 agimus
1465 997 1880 1055 elucidationem
1913 1015 2054 1068 pra:—

473 1065 630 1142 cipuc
650 1077 916 1134 spectant,
941 1065 1114 1142 visum
1137 1080 1220 1125 est
1235 1074 1553 1142 decerpere.
1578 1069 1731 1126 ethic
1753 1065 2048 1132 ascribere,

473 1136 669 1212 quibus
698 1152 813 1212 eos,
844 1139 1018 1212 quoad
1069 1155 1376 1195 mensuram
1401 1136 1578 1212 panis,
1627 1150 1680 1196 et
1709 1150 1867 1211 potus
1892 1141 2052 1212 male

473 1207 541 1282 ab
573 1207 700 1282 ipsis
727 1207 1058 1282 intellectam
1079 1256 1092 1279 ,
1125 1207 1501 1282 ita,redarg'uit
1527 1207 1795 1276 simul,'et
1822 1211 2053 1267 solerter

473 1276 689 1352 instruit
723 1295 736 1332 :
862 1282 996 1334 enim
1024 1276 1280 1351 propensa
1317 1276 1446 1337 libra
1487 1284 1632 1352 panis
1659 1285 1712 1336 in
1755 1283 1838 1335 die
1868 1299 2048 1336 mona-

471 1345 568 1398 cho
594 1364 695 1424 non
716 1345 1096 1424 suffeceritfsi
1123 1345 1222 1406 'vel
1249 1345 1506 1408 modicum
1551 1369 1708 1424 supra
1737 1353 1944 1420 libram,
1974 1355 2054 1408 vel

471 1434 567 1486 pro
592 1419 724 1495 libra
752 1422 899 1474 aliud
923 1425 1232 1495 sumpserit:
1265 1425 1366 1479 nisi
1396 1419 1646 1495 integrant
1686 1425 1884 1478 tertiam
1930 1441 2053 1490 par-

472 1496 570 1562 tem
588 1491 655 1562 ad
671 1506 796 1560 Opus
821 1508 974 1546 ciente
993 1494 1443 1560 sibi,‘reddendam,
1468 1491 1758 1562 cellerario,
1783 1511 1885 1547 non
1901 1496 2052 1549 alteri

473 1559 754 1633 reddiderit
788 1579 806 1614 :
833 1565 876 1615 si
907 1565 1056 1631 plus,
1088 1563 1166 1617 vel
1210 1567 1374 1620 minus
1402 1566 1466 1620 de
1495 1565 1630 1620 libra
1669 1559 1936 1633 inprima
1964 1581 2051 1619 re-

472 1629 690 1704 fectione
718 1629 1010 1699 comederit,
1042 1629 1211 1704 quam
1242 1646 1294 1690 ut
1325 1640 1473 1690 tertia
1502 1653 1621 1704 pars
1648 1636 1718 1689 ad
1744 1629 2052 1690 servandum

471 1702 678 1778 residua
707 1704 794 1778 sit,
828 1705 882 1756 id
907 1715 1005 1768 est,
1040 1702 1094 1758 ut
1123 1724 1214 1761 nec
1236 1709 1353 1772 plus
1383 1702 1532 1762 tertia
1561 1717 1726 1778 parte,
1761 1723 1853 1760 nec
1879 1709 2051 1762 minus

472 1772 756 1846 comedenti
785 1778 1004 1843 supersit
1043 1793 1064 1830 :
1103 1795 1225 1830 num
1261 1779 1376 1832 ideo
1403 1772 1823 1842 condemnamur,
1849 1796 1876 1831 e
1897 1795 2050 1846 paruo

473 1842 588 1920 diso
627 1842 970 1920 excludimur,
1002 1856 1056 1900 ut
1082 1850 1308 1920 perjuri,
1341 1859 1390 1902 et
1436 1850 1532 1919 ﬁlii
1561 1849 1862 1920 perditionis
1889 1842 1942 1902 in
1973 1850 2052 1902 in-

473 1914 675 1978 fernum
711 1914 1243 1984 retrudimur?VQt'tid
1272 1914 1446 1973 autem
1479 1914 1690 1973 de'illis
1737 1919 1933 1977 dicetis.
1962 1921 2050 1987 qui

472 1992 614 2035 extra
663 1987 919 2069 equitant,
961 1999 1007 2042 et
1056 1991 1354 2044 necessitate
1405 1991 1702 2069 monasterii
1723 1991 2051 2069 peqdiversa.
2082 2009 2130 2069 B

470 2064 645 2106 euntes
687 2056 848 2111 multo
878 2068 1102 2125 tempore
1144 2079 1176 2113 a
1203 2063 1510 2115 monasterio
1539 2056 1762 2114 absunt?
1782 2060 2051 2131 Numquid

469 2139 669 2191 semper
693 2143 877 2204 panem
897 2146 1049 2204 suum
1073 2133 1324 2204 trutinare
1343 2133 1614 2204 poterunt?
1636 2131 1907 2204 Numquid
1919 2149 2050 2186 sem-

469 2210 580 2262 per,
606 2206 651 2247 et
683 2197 867 2261 ubique
895 2201 1218 2255 cellerarium
1247 2197 1541 2257 monasterii
1562 2217 1729 2256 secum
1753 2197 1936 2256 habere
1955 2219 2049 2256 va-

470 2265 672 2344 lebunt,
707 2270 790 2321 cui
833 2271 1036 2344 quando
1086 2271 1162 2344 bis
1214 2275 1557 2342 comederint,
1603 2274 1807 2344 tertiam
1851 2283 2050 2344 partem

472 2333 616 2389 libra:
639 2354 750 2415 sure
775 2333 854 2394 ad
883 2357 1074 2395 ctenam
1095 2342 1239 2397 illam
1269 2345 1521 2415 recepturi
1533 2333 1556 2406 ,’
1578 2359 1668 2415 nec
1693 2343 1757 2397 de
1791 2333 1895 2415 a_l_io
1916 2361 2051 2415 pane

471 2411 750 2462 comessuri
777 2415 1133 2466 commendare
1170 2411 1413 2468 valeant?
1469 2415 1535 2468 Et
1588 2413 1725 2468 infra
1757 2431 1771 2467 :
1800 2411 1926 2468 Non
1953 2416 2046 2480 ita,

470 2494 571 2555 non
599 2479 671 2531 ita
699 2484 854 2555 sensit
891 2493 1122 2545 sanctus,
1168 2487 1256 2555 qui
1295 2487 1482 2554 spiritu
1523 2487 1750 2538 omnium
1785 2479 2052 2554 justorum

469 2549 658 2625 plenus
685 2552 845 2625 fuisse
875 2555 1072 2625 dicitur
1100 2571 1118 2608 .'
1149 2549 1251 2609 non
1278 2549 1350 2609 ita
1379 2555 1540 2609 sensit
1569 2571 1588 2612 :
1613 2555 1700 2607 sed
1725 2549 1899 2607 au'dite
1926 2557 2053 2625 quid

467 2621 698 2695 senserit.
723 2620 1048 2695 ntellectum
1071 2629 1184 2695 ejus
1210 2626 1360 2679 verba
1387 2627 1650 2691 sequentia
1672 2620 2048 2680 demonstrant.

471 2689 623 2766 Quod
647 2692 692 2744 si
718 2692 886 2759 labor,
919 2689 1112 2764 inquit,
1145 2697 1277 2766 forte
1296 2689 1463 2766 major
1483 2700 1653 2766 factus
1681 2696 1855 2764 fuerit,
1889 2698 1941 2749 in
1968 2713 2054 2748 ar-

467 2761 620 2812 bitrio
649 2803 661 2822 ,
715 2773 763 2816 et
806 2761 1054 2832 potestate
1099 2761 1297 2820 abbatis
1327 2761 1422 2820 erit
1465 2761 1532 2836 (si
1568 2761 2054 2837 expediat)aliquid

467 2846 676 2901 angere,
701 2845 892 2908 remota
919 2853 1027 2907 pra:
1046 2837 1276 2891 omnibus
1292 2840 1540 2903 crapula:
1561 2847 1616 2890 ut
1638 2854 1917 2908 numquam
1935 2839 2054 2891 sub-

469 2912 612 2970 repat
657 2905 927 2976 monacho
965 2908 1270 2976 indigeries;
1307 2909 1425 2975 quia
1455 2909 1584 2962 nihil
1622 2909 1694 2961 sic
1735 2905 2053 2962 contrarium

467 2983 540 3023 est
571 2976 708 3025 omni
734 2973 1051 3050 Christiano,
1077 2973 1330 3041 quomodo
1356 2980 1742 3050 crapula,rsicut
1768 2981 1842 3032 ait
1871 2978 2052 3032 Domi-

468 3059 564 3119 nus
595 3054 765 3119 noster
797 3061 814 3098 :
853 3045 1054 3119 Videte,
1089 3065 1152 3101 ne
1177 3045 1457 3119 graventur
1482 3049 1639 3102 corda
1664 3059 1830 3102 vestra
1855 3050 1908 3102 in
1940 3065 2053 3101 cra-

469 3114 593 3190 pula
621 3113 774 3184 (Luc.
799 3114 932 3190 siti).
976 3118 1105 3173 Hatc
1133 3113 1326 3186 dicens,
1371 3120 1496 3190 quid
1524 3119 1673 3174 aliud
1699 3137 1853 3189 quam
1882 3135 2056 3173 neces-

467 3187 668 3260 sitatem
716 3187 947 3260 retinuit,
980 3191 1159 3243 vitium
1203 3187 1523 3260 amputavit;
1562 3187 1718 3260 atque
1757 3191 1809 3243 in
1839 3190 2054 3244 arbitrio

467 3255 663 3329 abbatis
692 3269 876 3311 cuncta
915 3259 1217 3329 hujusmodi
1266 3255 1372 3315 esse
1415 3255 1652 3316 censuit?
1678 3260 1784 3315 Sed
1811 3272 1855 3314 et
1883 3262 2056 3314 omnia

431 3365 435 3370 .
467 3327 615 3381 verba
654 3331 764 3399 ejus
810 3329 875 3382 de
913 3327 1154 3385 mensura
1207 3343 1356 3398 potus
1390 3333 1682 3390 tractantis.
1716 3348 1885 3385 nonne
1926 3331 2049 3385 huic

468 3407 656 3473 nostra:
673 3387 1045 3473 'intelligentite
1069 3387 1457 3472 astipulantur?
1489 3403 1617 3469 Qua:
1643 3387 1904 3456 brevitatis
1927 3387 2124 3473 gra-.C

469 3469 540 3543 tia
566 3470 776 3543 libenter
801 3469 1283 3538 intermitteremus;
1311 3474 1399 3528 sed
1438 3476 1560 3543 quia
1589 3474 1668 3527 his
1694 3469 2048 3542 maxime'ejus

467 3541 706 3604 intentio,
735 3549 886 3614 atque
929 3543 1173 3614 discretio
1202 3541 1652 3614 cognosci-potest,
1683 3551 1880 3614 oportet
1906 3541 2050 3598 utea

468 3626 719 3685 ponamus
747 3609 898 3685 (Cap.
931 3613 999 3668 39
1027 3614 1202 3685 Reg).
1233 3609 1616 3685 Unusquisque,
1640 3609 1742 3681 ait,
1780 3616 2050 3685 proprium

467 3681 658 3756 donum
681 3681 831 3756 habet
865 3699 929 3736 ea",
960 3681 1270 3751 Deofalius
1299 3681 1400 3749 sic,
1426 3681 1560 3738 altus
1589 3701 1707 3739 vero
1735 3681 1808 3738 sic
1838 3681 1922 3756 (⁷1
1950 3683 2050 3738 Co-

467 3753 592 3806 rint.
624 3761 744 3823 vn).
779 3753 846 3827 Et
889 3757 1004 3809 ideo
1037 3774 1149 3809 cum
1192 3757 1367 3827 aliqua
1413 3755 1812 3827 scrupulositate
1840 3753 1872 3808 a
1901 3757 2050 3810 nobis

467 3838 711 3875 mensura
760 3825 922 3878 victus
968 3827 1190 3880 aliorum
1230 3825 1577 3889 canstituitur,
1633 3836 1738 3880 ctc.
1778 3825 2049 3879 Bonorum

468 3895 786 3949 diversitates
836 3897 1051 3952 diversis
1089 3916 1120 3951 a
1166 3897 1275 3952 Deo
1306 3899 1489 3951 donari
1534 3897 1678 3962 dicit,
1711 3906 1761 3950 et
1790 3897 1906 3950 ideo
1934 3913 2050 3949 cum

436 3965 860 4030 .srrupulositate
921 3984 1215 4034 mensuram
1258 3969 1421 4021 victus
1473 3968 1698 4020 aliorum
1744 3969 2049 4031 constituit;

467 4035 823 4089 constituendo
867 4047 1034 4092 tamen
1079 4040 1208 4093 nihil
1240 4039 1474 4108 praecipit
1517 4054 1535 4091 :
1565 4039 1654 4108 sed
1693 4055 1807 4092 eam
1848 4054 2052 4092 mensu-

467 4119 596 4178 rant,
629 4122 784 4174 quam
804 4110 963 4178 ponit,
992 4125 1138 4177 posse
1159 4107 1405 4178 sufﬁcere
1415 4107 1660 4177 fratribus
1685 4109 1879 4175 credit;
1903 4110 1946 4162 si
1973 4109 2051 4162 la-

469 4174 702 4250 bor,_ant
729 4177 903 4250 ardor,
937 4174 1024 4232 aut
1053 4174 1288 4250 quwlibet
1320 4174 1594 4233 necessitas
1623 4181 1844 4248 amplius
1884 4196 2050 4250 popo-

469 4197 580 4240 uar,
613 4197 701 4228 aut
729 4197 903 4238 araor,
937 4197 1024 4232 aut
1090 4197 1288 4233 uwtwet
1320 4197 1594 4233 necessitas
1623 4197 1844 4248 amptms
1884 4197 2050 4250 popo-

468 4247 637 4319 scerit,
685 4248 738 4300 in
781 4248 994 4302 arbitrio
1049 4197 1252 4303 z’rioris
1307 4253 1608 4314 constituit;
1649 4253 1954 4319 superﬂua,
2003 4261 2051 4304 et

468 4316 648 4370 vitiosa
671 4325 867 4371 tantum
887 4336 1026 4374 more
1052 4337 1143 4374 suo
1169 4337 1426 4385 resecans,
1455 4331 1502 4372 et
1529 4316 1722 4373 idcirco
1742 4316 2044 4383 satietatem,

468 4395 556 4440 aut
578 4388 876 4459 ebrietatem
903 4393 1072 4444 caveri
1093 4394 1144 4444 in
1173 4391 1406 4444 omnibus
1445 4391 1748 4443 admonens.
1776 4393 1866 4446 Sic
1896 4392 2010 4459 ipse
2034 4412 2048 4445 :

469 4471 532 4529 ac
561 4457 772 4512 demum
801 4473 919 4526 post
941 4475 1108 4529 pauca
1134 4463 1203 4514 ita
1235 4461 1503 4516 concludit
1530 4479 1541 4512 :
1569 4460 1688 4515 Hoc
1720 4457 1941 4515 Sanctus
1963 4462 2054 4515 ille

469 4528 755 4602 intellexit,
789 4530 882 4584 hoc
904 4528 1106 4602 scripsit
1142 4551 1152 4584 :
1185 4533 1282 4585 hac
1319 4535 1381 4586 de
1409 4549 1566 4586 causa
1602 4530 1735 4584 nihil
1757 4533 1900 4602 aliud
1924 4533 2054 4602 difﬁ-

470 4599 602 4660 nire,
628 4599 756 4652 nihil
781 4599 1058 4669 prcecipere
1079 4605 1238 4656 voluit
1260 4619 1278 4656 :
1307 4604 1394 4657 sed
1419 4620 1510 4672 pro
1533 4603 1780 4670 qualitate
1799 4599 2049 4668 locorum,

473 4677 778 4736 temporunt,
813 4688 1034 4735 morum,
1065 4674 1446 4741 inﬁrmitatum,
1481 4682 1525 4727 et
1567 4673 1885 4726 diversorum
1916 4676 2054 4726 acci-

471 4742 702 4792 dentium
723 4743 882 4823 cibos,
907 4752 1073 4812 potus,
1106 4754 1288 4806 vestes,
1326 4756 1378 4823 et
1409 4745 1480 4796 ad
1501 4756 1784 4823 extremum
1812 4744 2051 4823 universa
2081 4764 2133 4823 υ

472 4819 576 4884 tum
601 4813 905 4884 corporibus
931 4857 942 4875 ,
973 4831 1126 4884 quam
1146 4817 1411 4868 animabus
1435 4815 1746 4879 necessaria,
1771 4814 1990 4868 subditis
2015 4832 2050 4868 a

472 4879 719 4936 Patribus
741 4883 855 4938 dari
897 4879 1144 4950 sancivit;
1187 4888 1479 4938 animarum
1508 4886 1662 4937 saluti
1695 4887 2048 4939 tantummodo

470 4952 730 5018 intentus,
765 4965 812 5007 et
851 4971 962 5009 eam
990 4955 1094 5008 sive
1132 4957 1341 5018 dando,
1383 4957 1483 5009 sive
1528 4955 1898 5019 subtrahendo,
1947 4959 2051 5009 sive

469 5024 750 5098 parcendg,
773 5026 874 5078 sive
894 5027 1214 5098 corripiendo
1236 5042 1513 5098 procurare
1532 5025 1786 5098 sollicitus
1806 5027 1956 5098 (Cap.
1980 5029 2053 5082 40

472 5093 654 5164 Reg)
688 5095 797 5149 Hoc
828 5097 1044 5150 ostendit
1068 5093 1300 5150 omnibus
1325 5097 1496 5166 ferein
1521 5097 1644 5150 locis
1678 5097 1891 5166 Regula:
1911 5113 2051 5150 suae:

472 5165 566 5216 hoc
595 5167 886 5232 specialiter
915 5168 1039 5220 dicit
1090 5169 1141 5220 in
1188 5165 1417 5238 capitulo
1452 5171 1686 5237 superius
1735 5165 1905 5229 dicto,
1951 5184 2053 5234 quo

473 5245 656 5305 tractat
685 5256 702 5292 :
727 5239 785 5292 Si
807 5255 978 5292 omnes
998 5239 1178 5292 debent
1200 5239 1760 5304 atqualiternecessarta
1786 5239 2056 5305 accipere?

479 5304 650 5381 Sicut,
683 5311 863 5377 inquit,
896 5311 1137 5381 scriptum
1163 5309 1610 5381 esttdividebatur
1640 5310 1878 5381 singulis,
1904 5304 2061 5376 prout

475 5376 654 5444 cuique
681 5376 808 5449 opus
829 5390 934 5432 erat
967 5376 1101 5450 (Act.
1132 5382 1232 5449 Iv).
1268 5380 1368 5436 Ubi
1398 5399 1498 5435 non
1539 5376 1778 5442 dicimu's,
1802 5389 1856 5431 ut
1883 5395 2060 5447 perso-

473 5461 687 5522 narum,
713 5453 851 5522 quod
876 5451 1023 5516 absit,
1046 5452 1274 5522 acceptio
1295 5453 1361 5506 sit
1396 5469 1414 5506 :
1443 5453 1532 5506 sed
1558 5452 1914 5520 inﬁrmitatum
1936 5466 2057 5503 con»

477 5516 739 5571 sideratio.
780 5519 884 5596 _Ubi
907 5524 992 5591 qui
1014 5516 1189 5596 minus
1213 5524 1435 5596 indiget,
1462 5531 1582 5592 agat
1615 5516 1734 5596 Deo
1761 5530 1873 5596 gf“!
1882 5522 1978 5585 1'08.
2010 5533 2058 5574 ει

477 5601 580 5664 non
626 5593 966 5664 contristetur.
998 5593 1098 5660 Qui
1127 5609 1241 5648 vero
1274 5591 1608 5664 plusindiget,
1635 5591 1936 5646 humilietur
1961 5608 2056 5662 pro

478 5657 827 5734 inﬁrmitate,
859 5679 958 5715 non
1000 5657 1284 5718 cxtollatur'
1315 5682 1408 5734 pro
1456 5657 1808 5718 misericordia
1845 5679 1864 5717 .°
1903 5657 2062 5734 et'ita

480 5731 656 5784 omnia
679 5733 902 5788 membra
929 5745 1072 5789 erunt
1099 5737 1153 5789 in
1177 5731 1324 5806 pace.
1356 5734 1496 5790 Huic
1526 5735 1715 5791 rationi
1741 5734 1920 5805 regula
1942 5733 2064 5791 cha-

2157 715 2345 778 ritatis,
2372 730 2488 782 qua:
2512 714 2580 768 ad
2608 716 2849 772 universa
2873 717 3185 782 seextendit,
3205 725 3256 771 et
3273 717 3447 772 omnia
3472 734 3568 773 sua
3593 721 3740 775 recti-

2159 785 2334 857 tudine
2355 794 2495 839 recta
2514 786 2657 854 facit,
2682 798 2972 850 attestatur,
3004 791 3081 842 uti
3099 787 3163 842 B.
3189 788 3506 857 Augustinus
3534 791 3586 842 in
3611 791 3738 846 libro

2157 853 2222 906 de
2251 854 2482 910 Moribus
2513 853 2758 912 Ecclesia
2777 860 3046 914 catholica:
3073 867 3254 912 contra
3272 853 3593 914 Manichaos
3613 864 3734 915 scri-

2158 925 2274 979 bent
2307 927 2428 1001 dicit
2451 943 2470 980 :
2495 923 2768 1001 continent
2783 947 2836 983 se
2858 931 3014 1001 igitur
3040 930 3079 982 ii
3097 931 3183 997 qui
3205 940 3418 1000 possunt
3435 931 3453 987 l
3457 932 3544 1000 qui
3570 941 3738 986 tamen

2157 1006 2278 1050 sunt
2305 998 2724 1066 innumerabiles)
2753 1009 2802 1053 et
2847 998 2892 1054 α’
2927 1001 3185 1065 carnibus,
3207 998 3262 1052 et
3287 1017 3320 1054 a
3350 998 3490 1065 vino,
3517 1001 3647 1055 duas
3677 1003 3737 1056 ob

2155 1082 2358 1144 causas,
2383 1067 2461 1121 vel
2482 1081 2695 1144 propter
2724 1071 2945 1144 fratrum
2971 1070 3388 1144 imbecillitatem,
3420 1072 3497 1144 vel
3528 1085 3738 1144 propter

2156 1138 2592 1212 libertatemsuam
2621 1138 2868 1212 (Spectat
2894 1143 3068 1197 locum
3101 1141 3346 1212 Apostoli
3377 1141 3443 1197 ad
3466 1138 3736 1198 Rome

2156 1207 2226 1262 de
2257 1207 2477 1284 vitando
2521 1207 2775 1284 seandalo
2800 1207 3184 1284 inﬁrmorum).
3215 1210 3451 1268 Charitas
3479 1217 3738 1284 prwcipue

2155 1279 2476 1351 custoditur,-
2514 1283 2753 1337 charitati
2781 1287 2966 1348 victus,
2995 1279 3237 1338 charitati
3284 1279 3740 1351 sermo,'charitati

2155 1347 2381 1412 habitus,
2403 1350 2645 1407 charitati
2667 1354 2836 1408 vultus
2859 1347 3060 1421 aptatur
3095 1371 3113 1408 :
3143 1357 3308 1409 coitur
3331 1355 3386 1408 in
3415 1347 3596 1420 unam,
3617 1373 3740 1410 con-

2155 1421 2487 1494 spiraturque
2505 1423 2808 1478 charitatem
2823 1441 2841 1478 :
2862 1425 2996 1480 hanc
3025 1425 3238 1490 violare,
3264 1435 3523 1494 tamquam
3547 1426 3736 1488 Deum,

2157 1493 2300 1560 nefas
2320 1493 2546 1547 ducitur.
2569 1494 2753 1549 Sciunt
2766 1495 2898 1548 hanc
2923 1497 3330 1551 commendatam
3342 1493 3489 1549 essea
3509 1495 3736 1560 Christo,

2154 1573 2201 1633 et
2227 1563 2492 1633 apostolis,
2523 1575 2576 1616 ut
2599 1569 2646 1619 si
2671 1567 2779 1619 hwc
2807 1583 2912 1620 una
2938 1567 3092 1628 desit,
3122 1567 3298 1620 inania
3320 1567 3420 1620 sint
3447 1568 3617 1620 omnia
3653 1585 3670 1619 :
3697 1569 3742 1620 si

2152 1630 2459 1709 hwcgdsit,
2490 1637 2645 1709 plena
2696 1637 2799 1709 sint
2849 1638 3018 1690 omnia
3040 1635 3198 1709 (Cap.
3233 1636 3302 1693 54
3333 1636 3510 1707 Reg.).
3545 1637 3743 1692 HaCIe-

2156 1718 2255 1756 nus
2280 1703 2471 1778 Petrus
2490 1704 2845 1778 Venerabilis,
2871 1719 2921 1760 et
2945 1709 3013 1762 ah
3035 1703 3156 1775 ipso
3176 1709 3370 1762 citatus
3397 1703 3743 1778 DJAugusti-

2155 1788 2275 1825 nus.
2336 1773 2392 1846 In
2435 1777 2632 1846 quibus
2680 1778 2973 1832 recitandis
3024 1773 3236 1833 tametsi
3278 1773 3594 1846 prolixum;
3627 1795 3740 1834 non

2155 1853 2332 1917 tamen
2363 1845 2658 1902 lectoribus
2688 1849 2954 1917 religiosis
2986 1845 3382 1904 molestum’me
3413 1850 3579 1903 fuisse
3606 1865 3742 1904 con-

2155 1913 2296 1987 fido,
2346 1929 2471 1969 cum
2528 1919 2665 1973 nihil
2721 1913 2965 1974 ins'tituto
3009 1930 3196 1974 nostro
3242 1921 3738 1987 accommodatius,

2160 1984 2290 2039 nihil
2313 1989 2650 2056 expressius,
2677 1989 2809 2044 tiihil
2829 1989 3121 2052 efficacius,
3141 1998 3197 2045 et
3220 1991 3527 2044 accuratius
3553 1984 3739 2045 aﬂerri

2162 2057 2413 2130 potuisse
2445 2058 2721 2130 videatur:
2777 2069 2835 2114 ut
2888 2061 3044 2129 plane
3073 2061 3262 2130 religio
3301 2060 3434 2115 mihi
3460 2059 3622 2115 fuerit
3655 2063 3742 2116 vel

2159 2126 2301 2200 iota,
2333 2127 2418 2183 vel
2456 2129 2664 2200 apicem
2698 2147 2858 2186 unum
2889 2126 3202 2200 ’prmterire'.
3249 2131 3404 2186 Libet
3454 2142 3632 2186 tamen
3687 2143 3743 2187 et

2158 2195 2388 2269 alterum
2442 2195 2684 2267 ejusdem
2731 2195 3013 2256 sententia:
3065 2211 3389 2258 assertorem
3431 2216 3740 2269 accersere,

2141 2266 2421 2342 (Joannem
2436 2266 2724 2342 Bertelium
2748 2272 2993 2326 abbatem
3012 2271 3569 2342 Luxemburgensem,
3583 2266 3743 2328 eum;

2158 2353 2262 2406 que
2294 2355 2454 2410 super
2471 2340 2675 2411 Regula
2702 2343 2765 2396 D.
2791 2343 3093 2409 Benedicti,
3124 2343 3282 2397 modo
3318 2340 3541 2406 serium,
3575 2346 3743 2399 modo

2159 2411 2388 2483 Eiectum
2411 2411 2773 2481 dialogistam.
2803 2415 2931 2483 Ejus
2956 2415 3121 2468 verba
3144 2422 3268 2468 sunt
3287 2415 3354 2465 ad
3383 2415 3534 2468 illum
3554 2413 3739 2468 locum

2157 2477 2376 2554 Regula;
2395 2477 2725 2554 spectantia:
2753 2477 2908 2550 Quod
2933 2497 3103 2538 autem
3125 2485 3250 2536 dicit
3274 2483 3362 2549 (D.
3388 2483 3743 2554 Benedictus)

2157 2549 2216 2600 de
2235 2551 2388 2627 panis
2418 2551 2546 2627 libra
2573 2549 2844 2621 unicuique
2871 2555 3111 2627 religioso
3131 2555 3346 2627 danda,
3369 2562 3414 2605 et
3445 2555 3582 2627 quod
3611 2549 3745 2608 reli-

2156 2622 2292 2687 quitc
2316 2624 2729 2695 servandte‘sunt
2770 2641 2864 2695 pro
2893 2622 3166 2695 recitaturis
3192 2643 3224 2677 α
3250 2624 3536 2686 cellerario,
3569 2627 3746 2679 nescio

2159 2705 2282 2741 nunt
2308 2692 2378 2743 ita
2416 2694 2554 2756 juste
2593 2692 2901 2748 intellexerit
2939 2694 3276 2756 Benedictus,
3306 2695 3744 2760 quemadmodum

2157 2775 2350 2834 sonare
2393 2763 2628 2817 videntur
2677 2765 2823 2818 verba
2853 2764 3067 2834 Regulae
3093 2781 3112 2818 :
3142 2764 3282 2818 Nam
3331 2766 3403 2818 sic
3457 2765 3566 2818 viro
3619 2763 3742 2831 Dei,

2160 2828 2352 2884 Christi
2376 2847 2623 2904 pauperes
2644 2852 2746 2888 non
2790 2828 3002 2904 fuissent
3028 2851 3168 2890 cura:
3186 2852 3204 2889 :
3227 2845 3271 2888 et
3293 2845 3500 2904 possent
3527 2828 3742 2904 merito,

2158 2917 2219 2974 ac
2247 2904 2380 2974 iuste
2407 2905 2581 2971 obiici,
2621 2908 2759 2974 quod
2779 2905 2963 2960 debeat
2993 2907 3098 2959 illis
3124 2908 3260 2969 dari,
3291 2905 3530 2973 quicquid
3557 2922 3591 2958 a
3616 2909 3749 2959 reli-

2159 2971 2318 3042 giosis
2346 2973 2398 3026 in
2425 2991 2598 3028 mensa
2625 2971 2938 3039 relinquitur
2959 2979 3083 3045 (non
3105 2987 3291 3046 tamen,
3302 2991 3393 3046 per
3420 2971 3600 3029 manus
3629 2976 3752 3030 illo-

2159 3058 2298 3118 rum,
2323 3054 2378 3095 ut
2399 3046 2631 3118 quidam_
2641 3057 2820 3113 putant
2841 3058 2886 3100 et
2908 3047 3141 3116 volunt);
3162 3048 3254 3100 sed
3275 3045 3411 3099 hunc
3425 3048 3593 3118 locum
3615 3059 3749 3118 puto

2159 3111 2234 3165 ita
2280 3111 2565 3188 intelligere
2592 3111 2925 3171 Benedictum
2954 3135 2972 3172 :
3007 3111 3251 3173 Servetur
3297 3132 3417 3187 pars
3460 3111 3625 3188 panis'
3648 3135 3751 3185 pro

2161 3186 2458 3248 ctenaturis,
2491 3197 2537 3239 et
2564 3188 2705 3252 talis,
2732 3205 2846 3256 qua:
2889 3201 3125 3255 respectu
3155 3186 3360 3256 prandii
3390 3203 3490 3241 non
3530 3186 3751 3242 caedat

2160 3270 2215 3308 tn
2243 3271 2385 3308 creua
2416 3272 2550 3330 stepe
2601 3259 2794 3312 dictam
2825 3259 3006 3312 libram
3036 3276 3054 3312 :
3081 3276 3196 3312 nam
3243 3261 3294 3312 in
3341 3257 3750 3330 precedentibus

2161 3334 2208 3379 et
2236 3327 2556 3391 sequentibus
2585 3331 2828 3397 capitulis
2872 3331 2999 3382 nihil
3026 3329 3173 3383 aliud
3200 3327 3454 3394 clamitat,
3507 3346 3661 3397 quam
3694 3340 3751 3383 ut

2157 3412 2441 3463 pauperum
2479 3405 2524 3451 et
2555 3398 2815 3462 hospitum
2843 3417 2966 3453 cura
3007 3400 3272 3453 habeatur.
3305 3400 3428 3454 Haec
3460 3399 3550 3454 ille
3570 3401 3750 3455 subti-

2156 3468 2496 3542 litertnagis,
2527 3484 2688 3542 quam
2712 3470 2999 3542 eleganter
3021 3469 3258 3542 (Dialog.
3291 3468 3402 3539 18).
3437 3470 3513 3524 Ex
3545 3471 3750 3542 quibus

2155 3539 2426 3609 omnibus,
2457 3550 2513 3593 ut
2542 3539 2665 3594 huic
2693 3540 3040 3606 disputationi
3070 3539 3228 3595 linem
3276 3543 3578 3609 imponam,
3614 3540 3750 3597 bre-

2156 3607 2299 3661 viter
2327 3609 2522 3678 colligo
2551 3620 2660 3666 tres
2691 3613 2958 3675 rationes,
2990 3614 3105 3667 sive
3134 3625 3325 3666 causas
3356 3607 3748 3679 rationabiles,

2155 3688 2209 3732 et
2227 3679 2420 3747 justas,
2441 3697 2560 3750 quae
2577 3690 2687 3736 tum
2709 3684 3108 3737 sanctissimum
3129 3692 3334 3750 patrem
3356 3681 3739 3747 Benedictum,

2155 3759 2268 3822 tum
2301 3750 2418 3818 ejus
2439 3767 2786 3822 successores
2801 3753 3040 3822 ejusdem
3063 3753 3273 3808 ordinis
3296 3761 3502 3821 patres,
3535 3761 3589 3806 et
3607 3768 3751 3820 prac-

2155 3819 2323 3893 sules,
2355 3831 2409 3893 et
2437 3821 2584 3893 ipsas
2613 3819 3057 3893 congregationes
3087 3819 3637 3893 moverelpotuerint,
3675 3839 3743 3878 ac

2155 3891 2352 3944 merito
2379 3891 2685 3959 debuerint,
2713 3891 2771 3947 ut
2801 3891 2905 3948 tam
2932 3896 3155 3963 largam,
3185 3902 3240 3948 et
3272 3891 3584 3948 afﬂuentem
3612 3909 3745 3962 por-

2155 3962 2474 4035 tionem,Aac
2503 3978 2809 4017 mensuram
2843 3966 2992 4033 panis
3018 3962 3574 4035 quotidianaanuta
3609 3965 3750 4018 dua-

2157 4047 2298 4093 rum,
2333 4031 2517 4099 trium,
2549 4042 2644 4088 aut
2669 4031 2900 4103 quatubr
2931 4031 3216 4100 librarum,
3267 4034 3524 4090 fratribus
3547 4034 3753 4102 imper-

2158 4103 2424 4169 tiendam,
2471 4119 2538 4159 ac
2585 4105 3007 4160 distribuendam
3039 4105 3364 4175 judicarent.
3395 4105 3571 4159 Prima
3606 4108 3750 4160 ratio

2157 4190 2314 4240 quam
2345 4176 2516 4246 tangit
2549 4177 2608 4229 D.
2643 4175 2988 4244 Benedictus,
3019 4192 3086 4231 ex
3119 4175 3563 4246 consideratione
3588 4176 3747 4230 labo-

2156 4261 2300 4307 rum,
2332 4253 2386 4298 et
2434 4245 2694 4317 Operlltn,
2736 4248 2930 4317 quibus
2975 4247 3225 4302 monachi
3273 4245 3592 4301 insudarent
3625 4264 3637 4297 :
3673 4247 3741 4302 Si

2157 4317 2322 4389 labor,
2348 4317 2519 4384 inquit
2550 4316 2674 4388 (Ubi
2715 4316 2921 4389 supra),
2953 4318 3305 4389 factusfuerit
3337 4318 3524 4389 major,
3568 4317 3622 4389 in
3653 4332 3746 4370 ar-

2157 4387 2308 4438 bitrio
2347 4397 2394 4439 et
2441 4386 2688 4456 potestate
2733 4386 2930 4442 abbatis
2954 4386 3069 4442 'erit
3125 4388 3206 4459 (si
3245 4386 3511 4457 expediat)
3543 4388 3747 4451 aliquid

2155 4473 2370 4524 augere,
2397 4469 2529 4524 etc.,
2559 4459 2702 4528 quod
2733 4460 3160 4529 intelligendum,
3185 4459 3744 4524 ait'l‘urrecrematus,

2157 4544 2256 4580 non
2279 4537 2484 4600 tantum
2507 4529 2572 4582 de
2601 4529 2776 4582 labore
2801 4532 2853 4583 in
2881 4531 3043 4600 agris,
3070 4541 3117 4582 et
3140 4530 3199 4600 fin
3227 4530 3467 4600 operibus
3495 4545 3746 4582 manuum

2158 4599 2380 4667 (quibus
2429 4600 2683 4654 nimirum
2727 4599 2967 4669 tempore
3026 4601 3085 4654 Ι).
3135 4599 3411 4655 Benedicﬁ
3457 4609 3515 4654 et
3561 4600 3749 4653 multis

2159 4669 2383 4737 posthac
2415 4671 2747 4738 temporibus
2784 4671 3047 4725 vacabant
3079 4669 3331 4724 monachi
3382 4670 3452 4723 ob
3501 4670 3743 4738 inopiam

2158 4750 2212 4792 et
2244 4741 2414 4793 victus
2441 4739 2866 4805 necessitatem),
2894 4743 2979 4794 sed
3005 4743 3154 4794 etiam
3185 4742 3249 4794 de
3278 4741 3452 4794 labore
3489 4741 3543 4793 in
3573 4741 3751 4809 officiis

2157 4810 2345 4881 divinis
2364 4850 2376 4871 ,
2402 4813 2534 4863 sicut
2555 4821 2627 4864 est
2651 4813 2701 4863 in
2732 4811 2909 4865 diebus
2927 4813 3257 4875 solemnibus,
3277 4813 3330 4867 in
3351 4810 3537 4881 quibus
3561 4811 3751 4863 solem-

2158 4883 2274 4932 nius
2303 4880 2523 4951 dicendo
2550 4881 2778 4951 ofﬁcium
2804 4882 3041 4936 monachi
3063 4880 3434 4935 consueverunt
3455 4882 3618 4934 multo
3643 4897 3753 4933 am-

2160 4952 2296 5015 plius
2329 4947 2711 5007 laborarefSic
2735 4954 2870 5020 ipse.
2895 4954 2961 5007 Et
2985 4952 3253 5007 Bertelius
3280 4953 3410 5006 item
3433 4952 3524 5005 ubi
3550 4967 3712 5021 supra
3735 4969 3752 5010 ;

2163 5022 2440 5089 Maiorem,
2476 5024 2674 5092 inquit,
2709 5021 2934 5077 laborem
2963 5032 3132 5088 vocat,
3159 5039 3262 5092 quo
3291 5023 3364 5076 ita
3393 5022 3754 5092 defatigantur

2161 5108 2393 5161 corpora,
2424 5104 2477 5146 ut
2518 5093 2638 5148 inde
2679 5095 2999 5149 imbecillitas
3036 5095 3104 5145 ad
3139 5093 3483 5162 spiritualium
3523 5109 3754 5161 perseve~

2163 5165 2382 5216 nuntiam
2424 5174 2702 5235 sequatur;
2733 5176 2781 5218 et
2811 5181 2981 5236 quem,
3002 5235 3007 5236 ί
3029 5180 3138 5236 pro
3159 5165 3410 5232 qualitate
3438 5164 3755 5236 conditionis

2165 5244 2211 5287 et
2261 5244 2453 5302 status,
2493 5234 2702 5289 discreti
2744 5234 2912 5290 rerum
2941 5235 3390 5288 administratores
3421 5234 3755 5288 considerant

2171 5321 2275 5385 esse
2302 5316 2486 5385 printer
2511 5309 2743 5360 solitum.
2778 5305 3026 5361 Secunda
3061 5305 3222 5371 ratio,
3264 5306 3316 5360 in
3344 5304 3641 5385 subsidium
3684 5314 3756 5385 ει

2169 5377 2578 5431 suliventionem
2622 5392 2916 5448 pauperum
2969 5390 3216 5444 :nempe
3282 5386 3340 5448 ut
3392 5391 3458 5431 ex
3509 5375 3755 5444 reliquiis

2175 5464 2372 5501 inclusa:
2403 5445 2639 5502 fratrum
2666 5448 2845 5514 plures
2870 5445 3185 5518 alantur,oet
3209 5447 3527 5518 reﬁciantur
3547 5460 3754 5518 paupe-

2175 5534 2281 5582 res,
2313 5528 2367 5571 et
2393 5519 2682 5587 ampliores
2705 5518 3068 5588 eleemosynaa
3099 5516 3255 5583 (iant,
3288 5534 3411 5573 cum
3442 5516 3697 5587 quidquid
3719 5531 3752 5570 a

2174 5589 2442 5660 religiosis
2467 5591 2520 5643 in
2554 5603 2738 5642 mensa
2769 5588 3120 5660 relinquitur,
3151 5590 3479 5658 pauperibus
3518 5597 3752 5660 erogari.

2174 5658 2300 5714 dum
2329 5663 2426 5718 sit.
2451 5669 2509 5713 ut
2553 5660 2800 5727 superius
2827 5673 2896 5713 ex
2924 5658 3115 5713 eodem
3155 5660 3387 5716 Bertelio
3429 5658 3748 5712 audivimus.

2175 5733 2345 5800 Quam
2359 5731 2577 5801 quidem
2610 5730 3074 5801 eleemosynarum
3105 5729 3438 5802 largitionem
3467 5727 3749 5800 hospitali-
