3986 6320
205 281 286 340 217

798 399 1028 456 CAPUT
1068 397 1158 454 Vl.

449 533 607 600 Quod
629 551 732 588 non
757 534 868 588 solo
895 534 1012 588 uino
1037 549 1176 586 mens
1205 531 1514 586 inebriatur.

267 683 290 712 ι
305 671 648 738 Quibnslibet
670 671 811 726 escis
833 669 1069 724 refectus
1092 677 1270 724 ventes
1297 667 1588 726 seminaria
1611 665 1772 720 luxu-

206 767 282 822 riae
311 767 472 836 parit,
507 779 610 819 nec
653 764 908 832 praevalet
948 777 1102 818 mens
1146 761 1538 817 discretionem
1580 761 1777 829 guber-

207 859 372 912 uacula
403 857 702 924 moderari,
727 855 754 894 1³
782 857 1022 912 ciborum
1053 855 1292 923 pondere
1323 853 1630 924 prmiocata.
1663 853 1778 908 Non

207 953 328 1005 enim
359 952 473 1006 sola
509 951 730 1020 crapula
761 951 872 1006 vini
909 956 1142 1006 mentem
1181 949 1444 1005 inebriare
1476 948 1777 1014 consuevit,

207 1061 372 1098 verum
390 1045 555 1100 etiam
577 1053 894 1100 cunctarum
907 1057 1153 1098 escarum
1175 1043 1424 1098 nimietas
1435 1042 1778 1097 vacillantem

209 1155 304 1194 eam
335 1153 399 1194 ac
429 1137 803 1193 nutabundam
835 1136 1031 1200 reddit,
1066 1135 1322 1205 omnique
1361 1135 1686 1206 integritatis
1719 1149 1780 1190 ac

209 1233 440 1302 puritatis
471 1230 934 1300 contemplatione
972 1229 1246 1300 dispoliat.
1296 1229 1590 1285 Sodomitis
1617 1244 1780 1284 causa

671 263 1282 338 nu'cmuomonuu
1315 276 1562 334 INSTIT.
1605 275 1732 334 ue.
1777 275 1848 334 v.
1877 307 1944 318 —-
1977 277 2063 332 ne
2102 277 2374 334 senum
2411 275 2978 336 cas'ruumncw.

3355 277 3462 336 213

1797 429 1853 492 Α
1879 394 2243 448 subversionis
2287 401 2447 464 atque
2487 394 2732 462 luxuriae,
2779 411 2888 450 non
2929 395 3036 449 vini
3085 393 3322 464 crapula,
3366 393 3464 450 sed

1881 487 2136 542 saturitas
2153 487 2356 542 exstitit
2378 487 2549 557 panis.
2573 487 2710 542 Audi
2739 487 3021 543 Dominum
3040 502 3136 558 per
3151 487 3467 556 prophetam

1881 579 2215 636 Hierusalem
2259 580 2626 650 increpantem
2659 579 2872 648 (Exerit.
2905 578 3020 651 xw)
3055 597 3068 634 :
3107 590 3130 618 ο
3166 578 3302 648 Quid
3324 581 3468 636 enim

1881 673 2126 741 peccavit
2145 687 2300 727 soror
2321 681 2411 726 tua
2439 672 2695 739 Sodoma,
2728 673 2828 728 nisi
2859 673 2980 742 quia
3009 687 3200 742 panem
3231 688 3386 728 suum
3415 674 3470 730 in

1883 767 2164 822 saturitate
2187 776 2242 822 et
2265 767 2598 822 abundantia
2627 766 2973 823 comedebat?
3003 765 3074 821 Et
3103 767 3226 837 quia
3255 783 3352 836 per
3385 783 3474 822 sa-

1885 861 2158 915 turitatem
2187 859 2342 930 panis
2371 859 2792 930 inexstinguibili
2821 857 3004 916 carnis
3034 859 3246 914 fuerant
3275 859 3473 914 ardore

1886 950 2152 1016 succensi,
2197 951 2398 1020 judicio
2445 950 2540 1006 Dei
2587 951 2802 1008 coalitus
2841 959 2969 1005 sunt
3011 949 3132 1020 igne
3176 949 3472 1018 sulphureo

1887 1048 2214 1100 concremati
2254 1043 2411 1116 (Gen.
2449 1045 2588 1118 ιιι).
2628 1043 2781 1114 Quod
2825 1045 2872 1102 si
2917 1045 3037 1100 illos
3071 1045 3184 1100 sola
3225 1045 3474 1100 nimietas

1887 1139 2042 1206 panis
2057 1137 2123 1194 ad
2145 1149 2254 1194 tam
2277 1150 2604 1210 praeruptum
2626 1138 2948 1208 ﬂagitiorum
2973 1135 3476 1208 praecipitiumvitio

1888 1229 2155 1288 satietatis
2193 1231 2436 1302 impegit,
2473 1231 2604 1302 quid
2641 1231 2974 1288 censendum
3001 1240 3088 1286 est
3121 1230 3190 1287 de
3215 1229 3304 1286 his
3327 1229 3352 1268 ἀ
3384 1231 3476 1301 qui

1259 1363 1518 1420 ALARDI
1557 1362 1786 1420 GAZEI
1823 1361 2384 1424 COMMENTARIUS.

209 1463 283 1516 tati
311 1461 532 1516 afﬁnem
586 1461 712 1516 huic
760 1459 937 1515 ordini
975 1459 1130 1514 velut
1157 1459 1502 1514 essentialem
1535 1457 1651 1516 DD.
1683 1457 1788 1510 Lo-

212 1537 482 1586 vauienses
513 1541 846 1604 censuerunt
891 1531 982 1604 (lu
1013 1547 1242 1604 respons.
1273 1531 1343 1584 ad
1369 1529 1564 1604 Quaest.
1601 1529 1786 1597 Aquis-

211 1605 458 1670 einrten.).
487 1604 672 1658 Tertia
701 1601 863 1668 ratio,
899 1601 964 1656 ad
990 1601 1288 1671 augendum
1319 1601 1571 1656 meritum
1603 1615 1788 1652 mona-

213 1676 440 1738 chorum,
474 1675 566 1744 qui
599 1689 658 1728 se
679 1673 748 1726 ab
775 1673 854 1726 eis
875 1687 994 1740 qua!
1050 1671 1153 1744 sibi
1203 1679 1548 1744 apponuntur
1595 1679 1792 1744 sponte

213 1747 477 1800 abstinent.
493 1742 720 1814 propter
741 1744 910 1798 Deum
932 1752 988 1798 et
1013 1743 1206 1796 animae
1231 1743 1485 1814 salutem,
1517 1742 1780 1814 parciore,

213 1833 350 1886 quam
384 1812 512 1880 quae
535 1812 920 1886 sibispppetit,
951 1828 1202 1886 mensura
1236 1813 1506 1886 contenti,
1539 1812 1782 1886 scientes

214 1869 619 1956 iumWApostolo
642 1869 864 1957 (Pbilip.
901 1869 982 1957 iv)
1009 1869 1194 1957 satiari
1220 1895 1278 1957 et
1294 1869 1523 1957 esurire;
1550 1883 1786 1957 abunda-
1815 1869 1864 1928 Β

213 1975 254 2012 re
273 1969 312 2012 et
337 1954 624 2027 penuriam
645 1954 776 2028 pati.
799 1955 930 2024 Qum
958 1954 1060 2028 fuit
1086 1955 1314 2028 insignis
1334 1955 1576 2010 doctrina
1599 1954 1657 2008 S.
1687 1954 1786 2008 Pa-

215 2025 396 2084 choniii
453 2025 690 2090 abbatis.
736 2029 850 2096 qui,
887 2037 942 2079 ut
971 2026 1108 2080 alias
1136 2025 1336 2080 dictum
1368 2033 1478 2091 est,
1521 2033 1786 2096 monaste-

216 2102 324 2153 rium
355 2099 625 2168 quoddam
653 2095 757 2152 sibi
793 2098 1082 2164 subiectum
1111 2098 1392 2166 ingressus,
1426 2095 1788 2168 cumiuidisset

215 2173 256 2223 in
273 2167 444 2224 culina
466 2171 600 2223 nihil
626 2183 826 2222 coctum
857 2169 1100 2236 fratribus
1121 2169 1391 2240 apparari,
1423 2167 1642 2240 grauiter
1667 2183 1789 2240 suc:

215 2244 420 2308 certsuit,
483 2257 644 2308 coquo
701 2243 816 2294 licet
868 2237 1199 2304 excusante,
1229 2241 1368 2308 quod
1419 2237 1604 2304 fratres
1659 2237 1792 2308 niliil

217 2307 520 2366 coctumsibi
539 2307 1187 2382 appositumcontederent.
1207 2307 1284 2362 An
1299 2309 1572 2382 ignoratis,
1599 2307 1790 2382 inquit,

215 2385 328 2450 quod
351 2379 644 2454 gloriosum
667 2385 732 2434 sit
757 2383 970 2450 simper.
993 2382 1246 2434 abstinere
1257 2379 1632 2454 praesentibus?
1655 2379 1704 2430 Ν
1711 2397 1794 2454 aut

218 2457 252 2507 si
269 2451 379 2522 quis
407 2455 472 2506 ab
489 2471 552 2506 ea
577 2471 632 2505 re
659 2470 773 2520 igua!
793 2455 846 2505 in
875 2453 988 2524 ejus
1015 2460 1089 2505 est
1121 2461 1386 2518 potestate,
1422 2451 1594 2524 divina
1625 2451 1796 2502 consi-

218 2519 468 2579 deratione
487 2541 540 2578 se
571 2519 814 2584 continet.
837 2519 1081 2590 magnum
1111 2525 1442 2589 consequitur
1471 2538 1502 2573 a
1527 2519 1634 2574 Deo
1661 2535 1796 2588 prai-

221 2601 386 2648 mium.
411 2599 490 2650 Ab
519 2612 580 2648 ea
609 2611 728 2649 vero
755 2611 809 2648 re
840 2597 988 2664 cujus
1013 2595 1193 2664 utendi
1210 2593 1468 2646 licentiam
1488 2607 1600 2664 non
1621 2590 1794 2652 habet.

219 2671 434 2734 quadam
463 2669 696 2718 noscitur
733 2663 1030 2719 necessitate
1060 2663 1280 2716 cohiberi
1315 2679 1332 2716 :
1371 2673 1418 2714 et
1439 2663 1556 2715 ideo
1587 2671 1800 2734 propter

221 2737 562 2792 abstinentiam
608 2749 842 2789 coactam
883 2745 1036 2804 atque
1077 2735 1347 2797 inutilem,
1379 2735 1574 2802 frustra
1600 2733 1800 2784 videtur

227 2821 502 2874 exspectare
530 2808 836 2860 mercedem.
873 2805 1106 2874 Denique
1127 2821 1244 2858 cum
1277 2807 1451 2870 plures
1477 2818 1605 2858 estw
1622 2819 1802 2874 appo-

225 2872 330 2930 sitae
342 2881 550 2948 fuerint,
571 2881 614 2932 si
635 2883 824 2948 fratres
839 2872 1043 2946 parcius
1061 2877 1142 2930 his
1160 2885 1373 2930 utuntur
1391 2885 1598 2946 propter
1611 2872 1800 2948 Deum,

223 2943 501 3018 tunc’apud
531 2943 698 3003 Deum
723 2950 818 3002 sibi
840 2943 1123 3000 'ntarimam
1151 2963 1292 3014 spem
1319 2943 1804 3018 reponunt.De_ci-

221 3019 288 3073 bis
313 3015 482 3074 autem
503 3037 632 3087 quos
673 3037 778 3072 non
807 3020 1007 3082 vident,
1053 3035 1143 3070 nec
1189 3019 1262 3072 eis
1308 3019 1377 3070 ad
1419 3015 1806 3087 percipiendum

221 3091 432 3159 facultas
465 3093 578 3145 ulla
605 3091 884 3146 tribuitur:
915 3090 1172 3159 quomodo
1201 3105 1293 3156 pro
1322 3089 1650 3159 parcimonia
1673 3102 1808 3159 prte-

219 3157 364 3216 iuium
385 3161 736 3218 conceditur?
761 3162 854 3216 Sic
884 3162 936 3214 in
965 3158 1084 3213 Vita
1107 3159 1166 3213 S.
1201 3159 1502 3214 Pachomii.
1531 3163 1600 3212 At
1623 3157 1690 3212 de
1723 3158 1806 3210 his

219 3247 358 3291 Salis.

279 3313 304 3340 ⁸
333 3306 400 3360 Ι).
435 3305 802 3376 Hieronymus
831 3302 988 3376 epist.
1021 3301 1087 3376 l0
1120 3319 1130 3353 :
1165 3301 1450 3376 Nonnulli,
1486 3301 1677 3371 inquit,
1724 3303 1804 3354 oi-

221 3385 314 3428 tam
351 3377 612 3447 pudicam
646 3373 993 3443 appetentium
1033 3374 1086 3447 in
1129 3373 1294 3426 medio
1327 3374 1509 3447 itinere
1536 3382 1800 3447 corruunt,

219 3448 328 3500 dum
348 3443 526 3502 solam
549 3447 910 3501 abstinentiam
927 3445 1158 3496 carnium
1179 3453 1380 3509 curant,
1401 3453 1448 3496 et
1467 3443 1808 3512 leguminibus

217 3529 422 3598 onerant
459 3517 804 3598 stomacburrt,
851 3531 964 3596 quae
1006 3515 1265 3598 moderate
1311 3531 1558 3598 parceque
1600 3525 1810 3596 sumpta

217 3591 422 3642 innoxia
465 3599 610 3642 sunt.
645 3589 708 3641 Et
738 3587 832 3640 lib.
865 3602 902 3639 ιι
935 3586 986 3638 in
1015 3583 1358 3639 Iovinianum
1397 3603 1408 3636 :
1441 3583 1614 3638 Etiam
1644 3583 1808 3638 exui-

219 3661 422 3716 lissimis
445 3662 578 3714 cibis
603 3659 816 3712 uitanda
844 3659 1052 3710 satietas
1077 3665 1151 3708 est
1179 3671 1196 3708 :
1225 3657 1356 3708 nihil
1383 3657 1516 3708 enim
1539 3657 1614 3708 ita
1640 3657 1810 3708 obruit

217 3733 462 3794 animum,
504 3740 562 3783 ut
604 3732 788 3802 plenus
817 3739 1006 3791 venter,
1039 3737 1098 3802 et
1117 3737 1428 3802 esttuans.
1457 3735 1506 3780 et
1533 3725 1632 3778 huc
1656 3727 1810 3802 illuc-

215 3819 304 3870 que
319 3820 374 3856 se
405 3798 640 3864 uertens,
666 3813 712 3854 et
735 3803 790 3854 in
819 3807 994 3854 ructus
1021 3799 1098 3851 vel
1123 3800 1344 3866 crepitus
1375 3807 1647 3850 uentorum
1673 3798 1808 3866 effla-

217 3874 344 3926 tione
371 3875 670 3945 respirans.

275 3947 304 3984 ιι
335 3937 483 4000 Hinc
517 3947 576 3997 Ι).
605 3945 1032 4014 Chrysostomns
1062 3939 1246 4008 (Hom.
1273 3939 1344 3994 44
1366 3942 1419 3993 in
1445 3937 1631 4014 Joan.)
1664 3958 1675 3992 :
1711 3937 1812 4014 Μ-

219 4017 284 4091 bil
320 4019 454 4091 gula
507 4011 1148 4091 perniciosius;obtu_sum
1187 4020 1236 4065 et
1275 4027 1518 4091 crassum
1549 4011 1812 4091 ingenium

217 4082 354 4155 facit,
395 4089 672 4141 carnalem
706 4094 864 4138 creent
901 4085 1212 4136 intellectum
1239 4128 1252 4150 ,
1294 4099 1383 4136 nec
1417 4082 1540 4134 sinit
1573 4091 1628 4134 ut
1665 4083 1814 4152 quid—

215 4175 362 4224 quam
389 4159 702 4231 perspiciut.
737 4157 806 4210 Et
834 4155 960 4208 alibi
990 4155 1270 4231 eleganter
1303 4171 1314 4205 :
1351 4155 1498 4231 Sicut
1523 4156 1667 4231 uariis
1692 4169 1816 4231 one-

217 4222 348 4283 raria
389 4222 532 4298 'que
567 4245 730 4300 supra
771 4243 916 4278 suam
953 4225 1360 4300 magnitudinem
1393 4222 1626 4300 vehenda
1655 4225 1809 4300 cepit,

217 4307 380 4355 oneris
407 4295 790 4370 magnitudine
829 4295 1049 4365 grauata
1071 4296 1444 4370 submergitur;
1485 4295 1558 4370 ita
1587 4295 1816 4370 corporis

215 4375 372 4425 nostri
397 4364 619 4436 natura,
647 4371 692 4422 si
715 4364 887 4438 plures
907 4369 1100 4435 accepit
1123 4364 1290 4430 cibos,
1303 4381 1454 4434 quam
1470 4364 1812 4438 ferrepossit,

213 4441 542 4512 ingestorum
565 4437 874 4511 grauitatem
908 4455 1008 4490 non
1055 4442 1244 4512 ferens,
1273 4439 1326 4490 in
1351 4437 1820 4512 perditionis_pela-

215 4509 304 4580 Qus
343 4509 697 4578 demergitur,
725 4521 770 4563 et
805 4517 1009 4574 nautas,
1053 4520 1100 4580 et
1145 4509 1530 4580 gubernatores,
1564 4517 1608 4560 et
1647 4509 1818 4580 ipsum

215 4569 340 4638 unus
365 4601 498 4637 cum
525 4569 818 4636 b'ominibus
843 4569 1007 4650 perdit
1037 4569 1336 4650 (Ini-homil.
1367 4569 1482 4650 con.
1511 4569 1736 4650 tuguri).

1890 1469 1942 1512 et
1979 1459 2272 1528 juvenibus
2313 1461 2557 1527 vitando,
2599 1461 2768 1516 multa
2807 1461 3068 1528 praclare
3099 1459 3160 1514 D.
3189 1459 3478 1531 Hierony-

1893 1545 2012 1584 mus
2045 1541 2156 1584 Ioto
2185 1532 2325 1586 libro
2362 1547 2398 1587 ιι
2431 1543 2613 1588 contra
2644 1533 3010 1598 Iovinianum,
3055 1531 3146 1586 ubi
3188 1530 3303 1585 hinc
3336 1530 3478 1586 inter

1893 1601 1996 1654 alia
2031 1602 2184 1672 (Cap.
2221 1602 2280 1672 6)
2325 1621 2336 1656 :
2377 1603 2488 1658 Fac
2521 1620 2662 1658 esum
2693 1605 2926 1657 carnium
2957 1603 3154 1656 cunctis
3183 1603 3481 1655 nationibus

1891 1689 1998 1726 esse
2009 1689 2361 1745 communem,
2382 1675 2642 1745 etpassim
2667 1675 2818 1728 licere
2842 1673 2980 1744 quod
2999 1673 3194 1742 passim
3221 1673 3480 1744 gignitur;

1889 1744 2016 1867 Ἠλία
2039 1745 2107 1796 ad
2129 1761 2242 1808 nos,
2266 1744 2483 1812 quorum
2509 1747 2829 1799 conversatio
2848 1745 2901 1798 in
2929 1745 3068 1798 cretis
3088 1745 3196 1798 est?
3217 1745 3305 1812 qui
3325 1759 3480 1811 super

1941 1815 2267 1867 uthaaoram.
2283 1826 2328 1867 et
2355 1815 2739 1867 Empedoclem-
2766 1825 2814 1867 et
2837 1833 3009 1867 omnes
3029 1815 3297 1867 sapientia?
3320 1825 3480 1867 secta-

1941 1815 2267 1884 ytbagoram,
2283 1826 2328 1888 et
2355 1815 2740 1888 Empedoclem,
2766 1825 2814 1870 et
2837 1833 3009 1870 omnes
3029 1815 3297 1888 sapientite
3320 1825 3484 1888 secta-

1891 1895 2048 1950 tores,
2080 1903 2184 1940 non
2215 1888 2261 1938 ei
2293 1886 2556 1952 debemur,
2596 1891 2676 1941 cui
2709 1888 2989 1948 nascimur,
3033 1886 3119 1940 sed
3145 1886 3228 1939 cui
3255 1887 3484 1940 renasci-

1891 1971 2042 2030 mur;
2071 1958 2160 2030 qui
2188 1969 2562 2030 repugnantem
2588 1975 2812 2022 carnem,
2843 1969 2890 2012 et
2921 1957 3291 2030 adglibidinumg
3312 1958 3486 2011 incen-

1895 2028 1998 2080 tiva
2037 2028 2334 2097 rapientem
2351 2029 2522 2082 inedia
2561 2031 2939 2100 subjugamus?
2977 2028 3110 2082 Esus
3149 2028 3402 2100 carnium,
3432 2035 3482 2100 et

1895 2109 2050 2164 potus
2089 2101 2214 2164 vini,
2253 2101 2540 2168 rentrisque
2578 2098 2844 2164 saturitas,
2885 2099 3217 2152 seminarium
3254 2098 3486 2152 libidinis

1895 2176 1990 2220 est.
2037 2169 2186 2224 Unde
2213 2177 2258 2222 et
2293 2169 2530 2225 Comicus
2563 2187 2582 2226 :
2610 2172 2738 2226 Sine
2771 2171 2973 2228 Cerere.
3009 2171 3190 2240 inquit,
3223 2181 3271 2222 et
3304 2169 3488 2240 Libero

1897 2241 2051 2310 friget
2089 2240 2281 2296 Venus.
2317 2241 2384 2295 Et
2413 2243 2464 2295 in
2500 2244 2660 2310 epist.
2691 2242 2784 2302 ‘22.
2813 2243 2878 2296 ad
2911 2240 3282 2302 Eustochium,
3315 2239 3400 2293 ubi
3421 2255 3486 2293 ex

1899 2313 2082 2364 multis
2107 2313 2402 2382 prtemissis
2429 2312 2500 2366 ita
2532 2314 2806 2368 concludit
2832 2329 2846 2366 :
2883 2311 2944 2366 Si
2971 2312 3094 2380 quid
3123 2311 3298 2382 itaque
3327 2312 3378 2364 in
3409 2327 3488 2362 me

1899 2391 2060 2450 potest
2099 2380 2205 2456 esse
2245 2385 2468 2456 consilii,
2513 2385 2557 2438 si
2601 2395 2808 2456 experto
2850 2384 3094 2456 creditur,
3133 2380 3230 2456 bac
3265 2384 3490 2456 primum

1900 2469 2100 2518 moneo,
2146 2455 2240 2506 hoc
2274 2454 2524 2526 obtestor,
2559 2465 2614 2508 ut
2644 2453 2831 2526 sponsa
2870 2453 3060 2526 Christi
3105 2453 3277 2526 uinum
3324 2453 3488 2522 fugiat

1902 2539 1994 2590 pro
2021 2537 2228 2578 veneno.
2265 2524 2393 2578 Haec
2427 2523 2679 2579 adversus
2697 2525 3098 2578 adolescentiam
3137 2523 3304 2592 prima
3345 2539 3491 2577 arma

1901 2603 2018 2646 sunt
2048 2596 2355 2650 dmmonum.
2402 2595 2584 2650 Vinum
2613 2605 2660 2650 et
2693 2596 3041 2648 adolescentia
3071 2593 3262 2662 duplex
3305 2603 3376 2646 est
3403 2593 3490 2644 in-

1903 2666 2153 2748 cendium.
2177 2668 2454 2748 uoluptatis
2493 2684 2510 2720 :
2549 2667 2676 2748 quid
2715 2667 3138 2748 oleum/lamma:
3161 2662 3490 2748 adimimus:

1903 2735 2028 2801 quid
2050 2739 2258 2810 ardenti
2289 2735 2597 2810 corpusculo
2628 2739 2850 2809 fomenta
2881 2735 3078 2810 ignium
3103 2735 3493 2810 miniittramus?

1907 2815 2012 2880 etc.
2047 2809 2112 2863 Et
2141 2809 2246 2862 alio
2287 2807 2340 2860 in
2375 2803 2494 2863 loco
2517 2808 2606 2880 (In
2628 2803 2763 2880 'cap.
2795 2823 2828 2862 γ
2857 2803 3024 2880 epist._
3047 2805 3117 2880 ad
3158 2803 3371 2880 Galat.)_
3393 2805 3494 2880 hoc

1909 2876 2050 2948 idem
2082 2879 2369 2932 consilium
2409 2875 2918 2940 conﬁrmat'dicen’s
2951 2896 2962 2930 :
2994 2875 3138 2931 Licet
3173 2876 3496 2948 mequidem

1907 2947 1962 3021 in
1986 2966 2046 3004 eo
2073 2951 2204 3004 libro
2225 2967 2374 3021 quem
2397 2952 2461 3006 de
2479 2951 2748 3006 Seruanda
2773 2950 3063 3020 virginitate
3089 2947 3301 3021 scripsi,
3317 2963 3496 3021 repre-

1909 3016 2454 3092 hendendumputent,
2478 3025 2614 3092 quod
2635 3016 3214 3076 dia-erim'adolescentcs
3231 3019 3302 3070 ita
3323 3019 3497 3092 uinum

1911 3089 2092 3164 debere
2121 3077 2298 3164 fugere
2323 3103 2378 3146 ut
2399 3077 2664 3158 stertentem,
2698 3109 2801 3145 non
2824 3107 2904 3144 me
2929 3077 3496 3164 sententitepaenitebit.

1916 3158 2060 3235 Opus
2082 3158 2272 3235 quippe
2303 3163 2374 3216 ibi
2403 3165 2566 3234 magis
2599 3165 2706 3218 vini
2733 3179 2888 3235 quam
2921 3161 3016 3215 Dei
3037 3179 3068 3214 a
3091 3158 3236 3214 nobis
3267 3169 3500 3235 creatura

1913 3231 2160 3288 damnata
2175 3231 2290 3300 est;
2313 3247 2358 3287 et
2381 3231 2640 3290 licentiam
2661 3231 2966 3287 abstulimus
2979 3235 3264 3304 jtwentuti,
3282 3231 3500 3304 proprio

1912 3307 2078 3360 mtatis
2103 3306 2279 3360 calore
2303 3307 2534 3376 feruenti.
2565 3323 2626 3358 ne
2657 3306 2750 3359 sub
2777 3301 3253 3376 occasionepagtm
3274 3301 3496 3376 bibendi,

1915 3377 2030 3446 plus
2060 3377 2267 3442 biberet,
2303 3371 2356 3430 et
2398 3379 2605 3446 periret.
2635 3375 2840 3431 Rursus
2867 3385 2921 3446 et
2943 3371 3075 3446 alibi
3108 3372 3304 3446 (Epist.
3337 3371 3500 3446 illud

1913 3441 2156 3518 Furiam)
2213 3441 2264 3502 iu
2316 3441 2453 3502 hanc
2502 3447 2827 3501 sententiam
2880 3445 2961 3500 sic
3017 3441 3256 3518 loquitur
3309 3461 3321 3496 :
3377 3441 3500 3494 Non

1917 3517 2114 3573 zEtntei
2141 3513 2322 3588 ignes,
2367 3536 2470 3572 non
2515 3518 2770 3572 Vulcania
2810 3517 2993 3580 tellus,
3033 3513 3504 3588 nangl’esa'vusuet

1918 3582 2346 3660 Olympus-tantis
2367 3590 2640 3660 ardoribus
2655 3595 2894 3652 a-stuant,
2919 3584 3242 3660 utjureniles
3264 3582 3504 3660 medullae

1914 3655 2030 3712 uino
2057 3655 2222 3728 plena:
2249 3672 2296 3714 et
2325 3659 2547 3728 dapibus
2574 3661 2930 3730 inﬂammatae.
2959 3657 3086 3730 Hau:
3119 3655 3506 3730 Hieronymus}

1917 3721 2116 3785 Verum
2149 3731 2306 3800 hujus
2333 3721 2436 3785 loci
2462 3721 2750 3784 occasione
2774 3728 2988 3782 videtur
3013 3727 3100 3800 hic
3122 3721 3502 3800 deuabstineni

1917 3803 1988 3856 tia
2041 3817 2068 3855 a
2117 3795 2371 3856 carnibus
2417 3811 2470 3856 et
2517 3801 2663 3866 vino,
2713 3807 2982 3870 quatenus
3019 3797 3086 3870 ad
3125 3795 3408 3870 religiosos
3444 3805 3498 3870 et

1919 3873 2218 3928 monachos
2261 3881 2489 3942 spectat,
2543 3865 2704 3926 latius
2732 3865 3151 3942 disserendum.
3201 3865 3502 3942 lnuprimis

1917 3953 2133 3999 constat
2173 3935 2483 4012 huiusmodi
2518 3941 2898 3998 abstinentiam
2929 3939 3112 3993 multis
3130 3935 3320 4012 Amodis
3347 3949 3501 3989 com-

1919 4015 2186 4076 mendari,
2227 4008 2286 4070 l0
2315 4016 2384 4070 ab
2413 4015 2738 4068 auctoritate
2777 4013 3091 4079 Scriptum,
3124 4008 3188 4061 2°
3219 4008 3286 4062 ab
3315 4021 3504 4079 exem-

1923 4090 2009 4156 plo
2035 4087 2425 4154 apostolorum,
2469 4087 2530 4138 3°
2561 4085 2626 4140 ab
2656 4077 2913 4150 exeluplo
2937 4093 3178 4156 veterum
3213 4077 3506 4156 monacho-

1921 4149 2040 4212 rum
2071 4149 2140 4211 'et
2181 4157 2651 4219 anachoretarum,
2699 4157 2762 4208 4ο
2809 4149 2874 4210 ex
2919 4153 3120 4220 regulis
3151 4149 3506 4220 etinstitutis

1919 4229 2018 4284 SS.
2051 4227 2295 4294 Patrum,
2341 4227 2403 4280 5°
2433 4245 2498 4282 ex
2540 4226 2774 4282 decretis
2801 4219 3132 4294 summorum
3167 4219 3504 4294 pontiﬁcum.

1919 4300 2204 4354 Postremo
2247 4291 2314 4352 ab
2356 4299 2625 4366 exemplis
2665 4295 2862 4351 divinas
2910 4291 3400 4366 animadversionis
3447 4291 3503 4366 in

1924 4382 2352 4440 transgressores
2397 4361 2702 4438 huiusmodi
2752 4365 3015 4438 regularis
3061 4361 3407 4418 abstinentia:
3452 4361 3506 4415 in

1923 4445 2090 4496 veteri
2121 4440 2488 4494 Testamento.

1995 4513 2036 4566 l.
2072 4511 2258 4565 Daniel
2303 4512 2372 4562 ita
2412 4512 2480 4564 de
2518 4525 2578 4564 se
2622 4509 2864 4578 loquitur
2903 4525 2918 4562 :

2963 4505 3029 4560 In
3069 4506 3243 4560 diebus
3281 4503 3388 4558 illis
3416 4519 3511 4574 ego

1923 4582 2114 4636 Daniel
2145 4581 2378 4648 lugebam
2417 4583 2570 4634 trium
2605 4573 3041 4634 hebdomadarum
3079 4577 3274 4630 diebus.
3315 4573 3510 4648 Panem

286 4669 306 4695 ε
342 4655 583 4724 Vulgata
633 4653 820 4724 Versio
844 4645 1286 4724 'llabet'tEsecb.
1329 4645 1454 4724 xu)_
1475 4667 1491 4724 _:
1535 4645 1670 4700 Ecce
1696 4645 1816 4724 ᾔτεε
1843 4645 1902 4707 Ι)
1925 4645 2316 4706 desiderabilem
2341 4669 2444 4705 non
2475 4651 2710 4724 comedi;
2747 4661 2793 4724 et
2828 4665 2968 4724 caro,
3008 4658 3059 4702 et
3085 4649 3256 4701 uinum
3293 4661 3397 4699 non
3425 4645 3512 4696 in-

215 4729 310 4788 fuit
341 4719 604 4796 iniquitas
638 4723 880 4796 Sqdomte
909 4723 1098 4796 sororis
1126 4731 1249 4796 tute,
1282 4719 1539 4796 superbia,
1571 4721 1818 4796 saturitas

215 4801 392 4864 panis,
431 4791 484 4852 et
517 4795 866 4856 abundantia,
890 4803 936 4845 et
961 4793 1122 4845 otium
1148 4793 1310 4862 ipsius
1337 4801 1384 4864 et
1415 4791 1817 4864 ﬁliarumejus;

213 4860 256 4922 et
283 4860 518 4923 manum
545 4881 702 4936 egeno
723 4875 768 4920 et
795 4864 1010 4936 pauperi
1039 4881 1138 4916 non
1156 4860 1480 4936 porrigebat:
1501 4860 1602 4936 Ubi
1629 4860 1822 4914 notan-

214 4941 340 4994 dum
375 4932 630 5008 quatuor
667 4947 762 4990 aut
797 4932 1038 5004 quinque
1072 4933 1202 5008 vitia
1225 4934 1404 5008 tribui
1449 4932 1720 4996 Sodomze,
1765 4942 1823 4985 ut

213 5005 418 5064 causas
443 5009 643 5066 excidii
667 5020 722 5062 et
741 5007 1112 5062 subversionis
1135 5005 1328 5074 ipsius,
1353 5020 1474 5074 qum
1497 5011 1674 5058 tamen
1698 5019 1820 5056 cum

216 5087 472 5148 peccatis
493 5081 806 5136 Iudaeorum
839 5079 1053 5143 collata,
1098 5079 1268 5128 multo
1297 5077 1510 5128 minora
1539 5083 1593 5128 et
1621 5075 1821 5148 leviora

214 5147 560 5210 censentur:
587 5165 782 5219 nempe
799 5148 1129 5216 superbiam,
1153 5148 1352 5214 gulam,
1377 5160 1536 5219 quam
1560 5147 1823 5219 propheta

213 5234 384 5279 vocat
431 5225 592 5292 panis
631 5217 1012 5283 saturitatem;
1061 5219 1374 5292 divitiarum
1414 5217 1820 5292 abundantiam,

217 5296 322 5350 hoc
355 5288 456 5350 est
495 5295 808 5356 avaritiam;
839 5301 892 5346 et
917 5291 1254 5344 vacationem
1291 5305 1321 5341 a
1363 5288 1516 5341 bouis
1547 5288 1824 5355 operibus,

215 5381 384 5432 quam
419 5374 588 5420 vocat
616 5365 826 5424 otium;
856 5371 914 5416 et
943 5359 1461 5432 immisericordiam
1481 5359 1535 5432 in
1563 5372 1830 5432 pauperes

213 5428 270 5491 et
297 5451 558 5507 egenos;
589 5451 656 5507 ex
681 5433 876 5500 quibus
903 5431 1052 5486 vitiis
1079 5432 1186 5507 duo
1213 5437 1418 5484 tantum
1451 5430 1539 5484 hic
1561 5428 1832 5498 expressit

212 5501 422 5565 auctTor
453 5522 558 5562 suo
587 5505 840 5560 instituto
871 5501 1298 5558 accommodata.
1387 5523 1408 5546 ο

285 5579 316 5618 ει
353 5579 420 5636 id
473 5588 578 5644 est,
625 5578 717 5646 qui
765 5577 894 5630 licet
941 5575 1124 5636 validi,
1173 5581 1230 5627 et
1267 5573 1536 5638 valentes,
1583 5571 1835 5646 carnibus

215 5663 418 5708 tamen
475 5660 531 5704 et
563 5644 695 5704 vino
733 5661 841 5702 non
879 5661 938 5700 se
969 5656 1275 5714 temperant
1307 5661 1320 5697 :
1354 5647 1481 5708 quin
1525 5645 1700 5712 potius
1732 5644 1840 5714 im-

217 5723 532 5779 moderate
557 5732 615 5776 et
643 5720 971 5787 voluptuose
1013 5713 1099 5769 iis’
1121 5716 1435 5770 abutuntur.
1483 5717 1555 5770 De
1595 5713 1840 5787 omnium

1927 4725 2174 4778 troierunt
2199 4725 2250 4774 in
2279 4739 2334 4776 os
2361 4739 2528 4775 meum
2547 4721 2778 4788 (Daniel.
2799 4720 2878 4790 ι).
2915 4723 2968 4774 ln
3000 4735 3138 4772 novo
3161 4728 3512 4790 autemcomt

1928 4793 2211 4848 mendatur
2240 4793 2476 4847 Joannes
2528 4783 2807 4860 Baptistat
2833 4783 2920 4862 qui
2948 4789 3178 4862 jocustis
3211 4798 3266 4862 et
3297 4783 3514 4862 siluestri

1927 4865 2100 4929 melle,
2117 4865 2290 4934 inquit
2313 4857 2670 4935 Hieronymus
2686 4862 2774 4935 (L.
2797 4857 2908 4915 it'in
2934 4859 3249 4935 laciniam),
3272 4857 3512 4935 uescitur,

1930 4953 2032 4990 non
2062 4927 2301 4990 carnibus
2344 4927 2530 5004 (Matt:
2569 4927 3076 5004 1n);‘habitatioque
3113 4928 3322 5004 deserti,
3356 4936 3401 4979 et
3431 4927 3516 5004 in-

1931 5007 2188 5061 cunabula
2231 4997 2600 5060 monachorum
2633 4997 2834 5058 tolibus
2877 4997 3190 5056 inclinantur
3236 4997 3514 5052 alimentis.

1931 5079 1998 5132 Et
2039 5080 2368 5144 Augustinus
2406 5077 2602 5142 (Serm.
2635 5075 2723 5138 65,
2766 5077 2830 5130 de
2855 5073 3063 5146 Temp.)
3097 5091 3108 5123 :
3138 5069 3387 5146 Joannes,
3419 5069 3515 5146 ait,

1931 5138 2219 5217 pratcttrsor
2259 5138 2491 5211 Domini,
2535 5148 2746 5202 locustis
2785 5147 2838 5198 in
2883 5138 3054 5199 eremo
3078 5153 3126 5196 et
3153 5139 3340 5217 agresti
3371 5138 3520 5191 melle

1931 5213 2174 5282 nutritur,
2202 5235 2304 5272 non
2330 5221 2633 5274 animalium
2675 5217 2934 5282 carnibus,
2974 5231 3076 5269 non
3101 5213 3365 5282 volucrum
3393 5225 3518 5262 sua.

1932 5281 2172 5344 uitalibus
2199 5293 2450 5359 pascitur.
2483 5291 2590 5343 Nec
2618 5291 2791 5344 solum
2825 5305 2854 5341 a
2884 5281 3156 5359 carnibus,
3189 5281 3523 5359 ξράριρθηθ

1934 5371 1990 5415 et
2015 5361 2146 5416 vino
2173 5347 2454 5417 a'bSIinuit.
2487 5361 2642 5417 Unde
2669 5369 2726 5415 et
2753 5359 2999 5414 Salvator
3025 5357 3100 5408 ait
3132 5347 3152 5405 :7
3189 5351 3332 5406 Venit
3359 5347 3525 5404 Joan-

1936 5449 2026 5486 nes
2071 5431 2312 5498 Baptista
2354 5449 2514 5503 neque
2553 5431 2872 5486 manducans
2904 5441 3114 5503 panem,
3149 5438 3307 5491 neque
3335 5424 3526 5503 _bibens

1937 5505 2112 5574 uinum
2135 5494 2283 5574 (Luc.
2310 5494 2439 5572 vn):
2459 5505 2523 5558 Et
2544 5503 2833 5574 Apostolus
2854 5494 2920 5553 ad
2945 5499 3218 5551 Romanos
3243 5494 3521 5574 scribens:

1941 5563 2153 5646 Bonum
2178 5584 2274 5639 est,
2309 5563 2504 5646 inquit,
2536 5563 2640 5626 non
2667 5571 2982 5646 manducare
3010 5583 3216 5621 carnem
3245 5573 3422 5646 etnon
3449 5563 3521 5616 Li-

1945 5644 2060 5699 bcre
2101 5638 2294 5710 uinum,
2341 5638 2500 5711 neque
2542 5646 2593 5696 in
2635 5659 2737 5712 quo
2780 5645 2941 5708 frater
2964 5649 3092 5712 tuus
3119 5638 3528 5712 scandalizatur,

1945 5725 2035 5768 aut
2063 5705 2360 5782 infirmatur
2398 5705 2573 5782 (Rom.
2609 5705 2745 5780 xiv).
2781 5705 2858 5765 Ex
2886 5711 3082 5782 quibus
3109 5705 3530 5782 verbiscolligit

211 5807 270 5851 et
309 5778 442 5851 vini
489 5808 608 5860 usu,
651 5778 959 5860 praesertim
991 5787 1366 5852 immoderato,
1408 5784 1843 5844 adolescentibus
1949 5778 2211 5842 Baron'ius
2235 5787 2358 5849 (An.
2391 5778 2580 5841 Christi
2603 5778 2998 5849 57l'peculiare
3029 5782 3195 5839 fuisse
3223 5781 3276 5835 in
3299 5778 3394 5834 illa
3425 5778 3531 5842 pri-
