3986 6320
498 312 601 373 sio
792 299 838 369 κ’

1807 312 2088 372 JOANNIS
2126 307 2440 369 CASSlANl

499 437 689 500 vegeto
712 442 946 511 corpore
973 429 1376 503 perceptionem
1408 426 1648 484 carnium
1671 442 1733 484 ac
1756 429 1867 484 vini
1898 431 2095 495 immo-
2120 432 2169 492 Α
2196 435 2308 483 tum
2338 427 2542 498 expetit
2577 424 2934 498 imbecillitas,
2973 425 3071 486 sed
3106 433 3364 501 quantum
3401 422 3569 484 animi
3601 422 3770 483 libido

499 522 683 581 derata
706 523 949 597 ubertate
969 524 1086 611 [ΑΙ.
1113 521 1383 607 libertate]
1404 531 1757 594 praesumunt,
1784 538 1890 578 non
1913 537 2084 594 quan-

2194 522 2523 593 suggesserit
2548 533 2892 594 usurpantes.

1567 638 1827 699 ALARDI
1864 637 2100 709 GAZABI
2134 636 2700 701 COMMENTARIUS.

500 730 684 807 mitiva
710 730 948 807 Ecclesia
979 732 1358 799 ﬂorentissima
1380 748 1483 807 nec
1507 748 1700 807 carnes
1728 734 2079 807 manducare,

502 803 605 858 nec
629 803 810 859 vinum
830 803 1040 867 bibere.
1064 813 1120 858 ut
1136 805 1530 875 quantumlibet
1551 804 1736 861 fideles
1753 806 1817 860 iis
1841 805 2082 873 legitime

502 875 582 929 uti
611 884 834 944 possent
862 891 875 927 :
907 884 1085 930 tamen
1114 886 1175 930 ut
1203 892 1315 931 rem
1346 878 1658 930 inusitatam
1691 876 1940 931 admirati
1972 879 2083 944 ple-

500 944 1103 1015 riqueoﬂenderentur;
1127 948 1283 1016 cuius
1295 948 1511 1015 quidem
1524 947 1762 1005 scandali
1780 944 2082 1009 habendam

501 1030 625 1090 esse
653 1019 919 1090 rationem
949 1026 1133 1087 monet
1155 1018 1475 1090 (Apostolus.

574 1086 639 1165 η.
674 1086 1031 1165 Temperasse
1070 1086 1330 1165 itideni__a
1375 1096 1622 1165 earnest
1648 1088 1777 1165 vi_no
1807 1090 2084 1165 apostolos

500 1157 668 1232 multa
696 1158 931 1232 probant
955 1159 1222 1232 exempla.
1244 1160 1319 1217 Ut
1340 1160 1481 1215 enim
1511 1160 1563 1215 id
1589 1160 1659 1232 de
1687 1157 2087 1232 Betro'aposto-

501 1230 701 1300 lorum'
726 1230 968 1298 principe
1009 1231 1196 1287 dicere
1242 1236 1538 1299 possimus,
1590 1230 1752 1289 facile
1797 1230 2088 1300 persuadet

502 1298 800 1377 Gregorius
820 1301 1147 1377 Nazianzen.
1175 1298 1350 1377 (orat.
1377 1303 1441 1377 de
1462 1302 1648 1357 Amore
1664 1298 1932 1377 pappet),
1953 1304 2084 1377 dum

501 1371 694 1442 scribit
735 1371 908 1441 ipsum
955 1374 1087 1428 solis
1122 1371 1316 1441 lupinis
1347 1376 1556 1428 minuto
1597 1371 2088 1442 asse'cOmparatis

505 1441 705 1498 famem
735 1444 939 1512 pellere
959 1448 1327 1505 consuevisse.
1357 1446 1432 1509 De
1449 1444 1657 1503 Jacobo
1678 1444 1846 1500 fratre
1871 1441 2086 1503 Domini

504 1528 830 1586 neccarnes
859 1531 1115 1582 umquam
1147 1517 1199 1573 in
1231 1517 1439 1580 cibum,
1470 1531 1573 1577 nec
1601 1518 1786 1570 vinum
1815 1518 1867 1570 in
1899 1530 2086 1586 potum

503 1583 823 1656 adhibuisse
884 1587 1220 1656 l’legesippus
1282 1588 1423 1656 apud
1490 1588 1783 1644 Eusebium
1850 1583 2089 1644 aflirmat

502 1655 646 1726 (Lib.
670 1671 706 1710 ll
728 1655 871 1713 Hist.
896 1674 943 1713 c.
967 1655 1087 1727 ἢ).
1113 1655 1187 1713 De
1208 1655 1460 1713 Mattliaao
1485 1658 1604 1715 hzec
1625 1660 1811 1713 eadem
1834 1658 2087 1715 Clemens

503 1727 902 1787 Alexandrinus
923 1728 1009 1785 his
1033 1731 1212 1784 verbis
1236 1748 1249 1782 :
1278 1729 1554 1784 Matt/tatus
1584 1729 1886 1793 seminibus,
1918 1731 2090 1787 buccis

499 1806 551 1859 et
575 1797 819 1864 oleribus,
842 1800 1031 1867 absque
1050 1801 1294 1855 carnibus
1316 1801 1572 1855 utebatur.
1595 1801 1657 1855 Β.
1683 1801 1904 1857 Paulum
1924 1804 2086 1859 etiam

500 1869 823 1943 abstemium
840 1870 1007 1926 fuisse
1022 1872 1239 1943 tradunt
1263 1874 1604 1943 interpretes.
1623 1877 1742 1943 Act.
1758 1888 1844 1926 ut
1862 1871 2083 1942 (Baron.

501 1955 593 1995 an.
621 1940 740 2010 58).
784 1941 843 1995 S.
885 1944 1047 1999 etiam
1079 1940 1420 1998 Timotheum
1451 1959 1479 1996 a
1509 1946 1632 1997 vino
1659 1940 1933 1999 abstinere
1958 1946 2089 1999 soli-

2184 730 2441 803 collecta)
2470 732 2640 789 multa
2668 731 2830 795 habet
2855 732 2924 795 de
2951 733 3279 803 abstinentia
3306 731 3553 799 carnium
3581 744 3770 793 mona-

2183 804 2299 881 chis
2332 801 2601 881 praecipue
2637 804 2889 881 sectanda
2920 803 3095 881 (Tom.
3130 801 3245 881 IX).
3279 803 3362 881 At
3376 803 3683 881 expressior
3714 808 3773 858 et

2187 868 2596 929 solemnior'est
2629 876 2884 929 sanctiss.
2920 868 3094 930 Patris
3125 868 3295 931 nhstrl
3328 868 3603 929 Benedicti
3634 887 3768 928 con-

2183 945 2390 1018 sﬁtutio
2430 945 2585 1018 (Cap.
2628 944 2693 1000 12
2726 955 2774 1018 et
2812 946 2967 1013 seqzl,
3012 963 3117 1015 qua
3150 947 3404 1018 carnium
3451 944 3774 1018 esumtsuis

2183 1015 2495 1079 cmiiobitis,
2532 1015 2776 1087 exceptis
2797 1017 3069 1079 debilibus
3097 1026 3153 1073 et
3176 1016 3429 1083 inﬁrmis.
3466 1015 3774 1083 interdixit,

2137 1118 2141 1123 ι
2184 1087 2345 1165 idque
2365 1087 2587 1165 duobus
2612 1086 2822 1165 in'locis
2849 1091 3126 1165 :‘primum
3154 1104 3272 1165 cap.
3305 1087 3644 1165 36_Begulze,
3676 1086 3773 1142 ubi

2185 1156 2270 1213 ait
2302 1175 2315 1212 :
2356 1156 2601 1213 Carnium
2638 1175 2757 1213 esus
2798 1156 3023 1229 inﬁrmis
3062 1156 3271 1214 omnino
3299 1156 3656 1230 debilibusque
3677 1170 3774 1230 pro

2183 1231 2509 1296 reparatione
2553 1230 2890 1285 concedatur.
2942 1233 3005 1285 At
3050 1230 3138 1285 ubi
3186 1231 3442 1284 meliorati
3485 1229 3696 1300 fuerint,
3738 1244 3776 1285 α

2185 1301 2427 1355 carnibus
2446 1317 2588 1355 more
2608 1301 2763 1355 solito
2787 1319 2962 1357 omnes
2982 1302 3292 1356 abstineant.
3323 1301 3531 1355 Rursus
3551 1314 3671 1369 cap.
3702 1300 3773 1354 59

2188 1373 2244 1427 ln
2287 1374 2402 1427 haec
2431 1374 2597 1427 verba
2640 1389 2654 1426 :
2696 1371 2943 1427 Carnium
2978 1390 3095 1427 vero
3133 1372 3529 1441 quadrupedum
3566 1373 3776 1441 omnino

2186 1446 2249 1498 ab
2268 1443 2503 1499 omnibus
2524 1444 2840 1515 abstineatur
2856 1446 3121 1510 comestio,
3146 1440 3334 1515 prater
3356 1443 3564 1515 omnino
3584 1440 3777 1501 debiles

2185 1526 2236 1570 et
2261 1524 2501 1578 aegrotos.
2542 1513 2644 1570 Ubi
2680 1513 3241 1578 animadvertendum,
3285 1518 3361 1568 ait
3390 1513 3778 1571 Tui-recreata-

2189 1596 2273 1641 tus
2305 1583 2505 1657 (Tract.
2540 1586 2638 1645 106
2673 1586 2728 1641 in
2759 1585 2998 1657 ReguL),
3038 1585 3179 1656 quod
3214 1585 3342 1642 licet
3470 1583 3635 1657 Pater
3659 1592 3778 1641 tan.-

2189 1655 2567 1712 tum‘noniinet
2590 1672 2782 1715 carnes
2803 1655 3232 1727 quadrupedum,
3266 1655 3567 1727 prohibitio
3597 1662 3775 1727 tamen

2188 1728 2496 1797 extenditur
2508 1742 2678 1795 usque
2692 1728 2760 1787 ad
2775 1724 2967 1797 carnes
2981 1724 3144 1783 eiiam
3163 1726 3476 1785 animalium
3488 1724 3775 1797 bipedum.

2185 1795 2394 1855 scilicet
2424 1798 2747 1855 volatilium.
2778 1796 2912 1853 Cum
2942 1801 3085 1853 enim
3114 1814 3310 1854 carnes
3336 1795 3638 1857 volatilinm
3664 1795 3779 1857 sint

2187 1869 2478 1930 dulciores.
2520 1872 2690 1939 magis
2733 1870 3004 1934 delicatae,
3047 1877 3103 1924 et
3145 1870 3530 1937 pretiosiores;
3559 1868 3778 1939 quando

2189 1946 2368 1995 minus
2395 1938 2654 1995 delicatas
2682 1941 2870 2004 vetuit,
2904 1944 3092 2008 pracul
3124 1940 3291 1999 dubio
3321 1940 3490 2010 magis
3514 1938 3777 2010 delicatas

504 2021 618 2094 tum
653 2013 999 2094 perspicpum
1038 2022 1123 2068 est
1164 2030 1254 2094 ex_
1276 2014 1385 2068 illis
1415 2012 1875 2094 verbis__Apos_toli
1903 2033 1917 2069 :
1957 2014 2086 2071 Noli
2116 2034 2163 2094 Β
2189 2020 2247 2066 et
2279 2012 2954 2094 pretiosioresprohibere
2995 2012 3299 2094 credendus
3320 2009 3447 2094 _est.
3478 2010 3593 2093 Mos
3629 2009 3779 2094 enim

503 2080 673 2137 adhuc
700 2080 889 2157 aquam
916 2083 1089 2157 bibere
1119 2100 1137 2138 :
1164 2085 1254 2140 sed
1300 2095 1441 2140 utere
1481 2080 1683 2141 modico
1719 2086 2088 2157 vinojropter

502 2154 825 2227 stomachum
851 2165 899 2207 et
928 2156 1218 2227 frequentes
1260 2167 1376 2227 tuas
1407 2157 1733 2225 inﬁrmitates
1763 2155 1807 2227 (Ι
1841 2154 1983 2213 Tim;
2010 2161 2085 2227 v).

515 2222 662 2300 Vide,
693 2222 1258 2300 inquitﬂieronymus
1289 2222 1485 2300 (Epist.
1514 2227 1605 2293 ⁸22,
1626 2227 1711 2281 ιιὑὶ
1728 2222 1941 2300 δάφνα),
1969 2222 2090 2300 qui-

506 2293 598 2372 b_us_
638 2293 942 2372 causis_vini
967 2293 1119 2372 potio'
1139 2293 1478 2372 concedatur;
1518 2310 1575 2372 ut
1612 2314 1678 2353 ea:
1714 2293 1810 2372 h_oc
1837 2293 2089 2355 stomachi

506 2366 676 2433 dolor,
718 2377 764 2421 et
802 2366 1044 2438 frequens
1081 2370 1346 2424 medeatur
1381 2370 1677 2437 inﬁrmitas.
1728 2368 1793 2423 Et
1839 2386 1903 2424 ne
1944 2371 2089 2427 nobis

505 2439 725 2512 forsitan
746 2439 811 2493 de
835 2441 1251 2511 tegrotationibus
1275 2442 1644 2504 blandiremur,
1668 2441 1930 2512 modicum
1957 2458 2091 2512 prte-

506 2510 638 2576 cepit
685 2526 793 2583 esse
819 2510 1162 2583 sumendum,
1204 2512 1391 2567 medici
1437 2514 1605 2580 potius
1650 2510 1891 2571 consilio.
1935 2510 2089 2583 quam

506 2580 778 2654 apostoli:
809 2579 928 2654 licet
954 2592 999 2635 et
1029 2584 1304 2654 Apostolus
1332 2584 1399 2636 sit
1425 2579 1652 2654 rugiens
1677 2579 1988 2651 spiritualis,
2023 2601 2088 2639 ne

506 2650 806 2706 Timotheus
825 2650 1455 2723 imbecillitatesuperatus
1478 2651 1746 2723 Evangelii
1770 2655 2090 2721 praedicandi

506 2737 611 2781 non
642 2734 810 2789 posset
831 2723 1047 2790 implere
1069 2724 1355 2786 discursus.
1389 2735 1497 2781 etc.

580 2791 667 2847 ΙΙΙ.
710 2792 802 2847 llis
840 2795 1109 2851 accedunt
1143 2797 1387 2863 exempla
1420 2804 1662 2851 veterum
1694 2796 2086 2852 monachorum

507 2863 1078 2935 et_anachoretarum.
1128 2866 1407 2935 Siquidem
1445 2866 1709 2922 Eusebius
1750 2882 1818 2922 ex
1861 2866 2090 2925 Philone

506 2933 676 3006 refert
714 2935 916 3003 primos
953 2933 1313 3003 Christianos,
1344 2952 1481 3005 quos
1509 2948 1663 2993 vocat
1693 2937 2085 3006 Therapeutas,

506 3004 562 3076 id
585 3014 689 3072 est,
722 3006 985 3071 cultores,
1014 3022 1110 3063 seu
1138 3004 1437 3074 curatores,
1465 3008 1608 3076 apud
1639 3009 2023 3065 Alexandriam
2054 3004 2087 3066 a

507 3075 776 3149 S.Marco
804 3078 1130 3147 evangelista
1157 3078 1453 3142 institutos,
1480 3075 1547 3135 ad
1571 3095 1849 3149 vesperam
1878 3084 2085 3136 tantum

505 3147 687 3202 cibum
717 3150 1039 3216 sumpsisse,
1069 3160 1126 3206 et
1150 3167 1180 3203 a
1208 3151 1462 3205 carnibus
1500 3159 1556 3205 et
1582 3147 1709 3206 vino
1737 3151 2084 3208 abstinuisse.

505 3217 663 3292 Quod
692 3218 832 3273 idem
870 3228 1137 3277 testantur
1155 3220 1223 3292 VS.
1273 3221 1601 3291 Epiphanius
1629 3222 1820 3276 haeresi
1846 3221 1938 3281 29.
1966 3239 2085 3292 quae

504 3296 591 3365 est
618 3288 1015 3365 Nazarigorum,
1047 3303 1102 3365 e_t
1138 3291 1199 3365 S.
1236 3288 1600 3365 Hieronymus
1631 3292 1814 3365 in_lib.
1853 3293 1925 3348 de
1966 3288 2081 3349 Vir.

504 3359 709 3449 litasti.
802 3360 1372 3449 ξῂίξοῃθςϐειέαριὶὺ.
1394 3379 1433 3418 ιι
1444 3359 1521 3419 ’ὀρ
1539 3364 1657 3449 bon.
1681 3362 1841 3449 Oper.
1863 3380 1980 3432 cap.
2000 3365 2081 3449 5).

506 3430 572 3502 ρ.
605 3430 767 3487 etiam
797 3430 1124 3489 Athanasius
1151 3434 1351 3489 fatetur
1377 3434 1673 3491 monachos
1710 3430 1792 3494 sui
1825 3430 2087 3502 temporis

504 3497 648 3557 idem
681 3501 977 3560 factitasse.
1006 3503 1096 3561 Sic
1125 3507 1269 3561 enim
1300 3505 1352 3559 in
1384 3505 1502 3561 Vita
1536 3505 1757 3571 Antonii
1792 3523 1804 3557 :
1839 3497 2089 3564 Sumebat

505 3588 690 3643 panem
729 3585 778 3646 et
802 3574 905 3638 sal,
939 3584 1214 3643 potumque
1231 3592 1381 3639 aqua
1401 3592 1725 3646 perparuum.
1758 3576 1833 3635 De
1852 3578 2089 3634 carnibus

501 3660 621 3700 vero
644 3653 691 3720 et
716 3645 834 3703 vino
859 3656 1025 3702 tacere
1046 3648 1228 3720 melius
1252 3657 1396 3720 puto,
1417 3645 1572 3719 quam
1592 3646 1879 3718 quidquam
1897 3648 2086 3715 dicere,

506 3716 899 3797 gupniamnnec
953 3717 1096 3797 apud
1154 3716 1406 3797 plurimos
1430 3716 1664 3797 quidem
1718 3716 2089 3797 monachorum

503 3786 798 3857 istiusmodi
828 3802 957 3845 escte
983 3790 1036 3843 in
1066 3806 1166 3847 usu
1193 3790 1520 3845 haberentur.
1551 3790 1724 3857 Quem
1754 3791 1992 3844 imitatus
2023 3792 2086 3846 Ι).

506 3855 867 3927 HierOiiymus
905 3860 957 3913 in
999 3859 1085 3929 illa
1117 3861 1349 3929 epistola
1376 3876 1529 3916 suam
1559 3855 1613 3915 in
1648 3875 1832 3916 eremo
1861 3861 2090 3917 austeri-

507 3936 669 3983 tatem
701 3944 1001 4000 enarratis:
1032 3928 1111 3986 De
1137 3928 1283 3995 cibis,
1314 3931 1512 4000 inquit,
1540 3942 1588 3984 et
1618 3941 1741 4000 potu
1767 3930 1951 3999 quibus
1976 3940 2089 3989 tum

505 3999 749 4071 temporis
779 4001 1094 4067 uictitabam,
1138 4012 1299 4064 taceo,
1330 3999 1448 4055 cum
1474 3999 1630 4057 etiam
1653 4003 1950 4071 languentes
1980 4019 2088 4057 mo-

505 4068 814 4145 nachiaqua
842 4072 1037 4145 [rigida
1058 4082 1286 4145 utantur,
1317 4081 1364 4128 et
1390 4068 1809 4145 coctum_aliquid
1834 4078 2089 4145 accepisse

503 4137 932 4214 luxuriosqul
954 4144 1088 4197 intra
1128 4142 1520 4214 deucteuobitis
1550 4137 1840 4214 Egyptiis,
1871 4137 2089 4199 eorum-

504 4224 610 4278 que
642 4212 888 4267 moribus
921 4227 1090 4281 agens
1121 4231 1133 4266 :
1187 4212 1409 4276 Vivitur,
1439 4214 1532 4279 ait,
1567 4212 1719 4281 pane,
1748 4215 2087 4282 leguminibus

503 4297 555 4334 et
593 4282 816 4336 oleribus
843 4298 957 4351 qua:
983 4284 1093 4338 sale
1126 4286 1237 4338 solo
1271 4285 1582 4340 condiuntur
1629 4301 1648 4339 :
1688 4286 1860 4338 vinum
1888 4295 2088 4341 tantum

503 4355 950 4426 senesaccipiunt.
979 4364 1086 4411 etc.
1119 4354 1326 4412 Similia
1358 4355 1522 4411 tradit
1544 4357 1609 4413 D.
1635 4358 1962 4426 Augustinus
1991 4359 2084 4413 lib.

505 4422 616 4498 [de
641 4422 881 4479 Moribus
905 4426 1185 4490 Ecclesiae,
1210 4440 1332 4495 cap.
1356 4427 1441 4481 51.
1472 4422 1779 4497 Βεηὶψιεέἰ
1802 4428 1923 4496 quis
1948 4429 2090 4498 legat

505 4491 656 4565 Yitas
694 4505 1029 4563 sanctorum,
1079 4491 1375 4564 praesertim
1419 4491 1791 4565 eremitarum,
1820 4491 2084 4565 Antonii,

504 4563 818 4632 Hilarionis,
851 4563 1186 4640 Serapionis,
1215 4570 1469 4631 aliorum,
1498 4567 1655 4624 facile
1684 4563 1939 4639 agnoscet
1965 4563 2089 4640 per?

503 4644 724 4718 petuam
750 4640 819 4691 ab
843 4652 941 4694 esu
968 4639 1211 4695 carnium
1239 4649 1296 4701 et
1326 4650 1454 4708 potu
1479 4641 1588 4695 vini
1610 4639 1993 4697 abstinentiam
2019 4642 2088 4698 ab

503 4720 570 4761 us
595 4707 958 4763 observatam.

502 4716 570 4761 IIS
595 4716 818 4763 ουεθηει
828 4716 934 4763 tam
943 4749 958 4762 .

2191 2090 2501 2138 sanctorum
2530 2089 2616 2139 est
2641 2084 2693 2135 in
2727 2086 2938 2139 minore
2966 2081 3435 2153 comprehendere
3461 2081 3656 2153 majus.
3684 2081 3778 2136 Sic

2191 2153 2303 2209 ille.
2336 2154 2665 2220 Smaragdus
2692 2168 2821 2209 vero
2844 2154 3012 2209 abbas
3036 2151 3367 2209 inieumdem
3388 2153 3567 2207 locum
3599 2151 3781 2222 Regu-

2189 2225 2257 2280 la:
2306 2225 2463 2294 (Cap.
2511 2227 2606 2293 59)
2641 2226 2911 2289 scribens,
2954 2234 3073 2291 post
3112 2225 3204 2279 illa
3244 2224 3406 2279 verba
3444 2224 3662 2293 Regulae
3702 2224 3780 2284 ita

2189 2296 2371 2364 subdit
2405 2293 2418 2350 ξ
2451 2294 2593 2349 Hinc
2624 2295 2865 2349 Aurelius
2895 2298 2969 2350 ait
3002 2314 3015 2348 :
3050 2293 3243 2351 Comes
3267 2297 3321 2350 in
3353 2295 3465 2349 cibo
3493 2310 3780 2364 umquam

2190 2380 2481 2422 sumantur.
2530 2365 2674 2423 Pulli
2708 2383 2844 2432 vero,
2886 2377 2938 2422 et
2976 2367 3149 2422 altilia
3176 2376 3364 2421 cuncta
3402 2367 3458 2420 in
3489 2381 3780 2435 congrega-

2190 2440 2329 2493 tione
2369 2454 2474 2492 uon
2520 2437 2893 2492 ministrentur.
2937 2436 3172 2565 Inﬁrmi}
3209 2454 3328 2492 vero
3368 2446 3565 2491 tantum
3606 2436 3782 2503 provi-

2190 2510 2433 2565 deantur.
2461 2522 2508 2562 et
2530 2510 2762 2565 accipere
2783 2510 2955 2565 liceat.
3043 2510 3128 2563 inc
3157 2507 3480 2562 Fructuosus
3507 2508 3580 2561 ait
3604 2523 3621 2559 .'
3651 2507 3782 2561 Car-

2188 2510 2433 2574 deantur,
2461 2522 2508 2562 et
2530 2510 2762 2579 accipere
2783 2510 2955 2565 liceat.
2990 2507 3128 2565 Hinc
3157 2507 3480 2562 Fructuosus
3507 2508 3580 2561 ait
3604 2523 3621 2559 .'
3651 2507 3783 2561 Car-

2190 2597 2305 2635 nem
2331 2583 2572 2649 cuiquam
2603 2580 2851 2634 monacho
2880 2598 2972 2635 nec
3006 2579 3267 2642 sumendi,
3296 2595 3390 2649 nec
3425 2579 3671 2649 gustandi
3702 2588 3782 2635 est

2191 2648 2438 2706 concessa?
2462 2652 2671 2705 licentia
2703 2666 2722 2704 :
2751 2667 2854 2705 non
2879 2651 3018 2721 quod
3040 2661 3330 2705 creaturam
3358 2648 3458 2703 Dei
3482 2649 3783 2715 iudicemus

2188 2723 2475 2791 indignam,
2514 2720 2605 2776 sed
2640 2722 2779 2792 quod
2815 2720 2991 2776 carnis
3031 2722 3355 2792 abstinentia,
3382 2721 3525 2792 utilis
3562 2728 3611 2775 et
3655 2731 3782 2792 apta

2190 2790 2453 2848 monachis
2477 2790 2757 2847 testimetur
2777 2808 2795 2857 ;
2819 2802 3021 2847 servata
3045 2802 3214 2847 tamen
3238 2790 3589 2845 moderamine
3614 2790 3780 2857 pietu-

2188 2866 2254 2918 tis
2281 2881 2403 2935 erga
2430 2873 2741 2936 tegrotorum
2771 2865 3184 2936 necessitudines,
3226 2862 3306 2936 vel
3349 2863 3503 2936 longe
3541 2862 3781 2932 proﬁcis-

2190 2933 2437 2999 centium,
2461 2933 2681 3005 qualiter
2702 2945 2826 2990 utet
2854 2934 3141 2989 volatilium
3166 2934 3336 2989 esibus
3356 2933 3551 3001 inﬁrmi
3575 2943 3780 2989 susten-

2188 3015 2380 3078 tentur,
2403 3018 2451 3061 et
2473 3007 2752 3078 longinquo
2776 3007 2962 3078 itinere
2988 3007 3248 3069 destinati,
3277 3007 3322 3058 si
3346 3015 3438 3059 aut
3452 3021 3489 3078 _a
3515 3005 3776 3078 principe,

2189 3077 2269 3131 vel
2287 3079 2526 3148 episcopo
2546 3076 2861 3145 separantur
2869 3076 2964 3201 ⁴5ξεί
2993 3086 3084 3141 est,
3109 3089 3410 3141 evocantur,
3442 3076 3777 3147 invitantur),

2190 3164 2283 3201 pro
2311 3149 2661 3201 benedictione
2697 3157 2747 3201 et
2776 3149 2868 3201 obe
2907 3147 3068 3201 ientia
3094 3148 3363 3201 degustare
3389 3162 3495 3201 non
3524 3158 3777 3201 metuant.

2189 3164 2283 3217 pro
2311 3149 2661 3203 benedictione
2697 3157 2747 3202 et
2776 3147 3068 3202 obedientia
3094 3148 3363 3219 degustare
3389 3162 3495 3203 non
3524 3158 3780 3214 metuant,

2187 3230 2441 3273 servantes
2471 3220 2611 3287 apud
2648 3235 2702 3273 se
2739 3218 2802 3273 de
2830 3220 3028 3288 reliquo
3059 3218 3424 3272 continentiam
3453 3227 3778 3277 consuetam.

2191 3288 2343 3356 Quod
2363 3292 2407 3345 si
2429 3292 2541 3359 quis
2561 3291 2846 3345 monachus
2866 3290 3153 3352 violaverit,
3181 3299 3232 3343 et
3257 3299 3436 3359 contra
3457 3290 3782 3349 sanctionem

2189 3360 2407 3432 Regula:
2437 3357 2684 3431 usumque
2714 3371 2936 3433 veterum
2958 3360 3079 3433 [ΔΙ.
3109 3357 3355 3433 veterem]
3536 3360 3783 3433 carnibus

2190 3430 2603 3504 prtesumpserit,
2625 3430 2993 3504 seximensium
3024 3432 3194 3504 spatio
3221 3430 3501 3504 retrusioni
3535 3440 3585 3504 et
3615 3431 3784 3498 peni-

2193 3499 2364 3576 tentia:
2376 3499 2677 3576 subjaccbit.
2691 3503 2818 3576 [iam
2835 3504 2929 3558 ibi.
2947 3499 3120 3569 Atque
3136 3501 3275 3556 hanc
3290 3499 3777 3576 constitutionem,

2193 3573 2320 3628 licet
2351 3570 2681 3640 truncatum,
2714 3574 2857 3629 inter
2886 3588 3126 3629 canones
3165 3572 3346 3643 posuit
3380 3570 3672 3629 Gratianus
3709 3572 3783 3628 de

2190 3656 2493 3701 consecrat.
2521 3646 2649 3701 dist.
2676 3644 2712 3699 5
2732 3644 2888 3716 (Cap.
2914 3643 3180 3715 Carnem),
3208 3658 3369 3715 quam
3395 3645 3664 3714 integram
3688 3644 3781 3699 hic

2190 3720 2428 3771 servavit
2453 3732 2517 3772 ac
2544 3716 2727 3771 retulit
2752 3716 3100 3786 Smaragdus.

2267 3786 2329 3841 γ.
2372 3788 2540 3842 Porro
2584 3786 2885 3842 notandum
2929 3785 3177 3845 eamdem
3216 3785 3662 3843 constitutionem
3707 3786 3782 3843 de

2191 3859 2517 3913 abstinentia
2539 3860 2779 3913 carnium
2810 3858 3090 3921 monachis
3117 3858 3455 3927 praescripta,
3492 3858 3660 3913 fuisse
3681 3872 3783 3927 ap-

2191 3931 2470 3998 probatam
2495 3940 2552 3985 et
2572 3929 2948 3985 conﬁrmatam
2967 3930 3035 3998 ab
3061 3927 3381 3984 Innocentio
3408 3928 3471 3983 ΙΙΙ
3500 3927 3778 3997 pontiﬁce,

2190 3997 2340 4056 extra
2372 4004 2437 4055 de
2462 4010 2607 4056 statu
2635 3999 2886 4054 monach.
2919 4014 2969 4054 c.
3002 3997 3133 4054 Cum
3159 3999 3231 4054 ad
3265 4000 3652 4065 monasterium,
3683 3998 3782 4055 ubi

2188 4072 2358 4126 multa
2386 4071 2464 4143 \de
2502 4071 2602 4126 hac
2627 4086 2686 4127 re
2716 4074 2950 4143 statuit:
2987 4069 3047 4123 1ο
3088 4081 3143 4125 ut
3184 4071 3238 4125 in
3285 4071 3557 4143 refectorio
3599 4071 3782 4143 nullus

2191 4134 2399 4197 omniud
2428 4158 2583 4197 carne
2608 4154 2871 4213 vescatur;
2898 4141 2962 4197 2ο
2993 4158 3086 4196 nec
3112 4143 3165 4213 in
3195 4134 3501 4213 quibusdam
3526 4142 3782 4198 solemni—

2190 4215 2377 4267 tatibus
2407 4215 2565 4284 (sicut
2601 4212 2884 4284 aliquando
2927 4213 3041 4281 ficri
3073 4212 3290 4284 solebat)
3326 4221 3602 4284 conventus
3629 4222 3783 4269 exeat

2191 4299 2304 4338 cum
2329 4283 2507 4358 abbate
2527 4284 2745 4358 (scilicet
2772 4286 2833 4338 de
2855 4284 3157 4354 refectorio)
3178 4283 3358 4358 paucis
3382 4284 3463 4358 ibi
3478 4283 3690 4358 relictis.
3724 4293 3782 4337 ut

2189 4365 2332 4410 extra
2365 4353 2695 4424 refectorium
2723 4358 2874 4410 edant
2905 4371 3118 4422 carnes;
3142 4353 3264 4409 cum
3294 4357 3401 4413 illis
3430 4353 3610 4411 diebus
3635 4369 3781 4425 prte-

2189 4427 2340 4498 cipue
2361 4429 2616 4497 regularis
2643 4426 2917 4495 disciplina
2937 4426 3002 4481 sit
3023 4426 3307 4498 studiosius
3328 4426 3680 4498 observanda;
3710 4425 3779 4485 5°

2189 4496 2282 4569 nec
2300 4496 2448 4553 extra
2473 4500 2804 4569 refectorium
2826 4512 2967 4552 esum
2990 4498 3223 4553 carnium
3242 4496 3340 4569 sibi
3364 4496 3575 4569 credant
3595 4496 3777 4569 licere.

2190 4566 2397 4624 Debiles
2409 4566 2577 4623 autem
2593 4580 2639 4623 et
2655 4570 2707 4623 in
2712 4570 2867 4636 ﬁrmi,
2887 4570 2977 4637 qui
2986 4568 3273 4627 minutione
3294 4567 3615 4639 (sanguinis)
3632 4566 3781 4639 indi-7

2189 4653 2325 4710 gent,
2357 4642 2435 4695 vel
2463 4640 2641 4710 aliqua
2670 4639 2945 4705 medicina,
2971 4655 3074 4694 non
3098 4637 3312 4693 seorsim
3330 4639 3385 4691 in
3414 4639 3649 4710 cameris,
3677 4637 3778 4691 sed

2189 4708 2362 4766 omnes
2389 4712 2445 4765 in
2475 4708 2822 4780 inﬁrmitorio,
2860 4725 2972 4778 qua!
3003 4710 3289 4767 necessaria
3312 4710 3511 4781 fuerint
3539 4708 3637 4763 sibi
3665 4718 3783 4781 tarn

574 4776 669 4854 ιν.
707 4778 876 4854 Nunc
897 4793 967 4854 ut_
987 4779 1056 4834 ad
1087 4779 1332 4854 ARegulas
1371 4781 1472 4839 SS.
1518 4780 1739 4837 Patrum
1778 4782 2077 4854 veniamus,
2108 4784 2240 4854 Din
2268 4783 2504 4837 carnibus
2530 4776 2690 4854 quam
2728 4784 2783 4835 in
2812 4776 2953 4845 aliis,
2991 4783 3252 4854 accipiant
3286 4776 3670 4854 (competenter;
3705 4777 3777 4839 4ο

502 4845 705 4923 Regula
745 4850 804 4923 ξι.
843 4850 1119 4923 Pachumii
1160 4845 1229 4908 ab
1262 4854 1456 4923 angelo
1493 4854 1695 4909 dictata
1742 4865 1845 4910 art.
1898 4853 1970 4908 22
2009 4845 2083 4909 ita

501 4919 690 4997 statuit
714 4938 727 4973 :
760 4920 950 4997 Vinum
967 4920 1321 4997 _e_t_liquamen,
1340 4919 1539 4993 absque
1561 4923 1674 4979 loco
1698 4928 2080 4997 (egrotantium,

503 4992 677 5067 nullus
704 4995 937 5067 attingat
954 4994 974 5065 (
991 4992 1118 5067 Vide
1146 4994 1332 5067 ibidem
1360 4992 1594 5051 scltalion
1618 4992 2084 5067 nostrum).‘Quod

502 5062 546 5115 si
568 5062 1028 5132 liquaitien'etiam
1053 5065 1279 5133 piscium
1304 5065 1416 5121 illis
1444 5069 1691 5131 vetitum,
1721 5062 1889 5122 multo
1915 5062 2085 5135 magis

501 5145 709 5189 carnes.
737 5135 797 5192 S.
831 5136 1062 5191 Basilius
1088 5137 1141 5190 in
1171 5139 1654 5194 Coustitutionibus
1676 5146 1908 5193 monast.
1937 5151 1987 5192 c.
2012 5136 2085 5193 ‘26

498 5205 631 5276 satis
661 5216 846 5276 aperte
868 5206 1069 5263 indicat
1091 5208 1337 5264 carnium
1364 5224 1515 5265 esum
1544 5209 1662 5266 suis
1687 5209 1965 5265 monachis
1994 5224 2087 5262 or-

499 5274 711 5332 dinarie
752 5276 920 5334 fuisse
958 5278 1209 5334 illicitum
1253 5297 1267 5332 :
1325 5280 1541 5337 licuisse
1579 5289 1757 5336 tamen
1807 5281 2074 5335 interdum

499 5345 795 5421 buccellam
826 5348 981 5421 panis
1021 5350 1076 5405 in
1111 5351 1232 5415 jure
1258 5352 1440 5407 carnis
1469 5352 1643 5407 salitae
1669 5352 1953 5421 intingere,
1985 5358 2080 5405 aut

503 5418 834 5493 pulmentum
864 5420 987 5476 inde
1011 5421 1277 5493 accipere.
1307 5422 1592 5493 Siquidem,
1625 5418 2078 5490 inquitiminutis-

499 5488 996 5563 simum.frustulum
1029 5488 1163 5546 illud
1199 5494 1255 5547 in
1295 5488 1399 5549 tam
1432 5509 1676 5563 magnam
1703 5488 1855 5562 aquis
1877 5496 2079 5561 copiam

499 5570 591 5639 aut
602 5558 1018 5639 .leguminutn__(si
1036 5565 1112 5617 ita
1130 5564 1421 5639 sorsferut)
1434 5558 1734 5639 conjectum
1752 5558 2076 5639 nequaquam

498 5630 749 5689 indicium
778 5630 1009 5704 cupedia:
1040 5642 1145 5700 est;
1173 5630 1604 5690 sed'severissima
1628 5644 1677 5689 et
1700 5651 1810 5688 vere
1835 5630 2078 5689 dulcissi-

499 5716 587 5755 ma
609 5703 814 5776 pietatis
835 5706 1090 5759 cultorum
1118 5706 1455 5760 continentia.
1485 5707 1559 5760 lta
1588 5706 1840 5761 Basilius.
1871 5705 2077 5776 Regula

498 5771 885 5848 monachorum
913 5777 1055 5848 apud
1083 5777 1139 5832 S.
1171 5777 1556 5848 Hieronymum
1589 5777 1731 5848 (quae
1759 5787 1935 5833 tamen
1955 5771 2075 5834 non

498 5854 584 5905 est
607 5844 1076 5923 Hieronymused
1112 5863 1182 5904 ex
1206 5844 1450 5911 eiusdem
1476 5844 1764 5906 sententiis
1797 5850 1867 5905 ab
1896 5849 2076 5916 aliquo

2187 4855 2347 4926 possit
2390 4863 2560 4907 tamen
2598 4851 2757 4907 abbas
2801 4868 2864 4906 ea:
2908 4853 3233 4926 indulgentia
3275 4853 3531 4926 interdum
3569 4850 3782 4921 aliquos

2190 4922 2431 4993 fratrum,
2452 4940 2588 4978 nunc
2616 4927 2728 4988 Itos,
2747 4939 2881 4977 nunc
2902 4925 3018 4978 illos
3042 4922 3313 4986 advocare,
3340 4924 3579 4993 ipsosque
3596 4937 3782 4993 secum

2187 4991 2240 5048 in
2283 5010 2487 5048 camera
2528 5011 2623 5048 sua
2665 4994 2849 5049 melius
2886 5005 2936 5049 et
2975 4993 3174 5065 plenius
3211 4992 3474 5065 exhibere:
3514 4991 3641 5065 lith
3672 4992 3778 5046 ibi.

2195 5066 2391 5136 iterum
2418 5065 2549 5120 illud
2579 5080 2794 5136 quoque
2822 5062 3101 5121 sciendum
3127 5075 3232 5130 est,
3268 5062 3781 5136 quodHBenedictus

2190 5134 2282 5189 Xll
2322 5135 2561 5203 pontifex
2600 5132 2662 5190 in
2691 5132 2784 5191 sua
2815 5136 3201 5191 constitutione
3238 5132 3586 5193 Benedictina
3615 5132 3778 5205 (Cap.

2187 5205 2304 5275 26),
2335 5212 2477 5263 circa
2527 5208 2667 5264 hanc
2716 5207 2958 5263 carnium
3011 5206 3395 5265 abstinentiam
3426 5220 3618 5275 magna
3652 5220 3785 5259 mo-

2185 5278 2464 5333 deratione
2492 5294 2625 5333 usus
2669 5293 2826 5343 esse,
2856 5293 3083 5347 eamque
3108 5280 3263 5334 valde
3291 5279 3566 5340 mitigasse
3591 5290 3657 5332 ac
3684 5291 3786 5330 re-

2185 5350 2400 5406 laxasse
2415 5351 2650 5417 videtur,
2672 5350 2763 5405 ubi
2792 5359 2847 5404 et
2870 5349 3125 5418 Regulam
3148 5349 3216 5404 .D.
3234 5348 3532 5414 Benedicti,
3555 5354 3613 5403 et
3626 5362 3785 5418 prm-

2185 5420 2382 5477 dictam
2413 5416 2850 5475 constitutionem
2881 5416 3177 5475 Innocentii
3204 5420 3273 5476 Ill
3305 5423 3664 5489 interpretans
3699 5416 3784 5471 ita

2186 5495 2370 5548 statuit
2405 5508 2420 5545 :
2455 5492 2589 5558 Quis
2616 5494 2685 5545 ad
2714 5490 2898 5547 salutis
2926 5493 3214 5563 profectum
3242 5493 3490 5557 tenditur,
3521 5490 3565 5563 si
3591 5489 3784 5549 mode-

2184 5565 2396 5618 rationis
2428 5563 2677 5618 sobrietas
2703 5574 2751 5615 et
2777 5561 3031 5617 modestia'
3048 5562 3378 5619 observentur
3408 5578 3427 5618 :
3454 5561 3679 5616 volentes
3713 5576 3786 5614 ea

2183 5651 2300 5707 quae
2339 5639 2480 5707 circa
2511 5649 2652 5687 esum
2674 5643 2727 5707 et
2756 5632 3115 5707 abstinentiam
3142 5637 3378 5690 carnium
3407 5632 3470 5692 Β.
3503 5631 3786 5707 Benedicti

2181 5704 2435 5779 regularis
2463 5705 2716 5779 institutio
2737 5704 2973 5772 tradidit,
3005 5717 3053 5762 et
3079 5707 3133 5759 in
3158 5707 3516 5779 constitutione
3540 5705 3642 5779 pia:
3664 5718 3786 5757 me-

2182 5776 2363 5832 moriae
2392 5776 2685 5839 Innocentii
2715 5792 2886 5848 papa,
2908 5779 3065 5844 tertii,
3100 5777 3397 5847 pradecpsc.
3423 5777 3612 5848 nostri,
3646 5782 3786 5829 sunt

2180 5858 2394 5912 statuta,
2446 5848 2663 5909 ﬁrmiter
2696 5846 2973 5915 observari,
3016 5846 3313 5917 statuimus,
3353 5846 3402 5903 et
3442 5846 3785 5911 ordinamus.
