3986 6320
549 276 656 333 225

1870 280 2151 338 JOANNIS
2189 278 2501 339 CASSIANI

3705 290 3824 352 234

507 463 511 468 ‘
551 389 832 458 concedit,
866 397 922 447 et
949 392 1039 463 qui
1071 399 1241 447 totum
1273 390 1377 445 sibi
1417 403 1516 460 pro
1556 391 1904 446 continentia
1944 406 2134 448 amore
2158 397 2213 458 Α
2237 393 2315 446 nis
2347 410 2524 446 curam
2553 410 2617 449 ne
2646 395 2868 464 feceritis
2897 396 2950 450 in
2981 395 3253 451 desideriis
3281 395 3477 471 (Rom.
3501 411 3598 455 xm
3614 398 3660 472 ).
3687 399 3816 457 Non

549 483 918 553 denegarem;
968 500 1128 555 quam
1173 483 1264 553 qui
1307 497 1400 537 eas
1446 484 1547 538 sub
1592 483 1921 537 inﬁrmitatis
1963 498 2128 538 occa-

547 573 703 628 sione
731 585 1012 629 sumentes
1053 588 1360 628 mensuram
1398 572 1734 627 sufﬁcientia
1772 574 2125 628 custodirent.

551 665 727 721 Habet
767 665 929 721 etiam
972 665 1218 735 corporis
1257 664 1607 720 imbecillitas
1637 665 1985 721 continentiae
2015 680 2130 719 sua

547 757 818 825 palmam,
861 756 1158 812 dummodo
1197 758 1334 812 escis
1374 757 1664 813 defectioni
1693 758 1870 814 carnis
1907 757 2130 814 indultis

546 847 728 903 adhuc
757 849 1094 918 indigentem
1123 863 1184 904 se
1214 850 1514 906 refectione
1540 849 1854 916 defraudet,
1889 861 2130 906 tantum-

546 957 648 1009 que
689 956 813 1005 esus
854 942 1164 1010 indulgeat,
1207 953 1466 1012 quantum
1508 942 1761 998 sufﬁcere
1801 943 1866 998 ad
1909 941 2128 998 vivendi

547 1047 703 1087 usum
736 1033 1112 1102 temperantia
1144 1033 1403 1089 discretio
1433 1033 1606 1104 rigida
1626 1034 1982 1103 judicaverit,
2015 1048 2127 1089 non

545 1134 808 1192 quantum
837 1124 1092 1179 desiderii
1123 1125 1400 1209 appetitus
1426 1125 1696 1194 exposcit.
1721 1125 2129 1183 Esculentiores

543 1216 652 1270 cibi
700 1225 757 1270 ut
798 1226 1097 1287 procurant
1125 1217 1373 1288 corporis
1401 1218 1690 1274 sanitatem
1709 1258 1725 1285 ,
1755 1219 1830 1273 ita
1859 1219 2128 1274 castitatis

543 1323 652 1362 non
694 1307 939 1363 adimunt
981 1309 1312 1379 puritatem,
1356 1311 1401 1365 si
1446 1325 1568 1365 cum
1615 1309 1989 1366 moderatione
2036 1325 2129 1365 su-

544 1410 780 1456 mantur.
805 1401 1075 1471 Quidquid
1101 1402 1246 1457 enim
1271 1401 1604 1458 fortitudinis
1628 1417 1792 1458 causa
1817 1417 1914 1458 esu
1937 1417 2127 1459 eorum

550 1495 864 1564 percipitur,
897 1495 1241 1563 egritudinis
1279 1495 1465 1552 labore
1494 1511 1557 1551 ac
1586 1495 1895 1552 defectione
1923 1510 2124 1552 consu-

545 1587 724 1642 mitur.
752 1587 1115 1654 Quamobrem
1139 1598 1200 1642 ut
1227 1589 1357 1643 nulli
1387 1589 1552 1644 statui
1578 1590 1750 1644 virtus
1777 1590 2126 1659 parcimonia

2236 498 2367 552 ergo
2409 499 2590 539 curam
2636 486 2752 555 ejus
2791 487 3114 544 omnimodis
3156 487 3468 554 interdixit,
3509 491 3605 546 sed
3653 501 3712 546 ut
3756 493 3814 546 in

2231 575 2515 631 desideriis
2570 577 2754 644 ﬁeret,
2805 578 3107 650 denegavit.
3162 571 3549 649 Voluptuosam
3598 582 3813 638 ademit

2232 665 2566 736 diligentiam
2612 671 2831 736 carnis,
2879 671 3333 741 gubernationem
3382 673 3509 728 vita
3555 689 3813 730 necessa-

2231 759 2365 814 riam
2397 775 2503 816 non
2531 761 2758 817 exclusit
2785 779 2802 819 :
2831 763 2963 818 illud
2985 805 3002 830 ,
3032 779 3101 820 ne
3142 766 3469 836 indulgentia
3509 769 3690 824 carnis
3730 770 3804 825 ad

2231 852 2624 909 desideriorum
2651 857 3035 925 occupationes
3063 859 3254 913 noxias
3280 858 3665 926 devolvamur;
3696 860 3808 917 hoc

2232 959 2395 1011 vero,
2437 961 2506 1000 ne
2542 955 2856 1015 corruptum
2899 958 3085 1003 nostro
3129 950 3260 1005 vitio
3301 964 3498 1020 corpus
3536 952 3815 1022 spiritales

2230 1050 2294 1092 ac
2318 1037 2648 1093 necessarias
2676 1037 2982 1095 fuuhiones
3007 1039 3244 1111 implere
3271 1055 3379 1098 non
3414 1043 3602 1113 possit.

2849 1199 3078 1256 CAPUT
3116 1199 3189 1255 IX

2229 1307 2309 1366 De
2324 1325 2562 1366 mensura
2586 1312 2982 1398 castigatianum
3008 1314 3460 1396 assumendarum,
3483 1317 3816 1387 remedioque

2891 1400 3106 1456 jejunis.

2297 1501 2521 1557 Summa
2549 1502 2711 1574 igitur
2736 1503 3089 1558 continentia
3127 1516 3240 1560 non
3267 1503 3384 1558 sola
3414 1503 3676 1574 temporis
3716 1519 3811 1559 ra-

2229 1592 2373 1649 tione
2390 1635 2406 1660 ,
2435 1609 2536 1651 nec
2560 1610 2807 1650 escarum
2837 1595 3100 1666 qualitate
3126 1595 3525 1664 tantummodo,
3555 1595 3653 1651 sed
3678 1607 3812 1651 ante

543 1679 817 1749 adimitur,
867 1682 939 1736 ita
985 1696 1052 1736 ne
1095 1682 1426 1752 integritatis
1465 1682 1684 1752 quidem
1730 1683 2124 1738 consummatio
2227 1685 2406 1738 omnia
2435 1685 2782 1740 conscientia
2808 1685 3013 1756 judicio
3041 1685 3352 1755 colligenda
3381 1693 3487 1740 est.
3518 1683 3545 1724 ι)
3574 1686 3813 1741 Tantum

543 1772 856 1844 denegatur.
1008 1778 1013 1782 “
1136 1844 1363 1902 CAPUT
1402 1845 1516 1900 Vl“

715 1937 984 2004 Quomodo
1011 1939 1180 1992 cibum
1205 1949 1444 2010 appetere
1471 1954 1532 1993 ac
1559 1953 1762 1992 sumere
1791 1938 1962 1993 liceat.

620 2051 909 2107 Verissima
959 2063 1041 2108 est
1089 2055 1269 2124 itaque
1315 2054 1575 2117 Patrum,
1637 2052 2138 2122 probatissimaque'

542 2149 810 2199 sententia
841 2188 857 2212 ,
907 2146 1237 2216 jejuniorum
1293 2158 1346 2202 et
1393 2147 1745 2203 continentia
1799 2145 2017 2201 modum
2069 2145 2122 2199 in

542 2251 794 2290 mensura
824 2238 1108 2307 parcitatis
1139 2242 1346 2293 tantum
1370 2280 1385 2304 ,
1428 2247 1484 2294 et
1521 2238 1875 2308 castigatione
1914 2238 2126 2292 consis-

542 2335 692 2393 tere,
734 2337 789 2383 et
833 2329 977 2385 hunc
1019 2345 1141 2385 esse
1186 2332 1440 2398 perfecta
1479 2331 1696 2385 virtutis
1739 2331 1797 2385 in
1837 2343 2127 2385 commune

540 2419 790 2475 omnibus
818 2421 980 2476 ﬁnem
1004 2463 1019 2487 ,
1051 2431 1112 2476 ut
1151 2423 1220 2477 ab
1258 2423 1429 2488 escis,
1474 2438 1607 2493 quas
1651 2437 1866 2478 sumere
1905 2430 2126 2477 susten-

543 2511 685 2565 tandi
733 2515 980 2582 corporis
1025 2513 1356 2569 necessitate
1399 2515 1803 2584 compellimur,
1845 2513 2024 2568 adhuc
2069 2513 2125 2568 in

539 2606 783 2675 appetitu
825 2621 1011 2661 earum
1055 2606 1218 2676 positi
1261 2617 1648 2674 temperemus.
1691 2605 1950 2674 Quamvis
1977 2607 2126 2661 enim

540 2701 662 2768 quis
727 2713 959 2768 corpore
1028 2701 1098 2754 sit
1160 2699 1442 2765 inﬁrmus,
1501 2699 1796 2770 perfectam
1869 2699 2126 2754 virtutem

542 2807 857 2862 aquamque
888 2793 1123 2848 robustis
1154 2808 1217 2848 ac
1247 2793 1393 2847 sanis
1417 2794 1469 2848 in
1491 2793 1741 2848 omnibus
1781 2791 2117 2863 possidebit,

543 2887 587 2941 si
617 2885 920 2952 desideria,
952 2902 1074 2956 qua
1099 2885 1360 2956 fragilitas
1387 2886 1566 2940 carnis
1593 2901 1702 2940 non
1733 2886 1936 2954 exigit,
1968 2899 2122 2940 men-

543 2979 612 3033 tis
642 2979 823 3050 rigore
849 2978 1095 3049 castiget.
1130 2977 1425 3048 Apostolus
1452 2992 1685 3048 namque
1709 2977 1815 3030 ait:
1845 2975 1915 3030 Et
1941 2985 1967 3014 ι
1999 2992 2118 3029 car-

2156 1781 2206 1841 B
2232 1777 2374 1832 enim
2404 1776 2564 1833 debet
2617 1779 2994 1849 unusquisque
3024 1777 3127 1833 sibi
3171 1776 3495 1848 frugalitatis
3531 1777 3773 1832 indicere
3793 1819 3811 1842 ,

2228 1879 2489 1940 quantum
2536 1885 2816 1940 corporea
2869 1869 3258 1925 obluctationis
3307 1884 3485 1940 pugna
3539 1869 3812 1939 deposcit.

2229 1961 2390 2019 Utilis
2429 1963 2648 2034 quidem
2688 1972 2743 2018 et
2782 1962 3110 2018 omnimodis
3148 1962 3486 2018 observanda
3523 1971 3606 2018 est
3640 1977 3814 2016 cano-

2231 2057 2349 2110 nica
2376 2056 2705 2127 jejuniorum
2736 2057 3015 2121 custodia;
3047 2055 3145 2112 sed
3174 2055 3280 2111 nisi
3313 2056 3449 2111 hanc
3477 2055 3613 2126 frugi
3643 2053 3813 2110 fuerit

2229 2147 2472 2202 ciborum
2501 2148 2727 2204 refectio
2757 2148 3082 2212 subsecuta,
3124 2147 3192 2202 ad
3233 2145 3562 2217 integritatis
3603 2145 3813 2200 calcem

2233 2255 2340 2295 non
2374 2241 2570 2309 poterit
2603 2240 2909 2310 pervenire.
2950 2239 3262 2310 Longorum
3309 2253 3539 2309 namque
3571 2238 3816 2308 jejunio-

2229 2347 2348 2384 rum
2372 2331 2572 2396 inedia,
2601 2332 2882 2386 saturitate
2906 2331 3153 2400 corporis
3175 2329 3557 2400 subsequente,
3588 2331 3814 2385 lassitu—

2229 2422 2413 2477 dinem
2440 2423 2626 2493 potius
2656 2423 3008 2492 temporalem
3027 2463 3044 2490 ,
3076 2436 3240 2493 quam
3268 2422 3556 2492 puritatem
3584 2421 3807 2476 castita-

2231 2515 2299 2568 tis
2320 2513 2572 2584 acquirit.
2595 2513 2889 2583 lntegritas
2909 2513 3110 2584 quippe
3129 2513 3325 2568 mentis
3345 2513 3550 2568 ventris
3571 2511 3817 2567 cubaret

2230 2605 2446 2660 inedia.
2470 2603 2585 2659 Non
2610 2605 2775 2660 habet
2799 2613 3113 2674 perpetuam
3131 2603 3473 2660 castimonia
3495 2602 3808 2673 puritatem,

2230 2697 2473 2767 quisquis
2500 2713 2606 2752 non
2632 2698 2813 2767 iugem
2843 2697 3214 2766 temperantia
3235 2695 3594 2767 aqualitatem
3621 2705 3815 2750 tenere

2232 2800 2518 2846 contentus
2542 2801 2644 2845 εει.
2671 2789 2931 2855 Quamvis
2955 2787 3199 2844 districta
3226 2789 3431 2858 jejunia
3447 2829 3463 2852 ,
3485 2787 3814 2844 succedente

2228 2882 2502 2952 superﬁua
2531 2881 2878 2945 remissione,
2905 2887 3223 2944 vacuantur,
3249 2887 3308 2934 et
3341 2881 3395 2933 in
3416 2877 3812 2948 gastrimargia

2227 2976 2415 3031 vitium
2459 2975 2705 3045 protinus
2748 2973 3127 3030 collabuutur:
3160 2983 3183 3010 ο
3211 2971 3402 3028 Melior
3434 2979 3520 3028 est
3556 2971 3802 3026 rationa-

1605 3115 1861 3170 ALARDI
1901 3114 2132 3172 GAZEI
2169 3113 2736 3172 COMMENTARIUS.

627 3245 656 3274 ι
675 3233 872 3288 Eodem
901 3232 1061 3287 modo
1090 3221 1474 3303 DXGregorius
1501 3248 1567 3288 ex
1598 3233 1698 3288 hac
1725 3235 1999 3288 sententia
2029 3249 2117 3288 ra-
2145 3234 2194 3298 Ο
2224 3233 2501 3286 admodum
2533 3233 2936 3300 medicamenta,
2983 3232 3058 3286 sic
3108 3231 3358 3303 alimenta
3384 3236 3682 3303 sumpturus
3725 3245 3814 3282 ac-

546 3307 832 3376 tiocinatur
873 3305 964 3359 lib.
997 3321 1102 3358 xxx
1133 3305 1470 3376 Moralacap.
1507 3305 1612 3359 i8:
1660 3304 1786 3370 Qua
1822 3305 2005 3376 igitur,
2037 3305 2123 3358 in-

544 3375 693 3442 quit,
729 3376 843 3444 fieri
872 3377 925 3428 in
952 3375 1207 3428 desideria
1236 3374 1550 3444 prohibetur,
1582 3376 1636 3428 in
1667 3374 1971 3429 necessitate
1999 3391 2124 3428 con-

546 3448 742 3500 ceditur
768 3462 785 3499 :
809 3446 897 3500 sed
925 3461 1061 3509 sape
1086 3446 1207 3498 dum
1248 3447 1446 3499 incaute
1486 3446 1775 3500 necessitati
1816 3446 2124 3500 condescen-

545 3519 712 3570 dimus
729 3557 744 3578 .
773 3517 1042 3570 desideriis
1063 3516 1398 3570 deseruimus.
1427 3515 1831 3586 Nonnumquam
1858 3533 1976 3569 vero
2000 3517 2123 3569 dum

542 3588 807 3641 desideriis
825 3588 1209 3641 immoderatius
1226 3586 1426 3640 obviare
1441 3588 1674 3650 nitimur,
1695 3587 2010 3640 necessitatis
2034 3589 2125 3640 mi-

547 3661 704 3712 serias
731 3674 1000 3726 augemus.
1036 3656 1124 3712 Sic
1156 3658 1288 3710 enim
1316 3673 1520 3712 necesse
1546 3666 1651 3722 est,
1687 3667 1742 3711 ut
1780 3673 1949 3710 arcem
1979 3659 2122 3724 quis-

544 3747 639 3811 que
688 3729 1258 3815 continentia‘teneqt,
1293 3738 1556 3815 quatenus
1601 3743 1702 3782 non
1747 3743 1989 3788 carnem,
2032 3729 2122 3781 sed

546 3802 669 3852 vitia
705 3799 872 3852 carnis
899 3798 1119 3852 occidat.
1145 3798 1268 3852 Hac
1291 3798 1586 3867 Gregorius
1605 3813 1864 3867 perquam
1895 3813 2118 3852 accom-

547 3871 762 3923 modate
790 3869 855 3922 ad
888 3880 1210 3935 prasentem
1247 3866 1420 3922 locum
1449 3866 1601 3934 (Lib.
1635 3869 1698 3920 de
1725 3866 1868 3921 νει-α
1906 3868 2054 3937 Virg.
2076 3868 2116 3938 ).

548 3940 643 3993 Cui
673 3943 942 3994 consentit
975 3940 1033 3992 ι).
1072 3939 1300 3992 Basilius
1330 3939 1396 3992 ad
1430 3938 1573 3993 hunc
1600 3939 1817 3992 modum
1840 3939 2117 3992 scribens:

551 4009 804 4074 Quoniam
849 4011 1084 4062 innatum
1127 4009 1272 4063 nobis
1317 4010 1546 4078 corporis
1585 4009 1912 4070 vehiculum,
1961 4025 2121 4075 neque

549 4082 698 4134 nimis
731 4080 954 4134 laxanda
995 4081 1175 4148 frena,
1219 4095 1381 4149 neque
1412 4095 1589 4132 rursus
1616 4080 1888 4132 immodice
1916 4078 2009 4131 illa
2038 4095 2118 4134 re-

547 4151 756 4202 tinenda
784 4151 848 4202 ad
880 4151 1079 4203 virtutis
1106 4165 1316 4221 cursum
1349 4149 1628 4216 producere
1654 4157 1852 4221 Oportet
1879 4165 1897 4202 :
1927 4150 2119 4203 idcirco

546 4230 593 4271 et
622 4236 897 4290 corporum
921 4231 1084 4273 status
1102 4263 1115 4280 ,
1147 4229 1195 4273 et
1221 4219 1427 4273 habitus
1445 4260 1460 4284 ,
1497 4229 1542 4273 et
1585 4219 1816 4272 ciborum
1845 4221 2118 4290 qualitates

546 4290 762 4344 solerter
788 4291 1058 4358 explorare
1087 4290 1346 4343 conveniet
1368 4307 1386 4355 ;
1412 4299 1468 4342 ut
1495 4289 1672 4343 valida
1696 4289 1902 4356 quidem
1921 4331 1937 4356 ,
1967 4301 2013 4343 et
2037 4308 2121 4344 ve-

547 4371 662 4432 geta
692 4363 922 4428 corporis
953 4363 1102 4431 frena
1124 4362 1562 4432 immittamus,net
1584 4377 1675 4428 per
1700 4362 1948 4424 inediam,
1971 4363 2121 4432 frigi-

547 4431 818 4503 dioresque
839 4430 978 4485 cibos
997 4432 1396 4503 redundantiam
1419 4430 1610 4484 caloris
1631 4447 1899 4485 arceamus
1918 4448 1937 4485 :
1964 4430 2120 4500 porro

544 4502 695 4554 senili
730 4501 775 4556 et
832 4503 1154 4571 frigescenti,
1188 4501 1318 4568 cibi,
1362 4511 1612 4570 potusque
1651 4504 2010 4573 adjumentum
2050 4505 2119 4557 ad

545 4574 901 4626 sustentandas
929 4575 1058 4626 vires
1089 4575 1400 4642 ingeramus.
1428 4573 1494 4626 Et
1524 4588 1707 4627 rursus
1731 4574 1926 4628 ibidem
1952 4590 1967 4627 ε
1995 4575 2116 4628 Sic-

548 4644 699 4714 utin
728 4645 864 4714 gula
893 4643 1338 4712 intemperantiam
1371 4643 1660 4708 declinare,
1695 4661 1874 4714 grave,
1908 4655 1955 4696 et
1981 4647 2117 4714 peri-

547 4713 779 4766 culosum
806 4723 878 4786 est
903 4729 921 4765 :
951 4715 1022 4786 ita
1054 4715 1382 4786 pernimium
1415 4713 1779 4768 abstinentiam
1806 4713 1992 4786 corpus
2031 4725 2114 4769 at-

546 4792 724 4854 tercre.
755 4793 799 4836 et
830 4782 1012 4836 inutile
1043 4783 1276 4848 reddere,
1305 4787 1443 4854 omni
1472 4789 1700 4854 profecto
1728 4782 1926 4839 ratione
1953 4797 2110 4840 caret.

551 4852 731 4927 Neque
758 4855 892 4906 enim
917 4853 1168 4927 abstinere
1183 4871 1227 4927 _a
1257 4852 1605 4927 voluptatibus
1637 4857 1772 4927 gula
1811 4873 1900 4926 per
1941 4873 1994 4909 se
2027 4874 2116 4910 ex-

547 4925 822 4995 petendum
853 4936 960 4988 est;
993 4924 1080 4977 sed
1107 4924 1227 4992 quia
1254 4925 1321 4976 ad
1351 4926 1552 4979 virtutis
1583 4924 1971 4995 ac'quisitionem
2000 4944 2116 4979 can-

544 4998 660 5060 fert.
693 4994 908 5067 Quodsi
935 4995 1094 5059 ilfud,
1118 4997 1265 5067 cujus
1283 4997 1450 5063 gratia
1471 4994 1832 5050 abstinentiam
1854 4997 2109 5067 eligimus,

525 5081 632 5130 'per
672 5065 1060 5118 immoderatam
1101 5065 1423 5134 negliguntus
1450 5067 1675 5120 inediam
1697 5108 1711 5129 ,
1741 5065 1938 5119 contra
1958 5078 2114 5134 atque

543 5135 852 5188 instituimus
872 5175 886 5198 ,
914 5152 942 5186 a
983 5137 1130 5188 imus.
1183 5135 1323 5188 Nam
1349 5137 1514 5200 fracto
1534 5177 1549 5201 ,
1579 5138 1896 5205 contritaque
1924 5140 2116 5190 instru-

543 5214 709 5257 mento
739 5221 901 5257 neaue
933 5154 1042 5257 gea
1072 5204 1341 5257 inharere.
1375 5223 1463 5257 aer
1488 5208 1745 5257 lectionis.
1776 5218 1823 5257 et
1857 5208 2114 5257 Orationis

543 5214 709 5258 mento
739 5221 901 5276 neque
933 5204 1042 5259 Deo
1072 5204 1341 5268 inharcre,
1373 5223 1463 5273 per
1488 5208 1745 5271 lectionis,
1776 5204 1823 5260 et
1857 5208 2114 5260 Orationis

541 5277 766 5329 studium
809 5293 1111 5342 possumus,
1159 5293 1318 5344 neque
1359 5276 1427 5329 ad
1470 5277 1691 5344 fratrum
1732 5278 2114 5343 beneficentiam

543 5343 881 5416 immanitatis
929 5346 1175 5412 Ofﬁcium
1219 5343 1377 5399 obire.
1425 5343 1595 5416 Igitur
1637 5357 1683 5399 et
1713 5349 1941 5416 corporis
1989 5364 2113 5401 cura

543 5414 773 5486 habenda
801 5425 904 5479 est,
937 5434 1040 5469 non
1066 5417 1228 5482 ipsius
1259 5417 1433 5486 gratia
1453 5414 1475 5480 ξ
1507 5417 1597 5470 sed
1639 5425 1694 5469 ut
1731 5414 1932 5470 servitio
1970 5418 2114 5470 illius

541 5485 613 5536 ad
651 5486 991 5554 philosophia
1033 5488 1126 5556 (id
1161 5485 1704 5556 estcoutemplativa
1729 5487 1894 5556 vita)
1939 5489 2111 5541 studia

543 5555 619 5628 uti
650 5557 898 5628 possimus
929 5554 1078 5624 (Lib.
1105 5557 1167 5611 de
1187 5557 1318 5610 Vera
1340 5554 1534 5628 Virg.).
1569 5556 1842 5611 Hactenus
1871 5554 1934 5611 D.
1964 5558 2112 5611 Basi-

541 5622 671 5679 lius.
704 5621 870 5679 Porro
898 5621 1169 5695 quomodo
1195 5621 1597 5695 corporis'cura
1637 5628 1690 5680 in
1725 5628 1848 5684 cibo
1888 5638 1944 5682 et
1985 5639 2107 5695 potu

541 5695 748 5778 absque
790 5697 1069 5778 volnptatg
1089 5695 1330 5778 habenda
1358 5698 1732 5778 sitnd‘eglarm
1857 5700 2107 5778 Augusti-

543 5782 640 5823 nus
662 5765 753 5822 ’his
784 5765 998 5822 verbis:
1023 5765 1136 5822 Hoc
1163 5774 1243 5822 nte
1272 5768 1491 5822 docuisti
1521 5766 1818 5838 (Dominé),
1847 5770 1900 5825 ut
1924 5765 2099 5840 quem-

2145 4609 2200 4670 D

2226 3305 2420 3358 cedam.
2443 3303 2551 3359 Sed
2573 3304 2695 3357 dum
2711 3303 2779 3356 ad
2797 3303 3017 3373 quietem
3036 3302 3283 3362 satietatis
3303 3316 3366 3373 ea:
3384 3300 3683 3373 indigentia
3703 3315 3816 3351 mo-

2225 3374 2374 3428 lestia
2405 3383 2605 3428 transeo
2623 3414 2639 3438 ,
2668 3375 2720 3427 in
2752 3371 2864 3439 ipsa
2894 3373 3116 3426 transitu
3146 3373 3270 3426 mihi
3295 3371 3572 3424 insidiatur
3599 3371 3818 3437 laqueus

2225 3445 2672 3514 concupiscentia.
2719 3442 2842 3512 Ipse
2882 3444 3016 3497 enim
3054 3443 3302 3497 transitus
3345 3442 3585 3514 uoluptas
3625 3449 3737 3506 est,
3765 3450 3816 3514 et

2224 3531 2328 3569 non
2357 3511 2429 3569 est
2459 3517 2617 3577 alius,
2646 3511 2760 3585 qua
2779 3522 3086 3579 transeatur,
3113 3529 3272 3584 quam
3295 3528 3403 3585 qua
3419 3511 3646 3585 transire
3667 3511 3809 3585 cogit

2226 3588 2525 3640 necessitas.
2555 3585 2624 3638 Et
2644 3581 2760 3638 cum
2790 3586 2934 3638 salus
2960 3586 3027 3638 sit
3055 3581 3211 3637 causa
3239 3582 3428 3638 edendi
3465 3590 3512 3636 et
3563 3581 3807 3647 bibendi,

2224 3657 2467 3727 adjungit
2489 3673 2542 3709 se
2566 3666 2822 3726 tamquam
2845 3656 3146 3726 pedissequa
3175 3655 3461 3725 periculosa
3477 3651 3811 3727 jucundius,

2224 3737 2272 3781 et
2290 3723 2596 3804 plerumque
2625 3723 2808 3804 pr‘aire
2836 3723 3073 3804 conatur,
3102 3733 3158 3804 ut
3176 3723 3298 3797 ejus
3329 3723 3489 3804 causa
3513 3723 3633 3790 ﬁat,
3662 3723 3808 3804 quod

2225 3745 2272 3781 et
2288 3745 2596 3850 {iterumque
2625 3745 2808 3798 pratre
2836 3745 3073 3789 conatur,
3102 3745 3157 3778 ut
3186 3745 3298 3797 ejus
3329 3745 3487 3777 causa
3513 3745 3633 3790 pas,
3662 3745 3807 3804 quoa

2225 3814 2283 3850 sa
2311 3799 2410 3850 utis
2440 3814 2599 3850 causa
2638 3812 2718 3849 me
2761 3801 2930 3864 facere
2972 3795 3049 3849 vel
3087 3795 3235 3860 dico,
3268 3795 3343 3848 uel
3370 3792 3486 3847 vola
3509 3809 3528 3846 :
3556 3809 3646 3846 nec
3671 3795 3816 3846 idem

2223 3869 2408 3921 modus
2446 3869 2716 3936 utriusque
2741 3874 2837 3936 est:
2872 3865 3008 3919 Nam
3032 3865 3168 3936 quod
3191 3865 3352 3920 saluti
3377 3865 3506 3919 satis
3531 3873 3604 3917 cst
3621 3905 3636 3929 ,
3665 3865 3815 3936 dele-

2223 3939 2438 3990 ctationi
2471 3935 2654 4004 parum
2677 3946 2769 3989 est.
2794 3935 2864 3989 Et
2887 3952 3021 4006 sape
3047 3935 3296 3990 incertum
3316 3936 3375 4003 fit
3391 3976 3407 4001 ,
3436 3943 3606 3988 utrum
3632 3935 3808 4006 adhuc

2225 4011 2513 4061 necessaria
2566 4009 2798 4074 corporis
2839 4004 2969 4059 cura
3017 4007 3306 4061 subsidium
3365 4014 3534 4075 petat,
3565 4021 3632 4057 an
3660 4004 3813 4058 volu-

2224 4079 2432 4148 ptuaria
2463 4079 2764 4146 cupiditatis
2794 4076 3006 4148 fallacia
3061 4077 3401 4148 ministerium
3430 4084 3687 4146 suppetat.
3723 4077 3812 4128 Ad

2223 4147 2321 4201 hoc
2343 4151 2589 4202 incertum
2611 4149 2871 4202 hilarescit
2890 4147 3072 4217 infelix
3091 4149 3286 4212 anima,
3318 4154 3367 4201 et
3389 4147 3441 4200 in
3465 4163 3522 4200 eo
3544 4157 3805 4216 praparat

2224 4221 2574 4273 excusationis
2620 4219 2990 4286 patrocinium,
3019 4218 3250 4289 gaudens
3276 4233 3377 4271 non
3403 4233 3648 4286 apparere
3678 4218 3809 4289 quid

2222 4292 2346 4344 satis
2386 4292 2453 4344 sit
2494 4290 2836 4343 moderationi
2867 4287 3206 4355 valetudinis,
3262 4299 3317 4342 ut
3373 4288 3575 4340 obtentu
3621 4287 3811 4340 salutis

2223 4360 2485 4416 obumbret
2511 4361 2769 4431 negotium
2792 4360 3084 4431 voluptatis.
3099 4359 3176 4412 Ita
3199 4357 3457 4428 praclare
3468 4356 3807 4428 Augustinus

2223 4431 2374 4502 (Lib.
2401 4449 2432 4486 x
2460 4431 2692 4500 Confess.
2718 4448 2835 4502 cap.
2859 4431 2985 4502 bi).

2293 4502 2322 4540 δ
2351 4503 2412 4556 Ι).
2437 4497 2794 4567 Hieronymus
2815 4499 2883 4555 ad
2906 4499 3293 4569 Nepotianum:
3315 4497 3541 4552 Tantum
3564 4539 3578 4562 ,
3602 4499 3804 4567 inquit,

2223 4574 2313 4626 tibi
2338 4576 2540 4626 modum
2561 4573 3135 4644 jejuniarumiimpane,
3165 4581 3413 4644 quantum
3438 4570 3575 4637 ferre
3614 4580 3759 4635 potes
3785 4585 3803 4620 :

2225 4646 2327 4696 sint
2359 4644 2448 4696 tibi
2479 4641 2630 4713 pura,
2661 4651 2831 4703 casta,
2867 4641 3148 4713 simplicia,
3181 4641 3476 4713 moderata,
3506 4649 3552 4713 et
3580 4656 3805 4713 non_su-

2226 4709 2517 4784 pernitiosa
2529 4713 2754 4784 jejunio.
2773 4713 2862 4767 Sic
2881 4709 3046 4766 abbas
3063 4712 3273 4784 Moyses
3293 4709 3482 4764 Collat.
3501 4710 3537 4763 2
3554 4725 3672 4784 cap.
3690 4709 3766 4764 22
3789 4729 3800 4764 :

2225 4783 2492 4836 Generalis
2519 4780 2600 4834 hic
2626 4783 2955 4837 continentia
2978 4782 3161 4836 modus
3187 4792 3259 4835 est
3279 4821 3294 4846 ,
3320 4790 3374 4834 ut
3396 4780 3678 4834 secundum
3710 4797 3805 4833 ca-

2225 4855 2497 4922 pacitatem
2519 4855 2731 4919 uirium,
2762 4852 2838 4906 vel
2868 4853 3097 4921 corporis
3115 4893 3128 4914 .
3157 4853 3234 4905 vel
3261 4852 3424 4906 atatis
3449 4860 3645 4904 tantum
3674 4851 3806 4904 sibi-

2225 4935 2322 4976 met
2365 4923 2464 4976 cibi
2504 4927 2846 4993 unusquisque
2883 4924 3167 4986 concedat,
3208 4933 3460 4993 quantum
3499 4923 3810 4976 sustentatio

2223 4995 2394 5047 carnis
2419 5036 2432 5057 ,
2466 5011 2564 5047 non
2591 5004 2841 5063 quantum
2873 4994 3178 5048 desiderium
3217 4993 3504 5046 saturitatis
3541 4994 3798 5063 exposcit.

2224 5065 2296 5118 Et
2314 5081 2432 5132 cap.
2452 5067 2695 5134 sequenti
2715 5084 2726 5116 :
2750 5064 2877 5118 Hac
2898 5075 2971 5118 est
2991 5074 3266 5135 temperata
3281 5063 3608 5135 continentia
3627 5079 3808 5130 aqua-

2217 5135 2356 5197 litas,
2380 5133 2820 5206 atque’mensura,
2844 5151 2959 5204 qua
2982 5133 3196 5186 Patrum
3210 5149 3418 5206 quoque
3429 5133 3632 5206 judicio
3655 5150 3801 5206 cam-

2217 5203 2484 5276 prabatur,
2515 5216 2568 5258 ut
2590 5203 2945 5275 quotidianam
2969 5206 3115 5276 panis
3140 5203 3464 5272 refectionem
3490 5203 3802 5275 quotidiana

2217 5275 2484 5330 comitetur
2511 5277 2731 5338 esuries,
2760 5277 2814 5329 in
2844 5293 2966 5339 uno,
2995 5275 3265 5344 eademque
3289 5285 3425 5328 statu
3449 5276 3672 5327 animum
3704 5291 3802 5342 pa-

2215 5348 2359 5410 riter,
2376 5363 2661 5415 corpusque
2678 5361 3002 5410 conseruans,
3022 5362 3115 5398 nec
3127 5346 3321 5418 jejunii
3343 5345 3804 5418 fatigatione_con-

2217 5419 2408 5484 cidere,
2431 5434 2522 5470 nec
2542 5414 2748 5488 grauari
2769 5426 2980 5488 mentem
3001 5414 3269 5488 saturitate
3288 5414 3608 5486 permittens.
3628 5414 3804 5471 Tanta

2219 5504 2438 5558 namque
2469 5487 2767 5558 frugalitate
2794 5487 3004 5555 fruitur,
3039 5495 3096 5538 ut
3126 5487 3381 5540 interdum
3407 5501 3462 5539 se
3483 5495 3596 5558 post
3615 5499 3802 5557 uespe—

2217 5575 2326 5611 ram
2343 5557 2361 5619 ,⁷
2389 5574 2481 5612 nec
2510 5557 2724 5622 sentiat,
2759 5568 2851 5610 aut
2885 5557 3162 5613 meminerit
3191 5558 3449 5626 refecisse.

2294 5641 2314 5664 ε
2349 5630 2429 5697 Ali
2458 5628 2558 5680 hac
2585 5635 2857 5680 sententia
2882 5637 2983 5681 Stat
3006 5627 3070 5681 D.
3097 5627 3457 5697 Hieronymus
3481 5629 3708 5696 primum
3739 5630 3796 5684 in

2215 5696 2448 5764 cpistola
2465 5699 2694 5757 decima.
2716 5697 2806 5753 ubi
2826 5697 2935 5751 ait:
2965 5697 3161 5752 Parcus
3187 5696 3361 5767 cibus,
3385 5708 3432 5752 et
3459 5709 3631 5753 venter
3660 5715 3798 5754 sem-

2213 5785 2305 5838 per
2325 5776 2553 5823 es'urten's
2575 5769 2831 5823 triduanis
2844 5770 3067 5842 jejuniis
3087 5770 3382 5841 prafertur.
3406 5768 3474 5824 Et
3496 5770 3660 5826 multo
3685 5787 3797 5827 me-
