3986 6320
187 287 281 345 225

652 288 746 346 DE
783 289 1265 350 C(ENOBIORUM
1303 287 1543 347 INSTIT.
1585 285 1716 346 LIB.
1761 288 1829 346 ν.
1855 319 1926 332 --
1954 287 2042 345 DE
2080 287 2350 347 SPIRITU
2390 285 2952 348 GASTRIMARGIIE.

3328 287 3438 346 226

191 398 296 455 bilis
329 412 454 452 cum
498 399 872 454 moderatione
921 399 1239 471 qutmdiana
1285 399 1539 465 reiectio,
1591 414 1752 470 quam
1783 405 1838 466 Α
1860 399 1995 456 lium
2026 401 2287 457 vitiorum
2321 401 2533 457 fomites
2563 402 2819 458 radicitus
2847 402 3164 460 excidantur
3187 418 3201 456 :
3227 401 3295 458 de
3320 403 3438 473 qui-

192 509 274 562 per
310 491 600 546 intervalla
645 491 874 548 arduum
921 494 1249 564 longumque
1285 492 1570 562 jejunium.
1603 492 1764 548 Novit

193 584 536 638 immoderata
593 585 777 639 inedia
837 600 942 640 non
987 585 1151 641 modo
1199 585 1396 640 mentis
1437 585 1764 642 labefactare

193 677 581 743 constantiam,
621 676 719 732 sed
755 677 916 732 etiam
953 677 1265 732 orationum
1300 677 1599 733 efﬁcaciam
1639 676 1764 734 red-

199 769 315 825 dere
343 769 669 826 lassitudine
697 769 938 840 corporis
967 778 1307 826 enervatam.

801 903 1030 961 CAPUT
1081 903 1152 960 Χ.

200 996 268 1050 Ad
296 995 700 1050 conservandam
721 997 905 1050 mentis
936 1006 984 1050 et
1009 997 1242 1064 corporis
1268 998 1578 1067 puritatem,
1606 998 1765 1054 absti-

431 1069 661 1122 nentiam
696 1067 930 1122 ciborum
958 1083 1061 1122 non
1092 1085 1240 1139 posse
1267 1069 1506 1138 sufﬁcere.

262 1180 338 1236 Ad
361 1180 736 1250 integritatem
763 1181 964 1236 mentis
987 1190 1042 1235 et
1063 1181 1313 1251 corporis
1342 1181 1766 1238 conservandam

204 1274 515 1330 abstinentia
558 1274 814 1330 ciborum
854 1275 970 1330 sola
1014 1289 1119 1330 non
1168 1276 1400 1341 sufficit,
1434 1278 1538 1332 nisi
1567 1276 1771 1332 fuerint

203 1380 394 1422 cetera:
419 1381 645 1438 quoque
672 1368 906 1422 virtutes
935 1369 1133 1422 anima:
1168 1369 1487 1440 conjugatae.
1542 1370 1772 1425 Humili-

204 1468 272 1512 tas
311 1458 479 1528 igitur
519 1458 774 1529 primitus
828 1459 1154 1515 obedientiaa
1200 1461 1435 1527 virtute,
1487 1471 1542 1516 et
1587 1463 1768 1518 cordis

204 1552 559 1618 contritione,
607 1553 961 1623 corporisque
1009 1553 1318 1622 fatigatione
1361 1555 1616 1609 discenda
1662 1564 1765 1610 est.

202 1641 541 1698 Pecuniarum
584 1659 697 1699 non
737 1643 910 1699 solum
945 1643 1173 1699 vitanda
1207 1654 1294 1700 est
1335 1646 1642 1716 possessio,
1671 1646 1768 1701 sed

197 1734 336 1786 etiam
385 1733 728 1789 desiderium
779 1749 966 1789 earum
1021 1735 1284 1790 radicitus
1335 1737 1763 1807 exstirpandum.

198 1822 299 1876 Non
333 1827 482 1879 enim
513 1839 608 1878 eas
635 1825 838 1879 sufﬁcit
866 1841 972 1880 non
1007 1825 1243 1889 habere,
1273 1827 1416 1897 quod
1451 1827 1768 1897 plerumque

195 1917 317 1968 solet
339 1916 508 1970 etiam
537 1931 611 1971 ex
645 1917 966 1973 necessitate
992 1917 1349 1981 descendere,
1381 1919 1477 1974 sed
1501 1935 1570 1974 ne
1596 1920 1766 1988 ipsam

194 2007 393 2074 quidem
425 2049 441 2072 ,
489 2010 533 2063 si
566 2007 707 2064 forte
741 2009 937 2064 oblata:
977 2011 1216 2075 fuerint,
1257 2011 1490 2066 habendi
1527 2013 1770 2080 recipere

195 2100 542 2156 voluntatem.
589 2101 690 2156 Irae
711 2104 1076 2158 couterendus
1102 2115 1186 2160 est
1217 2104 1387 2170 furor,
1420 2107 1654 2161 tristitiae
1681 2124 1770 2162 su-

191 2194 416 2262 peranda
450 2194 729 2262 dejectio;
778 2197 1114 2264 cenodoxia,
1166 2198 1221 2252 id
1269 2208 1384 2264 est,
1425 2215 1562 2254 vana
1596 2200 1770 2270 gloria

191 2288 600 2355 conicttmentla,
629 2289 898 2358 superbiae
923 2290 1216 2346 calcandus
1245 2301 1331 2347 est
1351 2292 1544 2359 fastus,
1577 2296 1772 2350 mentis

193 2400 398 2454 quoque
442 2385 617 2454 ipsius
661 2385 945 2440 instabiles
975 2385 1202 2456 vagique
1231 2384 1517 2441 discursus
1553 2387 1770 2442 assidua

190 2476 273 2530 Dei
322 2477 595 2532 memoria
637 2476 971 2533 refrenandi.
1021 2477 1317 2547 Totiesque
1363 2479 1523 2534 nobis
1567 2489 1650 2534 est
1703 2478 1772 2534 ad

115 2593 117 2598 ·
190 2567 702 2634 contemplationem
734 2566 831 2622 Dei
859 2567 1064 2621 lubrica
1091 2567 1270 2622 cordis
1305 2569 1474 2624 nostri
1507 2584 1772 2639 pervaga-

197 2659 272 2711 tio
298 2657 628 2723 reducenda,
662 2659 884 2730 quoties
909 2660 1126 2715 subtilis
1154 2661 1324 2716 hostis
1355 2661 1425 2716 ab
1452 2663 1553 2716 hoc
1580 2663 1778 2718 intuitu

201 2763 433 2806 mentem
460 2753 739 2822 captivare
762 2762 1102 2821 pertentans,
1126 2755 1433 2811 recessibus
1461 2761 1630 2812 nostri
1657 2773 1778 2813 cor-

201 2842 284 2896 dis
304 2841 573 2913 irrepserit
589 2842 610 2914 (
625 2842 762 2898 Vide
775 2843 932 2899 Joan.
959 2843 1285 2900 Climachum
1306 2847 1476 2917 gradu
1501 2847 1642 2903 M'et
1664 2848 1776 2918 15).

793 2973 1021 3030 CAPUT
1069 2974 1163 3029 XI.

203 3064 642 3136 Concupiscentias
682 3064 856 3120 cordis
891 3082 996 3119 non
1025 3066 1325 3136 exstingui,
1355 3067 1453 3122 nisi
1482 3084 1602 3123 cum
1642 3070 1782 3124 omni

642 3137 1023 3205 exstirpatione
1055 3137 1320 3191 vitiorum.

265 3251 602 3321 Impossihile
642 3265 875 3320 namque
905 3259 989 3305 est
1028 3251 1306 3323 exstingui
1333 3252 1501 3321 ignita
1528 3256 1775 3326 corporis

207 3345 490 3411 incentiva,
532 3345 850 3415 priusquam
882 3353 1214 3400 casterorum
1238 3360 1458 3416 quoque
1499 3349 1774 3418 principa-

1869 493 1968 547 bus
2016 493 2288 562 sigillatim
2335 493 2606 549 distinctis
2646 494 2848 550 libellis
2885 510 2985 550 suo
3024 496 3174 560 loco,
3205 493 3441 550 donante

1867 582 2120 650 Domino,
2169 583 2519 639 disseremus.
2571 584 2725 640 Nunc
2757 601 2888 640 vero
2913 586 3248 654 propositum
3282 585 3440 640 nobis

1865 686 1951 732 est
1980 677 2049 730 de
2091 675 2502 745 gastrimargia,
2547 675 2600 730 id
2630 687 2750 743 est,
2795 677 2937 745 gulae
2975 674 3439 746 concupiscentia,

1871 776 2066 823 contra
2091 783 2251 838 quam
2279 767 2435 823 nobis
2461 767 2664 838 primus
2695 768 2976 823 conflictus
3006 776 3118 833 est,
3145 767 3441 837 disputare.

1866 873 1894 901 ι
1926 861 2225 932 Numquam
2256 861 2422 932 igitur
2451 862 2654 932 poterit
2698 861 2942 917 ardentis
2986 861 3445 931 concupiscentia:

1871 956 2124 1011 stimulos
2154 955 2426 1023 inhibere,
2451 955 2694 1026 quisquis
2715 955 2981 1010 desideria
3003 955 3144 1024 gula:
3168 953 3446 1010 refrenare

1873 1049 2198 1120 nequiverit.
2235 1049 2513 1103 lnterioris
2553 1047 2789 1103 hominis
2837 1049 3060 1104 castitas
3097 1046 3312 1102 virtutis
3339 1047 3442 1101 hu-

1865 1141 1954 1211 jus
2006 1140 2479 1195 consummatione
2538 1140 2888 1195 discernitur.
2954 1138 3252 1208 Numquam
3301 1138 3443 1193 enim

1868 1230 2192 1287 robustioris
2247 1230 2456 1286 aemulis
2497 1231 2776 1286 colluctari
2825 1245 2988 1300 posse
3036 1229 3275 1285 confidas
3321 1244 3444 1284 eum

1870 1338 2030 1392 quem
2070 1323 2122 1376 in
2155 1321 2360 1378 leviore
2401 1320 2653 1376 conﬂictu
2698 1321 3047 1391 conspexeris
3087 1322 3154 1376 ab
3187 1322 3446 1375 infirmio-

1871 1414 2020 1468 ribus
2054 1413 2297 1484 potuisse
2327 1413 2592 1483 superari.
2619 1411 2647 1451 δ
2675 1413 3001 1468 Cunctarum
3027 1427 3254 1481 namque
3283 1413 3452 1467 virtu-

1874 1513 1990 1558 tum
2019 1520 2123 1559 una
2171 1512 2359 1559 natura
2389 1513 2509 1569 est,
2562 1504 2689 1558 licet
2723 1504 2776 1558 in
2808 1503 3005 1558 multas
3042 1503 3206 1558 dividi
3237 1505 3449 1572 species

1873 1606 1929 1653 et
1959 1597 2218 1653 vocabula
2248 1596 2570 1661 videantur;
2613 1595 2754 1650 sicut
2794 1598 2908 1650 auri
2946 1611 3160 1666 quoque
3190 1611 3294 1651 una
3323 1596 3453 1649 sub-

1871 1692 2071 1748 stantia
2115 1702 2200 1746 est
2222 1736 2236 1759 ,
2284 1690 2411 1744 licet
2440 1705 2537 1760 per
2565 1689 2731 1744 multa
2763 1689 3017 1758 variaque
3047 1689 3330 1743 monilium
3361 1703 3454 1758 ge-

1797 1781 1846 1841 B
1874 1799 2005 1838 nera
2053 1797 2154 1852 pro
2197 1783 2464 1837 artificum
2513 1779 2765 1836 videatur
2813 1781 3030 1850 ingenio
3072 1796 3136 1834 ac
3175 1780 3450 1834 voluntate

1872 1877 2150 1931 distincta.
2200 1875 2388 1945 Itaque
2419 1886 2439 1912 ε
2474 1874 2674 1928 nullam
2724 1873 2959 1942 perfecte
3000 1873 3282 1944 possidere
3331 1887 3456 1942 pro-

1874 1971 2114 2033 habitur,
2147 1968 2391 2039 quisquis
2419 1968 2588 2023 elisus
2616 1969 2668 2021 in
2699 1982 2887 2022 earum
2915 1976 3066 2036 parte
3094 1967 3454 2038 dignoscitur.

1872 2061 1990 2128 Quo
2038 2061 2184 2116 enim
2238 2059 2398 2114 modo
2440 2057 2731 2128 ﬂagrantes
2775 2067 2940 2113 aastus
2982 2058 3454 2126 concupiscentia}.

1874 2155 1964 2225 qui
1995 2168 2100 2208 non
2138 2152 2254 2208 sola
2284 2153 2634 2222 instigatione
2662 2153 2907 2220 corporis
2933 2197 2947 2222 ,
2982 2153 3079 2208 sed
3111 2154 3271 2208 etiam
3306 2168 3459 2207 men-

1876 2247 1948 2300 tis
1979 2245 2110 2300 vitio
2151 2244 2577 2310 succenduntur,
2623 2245 2954 2301 exstinxisse
3002 2246 3308 2300 credendus
3352 2256 3456 2312 est,

1877 2336 1972 2406 qui
2003 2335 2221 2390 aculeos
2245 2335 2339 2388 irae
2364 2335 2544 2389 cordis
2573 2335 2743 2390 solius
2773 2337 3188 2404 intemperantia
3217 2352 3463 2406 prorum-

1878 2438 2070 2499 pentes
2099 2427 2350 2498 mitigare
2379 2441 2485 2482 non
2515 2429 2734 2498 potuit?
2761 2430 2868 2484 Aut
2895 2443 3128 2498 quonam
3161 2430 3322 2484 modo
3350 2444 3452 2498 pu-

1879 2519 2072 2575 tandus
2120 2527 2205 2574 est
2247 2519 2428 2574 carnis
2475 2519 2778 2589 animaeque
2824 2519 3173 2574 lascivientes
3208 2520 3460 2574 stimulos

1880 2611 2175 2676 retudisse,
2210 2612 2300 2680 qui
2329 2611 2601 2680 superbia:
2630 2610 2816 2665 vitium
2858 2611 3087 2681 simplex
3135 2626 3240 2664 non
3284 2609 3460 2677 quivit

1879 2703 2174 2759 evincere?
2218 2704 2325 2757 Aut
2351 2702 2806 2770 quemadmodum
2845 2703 3144 2758 credendus
3173 2713 3256 2758 est
3284 2703 3455 2758 inser-

1881 2807 1989 2852 tam
2037 2796 2187 2852 carni
2231 2796 2506 2850 luxuriam
2547 2797 2940 2861 conculcasse,
2991 2797 3081 2866 qui
3112 2795 3459 2865 pecuniarum

1880 2888 2378 2960 concupiscentiam
2427 2888 2729 2944 forinsecus
2776 2890 2932 2943 sitam
2957 2930 2972 2953 ,
3006 2897 3168 2958 atque
3202 2905 3231 2942 a
3272 2898 3458 2944 nostra

1882 2979 2188 3038 substantia
2217 2979 2472 3045 alienam,
2504 2994 2610 3034 non
2634 2980 2804 3034 valuit
2829 2979 3113 3035 abdicare?
3140 2982 3250 3047 Qua
3282 2990 3462 3037 autem

1883 3073 2096 3128 ratione
2145 3070 2350 3126 bellum
2397 3070 2575 3126 carnis
2625 3079 2681 3126 et
2727 3071 2922 3125 animae
2960 3071 3340 3141 triumphabit,
3371 3073 3460 3140 qui

1808 3153 1855 3218 C
1888 3166 2117 3222 idoneus
2141 3180 2250 3220 non
2284 3163 2384 3218 fuit
2409 3163 2659 3218 morbum
2690 3178 2881 3218 curare
2904 3163 3179 3219 tristitiae?
3220 3149 3490 3233 Quanta-‘

1882 3253 2016 3313 libet
2044 3256 2178 3312 urbs
2206 3255 2537 3311 sublimitate
2563 3271 2838 3310 murorum
2867 3266 2921 3311 et
2945 3257 3253 3312 clausarum
3285 3270 3464 3328 porta-

1882 3367 2002 3407 rum
2034 3350 2290 3405 firmitate
2313 3350 2609 3418 muniatur,
2633 3346 2662 3386 ἀ
2692 3351 2983 3421 posterqu
3006 3352 3186 3419 unius,
3217 3353 3464 3422 quamvis

1258 3482 1522 3538 ALARDI
1560 3484 1794 3542 GAZIEI
1832 3482 2382 3543 COMMENTARIUS

210 3578 291 3632 lius
320 3589 391 3633 est
414 3578 648 3649 quotidie
679 3593 892 3645 parum,
919 3591 1219 3649 quamgraro
1239 3578 1366 3630 satis
1384 3593 1610 3649 sumere.
1647 3577 1776 3634 Plu-

211 3651 408 3722 riarilla
428 3647 631 3722 optima
670 3659 745 3722 est
766 3647 1144 3722 ,‘quaz'sensim
1171 3647 1433 3700 descendit
1464 3648 1518 3722 in
1550 3661 1737 3704 terram
1758 3692 1774 3717 ,

208 3721 385 3774 subitus
412 3717 686 3775 etinimius
707 3717 869 3772 imber
894 3720 946 3772 in
976 3733 1198 3788 preceps
1227 3733 1351 3771 arua
1395 3717 1662 3773 subvertit.
1712 3722 1778 3775 Et

209 3805 377 3844 rursus
405 3791 498 3844 lib.
532 3792 651 3860 ttin
679 3789 1019 3844 Joviuianum
1043 3807 1055 3841 :
1089 3788 1275 3855 Quale,
1306 3788 1500 3858 inquit,
1527 3791 1780 3860 jejunium

210 3871 305 3923 est,
337 3870 427 3913 aut
467 3858 635 3930 qualis
665 3861 757 3913 illa
793 3860 1000 3927 refectio
1035 3870 1146 3927 post
1175 3860 1441 3930 jejunium
1463 3901 1476 3920 .
1511 3858 1628 3914 curm
1666 3865 1779 3929 pri-

209 3933 361 3983 dianis
392 3932 558 3996 epulis
587 3931 949 3996 distendimur,
981 3941 1026 3982 et
1057 3939 1231 4001 guttur
1261 3939 1490 3983 nostrum
1522 3933 1777 3986 mediato-

208 4001 326 4052 rium
348 4002 576 4071 efﬁcitur
603 4002 911 4053 latrinarum
928 4043 942 4066 ,
973 4001 1192 4068 dumque
1217 4001 1448 4053 volumus
1477 4004 1780 4069 prolixioris

208 4071 378 4136 inedire
402 4073 598 4138 famam
625 4086 872 4138 quaerere,
901 4080 1098 4123 tantum
1126 4085 1386 4132 voramus,
1417 4082 1667 4139 quantum
1693 4076 1780 4128 vix

209 4143 404 4215 alterius
433 4142 538 4194 diei
563 4157 666 4194 nox
690 4141 904 4210 digerat.
937 4140 1119 4215 Itaque
1144 4158 1251 4215 non
1275 4149 1380 4192 tam
1398 4144 1661 4213 jejunium
1687 4162 1782 4215 ap-

210 4212 497 4330 lprliandum
554 4222 668 4278 est,
699 4228 854 4281 quam
883 4212 1098 4282 crapula
1144 4220 1193 4264 et
1224 4211 1528 4282 faetens,’ac
1567 4211 1782 4271 molesta

247 4293 432 4330 1028110.

247 4285 432 4349 igestio.

275 4360 297 4388 ⁸
324 4352 468 4406 Scita
516 4350 788 4406 sententia
817 4392 832 4414 ,
868 4367 973 4404 non
1020 4352 1230 4406 ratione
1276 4361 1483 4406 tantum
1511 4394 1525 4416 ,
1554 4355 1648 4408 sed
1679 4371 1781 4410 usu

213 4423 584 4492 comprobata;
618 4422 713 4492 cui
757 4422 947 4476 similis
976 4422 1065 4475 illa
1098 4422 1162 4475 D.
1198 4423 1511 4492 llieroitymi
1541 4441 1553 4475 :
1598 4425 1782 4479 Venter

215 4491 318 4563 gina
341 4503 570 4563 testuans
598 4491 750 4559 facile
771 4494 1040 4563 despumat
1060 4493 1112 4545 in
1142 4491 1424 4546 libidinem.
1461 4494 1524 4547 Et
1548 4493 1778 4563 Epistol.

214 4556 275 4611 (ἢ
293 4562 356 4614 ad
387 4556 736 4615 Eustochium
763 4578 777 4614 :
814 4556 1098 4625 Pudicitia,
1131 4565 1229 4615 nisi
1277 4579 1365 4623 per
1393 4556 1778 4630 abstinentiam,

217 4638 308 4682 tuta
335 4647 443 4704 esse
469 4647 573 4684 non
602 4640 783 4704 potest.
814 4632 947 4704 βίω
975 4630 1230 4704 Cerereet
1256 4632 1458 4686 Baccho
1487 4634 1636 4704 friget
1682 4636 1780 4688 Ve-

216 4716 320 4753 nus.
361 4703 605 4770 Itemque
652 4703 754 4754 alia
801 4701 1042 4757 Cassiani
1079 4701 1274 4757 Collat.
1327 4705 1360 4757 5
1390 4701 1508 4772 cap.
1543 4704 1644 4758 l0:
1679 4705 1785 4759 Ga-

216 4773 513 4843 strimargia:
556 4773 836 4843 fornicatio
892 4774 1140 4843 peculiari
1186 4776 1438 4828 consortio
1484 4776 1781 4842 foederatur.

217 4839 331 4912 item
355 4839 608 4895 (Ilitnachi
636 4841 840 4911 (Gradu
866 4839 981 4909 ﬂ):
1012 4843 1110 4910 Qui
1135 4847 1296 4897 ventri
1325 4846 1448 4897 dum
1469 4839 1780 4912 obsequitur,

217 4909 566 4985 fornicationis
613 4909 850 4985 spiritum
897 4909 1096 4966 vincere
1137 4915 1276 4978 vult,
1325 4915 1368 4968 is
1392 4917 1440 4968 ei
1467 4909 1653 4969 similis
1683 4909 1781 4985 est,

219 4929 566 4976 [arnicauoms
613 4929 850 5033 Tritum
897 4929 1096 4966 vmcere
1137 4929 1276 4978 vuu,
1325 4931 1340 4966 t

219 4983 297 5053 qui
323 4985 432 5053 oleo
461 4983 610 5035 incert
655 4983 762 5034 ium
793 4985 1114 5053 exstinguere
1139 4985 1341 5038 nititur.

278 5050 303 5089 b
334 5052 469 5116 Una,
501 5066 607 5105 non
631 5056 843 5121 specie,
879 5061 936 5106 ut
963 5050 1150 5106 notum
1173 5069 1286 5122 est,
1320 5055 1414 5109 sed
1445 5058 1787 5112 connexione

217 5132 264 5172 et
292 5135 471 5176 mutua
504 5123 735 5192 quadam
785 5125 1187 5191 conspiratione
1213 5166 1226 5189 ,
1260 5134 1316 5180 et
1345 5141 1613 5180 C'mCUI'S’tl
1633 5169 1648 5192 ,
1675 5129 1791 5184 sive

215 5194 560 5256 cohaerentia,
595 5203 652 5247 ut
677 5208 744 5248 ex
775 5194 1218 5249 antecedentibus
1247 5205 1300 5249 et
1330 5200 1790 5260 consequentibus

217 5273 391 5324 patet:
423 5264 886 5333 quemadmodum
915 5265 1036 5318 Act.
1072 5280 1121 5319 tv
1147 5283 1160 5318 :
1197 5265 1549 5320 Multitudinis
1580 5270 1792 5322 creden-

213 5333 334 5385 tium
364 5344 474 5388 erat
503 5349 592 5388 cor
633 5349 795 5387 unum
832 5336 1091 5390 et'anima
1133 5353 1256 5390 una.
1304 5337 1436 5392 Nam
1466 5353 1656 5393 omnes
1685 5339 1792 5393 vir-

212 5412 347 5458 tutes
379 5419 454 5476 ise
503 5415 691 5476 mutuo
730 5405 962 5473 juvant,
1009 5416 1063 5462 et
1110 5417 1351 5462 mutuum
1395 5409 1496 5462 sibi
1531 5419 1790 5476 przcstant

207 5475 534 5547 subsidium,
562 5475 689 5547 dum
717 5491 1056 5547 unaquaeque
1084 5479 1328 5545 quaedam
1359 5475 1587 5532 aliarum
1618 5480 1789 5547 impe-

205 5545 444 5600 dimenta
475 5545 727 5617 propellit
749 5562 764 5610 ;
786 5546 954 5617 Averhi
974 5545 1152 5615 gratia
1174 5589 1190 5612 ,
1221 5549 1543 5603 abstinentia
1577 5545 1788 5617 tempe-

207 5625 286 5689 rat
313 5617 496 5687 gulam
525 5635 540 5671 :
577 5614 736 5689 iuude
783 5615 937 5689 juvat
975 5614 1112 5670 alias
1162 5619 1388 5672 virtutes
1410 5635 1530 5688 qua:
1562 5635 1658 5687 per
1686 5614 1786 5689 gu-

205 5686 336 5757 iam,
358 5699 452 5742 aut
482 5687 699 5742 ratione
718 5686 891 5757 gulae,
926 5687 1170 5756 impediri
1201 5698 1294 5742 aut
1317 5686 1513 5743 violari
1545 5686 1785 5757 possent.

203 5756 271 5817 Et
295 5762 370 5815 ita
395 5757 469 5817 de
499 5757 750 5816 exteris.
801 5755 1009 5813 Omnes
1032 5759 1195 5815 etiam
1227 5775 1390 5814 unum
1422 5755 1792 5832 eunt'demque

1879 3580 2042 3633 finem
2075 3576 2410 3646 generalem,
2435 3589 2630 3644 nempe
2655 3573 2890 3629 hominis
2914 3575 3324 3644 perfectionem,
3351 3575 3466 3631 sive

1883 3648 2206 3719 perfectam,
2239 3654 2299 3700 ut
2328 3648 2742 3719 vocatﬁuctor,
2775 3648 2952 3719 animi
2972 3655 3025 3700 et
3054 3648 3296 3719 corporis
3327 3647 3466 3702 inte-

1878 3713 2139 3790 gritatem
2169 3725 2438 3784 Spectant.
2490 3713 2597 3771 Sed
2625 3716 2692 3770 de
2726 3717 3064 3771 connexione
3093 3713 3352 3772 virtutum
3384 3719 3464 3772 vi-

1883 3792 1952 3846 de
1975 3805 2097 3858 qua:
2129 3798 2451 3857 sequuntur.

1956 3856 2246 3929 c'Perfect’e
2272 3898 2286 3921 ,
2343 3859 2553 3927 inquit,
2602 3856 2883 3929 possidere.
2928 3856 3060 3911 Nam
3101 3857 3167 3911 de
3211 3857 3463 3927 perfectis

1881 3927 2172 3986 virtutibus
2195 3971 2208 3989 .
2263 3943 2356 3982 seu
2400 3929 2634 3994 perfecte
2662 3927 2859 3980 habitis
2885 3939 2940 3981 et
2972 3929 3236 3995 possessis
3268 3931 3464 3984 intelli-

1882 4004 2117 4074 gendum
2165 4001 2297 4054 illud
2352 4011 2504 4052 vetus
2547 4012 2600 4052 et
2651 3999 2928 4074 vulgatum
2967 4013 3198 4074 astonia,
3237 4000 3463 4074 ertutes

1884 4070 2057 4127 omnes
2085 4088 2194 4126 esse
2221 4086 2477 4123 connexus
2503 4111 2517 4133 ,
2565 4084 2672 4138 quo
2703 4071 2975 4135 respicere
3013 4072 3217 4125 videtur
3250 4070 3464 4125 Cassia-

1883 4160 2009 4199 nus.
2043 4143 2133 4197 Sic
2161 4145 2305 4195 enim
2336 4142 2534 4195 docent
2564 4139 2770 4212 Patres_
2796 4141 2881 4212 (S.
2917 4139 3098 4196 Thom.
3130 4141 3248 4203 1-2,
3283 4161 3334 4212 q.
3369 4143 3462 4204 65,

1883 4232 1936 4266 a.
1975 4217 2034 4278 l;
2090 4211 2310 4265 Hieron.
2354 4212 2444 4264 lib.
2477 4220 2691 4264 [contra
2735 4209 2969 4282 Pelagia.
3003 4212 3241 4282 Augusti.
3267 4209 3458 4282 πρίει.

1882 4284 1999 4355 29),
2029 4287 2168 4337 ittter
2193 4297 2327 4355 quos
2355 4285 2414 4334 Ι).
2444 4282 2734 4355 Gregorius
2765 4281 2858 4334 lib.
2889 4297 3002 4355 xxtt
3028 4281 3212 4336 Moral.
3243 4281 3362 4352 cap.
3400 4286 3458 4338 l:

1889 4352 2028 4417 Una,
2060 4356 2250 4424 inquit,
2283 4354 2444 4405 virtus
2471 4353 2579 4404 sine
2606 4352 2725 4424 aliis
2753 4361 2841 4403 aut
2870 4352 3013 4424 nulla
3036 4363 3128 4419 est,
3157 4363 3244 4405 aut
3272 4356 3463 4424 imper-

1888 4428 2042 4496 fecta.
2077 4422 2147 4479 Ut
2184 4424 2318 4478 enim
2359 4425 2422 4474 de
2462 4423 2655 4496 primis
2681 4431 2904 4496 quatuor
2943 4423 3213 4476 virtutibus
3262 4422 3460 4493 loquar,

1879 4493 2194 4566 prudentia,
2228 4494 2598 4566 temperantia,
2624 4493 2882 4566 fortitudo
2919 4503 3070 4562 atque
3087 4495 3292 4564 justitiu
3323 4507 3464 4548 tanto

1889 4563 2124 4634 perfecta:
2151 4573 2289 4627 sunt,
2314 4572 2506 4627 quanto
2537 4563 2757 4615 vicissim
2786 4563 2981 4614 sibimet
3008 4567 3328 4635 conjunctw;
3361 4567 3466 4619 dis-

1878 4639 2064 4706 juncte
2090 4644 2261 4686 autem
2304 4635 2540 4703 perfecta:
2567 4648 2674 4706 esse
2715 4649 3030 4700 nequaquam
3062 4648 3311 4703 possunt,
3343 4638 3465 4705 quia

1889 4704 1980 4759 nec
2001 4705 2278 4776 prudentia
2303 4720 2418 4756 uera
2447 4715 2538 4761 est,
2565 4704 2608 4754 si
2621 4705 2789 4776 justa,
2815 4712 2962 4768 temp.
2981 4721 3100 4757 rans
3121 4716 3164 4758 et
3187 4707 3333 4774 fortis
3356 4704 3460 4760 non

1891 4774 2008 4838 est:
2033 4791 2122 4828 nec
2144 4775 2373 4844 perfecta
2404 4774 2758 4844 temperantia,
2785 4789 2898 4839 quw
2919 4776 3086 4842 fartis.
3105 4777 3250 4843 justa
3272 4787 3317 4827 et
3349 4794 3465 4843 pru-

1890 4846 2013 4898 dens
2035 4843 2269 4909 nonest;
2293 4861 2385 4897 ncc
2410 4843 2658 4914 fortitudo
2686 4844 2906 4910 integra,
2938 4859 3051 4909 (μιαν
3071 4847 3319 4913 prudens.
3347 4857 3465 4899 tem-

1889 4933 2079 4987 perans
2103 4927 2148 4967 et
2171 4918 2314 4982 iusta
2335 4931 2434 4966 non
2461 4924 2562 4977 est;
2585 4929 2674 4965 nec
2703 4929 2819 4967 vera
2834 4915 3060 4984 justitia,
3087 4932 3201 4984 quae
3219 4917 3462 4986 prudens,

1889 4987 2040 5055 fortis
2072 4995 2120 5039 et
2143 4994 2430 5055 temperans
2460 5000 2562 5036 non
2587 4992 2685 5037 est.

1963 5053 1990 5092 ⁸³
2026 5053 2355 5110 Posterulatu
2399 5071 2494 5123 pro
2537 5058 2766 5122 postico,
2813 5068 2904 5110 aut
2935 5056 3215 5123 posticulo,
3265 5057 3384 5120 vel,
3419 5058 3464 5112 si

1893 5128 2086 5189 mavis,
2131 5126 2431 5194 posteriore
2460 5135 2608 5194 porta
2643 5128 2724 5179 vel
2779 5128 3010 5195 portula,
3055 5127 3276 5193 positam
3313 5140 3440 5195 puto

1896 5199 1961 5252 Et
1991 5200 2133 5250 enim
2183 5209 2332 5264 porta
2377 5198 2590 5264 proprie
2617 5198 2793 5250 aditus
2835 5197 3002 5258 urbis.
3039 5197 3290 5257 civitatis,
3329 5199 3466 5251 alte-

1893 5270 2078 5342 riusve
2107 5269 2247 5342 loci,
2277 5267 2419 5342 vallo
2462 5267 2708 5342 fossaque
2738 5270 2946 5342 muniti.
2999 5267 3150 5322 Unde
3174 5267 3466 5342 diminuti-

1895 5338 2021 5393 vum
2057 5339 2265 5406 portula
2314 5338 2396 5390 vel
2449 5339 2748 5403 posterula,
2791 5339 2941 5408 quasi
2986 5340 3250 5402 posterior
3280 5349 3464 5406 porta;

1893 5410 2200 5478 cujusmodi
2241 5411 2477 5462 minores
2517 5419 2683 5476 porta:
2712 5410 2764 5461 in
2796 5408 3108 5473 quibusdam
3137 5411 3353 5477 oppidis
3385 5411 3468 5463 vi-

1894 5492 2108 5545 suntur,
2157 5495 2276 5545 qua:
2324 5481 2490 5532 certis
2539 5481 2808 5531 dumtaxat
2839 5478 3210 5532 occasionibus
3251 5491 3343 5535 aut
3370 5497 3468 5536 tte-

1895 5550 2243 5604 cessitatibus
2273 5549 2591 5614 aperiuntur
2611 5566 2629 5616 ,ε
2660 5550 2852 5616 quibus
2882 5559 3057 5602 tamen
3099 5550 3355 5618 contingit
3385 5560 3468 5604 in-

1895 5622 2107 5674 terdum
2156 5620 2318 5674 urbes
2356 5621 2511 5688 prodi
2555 5629 2608 5671 et
2635 5619 2786 5684 capi,
2831 5633 2879 5669 ut
2913 5621 3172 5685 exemplis
3203 5635 3467 5678 veterum

1895 5702 1948 5745 et
1980 5692 2343 5744 recentiorum
2377 5701 2678 5755 temporum
2711 5690 2922 5757 liquido
2955 5703 3189 5753 constat.
3222 5705 3275 5747 et
3298 5696 3379 5746 hic
3403 5695 3467 5749 ab

1895 5763 2132 5818 Auctore
2157 5760 2480 5816 insinuatur.
2514 5759 2806 5828 Perpcrata
2842 5774 2964 5817 tero
2993 5773 3048 5818 et
3075 5780 3264 5829 parum
3299 5776 3468 5822 attcn.
