3986 6320
482 285 592 352 23⁸)

1812 289 2090 356 JOANNIS
2125 295 2437 355 CASSIANI

3635 293 3741 368 928

481 413 841 486 parvissima,
864 415 1170 484 proditione
1188 414 1510 471 vastabitur.
1537 413 1676 482 Quid
1703 415 1847 470 enim
1872 415 2053 471 didert
2077 421 2131 478 Α
2149 415 2352 486 judicio
2381 415 2823 484 comprobantur.
2870 415 3114 490 Cumque
3141 418 3433 490 diligenter
3457 425 3741 479 examina-

483 513 665 560 utrum
696 522 789 576 per
813 508 1028 564 excelsa
1057 508 1252 562 inania
1278 517 1331 562 et
1359 507 1532 576 ampla
1557 519 1832 577 portarum
1856 510 2052 578 spatia,

482 612 552 653 an
580 615 677 667 per
710 608 737 636 ι
767 600 981 669 angusti
1011 599 1240 654 cuniculi
1270 600 1491 655 latibula
1523 602 1862 671 perniciosus
1888 603 2058 661 hostis

481 691 853 760 penetralibus
877 692 1109 746 civitatis
1133 691 1380 761 irrepat?

1066 804 1293 860 CAPUT
1340 803 1456 860 XII.

477 896 559 952 De
592 913 753 969 agone
791 898 991 952 carnali
1020 899 1176 951 etiam
1207 898 1465 964 spiritalis
1502 901 1688 970 agonia
1720 900 2056 955 imitationem

1032 985 1140 1023 esse
1181 971 1501 1024 sumendam.

546 1060 649 1126 Qui
679 1060 732 1114 in
759 1063 929 1129 agone
956 1061 1240 1116 contendit
1265 1102 1281 1126 ,
1330 1077 1436 1115 non
1468 1062 1820 1117 coronabitur
1846 1061 1947 1116 nisi
1973 1062 2053 1118 le-

475 1151 660 1222 gitime
687 1152 976 1207 certaverit
1004 1152 1068 1224 (ll
1106 1152 1242 1206 Tim.
1271 1153 1355 1222 ιι).
1397 1154 1501 1220 Qui
1535 1155 1808 1209 naturales
1845 1154 2057 1224 appeti-

475 1252 560 1296 tus
596 1243 776 1298 carnis
807 1251 957 1314 optat
985 1246 1332 1316 exstinguere
1356 1287 1372 1312 ,
1410 1244 1435 1284 δ
1468 1253 1622 1300 extra
1645 1253 1891 1300 naturam
1925 1245 2054 1300 vitia

472 1335 736 1390 collocata
774 1336 1031 1406 primitus
1070 1353 1329 1408 superare
1358 1337 1601 1393 festinet.
1660 1339 1716 1392 Si
1743 1338 1885 1392 enim
1918 1352 2052 1406 apo-

451 1427 677 1483 'stolica
721 1431 1004 1485 sententia
1052 1435 1158 1485 vim
1202 1431 1452 1486 volumus
1500 1432 1758 1500 experiri,
1799 1447 1918 1502 qua
1945 1432 2054 1486 sint

473 1521 659 1589 agonis
708 1521 968 1576 mundani
1013 1523 1159 1592 leges
1207 1538 1269 1577 ac
1299 1523 1584 1593 disciplina
1618 1524 1863 1593 primitus
1889 1524 2052 1579 debe-

472 1625 594 1665 mus
615 1626 942 1682 agnoscere,
990 1622 1047 1668 ut
1078 1616 1148 1667 ita
1179 1614 1394 1669 demum
1427 1616 1614 1669 harum
1647 1619 2052 1685 comparatione

471 1702 613 1758 scire
644 1704 913 1772 possimus
939 1705 1067 1775 quid
1100 1720 1198 1760 nos
1227 1707 1280 1760 iii
1309 1705 1535 1774 spiritali
1564 1721 1737 1776 agone
1775 1718 2047 1762 certantes

2162 514 2249 562 tus
2277 507 2396 576 quis
2421 549 2436 574 ,
2480 509 2710 578 primum
2736 521 2985 579 repertus
3007 512 3171 567 fuerit
3194 513 3339 567 nulla
3367 514 3492 568 vita
3521 530 3739 585 resper-

2158 614 2254 655 sus
2285 600 2504 655 infamia
2531 618 2546 664 ;
2591 601 2784 658 deinde
2807 644 2823 669 ,
2864 618 2974 659 non
3004 606 3278 661 servitutis
3299 606 3432 676 jugo
3458 607 3743 676 ignobilis,

2156 700 2216 747 et
2257 693 2328 747 ob
2357 692 2460 748 hoc
2504 694 2758 764 indignus
2794 697 3080 768 disciplina
3129 699 3267 766 hac,
3313 702 3402 755 vel
3445 716 3745 772 congressu

2155 797 2348 838 eorum
2376 786 2467 854 qui
2502 786 2639 841 hanc
2668 786 3008 859 profitentur,
3053 789 3217 846 fuerit
3234 791 3544 860 judicatus;
3577 796 3749 849 tertio

2157 875 2202 929 si
2229 876 2364 930 artis
2387 916 2403 940 ,
2455 877 2502 931 si
2534 877 2870 933 fortitudinis
2905 879 3064 949 digna
3106 880 3364 951 praferat
3391 883 3744 948 documenta,

2159 977 2214 1023 et
2236 969 2542 1038 junioribus
2573 974 2877 1041 coavisque
2903 972 3190 1029 decertans
3209 1016 3222 1038 ,
3252 977 3500 1044 peritiam
3536 980 3746 1048 pariter

2156 1076 2221 1117 ac
2243 1062 2496 1116 virtutem
2541 1077 2652 1118 sua
2681 1063 3137 1120 demonstraverit
3158 1067 3491 1136 juventutis,
3520 1083 3583 1124 ac
3615 1084 3746 1138 pro-

2158 1156 2346 1211 ficiens
2373 1153 2399 1193 ἀ
2426 1156 2495 1211 de
2527 1158 2860 1227 epheborum
2890 1160 3214 1228 luctamine,
3247 1161 3504 1237 perfectis
3526 1163 3638 1233 jam
3665 1163 3745 1217 vi-

2155 1250 2234 1302 ris
2262 1258 2316 1303 et
2344 1250 2678 1318 experientia
2707 1249 2864 1320 longa
2892 1251 3132 1318 probatis
3160 1252 3417 1323 congredi
3441 1255 3744 1323 permissus

2153 1337 2317 1394 fuerit
2346 1339 2684 1409 prasidentis
2706 1341 2977 1407 examine,
3013 1357 3182 1413 seque
3211 1359 3316 1399 non
3348 1345 3525 1400 solum
3551 1360 3743 1416 parem

2154 1423 2338 1485 virtuti
2368 1447 2558 1487 eorum
2604 1433 2818 1488 assidua
2848 1433 3236 1492 colluctatione
3264 1429 3603 1507 probaverit,
3643 1454 3740 1494 ve-

2153 1539 2272 1578 rum
2321 1525 2483 1579 etiam
2537 1527 2850 1596 frequenter
2897 1527 3038 1581 inter
3083 1526 3188 1583 bos
3234 1544 3454 1598 quoque
3496 1520 3742 1586 victoria

2158 1615 2389 1685 palmam
2423 1615 2585 1671 fuerit
2614 1627 2938 1672 consecutus
2964 1660 2980 1684 ,
3022 1627 3133 1673 tum
3176 1617 3392 1675 demum
3433 1620 3502 1676 ad
3553 1623 3744 1692 agonis

2152 1707 2412 1777 praeclara
2437 1712 2735 1762 certamina
2769 1710 3062 1764 merebitur
3094 1712 3382 1779 pervenire
3407 1753 3421 1775 ,
3464 1712 3517 1766 in
3545 1712 3744 1783 quibus

471 1793 672 1850 beatus
690 1795 988 1866 Apostolus
1020 1797 1122 1852 hoc
1157 1799 1409 1867 exemplo
1438 1799 1669 1853 voluerit
1696 1800 1944 1855 edocere.
1993 1801 2048 1855 ln
2080 1815 2127 1875 Β
2153 1815 2260 1854 non
2292 1800 2394 1854 nisi
2439 1799 2736 1854 vietoribus
2775 1811 2980 1854 tantum
3008 1842 3023 1865 ,
3058 1810 3113 1856 et
3151 1801 3238 1856 his
3266 1806 3358 1872 qui
3392 1813 3415 1840 ο
3447 1803 3741 1858 multarum

469 1885 579 1942 illis
598 1889 740 1942 enim
763 1891 1169 1955 certaminibus,
1184 1907 1302 1961 qua
1322 1891 1616 1946 secundum
1637 1893 1884 1948 eumdem
1901 1894 2045 1962 Apo—

469 1980 669 2034 stolum
711 1983 1118 2051 corruptibilem
1148 1998 1405 2037 coronam
1437 1985 1777 2039 vincentibus
1811 1994 2042 2054 parant,

468 2085 587 2125 mos
610 2073 713 2127 iste
740 2083 1008 2139 servatur,
1043 2085 1100 2128 ut
1123 2076 1166 2128 is
1195 2077 1281 2145 qui
1300 2091 1358 2130 se
1385 2075 1449 2130 ad
1474 2077 1763 2145 gloriosam
1789 2092 2046 2131 coronam

467 2171 524 2216 et
547 2162 898 2220 immunitatis
941 2165 1222 2236 privilegio
1249 2166 1555 2221 decoratam
1580 2183 1884 2238 praparare
1917 2183 2048 2222 con-

467 2256 662 2324 tendit,
679 2267 734 2313 et
755 2257 995 2327 perfecta
1016 2261 1358 2328 cupitagonis
1371 2260 1552 2314 subire
1565 2261 1882 2325 certamina,
1897 2260 2047 2329 prius

469 2359 492 2388 ε
526 2349 580 2404 in
604 2351 929 2421 Olympiacis
953 2366 1016 2406 ac
1040 2351 1247 2422 Pythiis
1272 2353 1658 2407 certaminibus
1673 2351 1909 2407 indolem
1937 2367 2049 2408 sua

467 2445 767 2512 iuventutis
791 2459 854 2498 ac
880 2445 1303 2500 rudimentorum
1327 2446 1492 2500 robur
1513 2455 1765 2499 ostentet.
1790 2445 1848 2498 In
1873 2445 1955 2498 his
1977 2445 2051 2500 si-

467 2537 684 2606 quidem
705 2538 948 2608 juniores
976 2539 1064 2608 qui
1098 2540 1193 2592 has
1215 2539 1526 2608 disciplinas
1547 2539 1769 2606 cupiunt
1787 2538 2050 2608 proﬁteri,

467 2638 644 2684 utrum
670 2637 981 2686 mereantur
999 2629 1083 2684 vel
1101 2630 1333 2686 debeant
1350 2631 1417 2684 ad
1443 2645 1535 2685 eas
1555 2630 1784 2699 admitti,
1811 2641 1916 2684 tam
1935 2630 2052 2700 ejus

467 2726 558 2792 qui
580 2723 698 2782 istis
739 2724 1130 2780 certaminibus
1159 2723 1412 2794 prasidet
1437 2764 1452 2790 ,
1483 2739 1645 2794 quam
1675 2725 1841 2778 totius
1867 2724 2051 2793 populi

2155 1908 2481 1948 coronarum
2508 1892 2796 1963 stipendiis
2824 1892 3069 1948 decorati
3098 1904 3245 1961 sunt,
3282 1891 3514 1950 facultas
3538 1910 3743 1950 conce-

2155 1984 2300 2038 ditur
2347 1983 2684 2039 decertandi.
2744 1984 2800 2040 Si
2842 1985 3210 2040 intelleximus
3263 1986 3499 2042 carnalis
3544 1985 3740 2056 agonis

2155 2076 2463 2144 exemplum
2490 2117 2505 2140 ,
2550 2076 2811 2144 spiritalis
2838 2091 3054 2146 quoque
3081 2077 3396 2132 certaminis
3421 2093 3547 2148 qua
3577 2077 3742 2132 disci-

2155 2167 2302 2235 plina
2347 2167 2434 2222 vel
2486 2167 2620 2222 ordo
2667 2167 2770 2235 sit,
2818 2171 3225 2238 comparatione
3272 2167 3432 2238 hujus
3480 2168 3742 2224 debemus

2155 2275 2472 2326 agnoscere.

2742 2351 2972 2408 CAPUT
3021 2353 3161 2408 XIII.

2197 2444 2350 2512 Quod
2379 2445 2479 2497 nisi
2518 2443 2654 2515 gula:
2689 2444 2939 2512 fuerimus
2967 2446 3089 2498 vitio
3117 2442 3346 2508 liberali,
3381 2457 3703 2512 nequaquam

2229 2517 2484 2585 possimus
2510 2516 2578 2569 ad
2602 2532 2802 2586 pugnas
2839 2516 3103 2569 interioris
3129 2515 3349 2570 hominis
3379 2517 3663 2584 pervenire.

2230 2627 2458 2696 Oportet
2499 2643 2598 2682 nos
2637 2643 2850 2698 quoque
2894 2629 3129 2697 primum
3163 2617 3470 2682 libertatem
3497 2634 3740 2682 nostram

2159 2723 2341 2778 carnis
2384 2722 2725 2792 subjectione
2767 2731 3092 2778 monstrare.
3142 2719 3163 2760 ί
3209 2723 3255 2778 Α
3297 2738 3405 2794 quo
3444 2723 3588 2778 enim
3619 2723 3743 2793 quis

1529 2836 1788 2892 ALARDI
1828 2835 2061 2892 GAZA‘ZI
2099 2833 2670 2891 COMMENTARIUS.

470 2961 522 3005 te
566 2967 594 3004 a
633 2950 892 3023 Dionysio
921 2951 1152 3023 positum
1171 2992 1184 3016 ,
1215 2951 1376 3022 postis
1404 2951 1685 3019 apertione.
1727 2949 1848 3005 Non
1875 2951 2056 3005 solent

472 3031 654 3093 postes
684 3021 906 3089 aperiri,
936 3022 1028 3076 sed
1065 3021 1227 3082 fores,
1256 3031 1347 3074 aut
1371 3031 1563 3092 porta.

547 3101 573 3129 ⁸
601 3093 891 3146 Cuniculus
915 3133 931 3157 ,
978 3093 1065 3146 vel
1097 3093 1148 3145 in
1177 3094 1368 3158 plurali
1404 3093 1670 3158 cuniculi,
1715 3101 1840 3146 sunt
1881 3091 2052 3148 fovea

473 3164 611 3218 clam
658 3164 847 3217 subtus
885 3173 1082 3217 terram
1120 3163 1366 3227 effossa,
1400 3163 1594 3230 quibus
1635 3164 1834 3218 milites
1867 3165 1920 3216 in
1949 3164 2050 3216 ho-

469 3235 628 3288 stium
675 3249 853 3288 arcem
897 3246 987 3287 aut
1028 3237 1219 3287 urbem
1277 3250 1342 3286 ex
1386 3233 1682 3301 improviso
1723 3233 2050 3302 irrumpunt,

471 3313 566 3358 aut
609 3319 700 3357 eas
748 3319 1012 3358 succenso
1060 3305 1283 3371 pulvere
1310 3307 1666 3356 tormentario
1693 3305 1968 3358 exentinnt
1998 3316 2053 3358 et

470 3372 739 3430 evertunt.
756 3376 889 3428 lliuc
901 3359 1165 3448 cuniculis
1187 3389 1443 3448 pugnare,
1460 3376 1731 3448 ὑπονόμοις
1743 3377 2049 3448 miramini,
2078 3359 2122 3421 Ο

474 3463 569 3515 per
600 3449 970 3514 metaphoram
999 3446 1221 3510 dicitur,
1250 3447 1339 3512 qui
1365 3463 1468 3499 non
1494 3446 1678 3512 aperta
1712 3446 1780 3510 vi,
1812 3448 1906 3500 Sed
1939 3447 2053 3499 dis-

473 3517 788 3572 simulanter
835 3526 888 3570 et
935 3517 1072 3570 dolis
1111 3531 1222 3568 rem
1254 3517 1390 3584 gerit
1439 3532 1453 3573 :
1503 3530 1691 3571 contra
1734 3517 1825 3582 qui
1879 3517 2051 3585 palam

474 3588 583 3655 agit
609 3587 751 3656 quod
785 3589 913 3655 agit,
968 3586 1231 3640 machinis
1272 3601 1434 3654 agere
1483 3589 1702 3642 dicitur.
1733 3587 1926 3642 Cicero
1957 3602 2054 3656 pro

473 3658 617 3730 lege;
642 3660 863 3728 Agraria
901 3676 920 3730 7:
972 3659 1101 3722 Quae
1137 3674 1218 3710 res
1261 3670 1435 3728 aperte
1485 3659 1769 3730 petebatur,
1812 3674 1873 3712 ea
1916 3675 2053 3712 nunc

473 3728 672 3783 occulte
698 3729 952 3782 cuniculis
983 3739 1326 3800 oppugnatur.

509 3747 672 3783 ccuue
698 3747 952 3782 cumcum
983 3747 1326 3852 oppugnatur.

509 3826 514 3828 ·
545 3800 572 3840 δ
605 3802 661 3855 Id
693 3809 777 3855 est
803 3814 909 3854 non
930 3811 1116 3854 natura
1145 3801 1190 3853 ia
1216 3816 1228 3852 :
1250 3799 1552 3868 cujusmodi
1581 3809 1767 3855 censet
1787 3799 2049 3865 avaritia,

473 3872 690 3927 invidia
711 3917 724 3939 ,
793 3870 995 3924 at'edia
1025 3871 1172 3923 vitia.
1218 3872 1340 3924 llmc
1363 3874 1506 3925 enim
1539 3872 1760 3940 opponit
1793 3872 2053 3925 naturali-

475 3942 576 3997 bus
607 3943 784 3996 carnis
810 3941 1158 4010 appetitibus,
1187 3941 1239 3993 id
1261 3951 1366 4005 est,
1394 3942 1636 4005 luxuria,
1664 3954 1717 3995 et
1745 3943 1907 4010 gula,
1934 3956 2054 4009 qua

475 4013 530 4068 in
554 4022 745 4067 natura
792 4024 972 4066 noStra
1013 4013 1363 4080 primigenias
1403 4023 1462 4065 et
1496 4012 1813 4079 congenitas
1855 4012 2050 4066 habent

477 4083 686 4137 radices
721 4093 775 4137 et
813 4083 1062 4145 fomites,
1110 4082 1335 4148 ideoque
1367 4085 1629 4135 naturalia
1660 4083 1952 4144 dicuntur;
1984 4081 2054 4136 de

477 4169 580 4222 qua
612 4151 1013 4223 comparatione
1043 4153 1294 4206 vitiorum
1325 4152 1534 4221 plenius
1565 4164 1741 4223 agitur
1765 4152 2053 4207 collatione

475 4225 680 4278 quinta.

514 4243 680 4278 Dlllla.

493 4243 508 4293 ι
549 4305 571 4332 ε
605 4295 779 4348 Fuere
809 4293 937 4347 olim
978 4293 1118 4361 apud
1156 4292 1374 4347 Graecos
1418 4305 1649 4359 quatuor
1697 4294 2051 4348 certaminum

479 4380 677 4434 genera
711 4380 904 4432 magno
933 4379 1202 4418 concursu
1235 4374 1286 4416 et
1315 4376 1572 4431 apparatu
1596 4364 1869 4417 celebrata
1895 4408 1908 4426 ,
1959 4367 2052 4434 qui

480 4451 678 4502 agooes
724 4436 1063 4505 dicebantur,
1095 4434 1372 4505 Olympiea
1413 4437 1526 4488 sive
1570 4436 1915 4504 Olympiaca,
1948 4437 2051 4505 [fy-

476 4507 609 4568 thia,
637 4505 854 4560 Isthmia
873 4548 886 4568 ,
915 4504 1128 4558 Nemaa
1158 4503 1406 4568 (Alexan.
1433 4505 1497 4557 ab
1519 4503 1733 4559 Alexan.
1768 4507 1856 4559 lib.
1888 4522 1921 4559 v
1952 4503 2055 4559 Gie-

477 4578 700 4630 nialium
724 4592 770 4646 c.
796 4575 875 4646 8).
912 4577 986 4628 De
1013 4575 1205 4646 quibus
1236 4576 1462 4630 Budaus
1489 4576 1541 4630 in
1572 4576 1823 4632 Pandect.
1859 4588 1910 4630 et
1931 4576 2054 4632 Ca-

476 4647 580 4702 lius
608 4644 841 4714 Rhedig.
866 4646 959 4699 lib.
993 4661 1023 4698 x
1054 4644 1174 4712 cap.
1204 4649 1238 4700 5
1267 4662 1379 4699 var.
1408 4648 1542 4700 Hist.
1567 4647 1847 4715 Olympica
1880 4661 2055 4701 certa-

2157 2960 2278 3005 ctor
2309 2951 2495 3020 quales
2520 2965 2642 3005 esse
2669 2948 2906 3004 debeant
2936 2950 3251 3019 spirituales
3279 2949 3499 3004 athleta
3518 2991 3534 3015 ,
3571 2951 3662 3020 qui
3686 2952 3744 3007 in

2154 3021 2330 3146 sitadio
2382 3021 2504 3144 vitta
2554 3020 2852 3090 spiritualis
2908 3036 3005 3091 pro
3049 3035 3251 3076 corona
3301 3022 3745 3078 immarcescibili

2199 3102 2417 3146 ecertan
2451 3129 2464 3143 .

2199 3100 2464 3146 ecertant.

2227 3160 2250 3199 ἀ
2289 3163 2522 3230 Ephebi,
2553 3170 2691 3215 teste
2714 3160 2901 3227 Suida,
2931 3162 3070 3232 apud
3099 3162 3460 3217 Athenienses
3485 3162 3746 3216 diceban-

2159 3244 2243 3286 tur
2271 3249 2442 3303 usque
2466 3249 2664 3286 annum
2693 3232 2963 3285 decimum
2999 3245 3270 3293 octavum.
3310 3248 3431 3287 cum
3465 3233 3515 3285 id
3545 3248 3745 3288 nomen

2155 3305 2431 3358 biennium
2480 3304 2808 3369 tenuissent;
2861 3318 2924 3355 ac
2954 3314 3064 3356 tum
3106 3303 3158 3357 in
3190 3305 3372 3358 album
3402 3303 3636 3358 civitatis
3665 3305 3747 3357 in-

2156 3376 2554 3429 scribebantur.
2584 3373 2771 3428 Dictus
2800 3382 2978 3427 autem
3008 3373 3270 3442 ephebus,
3303 3375 3456 3444 quasi
3485 3376 3568 3428 ἐπὶ
3591 3375 3744 3441 ἥϐης,

2160 3445 2211 3499 id
2237 3456 2338 3509 est,
2369 3463 2394 3497 a
2429 3447 2594 3514 pube,
2625 3444 2766 3514 quod
2792 3444 2903 3512 jam
2932 3445 3000 3498 sit
3030 3447 3083 3514 in
3110 3446 3268 3514 pube,
3303 3445 3408 3499 hoc
3427 3455 3530 3509 est,
3555 3446 3621 3498 ad
3644 3461 3748 3499 an-

2154 3531 2256 3570 nos
2301 3513 2595 3584 pubertatis
2637 3513 2964 3579 pervenerit.
3010 3513 3124 3570 Cic.
3159 3516 3272 3570 ide
3303 3515 3422 3568 Nat.
3459 3517 3692 3570 Deorunt
3725 3533 3740 3569 :

2155 3586 2370 3640 Athenis
2435 3602 2551 3640 cum
2599 3601 2757 3640 essem
2813 3602 2839 3638 e
2887 3586 3129 3656 gregibus
3192 3585 3522 3655 epheborum.
3574 3585 3748 3640 Porro

2156 3657 2497 3727 epheborum
2543 3657 2841 3711 certamina
2877 3658 3212 3723 dicebantur,
3262 3657 3459 3726 quibus
3477 3657 3748 3727 juventus

2156 3731 2398 3783 exerceri
2457 3727 2717 3782 solebat:
2775 3729 2918 3781 unde
2974 3727 3260 3795 Ephebia,
3308 3731 3424 3782 loca
3469 3727 3747 3795 juventuti

2157 3799 2473 3852 exercenda
2504 3797 2819 3851 constituta.
2865 3797 2940 3850 De
2974 3799 3054 3852 bis
3095 3799 3361 3852 Alexand.
3398 3795 3468 3851 ab
3508 3796 3744 3853 Alexan.

2156 3869 2369 3925 Genial.
2403 3870 2439 3922 l.
2472 3868 2506 3921 5
2526 3882 2577 3921 c.
2607 3869 2699 3930 '21,
2729 3877 2783 3921 et
2809 3867 3088 3921 Vitruvius
3119 3868 3213 3923 liii.
3240 3883 3293 3922 v.
3400 3927 3401 3930 η

2232 3949 2254 3976 θ
2288 3940 2360 3993 De
2393 3941 2616 3992 coronis
2639 3939 2988 4001 militaribus,
3019 3939 3084 3991 ad
3107 3955 3240 4008 quas
3263 3936 3486 4007 respicit
3514 3937 3744 4008 Auctor,

2155 4010 2354 4078 quibus
2383 4010 2720 4063 ornabantur
2752 4008 3009 4066 victores.
3040 4010 3185 4072 vide,
3211 4011 3254 4063 si
3288 4009 3419 4063 libet
3445 4050 3461 4075 ,
3509 4007 3747 4064 Plinium

2157 4081 2254 4135 lib.
2287 4097 2372 4134 xvr
2403 4096 2525 4148 cap.
2554 4079 2606 4144 4,
2636 4089 2691 4132 et
2725 4079 2988 4146 Agellium
3024 4079 3117 4133 lib.
3153 4096 3183 4131 ν
3205 4095 3327 4148 cap.
3359 4078 3413 4132 6.

2233 4152 2251 4190 ῐ
2275 4152 2495 4220 Vulgata
2520 4154 2697 4203 vei-sio
2720 4149 2918 4204 habet:
2948 4151 2995 4220 Α
3023 4168 3124 4220 quo
3155 4152 3287 4204 enim
3317 4151 3430 4219 quis
3462 4159 3746 4220 superatus

2156 4233 2251 4288 est,
2295 4219 2450 4291 hujus
2497 4230 2543 4273 et
2591 4236 2765 4273 servus
2806 4219 3298 4291 est._Cui'consona
3343 4231 3427 4275 est
3470 4220 3747 4274 sententia

2156 4295 2305 4349 Pauli
2340 4289 2529 4358 Apost.
2581 4291 2738 4344 Itoni.
2772 4306 2819 4344 vt
2853 4307 2867 4347 :
2901 4289 2994 4344 Cui
3024 4291 3270 4345 exhibetis
3318 4307 3410 4345 vos
3451 4307 3624 4345 servos
3673 4292 3748 4344 ad

2158 4365 2522 4429 obedientium,
2560 4363 2691 4414 servi
2723 4365 2836 4424 eius
2865 4365 2984 4415 estis
3022 4364 3105 4414 cui
3133 4361 3368 4425 obeditis,
3399 4363 3503 4415 sive
3541 4363 3748 4430 peccati

2155 4437 2222 4489 ad
2252 4446 2487 4495 mortem,
2519 4433 2622 4486 sive
2651 4432 2958 4485 obeditionis
2987 4433 3056 4484 ad
3083 4433 3358 4498 iustitiam.
3393 4429 3564 4484 Porro
3593 4430 3747 4486 Scri-

2157 4517 2315 4574 ptura
2346 4519 2498 4559 sacra
2543 4519 2664 4558 cum
2695 4504 2764 4557 de
2792 4504 3041 4557 libertate
3091 4512 3146 4557 et
3177 4503 3436 4574 servitute
3466 4501 3741 4574 loquitur,

2156 4569 2371 4648 plures,
2389 4589 2590 4648 easque
2619 4575 2916 4641 elegantes,
2937 4573 3434 4648 _lacit_a_t_i_titheses.
3464 4569 3595 4648 18am
3629 4586 3746 4648 noti

2157 4641 2333 4702 solum
2364 4641 2666 4700 libertatem
2699 4645 2969 4707 servituti,
3015 4644 3109 4697 sed
3141 4643 3447 4696 libertatem
3475 4641 3742 4708 libertati,

473 4719 618 4772 mina
641 4759 655 4782 ,
697 4711 809 4770 seu'
842 4716 952 4770 ludi
997 4711 1139 4788 apud
1164 4718 1476 4788 Olympiam
1507 4711 1695 4772 urbem
1725 4711 1901 4788 Pisani
1934 4720 2044 4787 agri
2073 4728 2127 4788 1)
2154 4728 2210 4774 et
2241 4718 2562 4788 servitutem
2591 4715 2818 4788 opponit
2849 4715 3118 4788 servituti.
3152 4713 3391 4767 Primam
3421 4711 3745 4788 antithesin)

474 4789 530 4842 in
559 4789 712 4842 Elide
735 4827 750 4850 ,
797 4801 916 4855 qua
958 4795 1042 4840 eat
1082 4786 1436 4854 Pel0p0nnesi
1465 4789 1612 4856 regio
1636 4830 1651 4852 ,
1699 4788 1751 4840 in
1785 4786 2040 4842 honorem

473 4857 668 4926 impuri
717 4857 842 4911 idoli
891 4867 1247 4924 cognomento
1281 4857 1438 4929 Iovis
1483 4857 1822 4929 Olympiaci,
1855 4859 2044 4927 quinto

512 4944 686 4999 usque
706 4942 850 4982 anno
891 4929 1175 4992 redeunte,
1210 4928 1624 4983 celebrabantur
1653 4944 1849 4998 magno
1878 4933 2045 4984 totius

521 5003 694 5055 racia
719 5013 983 5053 concursu
1006 5016 1020 5050 :
1047 5013 1076 5049 a
1105 4999 1300 5068 quibus
1328 4999 1672 5068 Olympiadas
1694 5015 1890 5054 nomen
1922 5015 2042 5054 sor-

478 5074 587 5126 tita
615 5079 741 5124 sunt
767 5085 782 5134 ;
829 5069 1018 5140 Pythia
1048 5068 1101 5121 in
1133 5072 1390 5122 honorem
1416 5071 1680 5138 Apollinis
1707 5069 1883 5141 Pythii
1908 5087 2046 5124 nun-

474 5142 654 5208 cupati
681 5181 695 5207 ,
744 5156 774 5193 a
819 5141 1349 5210 Pythoneserpente
1385 5142 1503 5208 ejus
1546 5143 1738 5208 jaculis
1765 5141 2041 5205 confosso,

473 5213 629 5282 cujus
661 5211 836 5267 fabula
861 5209 927 5264 ab
958 5209 1147 5282 0vidio
1173 5211 1226 5264 in
1254 5211 1676 5278 Metamorpltosi
1699 5211 2041 5265 describitur.

472 5281 530 5338 In
557 5283 636 5338 bis
668 5294 720 5336 et
743 5281 1048 5348 hujusmodi
1084 5281 1224 5335 ludis
1252 5293 1304 5334 et
1335 5283 1718 5336 certaminibus
1751 5283 1898 5336 varie
1928 5298 2049 5337 cer-

473 5354 708 5416 tabatur,
737 5367 897 5405 cursu
917 5391 932 5417 ,
965 5351 1137 5417 lucta,
1169 5352 1403 5420 pugilatu
1427 5393 1441 5417 ,
1474 5355 1612 5406 saltu
1633 5394 1645 5412 ,
1679 5351 1904 5417 aliisque
1936 5369 2050 5405 mo-

473 5422 558 5477 dis
596 5441 609 5474 :
659 5423 797 5476 unde
836 5432 892 5476 et
936 5431 1204 5476 certantes
1240 5421 1474 5486 athleta,
1505 5425 1787 5492 agonista,
1819 5423 2044 5489 pugiles,

474 5507 745 5558 cursores,
776 5503 871 5546 aut
894 5493 1192 5562 palestrita
1219 5493 1538 5547 dicebantur
1562 5510 1575 5545 :
1610 5508 1709 5546 nec
1737 5492 1959 5559 quilibet
1980 5493 2049 5546 ad

474 5563 784 5633 bujusmodi
807 5564 1100 5617 certamina
1124 5564 1565 5628 admittebantur,
1600 5564 1892 5633 sedcertis
1916 5578 2045 5616 con-

475 5632 768 5689 ditionibus
800 5634 1006 5701 probati
1046 5645 1101 5690 et
1133 5635 1460 5699 examinati,
1493 5644 1551 5687 ut
1577 5634 1660 5687 hic
1688 5632 1904 5698 dicitur,
1937 5650 2045 5688 non

476 5706 658 5770 servi,
687 5719 790 5758 non
822 5705 1082 5770 infames,
1115 5722 1221 5758 non
1253 5705 1464 5773 ignavi,
1495 5712 1589 5757 aut
1617 5704 1722 5756 alia
1751 5705 2048 5772 ignominia

476 5778 680 5840 notati.
719 5777 960 5844 Quorum
994 5777 1246 5841 exemplo
1279 5786 1338 5836 et
1375 5774 1728 5833 similitudine
1751 5775 2048 5836 docemu-

2153 4789 2343 4850 ltabes,
2378 4787 2534 4839 Rotn.
2569 4800 2621 4838 v1
2650 4803 2663 4836 :
2699 4785 2930 4837 Liberali
2965 4802 2998 4837 a
3038 4791 3271 4853 peccato,
3304 4785 3434 4836 senii
3461 4783 3588 4852 facti
3617 4785 3744 4835 estis

2151 4857 2285 4912 Deo.
2321 4859 2387 4912 Et
2435 4871 2620 4910 rursus
2653 4870 2721 4909 ex
2760 4857 2988 4909 adverso
3019 4873 3031 4907 :
3066 4853 3194 4909 Cum
3237 4855 3369 4908 servi
3418 4853 3593 4907 essetis
3623 4869 3746 4920 pec-

2153 4931 2276 4986 cati.
2301 4927 2449 4980 liberi
2471 4926 2644 4998 fuistis
2663 4927 2904 4998 justitiw.
2930 4925 3254 4998 Secundam,
3275 4923 3462 4998 Petri
3477 4939 3530 4998 Διι
3549 4942 3559 4974 :
3581 4922 3746 4988 Quasi

2152 4999 2322 5062 liberi,
2348 5014 2450 5050 non
2481 4997 2628 5065 quasi
2660 4994 2885 5050 velamen
2915 4996 3154 5050 habentes
3179 4995 3399 5049 malitia:
3428 4994 3742 5060 libertatem,

2149 5069 2240 5124 sed
2271 5070 2401 5122 sicut
2431 5067 2562 5120 servi
2595 5067 2714 5124 Dei.
2749 5067 2846 5122 Ubi
2880 5083 3063 5122 veram
3097 5067 3424 5127 libertatem,
3455 5081 3573 5134 qua
3613 5079 3741 5118 cum

2151 5141 2411 5194 servitute
2453 5138 2551 5192 Dei
2581 5141 2871 5204 conjuncta
2915 5149 3020 5201 est,
3065 5135 3302 5206 Opponit.
3325 5135 3484 5206 falsa;
3506 5143 3564 5188 et
3587 5149 3744 5190 vana

2152 5210 2412 5266 libertati.
2443 5210 2681 5262 Tertiam
2716 5212 2766 5262 in
2799 5209 2977 5262 verbis
3011 5204 3176 5276 supra
3202 5207 3382 5261 citatis
3406 5222 3422 5262 :
3448 5204 3600 5260 Servi
3622 5207 3737 5274 ejus

2150 5283 2294 5347 estis,
2329 5282 2410 5334 cui
2440 5280 2680 5343 obcditis,
2707 5281 2810 5332 sive
2839 5279 3033 5349 peccati
3075 5275 3143 5331 ad
3172 5285 3412 5349 mortem,
3439 5279 3543 5330 sive
3563 5275 3743 5349 obedi-

2152 5353 2306 5405 tionis
2336 5354 2404 5403 ad
2424 5351 2707 5422 justitiam.
2744 5347 3054 5422 Ex‘quibus
3089 5351 3250 5402 etiam
3285 5348 3547 5422 habemus
3573 5347 3736 5422 aliain

2152 5436 2272 5476 esse
2314 5411 2624 5476 libertatem
2667 5411 2912 5485 spiritus,
2968 5419 3130 5472 aliam
3156 5420 3336 5472 carnis
3363 5435 3376 5470 :
3402 5427 3456 5474 et
3486 5411 3743 5470 similiter

2154 5492 2309 5546 aliam
2346 5493 2659 5546 servitutem
2686 5491 2928 5559 justitia,
2961 5491 3122 5542 aliain
3155 5491 3472 5543 servitutem
3504 5485 3738 5554 peccati,

2151 5563 2218 5619 de
2263 5580 2364 5632 qua
2399 5564 2487 5616 hic
2521 5565 2717 5628 agitur,
2751 5575 2872 5630 qua
2916 5559 3173 5632 omnium,
3201 5559 3506 5632 miserrima
3536 5565 3598 5632 et
3619 5564 3740 5632 tur-

2152 5625 2376 5702 pissi'ma
2412 5625 2648 5686 servitus
2683 5625 2789 5702 est,
2823 5632 2890 5684 de
2918 5646 3022 5702 qua
3053 5629 3114 5702 D_.
3150 5628 3526 5702 Augustinus:
3558 5625 3742 5702 Omini-

2151 5695 2388 5768 serrima,
2439 5705 2611 5764 inquit
2637 5701 2833 5773 (Tract.
2870 5695 2951 5754 Μ’
2977 5703 3030 5752 in
3071 5695 3281 5773 Jortin),
3311 5699 3527 5773 servitus
3551 5696 3573 5751 Ι
3601 5695 3739 5751 Plc-

2150 5790 2368 5834 rumauc
2390 5775 2623 5831 homines
2647 5770 2775 5828 cum
2802 5773 3040 5828 dominos
3063 5770 3224 5828 malos
3246 5770 3555 5834 patiuntur,
3578 5781 3756 5840 serta-7
