3986 6320
672 265 766 325 DE
802 261 1286 324 C(ENOBIORUM
1323 257 1570 320 INSTIT.
1611 259 1742 319 LIB.
1785 260 1850 319 ν.
1882 291 1953 304 --
1984 261 2074 318 DE
2113 259 2382 322 SPIRITU
2424 264 2996 326 GASTRIMARGIE.

3367 261 3482 330 250

206 386 456 456 vincitur,
491 383 622 456 ejus
657 391 715 441 et
760 395 956 440 servus
991 391 1075 439 est
1100 381 1170 452 (ll
1197 379 1344 434 Petr.
1376 378 1457 452 ιι).
1513 380 1583 435 Et
1607 377 1786 434 omnis
1813 379 1868 441 Α
1889 377 2032 447 quod
2061 377 2304 432 ciborum
2337 392 2444 432 non
2483 379 2660 434 solum
2707 379 3020 448 superﬂuus
3066 387 3339 450 appetitus
3365 381 3479 438 vir-

206 485 288 558 qui
329 482 460 537 facit
502 489 823 553 peccatum,
871 493 1063 535 servus
1092 485 1180 534 est
1208 477 1412 547 peccati
1438 473 1622 547 (Joan.
1652 471 1788 539 vni).

206 577 442 645 Cttque
481 588 585 629 nos
631 573 779 628 nulla
817 569 1274 641 concupiscentia
1311 567 1484 636 turpis
1511 578 1792 634 respersos

207 666 418 723 infamia
473 678 708 720 examen
768 663 1055 720 certamini
1112 659 1455 731 praesidentis
1502 657 1790 721 invenerit,

211 774 305 815 nec
330 757 602 811 fuerimus
646 755 716 810 ab
761 769 827 811 eo
857 762 917 810 ut
940 754 1086 810 servi
1115 752 1299 808 carnis
1325 760 1380 806 et
1408 749 1672 822 ignobiles
1701 748 1790 802 in-

206 851 456 921 dignique
484 859 512 887 ι
540 847 871 921 Olyntpiacls
902 847 1160 902 vitiorum
1193 842 1670 900 colluctationibus
1702 840 1792 910 ju-

207 945 398 1010 dicati,
450 953 583 1000 tunc
632 945 932 1014 poterimus
975 951 1166 997 contra
1217 952 1438 995 comvos
1466 945 1707 1005 nostros,
1737 934 1792 990 id

207 1049 311 1104 est,
357 1039 869 1109 concupiscentiam
906 1036 1095 1092 carnis
1131 1043 1188 1091 et
1212 1041 1395 1088 motus
1420 1046 1484 1087 ac
1515 1029 1794 1099 perturba-

207 1133 379 1187 tiones
408 1131 608 1186 animae
652 1131 796 1185 inire
836 1139 1135 1184 certamen.
1186 1123 1529 1195 lmpossibile
1561 1136 1794 1191 namque

205 1233 280 1279 est
304 1235 558 1280 saturum
587 1233 833 1278 ventrem
873 1235 1082 1291 pugnas
1119 1218 1400 1273 interioris
1430 1214 1665 1272 hominis
1693 1227 1794 1269 es-

206 1315 384 1386 periri;
418 1329 522 1369 nec
547 1313 714 1369 bellis
742 1311 1151 1368 robustioribus
1171 1309 1430 1364 attentari
1458 1307 1682 1379 dignum
1709 1313 1794 1361 est

207 1421 318 1462 cum
341 1407 435 1477 qui
466 1413 654 1476 potest
685 1402 847 1475 dejici
872 1403 1079 1458 leviore
1106 1401 1385 1457 conﬂictu.

783 1493 1014 1552 CAPUT
1057 1491 1202 1550 XIV.

299 1589 582 1657 Quomodo
610 1590 773 1660 possit
800 1587 939 1660 gulae
968 1586 1385 1657 concupiscentia
1425 1583 1682 1657 superari.

268 1677 451 1734 Prima
483 1694 621 1750 ergo
652 1679 813 1734 nobis
840 1678 1099 1734 calcanda
1123 1686 1208 1733 est
1232 1677 1371 1748 gula:
1406 1675 1794 1745 concupiscen-

1896 478 2069 524 tutum
2099 471 2562 539 contemplatione
2592 471 2902 538 calcandus,
2929 471 3028 528 sed
3053 484 3216 529 eus
3248 474 3350 544 ipsi
3380 491 3482 533 na-

1896 570 2033 620 tura:
2056 567 2400 622 necessarius
2431 576 2709 637 tamquam
2737 569 2971 624 castitati
3009 570 3341 637 contrarius,
3372 586 3482 628 non

1894 658 2016 713 sine
2060 658 2242 714 cordis
2268 661 2546 716 anxietate
2585 661 2883 718 sumendus
2922 672 3028 718 est.
3060 663 3131 719 Et
3161 665 3234 718 ita
3261 665 3483 723 demum

1895 749 2022 805 vitae
2049 761 2248 806 uestrae
2281 751 2647 808 instituendus
2677 763 2760 808 est
2789 769 3005 823 cursus,
3034 766 3093 810 ut
3135 757 3348 812 nullum
3377 773 3486 814 ms-

1894 842 1977 911 gis
2008 843 2078 896 sit
2102 851 2318 914 tempus
2349 859 2456 914 quo
2481 847 2784 901 sentiamus
2814 863 2913 903 nos
2942 862 2974 902 a
3003 849 3342 918 spiritalibus
3368 859 3487 907 stn-

1895 934 1999 990 diis
2027 937 2297 1002 revocari,
2324 952 2487 1006 quam
2518 953 2626 1009 quo
2655 939 2989 996 descendere
3019 941 3086 996 ad
3115 944 3483 1000 necessariam

1894 1030 2140 1098 corporis
2184 1044 2368 1084 curam
2404 1030 2523 1100 ejus
2553 1030 2844 1101 fragilitate
2873 1034 3274 1102 compellimur.
3319 1033 3486 1092 Cum-

1895 1133 2000 1190 que
2030 1119 2098 1173 ad
2129 1119 2268 1175 hanc
2295 1123 2677 1177 necessitatem
2717 1123 3110 1193 submittimur,
3142 1128 3263 1181 usui
3304 1127 3488 1198 potius

1895 1212 2020 1265 vita:
2041 1226 2201 1281 quam
2232 1213 2436 1268 mentis
2471 1213 2748 1270 desiderio
2773 1214 3121 1286 famulantes,
3161 1221 3488 1290 quantocius

1894 1301 1966 1357 ab
2003 1319 2090 1363 ea.
2121 1303 2270 1359 velut
2310 1319 2340 1358 a
2372 1305 2703 1361 salutaribus
2749 1322 2852 1361 nos
2901 1308 3098 1364 studiis
3140 1311 3479 1379 retrahente,

1894 1393 2142 1448 subtrahi
2186 1394 2529 1452 festinemus.
2576 1397 2928 1470 Nequaquam
2979 1401 3126 1456 enim
3177 1407 3487 1473 poterimus

1896 1501 2145 1542 escarum
2176 1491 2526 1556 praesentium
2549 1506 2812 1560 spernere
2840 1493 3170 1564 voluptates,
3196 1497 3298 1552 nisi
3332 1513 3486 1555 mens

1894 1579 2337 1648 contemplationi
2367 1581 2566 1637 divinas
2613 1582 2816 1651 defixa,
2865 1601 3056 1641 amore
3101 1588 3362 1645 virtutum
3395 1606 3490 1661 po—

1895 1670 2005 1724 tius
2050 1681 2106 1725 et
2135 1672 2535 1740 pulchritudine
2578 1676 2889 1731 cmlestium
2936 1678 3257 1736 delectetur.
3303 1681 3373 1737 Et
3415 1685 3488 1738 ita

209 1772 288 1836 ιιι,
311 1781 370 1828 ει
394 1788 465 1828 eo
504 1788 685 1842 usque
725 1773 1070 1830 extenuanda
1101 1788 1259 1828 mens
1290 1788 1396 1826 non
1443 1771 1618 1827 εοιυω
1644 1769 1790 1840 Μυ-
1821 1774 1868 1835 Β
1897 1761 2016 1830 quis
2044 1762 2187 1815 velut
2218 1764 2418 1818 caduca
2451 1765 2717 1834 despiciet
2744 1768 2996 1823 universa
3027 1774 3337 1839 praesentia,
3362 1789 3488 1830 cum

207 1866 321 1929 uiis,
341 1879 538 1920 verum
570 1869 738 1922 etiam
766 1867 1005 1936 vigiliis,
1050 1867 1286 1922 lectione
1315 1879 1553 1936 quoque,
1581 1873 1637 1921 et
1674 1877 1793 1918 cre-

208 1959 290 2014 bra
314 1961 756 2028 compnnctione
797 1960 998 2028 cordis,
1036 1961 1091 2014 in
1128 1960 1322 2031 quibus
1354 1974 1417 2016 se
1447 1958 1676 2014 forsitan
1704 1959 1793 2014 vel

207 2051 433 2119 illusum,
466 2053 556 2108 vel
589 2054 792 2110 victam
820 2055 1213 2118 reminiscitur,
1257 2054 1622 2124 ingemiscens
1650 2066 1794 2108 nunc

205 2145 422 2202 honore
449 2146 739 2213 vitiorum,
775 2161 918 2203 nunc
948 2146 1228 2203 desiderio
1251 2145 1602 2217 perfectionis
1628 2154 1684 2200 et
1711 2145 1793 2199 in-

205 2238 464 2307 tegritatis
505 2253 739 2296 accensa
771 2257 786 2294 ε
816 2238 992 2295 donec
1021 2239 1293 2310 ejusmodi
1337 2239 1486 2294 curis
1509 2253 1573 2293 ac
1621 2237 1793 2292 medi-

207 2330 496 2386 tationibus
527 2340 797 2401 occupata
830 2332 1033 2399 pariter
1077 2346 1140 2387 ac
1167 2345 1442 2402 possessa,
1486 2331 1655 2402 ipsius
1685 2331 1793 2386 cibi

205 2425 558 2480 refectionem
611 2440 720 2480 non
751 2435 858 2481 tam
887 2425 1223 2496 jucunditati
1262 2441 1605 2492 concessam,
1633 2440 1791 2496 quam

201 2520 373 2588 oneris
401 2520 523 2574 vice
565 2519 671 2575 sibi
715 2519 1027 2590 impositam
1072 2529 1464 2591 recognoscat;
1511 2519 1792 2590 magisque

198 2623 310 2664 eam
341 2613 712 2667 necessariam
754 2615 996 2684 corpori,
1026 2630 1189 2684 quam
1217 2615 1640 2671 desiderabilem
1671 2615 1791 2668 ani-

203 2717 303 2757 mm
341 2706 536 2759 sentiat
583 2707 920 2762 attributam.
956 2707 1076 2777 Quo
1125 2709 1307 2765 studio
1354 2705 1553 2765 mentis
1597 2718 1653 2766 et
1674 2708 1792 2779 jugi

211 2799 618 2863 compunttione
662 2799 896 2864 detenti,
945 2801 1220 2856 lasciviam
1273 2805 1473 2870 carnis,
1515 2818 1635 2873 quae
1677 2802 1791 2857 fotu

200 2893 448 2941 escarum
475 2891 854 2945 vehementius
883 2892 1183 2959 insolescit,
1218 2903 1272 2948 et
1295 2896 1518 2950 aculeos
1543 2894 1662 2965 ejus
1693 2909 1788 2948 no-

197 2977 307 3033 xlos
347 2984 742 3050 retundemus,
783 2994 949 3052 atque
979 2984 1054 3038 ita
1086 2984 1364 3041 fornacem
1394 2987 1642 3054 corporis
1686 2998 1788 3040 no-

194 3071 306 3136 stri.
334 3089 458 3140 qum
490 3072 518 3111 δ
551 3089 680 3144 rege
714 3075 1021 3146 Babylonia:
1073 3078 1394 3133 occasiones
1434 3085 1786 3161 peccatorum

1897 1853 1964 1908 ad
1997 1869 2056 1910 ea
2089 1870 2205 1924 quas
2234 1855 2537 1910 immobilia
2571 1867 2699 1913 sunt
2727 1867 2784 1915 et
2822 1869 3028 1917 reterns
3055 1864 3491 1934 inseparabiliter

1895 1943 2145 2000 defixerit
2169 1949 2367 2000 mentis
2388 1947 2658 2016 obtutum,
2693 1949 2871 2005 adhuc
2894 1954 2946 2006 in
2973 1968 3143 2010 carne
3169 1956 3377 2026 positus
3408 1959 3492 2014 fu-

1898 2045 2032 2090 turae
2075 2040 2526 2094 commorationis
2576 2040 2966 2100 beatitudinem
2991 2045 3105 2116 jam
3154 2049 3318 2106 corde
3357 2065 3490 2107 con-

1896 2137 2003 2184 tem
2011 2129 2185 2198 plans.

2493 2223 2725 2282 CAPUT
2762 2226 2880 2286 XV.

1898 2313 2052 2379 Quod
2089 2316 2158 2369 ad
2212 2317 2599 2370 custodiendam
2643 2322 2816 2375 cordis
2860 2324 2942 2377 sui
2982 2327 3261 2390 puritatem
3303 2347 3488 2387 mona-

2200 2389 2328 2442 chus
2357 2406 2557 2460 semper
2588 2393 2814 2448 intentus
2843 2411 2952 2449 esse
2973 2389 3174 2451 debeat.

1966 2496 1993 2536 ά
2019 2499 2179 2555 Velut
2211 2499 2259 2553 si
2292 2501 2416 2570 quis
2444 2503 2698 2557 immania
2728 2504 2992 2560 virtutum
3015 2510 3262 2577 praemia,
3296 2512 3350 2566 in
3392 2527 3487 2570 su-

1894 2589 2049 2646 blimi
2097 2593 2421 2662 quibusdam
2469 2594 2652 2661 parvis
2691 2595 2904 2652 indiciis
2933 2598 3235 2670 designata,
3281 2606 3488 2678 perspi-

1895 2681 2196 2739 cacissimis
2239 2683 2522 2739 oculorum
2566 2686 2848 2744 obtutibus
2891 2703 3013 2746 cum
3048 2691 3142 2748 teli
3187 2694 3488 2758 directione

1897 2778 2242 2832 tendentibus
2266 2779 2427 2832 ferire
2455 2778 2694 2846 fe5tinet,
2725 2783 2905 2837 sciens
2951 2785 3270 2843 immensam
3297 2792 3487 2860 gloria:

1893 2871 2131 2939 palmam
2172 2881 2225 2925 et
2258 2873 2709 2927 remunerationis
2737 2877 2960 2943 praemia
3009 2879 3060 2932 in
3091 2894 3282 2937 eorum
3315 2886 3484 2940 confi-

1895 2962 2064 3018 xioue
2093 2966 2415 3032 consistere,
2465 2968 2750 3022 oculorum
2782 2971 2956 3025 aciem
3004 2973 3072 3029 ab
3115 2977 3262 3030 omni
3293 2979 3486 3036 intuitu

1893 3064 2171 3123 avertens,
2197 3057 2325 3111 illuc
2356 3058 2560 3129 dirigat
2590 3076 2814 3117 necesse
2841 3074 2942 3130 est,
2976 3065 3067 3120 ubi
3099 3081 3368 3125 summam
3400 3089 3487 3128 re-

197 3171 250 3217 et
281 3165 407 3218 vitia
441 3166 606 3220 nobis
630 3166 837 3237 jugiter
884 3169 1363 3238 subministrante,
1409 3151 1780 3242 succenditur,

1893 3151 2284 3206 munerationis
2314 3163 2369 3207 et
2403 3155 2613 3222 praemii
2647 3157 2904 3226 perspicit
2935 3159 3282 3231 collocatam,
3315 3167 3484 3221 amis-

192 3255 371 3326 q'ltibus
401 3269 428 3297 ε
479 3258 739 3329 naphtha:
788 3269 846 3316 et
891 3262 1025 3330 picis
1069 3261 1190 3318 vice
1229 3264 1412 3326 acrius
1466 3278 1778 3330 exuramur,

191 3335 425 3422 ubertate
469 3350 841 3422 lacrymarutn
889 3362 945 3408 et
975 3353 1106 3409 ﬂetu
1133 3355 1318 3409 cordis
1358 3356 1659 3424 poterimus
1688 3370 1786 3410 ex-

190 3442 491 3510 stinguere;
521 3443 703 3498 donec
735 3444 831 3499 Dei
861 3445 1056 3514 gratia,
1081 3445 1274 3515 spiritu
1305 3448 1446 3501 roris
1468 3446 1550 3501 sui
1573 3447 1624 3500 in
1658 3462 1783 3501 cor-

191 3529 329 3589 Gbus
357 3536 573 3590 nostris
592 3535 924 3603 insibilante,
946 3547 1110 3592 aestus
1138 3539 1372 3594 carnalis
1390 3541 1782 3608 concupiscen-

193 3621 262 3680 εξ
289 3625 524 3696 penitus
560 3627 780 3684 valeant
805 3630 1102 3700 consopiri.
1149 3630 1279 3685 Haec
1314 3641 1399 3687 est
1424 3631 1588 3701 igitur
1619 3632 1780 3687 nobis

191 3717 345 3786 pia
387 3721 705 3787 contentio,
759 3721 876 3776 haec
929 3731 1119 3778 nostra
1153 3723 1298 3778 velut
1348 3725 1399 3778 in
1446 3724 1778 3794 Olympiacis

190 3810 577 3865 certaminibus
608 3814 777 3881 prima
809 3813 1080 3882 probatio,
1117 3815 1258 3883 gula:
1300 3814 1621 3884 ventrisque
1647 3831 1779 3868 con-

188 3903 578 3974 cupiscentiam
609 3902 885 3961 desiderio
910 3903 1267 3976 perfectionis
1295 3907 1666 3977 exstinguere.
1697 3907 1777 3964 0b

1890 3256 2052 3299 surus
2086 3246 2275 3314 procul
2304 3245 2470 3300 dubio
2503 3247 2712 3316 peritia:
2744 3251 2976 3318 palmam
3011 3262 3065 3308 et
3088 3261 3486 3315 remuneratio-

1887 3351 2012 3392 nem
2052 3338 2294 3405 virtutis,
2332 3340 2375 3393 si
2409 3343 2965 3412 quantulumcumque
3001 3352 3482 3420 contemplationis

1887 3429 2011 3499 ejus
2046 3430 2189 3485 acies
2217 3431 2538 3487 dcviaverit.

2481 3526 2712 3587 CAPUT
2749 3531 2888 3588 XVI.

1844 3605 1864 3620 χ
1893 3640 2045 3709 Quod
2083 3641 2375 3716 monachus
2395 3643 2676 3716 secundum
2717 3644 3011 3716 Olympiaci
3038 3654 3333 3708 certaminis
3363 3671 3479 3710 mo-

1957 3729 2068 3793 rem
2107 3728 2220 3793 non.
2240 3714 2400 3793 possit
2428 3715 2692 3793 spiritales
2723 3714 2978 3787 conficere
3006 3736 3209 3793 pugnas
3233 3726 3355 3792 nisi,
3389 3727 3484 3781 ob-

1959 3784 2172 3836 tinuerit
2203 3783 2340 3836 bella
2377 3786 2636 3838 carnalia.

1956 3899 2144 3970 Itaque
2172 3898 2378 3954 ventris
2407 3905 2464 3953 et
2487 3885 2626 3972 gula:
2648 3901 3094 3974 concupiscentia
3124 3907 3227 3964 hoc
3273 3909 3468 3969 intuitu

1257 4041 1516 4098 ALARDI
1555 4039 1789 4097 GAZASI
1825 4031 2393 4095 COMMENTARIUS.

184 4127 248 4192 les
270 4155 324 4194 se
348 4146 560 4207 petunt,
585 4153 692 4191 non
710 4146 991 4207 querentes
1021 4136 1290 4189 dominum
1321 4151 1424 4188 non
1455 4134 1776 4207 habere,_sed

184 4205 369 4268 Mare
398 4227 418 4266 :
453 4225 635 4263 seruus
663 4205 858 4275 peccati
885 4209 1010 4280 quid
1045 4208 1244 4280 faciat?
1264 4223 1420 4280 quem
1448 4205 1777 4280 interpellet?

181 4284 309 4346 opud
338 4296 504 4347 quem
541 4295 598 4332 se
630 4280 857 4334 uenalem
884 4276 1066 4349 petat?
1103 4279 1299 4331 Deinde
1329 4292 1505 4329 servus
1546 4276 1776 4349 hominis

183 4352 466 4418 aliquando
489 4352 573 4404 sui
594 4353 792 4404 domini
819 4348 964 4404 duris
985 4351 1217 4420 imperiis
1246 4349 1500 4418 fatigatus
1529 4348 1776 4420 fugiendo

182 4425 487 4487 requiescit;
513 4437 694 4476 servus
724 4423 917 4491 peccati
943 4419 1066 4490 quo
1088 4421 1292 4491 fugiet?
1321 4435 1495 4473 serum
1523 4434 1576 4470 se
1617 4419 1776 4470 trahit

183 4507 510 4564 poculisque
541 4494 772 4561 fugerit;
803 4507 905 4544 non
937 4493 1068 4564 fugit
1093 4496 1315 4561 seipsam
1342 4493 1480 4542 mala
1510 4504 1776 4564 conseren-

1880 4145 2027 4185 vum.
2081 4129 2154 4181 De
2190 4143 2296 4203 quo
2330 4125 2528 4203 itidem
2560 4125 2857 4203 Cassianus
2889 4129 3072 4203 liwa
3102 4148 3218 4203 cap.
3257 4137 3342 4193 I7.
3374 4152 3467 4193 ea-

1879 4203 2160 4277 demusus
2188 4197 2451 4251 allusiune
2481 4207 2535 4252 et
2568 4201 2922 4277 ruentapltora:
2963 4197 3234 4277 Clibanus.
3267 4208 3464 4277 inquit,

1879 4272 2051 4350 carnis
2079 4280 2290 4332 nostrae,
2321 4285 2468 4350 quem
2501 4285 2592 4322 rea:
2631 4269 2956 4350 Babylonius
2980 4274 3251 4350 incentivis
3280 4269 3473 4350 su'ggrQ-

1881 4344 2107 4397 stionum
2154 4341 2446 4392 carnalium
2488 4342 2798 4394 succendere
2838 4360 2939 4396 non
2994 4345 3216 4409 desistit,
3268 4341 3478 4405 desvc‘ert-

1880 4414 2127 4491 dente
2159 4411 2521 4491 cordanostra
2562 4417 2884 4491 rore-sancti
2925 4414 3154 4481 Spiritus
3182 4423 3479 4491 exstingua-

1881 4495 1987 4539 tur.
2023 4484 2123 4539 Uhi
2149 4483 2268 4535 vide
2293 4483 2442 4549 plura
2466 4497 2530 4534 ex
2656 4481 3008 4554 Hieronymo.

181 4550 267 4625 lia,
289 4581 397 4615 non
411 4550 492 4616 cst
515 4550 625 4631 τέυᾶ
641 4550 1095 4632 εωξεεᾳυξιίιννεε,
1123 4550 1282 4614 immo
1305 4578 1407 4613 non
1430 4561 1616 4632 recedit
1640 4577 1671 4611 a
1689 4575 1775 4622 se;
1805 4553 1858 4612 D
1930 4567 1981 4632 _°
2004 4553 2275 4632 l‘iaphthu,
2302 4563 2521 4630 auctore
2546 4550 2724 4632 Plinio
2748 4550 2889 4623 (Lib.
2933 4571 2970 4609 tt
2998 4574 3049 4632 c.
3079 4557 3225 4632 105),
3253 4560 3475 4617 bitumi-

181 4645 450 4702 peccatum
477 4635 616 4686 enim
639 4635 775 4699 quod
799 4631 947 4702 facit,
970 4635 1113 4687 intus
1144 4644 1240 4687 est.
1269 4633 1394 4686 Haec
1416 4631 1775 4701 Augustinus.

179 4701 276 4760 Sed
304 4718 362 4760 et
391 4703 710 4774 philosophi
750 4706 888 4758 hanc
917 4708 1233 4758 servitutem
1281 4704 1508 4771 ejusque
1541 4701 1777 4769 turpitu-

179 4775 347 4832 dinem
397 4785 770 4844 agnoverunt.
817 4775 1083 4845 Diogenes
1138 4776 1325 4829 dicere
1370 4783 1586 4837 solitus,
1638 4774 1781 4845 inter

177 4857 356 4901 servos
381 4861 455 4900 ae
485 4847 736 4900 dominos
761 4844 953 4908 malos,
991 4858 1188 4914 prmter
1219 4846 1505 4910 vocabula,
1537 4844 1673 4898 nihil
1700 4846 1780 4896 in-

179 4925 404 4981 teresse,
433 4917 545 4970 nisi
578 4917 722 4986 quod
745 4919 1010 4985 mancipia
1033 4917 1300 4972 servirent
1316 4917 1551 4970 dominis
1572 4915 1780 4970 domini

180 4989 601 5058 cupiditatibus.
651 4987 717 5041 Et
777 4988 1031 5044 Horatius
1073 4989 1142 5044 de
1190 4989 1412 5044 homine
1451 4989 1778 5058 voluptuose

142 5127 146 5134 ι
177 5055 285 5113 haec
317 5062 480 5115 canit
497 5057 639 5129 (Lib.
672 5073 861 5124 118812,
893 5061 1048 5114 satir.
1079 5060 1134 5128 7)
1166 5077 1180 5114 :

299 5192 473 5260 Urget
497 5195 630 5260 enim
654 5201 872 5246 mentem
887 5197 1115 5260 dominus
1136 5210 1233 5246 non
1254 5197 1403 5260 lenis,
1429 5202 1481 5246 et
1497 5208 1640 5246 acres

292 5254 566 5319 Snbjectat
591 5256 715 5306 lasso
737 5257 979 5322 stimulos,
1009 5268 1274 5321 versatque
1296 5254 1585 5321 negantem.

242 5416 268 5444 ιι
289 5406 348 5462 Id
374 5416 488 5471 est,
512 5408 786 5481 nobilibus
813 5418 870 5464 et
899 5409 1175 5480 gloriosis.
1205 5412 1383 5478 qualia
1414 5421 1569 5467 erant
1592 5412 1778 5481 Olym-

173 5477 324 5546 piaca
355 5479 671 5534 certamina
714 5490 769 5534 et
791 5477 1058 5548 victoriae,
1098 5498 1206 5536 non
1226 5477 1485 5547 levibus,
1516 5492 1608 5538 aut
1658 5477 1777 5537 vul-

171 5551 437 5624 ggribus;
469 5550 617 5624 quod
633 5553 892 5619 superius
915 5552 1070 5618 dicit,
1092 5554 1428 5624 epheborum
1456 5554 1771 5618 luctamine,

170 5620 222 5675 id
235 5632 336 5690 est
352 5663 372 5688 ,
402 5619 600 5690 puerili
631 5623 951 5679 certamine.

231 5689 806 5766 *‘Reg’eBabylonize,
840 5690 893 5746 id
931 5692 1304 5766 est,,diabolo,
1338 5693 1569 5766 quiregi
1597 5693 1771 5766 Baby-

165 5753 324 5824 lonio
731 5753 812 5824 ob
831 5753 1152 5829 superbiam
1187 5776 1245 5828 et
1269 5753 1778 5827 libidinisvincent'i—

1886 4628 1976 4681 nis
2006 4621 2189 4696 liquidi
2220 4638 2410 4696 genus,
2442 4621 2559 4696 sive
2601 4621 2969 4679 colatnentum
3001 4621 3284 4684 bituminis
3327 4633 3472 4688 circa

1886 4693 2223 4768 Babylonem
2264 4693 2646 4768 copiosissime
2677 4699 3034 4763 proveniens;
3085 4701 3168 4755 cui
3202 4711 3346 4754 tanta
3387 4714 3473 4759 est

1884 4764 2023 4824 cum'
2044 4771 2163 4836 igne
2192 4765 2464 4834 cognatio,
2501 4773 2559 4817 ut
2589 4764 2801 4820 ﬂamma
2834 4770 3106 4826 transiliat
3136 4772 3188 4826 in
3220 4789 3340 4827 eam
3375 4790 3475 4827 uu-

1885 4839 2188 4908 decmnque
2219 4840 2417 4890 visam.
2468 4836 2667 4905 Vulgus
2710 4841 2885 4892 oleum
2919 4841 3137 4896 Medica:
3166 4852 3341 4902 vocat.
3377 4846 3472 4901 alii

1885 4911 2224 4980 petrelaaum,
2247 4910 2361 4962 sive
2386 4909 2707 4976 pell'OIttlllll,
2735 4923 2857 4964 esse
2882 4913 3236 4968 contendunt.
3268 4916 3342 4968 Ex
3367 4916 3469 4972 hoc

1885 4984 2172 5038 conficitur
2203 4981 2341 5053 ignis
2365 4993 2503 5053 pene
2527 4980 3002 5053 inesstinguibilis,
3029 5000 3188 5053 quem
3212 4990 3472 5052 gra-cani-

1883 5068 2007 5108 cum
2040 5052 2339 5123 appellant.
2380 5049 2587 5123 Alludit
2621 5049 2826 5123 Auster
2855 5054 2921 5106 ad
2956 5049 3060 5108 illa
3078 5049 3237 5109 verba
3273 5056 3470 5112 Danie-

1883 5125 1950 5179 Iis
1976 5120 2136 5179 tertio
2165 5123 2340 5190 capite
2366 5137 2382 5176 :
2414 5120 2536 5195 Non
2559 5122 2821 5176 cessabant
2854 5125 3072 5179 ministri
3099 5127 3228 5195 regis
3250 5142 3468 5181 succen-

1882 5195 2003 5250 dere
2039 5196 2300 5264 fornacem
2343 5192 2597 5262 naphtha,
2625 5204 2672 5246 et
2703 5203 2876 5265 stupa,
2928 5207 2976 5248 et
3004 5197 3135 5263 pice,
3153 5192 3218 5249 ἐι
3247 5196 3461 5254 malleo-

1883 5266 1970 5328 lis.
2005 5278 2112 5320 etc.
2142 5265 2199 5319 In
2233 5279 2394 5337 quem
2425 5265 2602 5337 locum
2625 5265 2745 5337 haec
2770 5265 2933 5320 habet
2963 5267 3024 5320 D.
3061 5266 3420 5337 Hieronymus
3447 5290 3459 5324 :

1882 5337 2172 5408 §alluszins
2200 5334 2378 5408 scribit
2396 5335 2534 5408 quod
2565 5335 2796 5406 naphtha
2823 5337 2888 5390 sit
2910 5353 3070 5406 genus
3101 5334 3296 5405 [amitis
3322 5342 3469 5408 apud

1881 5406 2094 5474 Persas,
2128 5423 2228 5477 quo
2254 5406 2333 5459 vel
2360 5406 2579 5459 rrtasime
2596 5407 2894 5460 nutriantur
2923 5408 3183 5461 incendia.
3213 5409 3322 5464 Alii
3345 5406 3464 5467 ossa

1885 5480 2168 5552 olivarum,
2223 5479 2733 5552 quw‘projiciunlur
2775 5493 2895 5552 cunt
2937 5494 3148 5552 amurca
3197 5485 3460 5552 arefacta,

1880 5549 2169 5619 naphtham
2221 5546 2491 5619 appellari
2525 5557 2726 5615 putant.
2773 5546 2924 5603 Unde
2967 5559 3019 5603 et
3046 5549 3224 5606 Graece
3274 5546 3466 5619 {rapina

1877 5623 2070 5696 dicitur
2099 5621 2160 5674 ab
2195 5635 2258 5673 eo
2285 5619 2424 5690 quod
2451 5627 2557 5696 πῦρ
2579 5659 2595 5684 ,
2626 5621 2721 5671 hoc
2752 5627 2846 5686 est,
2871 5619 3040 5692 ignem
3080 5623 3303 5680 nutriat.
3333 5619 3464 5685 Hac

1876 5693 2268 5750 Hieronymus.

1946 5705 2352 5824 ἓῗὲἔέῖιίηίθιο
2380 5759 2678 5824 similitudo
2698 5758 2930 5824 habetur
2959 5762 3162 5826 Collat.
3196 5767 3221 5827 ι
3249 5782 3374 5837 cap.
3400 5766 3470 5828 ὄρ
