3986 6320
465 230 567 296 231

1797 232 2081 301 ,ΙΟΑῙῙΝΙΒ
2116 229 2431 289 CASSIANI

3646 225 3760 290 282

465 364 746 429 superata,
798 370 898 413 nec
935 354 1081 413 servi
1128 355 1334 421 carnis,
1383 367 1485 410 nec
1522 353 1753 409 infames
1796 343 2062 407 vitiorum
2084 349 2293 415 Abore
2328 346 2641 417 conquisito
2678 347 2963 417 graviores
2996 361 3207 420 pugnas
3249 346 3612 417 nequitiarum
3642 364 3762 408 cce-

468 458 594 506 nota
638 449 996 518 pronuntiati,
1051 447 1198 503 velut
1245 448 1298 501 in
1349 444 1683 515 Olympiacis
1731 442 2057 515 disciplinis,

464 544 831 618 judicabimur
860 544 1209 615 superiorum
1250 556 1466 613 quoque
1506 540 1871 597 certaminum
1915 537 2064 610 digni

468 653 590 694 esse
619 635 901 702 conflictu,
931 635 1340 707 praemissisque
1366 631 1741 703 hujuscemodi
1764 631 2063 686 documen-

467 731 565 796 tis,
612 728 993 799 spiritualibus
1034 740 1253 797 quoque
1300 723 1559 795 nequitiis
1600 720 1860 794 congredi
1902 734 2064 791 posse

468 820 789 885 credemur,
820 834 942 891 qua:
985 833 1093 874 non
1134 818 1239 872 nisi
1269 816 1569 872 victoribus
1592 824 1829 880 tantum,
1875 820 1934 869 et
1979 811 2064 867 bis

468 914 559 982 qui
593 922 875 969 merentur
902 912 956 966 in
986 909 1227 980 spiritali
1251 922 1425 978 agone
1451 904 1803 972 contendere,
1836 916 2063 959 concer-

473 1024 592 1065 tare
622 1008 936 1079 dignantur.
968 1003 1107 1061 Illud
1133 1003 1283 1060 enim
1327 1011 1412 1058 est
1445 1010 1765 1057 cunctorum
1811 995 2066 1053 luctami-

472 1117 604 1158 num
658 1101 814 1156 velut
859 1097 1135 1170 quoddam
1176 1096 1570 1152 solidissimum
1630 1092 2064 1158 fundamentum,

475 1203 504 1232 ι
525 1200 585 1249 ut
610 1192 864 1263 primitus
885 1190 1186 1248 carnalium
1215 1188 1611 1244 desideriorum
1644 1184 1915 1241 incentiva
1942 1197 2067 1253 per-

482 1285 742 1342 imantur.
757 1284 893 1339 Nam
918 1285 1121 1349 nullus,
1146 1297 1314 1338 carne
1336 1280 1558 1352 propria
1586 1295 1695 1334 non
1722 1278 1962 1347 devicta,
1992 1278 2067 1333 le-

476 1378 664 1448 gitime
705 1376 997 1433 decertare
1040 1376 1268 1446 poterit.
1313 1374 1383 1429 Et
1415 1373 1507 1445 qui
1539 1372 1785 1443 legitime
1819 1387 1929 1426 non
1972 1369 2069 1425 de—

479 1475 676 1533 certat,
700 1468 821 1523 sine
846 1466 1017 1523 dubio
1051 1480 1153 1522 nec
1182 1465 1240 1521 in
1270 1480 1446 1535 agone
1494 1463 1807 1534 conﬂigere,
1848 1477 1954 1518 nec
1978 1476 2069 1518 co-

478 1576 629 1618 ronae
654 1559 909 1632 gloriam,
940 1574 1043 1616 nec
1070 1558 1320 1615 victoriae
1359 1559 1588 1626 gratiam
1618 1559 1817 1636 poterit
1851 1571 2071 1628 prome—

479 1654 613 1708 reri.
667 1651 826 1720 Quod
877 1652 926 1706 si
982 1650 1087 1706 lioc
1136 1650 1398 1706 fuerimus
1445 1651 1748 1705 certamine
1801 1648 2068 1720 superati,

2166 441 2378 498 lestium
2427 440 2686 511 experiri,
2730 441 2821 512 qui
2860 456 3079 497 carnem
3112 442 3359 513 fragilem
3404 445 3756 503 resistentem

2168 535 2379 606 spiritui
2428 543 2616 589 nostro
2663 535 2952 606 subjugare
2992 537 3361 607 nequivimus.
3401 538 3557 605 Quod
3601 538 3762 610 Apo-

2166 629 2293 685 stoli
2344 628 2715 683 testimonium
2760 643 2866 683 non
2899 628 3269 700 intelligentes
3297 630 3516 699 quidam
3558 646 3765 702 posue-

2166 728 2296 775 runt
2324 735 2423 789 pro
2460 718 2758 774 indicativo
2792 721 3092 789 optativum
3134 721 3383 789 modum,
3414 722 3467 778 Id
3499 732 3601 789 est,
3633 736 3764 779 ten-

2168 812 2297 867 tatio
2340 826 2437 867 vos
2468 827 2579 866 non
2620 811 3017 883 apprehendat,
3065 812 3173 868 nisi
3202 814 3462 871 humana.
3500 815 3654 883 Quod
3688 816 3766 869 ab

2166 904 2289 975 ipso
2315 905 2485 976 magis
2515 904 2622 962 dici
2653 904 3003 961 manifestum
3032 915 3139 973 est,
3190 922 3299 962 non
3346 908 3609 978 optantis,
3653 909 3756 965 sed

2167 997 2590 1067 pronuntiantis,
2620 997 2708 1053 vel
2733 998 3114 1068 exprobrantis
3146 998 3363 1056 affectu.

2730 1111 2961 1167 CAPUT
2998 1112 3164 1168 XVII.

2176 1202 2327 1271 Quod
2355 1204 2745 1280 fundamentum
2766 1220 2828 1280 ac
2847 1204 2984 1258 basis
3005 1205 3259 1280 spiritalis
3285 1208 3471 1277 agonia
3490 1210 3547 1263 in
3567 1212 3766 1280 gastri-

2503 1278 2717 1345 margite
2745 1276 2810 1330 sit
2834 1277 3115 1331 certamine
3139 1276 3415 1334 collocata.

2242 1368 2337 1424 Vis
2359 1367 2546 1425 audire
2572 1383 2761 1427 verum
2792 1369 3052 1429 athletam
3080 1368 3290 1426 Christi
3318 1383 3341 1411 ο
3369 1374 3617 1443 legitimo
3640 1389 3770 1445 ago-

2171 1459 2256 1514 nis
2303 1458 2426 1528 jure
2476 1461 2807 1517 certantem?
2861 1460 2997 1531 Ego,
3056 1462 3254 1531 inquit,
3286 1464 3366 1519 sic
3409 1479 3592 1533 curro,
3648 1480 3762 1519 non

2172 1552 2329 1622 quasi
2380 1554 2432 1606 in
2486 1553 2784 1618 incertum;
2842 1553 2924 1608 sic
2970 1569 3171 1623 pugno,
3231 1571 3339 1610 non
3380 1559 3534 1628 quasi
3572 1573 3763 1613 aerem

2173 1644 2469 1700 verberans
2502 1662 2515 1698 :
2544 1644 2639 1700 sed
2688 1645 2896 1715 castigo
2937 1660 3138 1715 corpus
3179 1662 3383 1713 meum,
3420 1658 3479 1703 et
3506 1649 3766 1703 servituti

478 1745 634 1802 velut
659 1745 808 1805 ser.vi
843 1745 1081 1801 carnalis
1115 1744 1579 1813 concupiscentia
1622 1744 1984 1814 comprobati,
2013 1752 2069 1799 et
2098 1730 2147 1791 B
2171 1736 2428 1806 subjicio,
2459 1752 2528 1792 ne
2571 1737 2691 1791 aliis
2739 1738 3044 1807 prwdicans
3092 1739 3211 1808 ipse
3258 1740 3523 1809 reprobus
3553 1739 3768 1795 efﬁciar

479 1852 578 1909 per
610 1838 714 1894 hoc
745 1852 846 1894 nec
890 1835 1160 1893 libertatis
1209 1852 1315 1892 nec
1352 1835 1568 1892 roboris
1611 1836 1842 1906 insignia
1875 1835 2074 1908 praefe-

483 1942 692 1999 rentes,
721 1947 751 1987 a
772 1930 1100 2002 spiritalium
1118 1930 1572 2001 congressionum
1597 1929 1873 1994 conflictu,
1904 1938 1966 1984 ut
1990 1928 2073 1983 in-

486 2023 634 2093 digni
667 2022 940 2093 servique,
974 2037 1084 2077 non
1132 2021 1252 2077 sine
1282 2019 1622 2076 confusionis
1662 2029 1787 2076 nota
1832 2020 2073 2089 protinus

487 2115 838 2187 repellemur.
880 2112 1070 2170 Omnis
1097 2115 1241 2170 enim
1264 2113 1359 2184 qui
1388 2113 1519 2170 facit
1542 2123 1853 2184 peccatum,
1885 2127 2074 2170 servus

484 2219 570 2267 est
599 2211 805 2281 peccati
837 2207 1019 2283 (Joan.
1051 2208 1194 2281 vin).
1236 2207 1564 2279 Diceturque
1608 2208 1766 2263 nobis
1804 2222 1903 2277 per
1946 2207 2073 2262 bea-

482 2313 596 2358 tum
623 2301 946 2373 Apostolum
975 2316 1097 2357 cum
1132 2301 1217 2357 his
1241 2302 1384 2356 inter
1413 2315 1549 2373 quos
1572 2300 1865 2356 fornicatio
1894 2301 2072 2355 nomi-

482 2406 679 2452 natur:
706 2392 735 2434 b
782 2394 1038 2450 Tentatio
1087 2407 1185 2449 vos
1229 2407 1340 2449 non
1389 2392 1770 2464 apprehendit,
1817 2392 1925 2447 nisi
1974 2392 2075 2446 hu-

482 2504 638 2546 mana
672 2487 717 2561 (Ι
741 2486 861 2545 Cor.
894 2492 977 2559 χ).
1025 2485 1145 2543 Non
1181 2486 1327 2543 enim
1369 2488 1704 2543 merebimur
1751 2487 1952 2542 mentis
1983 2500 2073 2540 ro-

2177 1829 2223 1901 (ι
2254 1828 2377 1885 Cor.
2403 1829 2504 1900 rx).
2538 1829 2702 1886 Vides
2728 1839 2789 1886 ut
2832 1831 2888 1888 in
2913 1833 3120 1902 seipso,
3148 1832 3203 1887 id
3229 1842 3335 1898 est,
3380 1833 3433 1886 in
3470 1847 3636 1888 carne
3664 1846 3766 1886 sua

2175 1923 2620 1979 colluctationum
2665 1940 2930 1980 summam
2960 1925 3108 1980 velut
3149 1927 3204 1980 in
3246 1926 3376 1981 base
3407 1924 3641 1995 quadam
3672 1927 3768 1980 tir-

2176 2017 2418 2072 missima
2450 2018 2729 2083 statuerit,
2757 2027 2812 2073 et
2851 2028 3173 2088 proventum
3218 2033 3412 2089 pugna:
3440 2019 3496 2074 in
3525 2018 3644 2074 sola
3672 2033 3767 2073 ca-

2176 2110 2463 2180 stigatione
2490 2110 2672 2165 carnis
2703 2119 2760 2166 et
2788 2111 2843 2164 in
2868 2111 3211 2180 subjectione
3259 2112 3343 2165 sui
3380 2112 3625 2181 corporis
3648 2111 3767 2165 col-

2177 2205 2403 2260 locarit?
2432 2206 2544 2276 Ego
2571 2206 2753 2275 itaque
2774 2205 2857 2261 sic
2888 2219 3049 2259 curro
3077 2218 3183 2258 non
3206 2203 3368 2275 quasi
3396 2205 3451 2258 in
3475 2204 3762 2259 incertum.

2177 2299 2294 2354 Non
2342 2299 2517 2354 currit
2565 2299 2619 2354 in
2658 2298 2946 2368 incertum,
2999 2303 3088 2372 qui
3145 2300 3423 2357 caelestem
3463 2300 3765 2356 Jerusalem

2177 2393 2546 2461 conspiciens,
2578 2391 2817 2447 defixum
2848 2392 3009 2448 habet
3031 2408 3138 2462 quo
3164 2392 3268 2448 sibi
3295 2392 3475 2447 cordis
3501 2393 3586 2446 sui
3612 2394 3767 2452 inde-

2178 2482 2432 2538 ﬂexibilis
2460 2482 2535 2538 sit
2573 2481 2853 2553 dirigenda
2886 2485 3195 2553 pernicitas.
3235 2483 3353 2540 Non
3385 2486 3556 2540 currit
3596 2487 3649 2542 in
3679 2489 3767 2546 in.

1551 2603 1813 2659 ALARDI
1850 2603 2083 2661 GAZABI
2120 2601 2691 2659 COMMENTARIUS.

559 2706 586 2735 α
606 2698 788 2754 Multis
817 2696 1005 2767 verbis
1036 2696 1090 2751 id
1136 2696 1371 2767 adstruit
1400 2696 1463 2751 D.
1493 2696 1790 2767 Gregorius
1824 2697 1919 2752 lib.
1953 2714 2063 2752 xxx

485 2768 769 2825 Moralium
791 2765 946 2840 (Cap.
970 2766 1104 2840 26),:
1133 2766 1355 2840 Nullus,
1379 2768 1573 2840 inquit,
1596 2765 1827 2836 palmam
1850 2769 2065 2837 spirita-

488 2839 553 2894 lis
576 2840 870 2894 certaminis
897 2838 1263 2911 apprehendit,
1297 2839 1388 2911 qui
1413 2854 1516 2911 non
1544 2840 1600 2893 in
1628 2840 1900 2910 semetipso
1923 2842 2066 2907 prius

487 2928 578 2983 per
594 2912 861 2983 Aajﬂictarn
885 2910 1079 2983 ventris
1116 2910 1581 2983 concupiscentiam
1619 2911 2068 2983 carnisincentiva

490 2979 753 3038 devicerit.
784 2979 963 3049 Neque
1000 2981 1133 3034 enim
1158 2980 1226 3032 ad
1263 2980 1563 3051 conﬂictum
1607 2980 1859 3052 spiritalis
1889 2983 2070 3051 agonis

489 3054 799 3125 assurgitur,
826 3051 999 3125 sinon
1030 3052 1175 3119 prius
1198 3052 1336 3125 intra
1365 3051 1704 3125 nosmetipsos
1740 3051 1902 3106 hostis
1932 3055 2072 3125 posi-

492 3133 594 3189 tus,
625 3122 762 3194 gulte
794 3122 1032 3194 videlicet
1060 3122 1340 3194 appetitus,
1383 3122 1645 3177 edometur
1668 3139 1687 3177 :
1717 3125 1837 3192 quia
1876 3122 2069 3177 siitnon

492 3211 554 3249 ea
593 3192 705 3263 qua:
742 3192 885 3265 nobis
936 3201 1051 3265 sunt
1101 3193 1349 3246 viciniora
1388 3194 1777 3265 prosternimus,
1827 3195 2073 3249 nimirum

493 3261 718 3337 inaniter
728 3264 796 3318 ad
813 3278 996 3334 eaqute
1010 3261 1215 3337 longius
1236 3271 1356 3317 sunt
1378 3261 2068 3336 impugnanda,transimus.

494 3335 766 3391 Incassum
791 3349 1010 3406 namque
1034 3335 1215 3388 contra
1241 3335 1514 3389 exteriores
1546 3337 1778 3390 inimicos
1800 3338 1855 3389 in
1889 3353 2071 3401 campo

498 3405 687 3461 bellum
701 3405 987 3477 geritur,’si
1009 3407 1148 3460 intra
1166 3406 1281 3472 ipsa
1303 3406 1443 3459 urbis
1465 3408 1653 3461 mtenia
1677 3408 1799 3461 civis
1820 3407 2073 3461 insidians

496 3475 729 3550 habetur}
772 3475 920 3550 ens
947 3492 1147 3550 quoque
1166 3478 1283 3550 ipsa
1311 3478 1554 3550 certantis
1585 3478 1678 3531 sub
1706 3479 1869 3550 gravi
1888 3494 1982 3531 con
1993 3480 2074 3547 fu-

495 3549 656 3622 sionis
680 3548 938 3622 dedecore.
960 3546 1267 3622 a_sp‘iritalis
1290 3549 1584 3622 certaminis
1614 3546 1971 3622 congressione
1989 3546 2070 3622 re-

497 3620 730 3691 pellitur,
765 3616 971 3689 quando
991 3616 1205 3691 in‘firma
1231 3618 1286 3671 in
1311 3619 1483 3691 carnis
1504 3616 1864 3691 prteliofgula:
1884 3618 2072 3691 gladiis

499 3686 739 3756 confossa
766 3686 1057 3760 superatur.
1086 3686 1226 3760 Nam
1251 3704 1369 3742 cum
1395 3686 1450 3743 ie
1471 3686 1644 3760 parvis
1666 3686 1923 3760 prosterni
1953 3706 2075 3743 con-

498 3761 669 3829 spicit,
705 3759 980 3830 conﬂigere
1025 3759 1311 3825 majoribus
1356 3759 1625 3814 erubescit.
1668 3759 1927 3815 Nonnulli
1958 3775 2075 3813 vero

499 3832 729 3885 ordinem
754 3830 1046 3902 certaminis
1081 3831 1401 3902 ignorantes,
1433 3830 1671 3885 edomare
1708 3830 1883 3902 gulam
1916 3832 2078 3902 negli-

500 3912 647 3973 gant,
686 3910 733 3956 et
764 3903 879 3973 jam
908 3901 983 3973 ad,
1002 3901 1259 3971 spiritalia
1288 3900 1422 3954 bella
1450 3900 1801 3973 consurgunt.
1831 3901 1940 3973 Qui
1979 3903 2079 3955 alio

501 3969 705 4043 quando
735 3969 897 4043 multa
920 3969 1228 4037 etiain,qua:
1251 3981 1593 4043 magntesunt
1624 3969 1964 4043 fartitudinis,
1997 3975 2078 4041 fa-

500 4040 643 4096 ciunt
674 4059 693 4097 :
723 4042 812 4095 sed
858 4042 1162 4095 dominante
1202 4040 1351 4110 gula!
1383 4042 1528 4105 vitio,
1569 4040 1658 4109 per
1694 4044 1862 4094 carnis
1902 4040 2076 4095 illece-

506 4113 672 4178 bram,
721 4128 869 4166 omne
907 4112 1043 4179 quod
1086 4112 1288 4177 fortiter
1326 4111 1518 4181 egerint
1560 4112 1809 4181 perdant;
1866 4121 1916 4165 et
1955 4113 2079 4166 dum

504 4193 675 4238 venter
712 4200 815 4236 non
860 4182 1217 4254 restringitur,
1260 4197 1349 4249 per
1400 4182 1570 4254 carnis
1615 4183 2079 4254 concupiscentiam

504 4262 700 4308 cunttte
728 4253 878 4307 simul
917 4253 1126 4305 virtutes
1169 4252 1474 4305 obruuntur.
1515 4251 1662 4306 Unde
1698 4264 1746 4306 et
1778 4251 2081 4308 Nabucho-

506 4326 728 4378 donosor
770 4324 998 4393 vincente
1041 4323 1282 4393 scribitur
1318 4339 1336 4376 :
1367 4321 1617 4393 Princeps
1663 4340 1938 4388 cognoram
1986 4326 2074 4378 de-

505 4397 693 4449 struxit
725 4409 894 4447 muros
929 4391 1257 4446 Hierusalem
1285 4392 1372 4464 (IV
1414 4391 1731 4464 Regﬁxxv).
1765 4394 1903 4461 Quid
1944 4397 2080 4449 enim

508 4483 596 4533 per
628 4481 798 4519 muros
835 4463 1157 4517 Hierusalem
1187 4463 1789 4536 sigmﬁcans’Scriptara
1818 4469 2076 4536 exprimit,

505 4538 828 4591 nisivirtutes
877 4552 940 4588 an
965 4550 1081 4601 mar,
1128 4551 1241 4603 qua:
1285 4536 1354 4586 ad
1401 4538 1544 4603 pacis
1586 4538 1831 4590 visionem
1879 4540 2082 4593 tendit?

508 4606 688 4659 Muros
711 4607 869 4675 igitur
899 4603 1229 4658 Hierusalem
1259 4623 1499 4675 princeps
1528 4622 1807 4673 coquorum
1837 4608 2075 4677 destruit,

507 4679 626 4744 quia
656 4679 865 4750 virtutes
891 4678 1108 4750 animm,
1123 4678 1247 4750 dum
1267 4692 1370 4730 non
1394 4678 1740 4750 restringitur,
1768 4690 1941 4750 venter
1962 4696 2082 4750 per-

510 4749 608 4801 dit.
648 4747 780 4800 Hinc
804 4756 877 4800 est
912 4747 1048 4813 quod
1081 4746 1280 4800 Paulus
1314 4758 1492 4801 contra
1538 4746 1863 4801 Hierusalem
1896 4746 2083 4805 muenia

509 4819 792 4872 decertanti
840 4833 1114 4887 coquorum
1153 4820 1378 4885 principi
1423 4820 1552 4872 vires
1607 4819 1933 4872 subtrahebat
1967 4839 2084 4876 cum

508 4890 697 4942 diceret
719 4904 735 4941 :
756 4887 967 4958 Castigo
987 4904 1174 4954 corpus
1202 4905 1389 4949 meum,
1419 4898 1464 4960 et
1495 4890 1723 4943 servituti
1753 4890 1999 4960 sabjicio;
2022 4910 2084 4946 ne

510 4960 641 5045 {arte
660 4961 780 5042 aliis
800 4962 1108 5041 prwdicatts,
1141 4960 1253 5045 ipse
1280 4959 1529 5045 repr‘obus
1557 4960 1746 5029 elﬁciur
1775 4961 1819 5032 (l
1838 4959 1956 5014 Cor.
1985 4964 2081 5045 is).

511 5029 651 5084 Hinc
675 5029 828 5084 etiam
852 5031 1096 5098 prtemisit
1137 5031 1306 5083 dicens
1340 5029 1358 5083 .‘
1387 5029 1478 5085 Sic
1516 5048 1687 5095 curro,
1718 5029 1823 5085 non
1861 5034 2008 5101 quasi
2034 5029 2085 5086 in

508 5102 794 5167 incertum;
822 5102 895 5154 sic
917 5116 1111 5171 pugno,
1140 5116 1241 5154 non
1261 5102 1410 5171 quasi
1438 5117 1603 5155 aerem
1627 5105 1919 5156 verberans.
1948 5102 2084 5169 Quia

509 5188 627 5243 cum
672 5188 881 5226 carnem
926 5172 1308 5242 restringimus,
1356 5172 1482 5243 ipsis
1531 5175 1851 5227 abstinentia:
1897 5186 2085 5228 nostra:

508 5242 690 5296 ictibus
720 5260 821 5297 non
848 5258 1039 5314 aerem,
1064 5243 1151 5296 sed
1178 5242 1472 5314 immundos
1497 5244 1710 5314 spiritus
1736 5243 2080 5306 verberamas.

509 5325 556 5367 et
604 5329 718 5367 cum
760 5313 856 5366 hoc
906 5312 1041 5382 quod
1093 5313 1348 5367 est'intra
1399 5312 1888 5384 nos,'subjicimus,
1933 5324 2083 5368 extra

513 5386 692 5451 positis
721 5385 1030 5439 adversariis
1063 5400 1267 5454 pugnas
1297 5385 1500 5438 damus.
1537 5383 1811 5439 Hactenus
1842 5383 1906 5437 D.
1948 5384 2086 5440 Gre-

510 5457 694 5522 gorius
722 5456 813 5509 cui
841 5455 1135 5509 subscribit
1164 5454 1400 5509 Isidorus
1434 5460 1468 5509 Ι.
1503 5472 1541 5509 ιι
1572 5458 1638 5510 de
1660 5470 1876 5509 summo
1903 5455 2081 5511 Bono:

515 5525 720 5599 Nemo,
745 5526 1013 5599 inquiens,
1041 5535 1203 5595 potest
1240 5532 1482 5580 virtutum
1520 5528 1884 5599 perfectionem
1922 5529 2083 5582 attin-

508 5612 659 5670 gere,_
671 5595 770 5670 nisi
794 5595 937 5663 prius
964 5600 1251 5670 edomuerit
1266 5595 1562 5669 ingluviem.

580 5667 607 5705 δ
636 5667 838 5738 Duplex
864 5676 946 5720 e-t
976 5670 1136 5722 lectio
1169 5667 1337 5738 liujus'
1366 5668 1689 5723 sementim:
1722 5683 1846 5723 nam
1876 5668 2071 5736 Graeci,

508 5752 644 5804 quos
691 5736 985 5795 Cassianus
1026 5738 1117 5794 hic
1163 5736 1405 5811 sequitur
1437 5738 1646 5812 (Collut.
1689 5742 1743 5811 5,
1793 5757 1842 5799 c.
1889 5743 1978 5815 l7,
2024 5751 2075 5800 et

2168 2696 2269 2774 col.
2299 2697 2336 2774 ᾖ
2361 2712 2410 2749 c.
2446 2694 2561 2774 ib),
2595 2696 2781 2774 legunt
2806 2695 2971 2771 εἴληφε
2992 2738 3007 2763 ,
3042 2700 3421 2774 apprehendit,
3456 2703 3508 2758 in
3536 2716 3758 2774 prater-

2170 2768 2271 2843 ito.
2300 2766 2475 2843 Quam
2500 2768 2789 2843 lectionem
2821 2766 3039 2843 seciit_us
3066 2766 3128 2824 DZ
3152 2766 3457 2843 Cyprianus
3486 2766 3580 2830 tif).
3613 2793 3671 2833 ιη
3692 2781 3760 2836 ad

2169 2838 2457 2920 Quirinum
2487 2852 2609 2920 cap.
2641 2838 2706 2893 91
2739 2838 2868 2920 dicit
2901 2856 2915 2892 :
2946 2838 3300 2920 Tentatio'v'os
3331 2860 3437 2920 non
3467 2853 3760 2920 occupavit,

2172 2911 2272 2982 nisi
2292 2908 2552 2982 humanas
2572 2912 2750 2982 Atque
2782 2909 2886 2964 hoc
2908 2916 3071 2966 modo
3103 2928 3298 2967 sensus
3329 2916 3486 2982 hujus
3513 2908 3616 2974 loc'i
3642 2908 3759 2977 est;

2176 2979 2293 3059 Non
2318 2978 2904 3059 estquodgloriemini,
2928 2996 3018 3035 aut
3039 2985 3194 3059 vobis
3209 2978 3577 3055 applaudatis,
3603 2996 3761 3059 quasi

2174 3051 2376 3123 aliquid
2397 3051 2573 3123 magni
2586 3053 2891 3120 gesseritis,
2907 3055 3059 3123 quasi
3076 3051 3325 3123 magnum
3342 3051 3764 3118 certamen'sus-

2177 3122 2532 3200 tinugritis.et
2551 3122 2707 3177 hoste
2728 3123 2840 3191 jam
2862 3122 3103 3200 devicto,
3117 3122 3280 3200 trium
3289 3130 3449 3198 phum
3476 3145 3762 3200 exspecte-

2176 3192 2243 3275 tis
2263 3209 2283 3275 ξ
2293 3192 2528 3275 Tentatio
2554 3209 2640 3275 vth
2661 3210 2764 3275 non
2803 3196 3275 3275 apprelteitdit,nis,i
3289 3192 3544 3275 'Itumana,
3563 3192 3628 3275 id
3650 3215 3757 3275 est,

2177 3264 2414 3344 l‘evisnet
2434 3262 2734 3344 quzefacile
2761 3262 3005 3336 superari
3034 3269 3227 3344 potuit,
3254 3262 3423 3344 juxta,
3443 3262 3575 3328 illud
3616 3262 3765 3344 ejus;

2176 3334 2592 3412 denrApoSIoli
2613 3350 2645 3412 λ
2668 3334 2985 3412 Humanum
3014 3338 3132 3393 dico
3169 3334 3378 3410 propter
3407 3334 3765 3412 inﬁrmitatem

2177 3407 2346 3459 carnis
2378 3413 2556 3487 vesti-te
2577 3404 2754 3487 (fiam.
2777 3408 3148 3487 vr)..l‘londum
3169 3404 3325 3487 enim
3353 3404 3632 3487 graviores
3655 3434 3763 3487 pu-

2176 3490 2328 3555 gnas_
2347 3476 2705 3555 spiritualium
2737 3478 3096 3555 nequitiarum
3128 3476 3443 3555 excepistis.
3492 3476 3759 3555 Nondum,

2180 3546 2331 3623 utﬂad
2359 3547 2616 3623 Hebraeos
2646 3547 2862 3623 scribit,
2894 3565 3051 3620 usque
3080 3552 3148 3604 ad
3176 3546 3475 3623 sanguinem
3503 3546 3764 3616 restitistis

2179 3616 2352 3694 (fleb.
2386 3619 2515 3686 xu).
2575 3616 2647 3694 At
2701 3618 2925 3694 Latinus
2965 3616 3243 3689 interpres
3271 3616 3492 3694 'legisse
3545 3628 3763 3686 videtur

2180 3690 2419 3760 εἰληφέτῳ
2456 3690 2868 3757 apprehendat:
2903 3706 3061 3760 quam
3092 3690 3397 3750 versionem
3430 3700 3601 3751 secuti
3632 3711 3763 3756 sunt

2179 3757 2363 3836 caeteri
2397 3757 2579 3836 Latini
2610 3772 2884 3836 auctores,
2919 3757 3117 3836 quibus
3160 3780 3264 3820 non
3296 3779 3474 3836 potest
3516 3766 3767 3830 Cassiani

2185 3844 2307 3909 eam
2340 3830 2698 3898 improbantis
2727 3830 3022 3909 auctoritas
3048 3830 3315 3909 derogare
3339 3856 3353 3891 :
3377 3848 3431 3894 et
3462 3841 3634 3909 magis
3661 3856 3761 3898 co-

2184 3900 2358 3979 haeret
2393 3917 2513 3955 cum
2566 3901 3002 3979 praecedentibus
3032 3923 3045 3956 :
3083 3900 3210 3971 Qui“
3228 3923 3282 3959 se
3309 3900 3580 3963 existimat"
3596 3921 3762 3979 stare,

2181 3973 2349 4050 videat
2391 3988 2454 4025 ne
2483 3973 2657 4050 cadat.
2698 3971 2937 4028 Tentatio
2962 3990 3062 4050 vos
3107 3992 3208 4030 non
3249 3983 3620 4050 apprehendat.
3659 3971 3765 4040 nisi

2184 4043 2447 4124 humana;
2479 4044 2553 4124 Ac
2606 4043 2652 4095 si
2703 4057 2892 4124 aperte
2934 4046 3167 4124 diceret,
3225 4043 3410 4124 ait'l).
3466 4051 3764 4124 Gregorius

2185 4110 2324 4188 (Lib.
2355 4128 2373 4166 1
2400 4111 2645 4188 Pastora.
2676 4130 2722 4166 c.
2742 4110 2887 4188 'Il)‘:
2926 4110 3224 4170 Humanum
3257 4121 3462 4188 quidem
3489 4110 3769 4180 est'lenta;

2184 4184 2371 4236 tionem
2402 4183 2455 4235 in
2497 4183 2648 4237 corde
2674 4183 2913 4255 perpeti;
2954 4183 3330 4243 dtemoniactim
3368 4208 3484 4246 vero
3510 4199 3563 4247 in
3608 4207 3770 4252 tenta-

2186 4255 2338 4336 tipnis
2369 4257 2643 4336 certamine
2668 4258 2923 4336 superari.
2967 4258 3037 4313 Et
3065 4259 3158 4313 lib.
3191 4278 3281 4315 xxi
3313 4262 3496 4317 Moral.
3528 4281 3652 4336 cap.
3687 4271 3720 4324 5
3750 4288 3763 4322 :

2189 4322 2456 4407 fluuiana,
2490 4326 2682 4407 inquit,
2715 4322 2927 4407 tentatio
2955 4340 3048 4407 est,
3082 4348 3182 4400 qua
3210 4335 3512 4406 pleramque
3542 4322 3767 4407 inpagi-

2186 4398 2380 4451 tatione
2427 4398 2886 4475 tangimur_etiam
2924 4398 3153 4475 nolentes
3177 4398 3350 4475 :unia
3396 4398 3449 4459 ut
3502 4398 3767 4461 nominin—

2108 4490 2161 4551 ι)
2186 4477 2415 4551 quamet
2438 4468 2633 4551 illicita.
2646 4468 2714 4521 ad
2744 4470 2973 4551 animum
3002 4468 3353 4551 veniant,'_l_ioc
3374 4479 3545 4551 utique
3575 4495 3639 4551 ea:
3670 4495 3769 4532 no-

2191 4537 2495 4614 bismetipsis
2524 4554 2586 4590 ea:
2614 4539 2946 4614 humanitatis
2976 4546 3325 4613 corruptibilis
3357 4537 3582 4614 pondere
3611 4550 3767 4603 habe-

2191 4628 2326 4665 mus.
2353 4608 2475 4663 Jam
2502 4624 2619 4661 vero
2648 4608 2966 4664 dtemoniaca
3002 4625 3095 4679 est,
3125 4608 3173 4668 et
3198 4630 3301 4667 non
3341 4608 3571 4671 humana
3600 4631 3770 4673 tenta-

2192 4683 2284 4747 tio,
2318 4696 2435 4733 cum
2463 4680 2531 4731 ad
2569 4678 2665 4730 hoc
2690 4683 2826 4760 quod
2869 4685 3038 4737 carnis
3063 4678 3468 4760 corruptibilitas
3509 4694 3764 4760 suggerit,

2191 4769 2278 4824 per
2303 4764 2608 4803 consensum
2638 4765 2692 4804 se
2717 4750 2919 4824 animus
2947 4756 3183 4824 astringit
3200 4750 3229 4820 ;’
3251 4756 3369 4810 hinc
3394 4750 3768 4818 iteram'diciti

2192 4822 2313 4902 an
2341 4827 2517 4902 regnet
2542 4832 2715 4902 peccat
2725 4838 2809 4874 um
2836 4822 2893 4902 in
2920 4836 3083 4878 vestro
3107 4822 3313 4881 mortali
3337 4845 3557 4902 corpore
3584 4832 3764 4901 (Rom.

2190 4890 2264 4959 vi)
2295 4907 2307 4940 :
2334 4893 2813 4973 peccatum‘quippe
2837 4896 2891 4973 in
2912 4910 3127 4973 corpore
3160 4898 3365 4951 mortali
3390 4890 3494 4954 nbn
3520 4890 3648 4973 esse,
3676 4909 3771 4960 sed

2189 4976 2408 5030 regnare
2446 4962 2893 5039 prohibuitjquia
2937 4965 2990 5017 in
3019 4981 3174 5020 carne
3200 4971 3516 5039 corruptibili
3555 4962 3656 5027 non
3684 4992 3771 5028 re-

2188 5048 2347 5108 gnnre
2372 5042 2554 5104 potest,
2580 5034 2667 5108 sed
2690 5050 2792 5088 non
2824 5051 2932 5089 esse
2959 5052 3061 5090 non
3084 5044 3269 5108 potest.
3298 5034 3419 5094 Haec
3448 5040 3766 5107 Gregorius.

2243 5112 2286 5184 _°
2315 5103 2412 5159 Jus
2451 5103 2647 5184 agonia
2678 5103 3362 5184 vocat_leges_certaminis
3401 5103 3583 5184 ληιίιίιῖ
3605 5114 3767 5169 Chri-

2186 5176 2384 5247 stiano,
2415 5191 2509 5230 seu
2536 5176 2755 5230 athletae
2785 5176 3082 5245 spirituali,
3114 5181 3502 5246 observandas,
3530 5200 3663 5247 quas
3694 5202 3766 5240 ex

2188 5243 2521 5322 Olympiadis
2545 5256 2600 5300 et
2632 5243 2869 5322 profanis
2912 5243 3294 5305 certaminibus
3328 5258 3394 5306 ad
3425 5243 3766 5322 spiritualeiu

2187 5325 2242 5398 et
2284 5318 2591 5398 religiosam
2624 5320 2939 5398 palaestram
2990 5325 3243 5398 superius
3269 5330 3286 5395 (
3320 5318 3548 5394 ϐαρ.Ίὲ
3583 5336 3628 5379 ct
3660 5327 3771 5398 l5)

2193 5390 2474 5462 transtulit
2488 5397 2543 5462 et
2573 5388 2864 5462 udaptavit.
2897 5388 3132 5456 Quarum
3166 5388 3334 5462 prima
3369 5388 3468 5459 est,
3498 5406 3556 5449 ut
3584 5388 3771 5451 carnis

2187 5467 2242 5512 et
2264 5464 2401 5528 gula:
2432 5459 2553 5513 vitia
2584 5460 2873 5531 domentur
2906 5477 2918 5531 ς
2953 5462 3069 5514 sine
3096 5459 3202 5531 qui)
3225 5480 3384 5517 nemo
3421 5467 3647 5521 idoneUs‘
3694 5470 3765 5523 ad

2184 5531 2431 5598 graviora
2462 5530 2757 5584 certamina
2786 5530 3144 5599 spiritualium
3176 5532 3407 5589 hostium
3450 5538 3771 5594 sustinenda

2181 5612 2453 5676 censetur.
2502 5601 2858 5676 u_t__superius
2903 5616 2970 5657 ex
3000 5600 3065 5658 D.
3121 5601 3380 5676 Gregorio
3427 5610 3777 5668 ostendimus

2181 5670 2333 5746 (Cap.
2364 5671 2399 5726 5
2438 5680 2488 5725 et
2519 5669 2629 5742 ιθ).
