3986 6320
244 316 348 380 23³
728 316 819 376 DE
858 313 1336 376 C(ENOBIORUM
1370 316 1617 374 INSTIT.
1655 316 1782 374 LlBi
1824 312 1892 372 ν.

244 442 465 499 certum,
496 431 592 504 qui
614 431 946 489 obliviscens
968 433 1292 502 posteriora,
1309 433 1374 488 ad
1402 449 1465 489 ea
1491 448 1611 503 qua:
1630 434 1810 502 priora
1837 436 1891 495 Α

244 534 362 580 sunt
380 524 629 580 extendit
649 540 733 591 se,
758 526 826 581 ad
855 525 1181 581 destinatum
1210 540 1547 596 persequens
1574 525 1814 579 bravium

243 635 495 689 superna;
522 608 824 677 vocationis
862 620 961 676 Dei
988 619 1044 675 in
1072 617 1290 675 Christo
1335 619 1484 686 Jesu,
1519 633 1628 689 quo
1673 632 1817 674 sem-

242 726 331 783 per
351 710 597 781 dirigens
632 726 746 769 suae
780 712 979 767 mentis
1017 711 1289 781 obtutum,
1339 719 1395 767 et
1422 710 1489 765 ad
1516 726 1639 767 eum
1667 708 1816 765 omni

243 804 416 860 cordis
462 806 860 876 prreparatione
887 805 1175 874 festinans,
1217 821 1338 862 cum
1367 802 1560 860 fiducia
1600 804 1814 874 procla-

240 908 341 952 mat
374 915 389 953 :
416 898 631 955 Bonum
662 915 892 971 agonem
918 901 1142 964 certavi,
1172 915 1390 955 cursum
1419 899 1812 965 consummavi,

238 989 392 1045 ﬁdem
441 992 657 1047 servavi
689 991 760 1060 (ll
796 990 935 1047 Tim.
975 992 1069 1065 iv).
1103 992 1173 1047 Et
1200 992 1325 1063 quia
1351 1007 1412 1048 se
1437 1001 1668 1048 noverat
1693 1001 1816 1063 post

237 1081 457 1137 odorem
494 1094 898 1154 unguentorum
947 1083 1156 1141 Christi
1203 1086 1424 1155 praepeti
1465 1085 1815 1142 conscientiae

235 1172 527 1230 devotione
585 1175 999 1247 infatigabiliter
1048 1177 1392 1245 cucurrisse,
1453 1190 1504 1235 et
1555 1178 1815 1252 spiritalis

233 1266 419 1334 agonis
442 1277 729 1323 certamen
759 1269 944 1325 carnis
970 1271 1332 1340 castigatione
1357 1272 1574 1337 vicisse,
1600 1287 1720 1328 cum
1754 1273 1816 1325 ti-

232 1357 382 1413 ducia
412 1357 581 1413 infert
629 1370 685 1415 et
724 1359 894 1416 dicit:
925 1360 1002 1416 De
1042 1371 1240 1417 caetero
1282 1364 1519 1432 reposita
1561 1373 1646 1419 est
1682 1363 1813 1418 mihi

231 1463 426 1506 corona
446 1449 709 1519 iustitiae,
742 1467 901 1522 quam
938 1452 1134 1509 reddet
1164 1454 1295 1510 mihi
1332 1454 1593 1510 Dominus
1640 1455 1691 1510 in
1722 1455 1811 1511 illa

230 1539 310 1595 die
328 1539 512 1610 justus
527 1542 720 1612 judex.
754 1543 820 1598 Et
856 1553 918 1599 ut
953 1545 1113 1601 nobis
1136 1562 1352 1618 quoque
1398 1547 1633 1603 similem
1660 1563 1810 1617 spem

233 1632 612 1689 retributionis
651 1635 907 1705 aperiret,
939 1637 988 1691 si
1019 1637 1075 1692 in
1094 1653 1266 1709 agone
1295 1653 1486 1694 cursus
1506 1639 1663 1695 istius
1690 1638 1812 1695 imi-

235 1724 327 1779 tari
366 1741 494 1781 eum
524 1726 780 1796 velimus,
811 1728 1049 1798 adjecit:
1075 1729 1194 1786 Non
1231 1732 1407 1787 solum
1440 1743 1621 1788 autem
1653 1732 1807 1800 mihi,

229 1817 313 1871 sed
336 1827 391 1873 et
417 1818 675 1874 omnibus
702 1820 793 1890 qui
831 1820 1062 1892 diligunt
1090 1822 1384 1879 adventum
1413 1824 1559 1896 ejus;
1592 1825 1809 1894 partici-
1838 1818 1887 1879 Β

233 1924 323 1979 pes
346 1925 454 1965 nos
487 1926 714 1967 coronae
740 1927 851 1968 sua:
876 1914 931 1968 in
962 1914 1050 1969 die
1075 1913 1262 1984 judicii
1283 1916 1400 1971 fore
1429 1916 1805 1986 pronuntians,

230 2001 311 2056 Isi
334 2001 633 2073 diligentes
663 2004 956 2060 adventum
986 2005 1217 2073 Christi,
1248 2022 1357 2063 non
1392 2007 1546 2064 illum
1578 2017 1803 2077 tantum,

228 2095 303 2163 qui
328 2093 500 2149 etiam
535 2095 845 2152 nolentibus
877 2096 1181 2168 apparebit,
1214 2098 1309 2153 sed
1338 2100 1503 2156 etiam
1540 2100 1683 2155 hunc
1712 2101 1807 2170 qui

227 2184 463 2253 quotidie
506 2186 562 2241 in
612 2189 820 2242 sanctis
860 2188 1131 2244 commeat
1171 2190 1477 2259 animabus,
1524 2191 1805 2247 victoriam

227 2280 533 2335 certaminis
588 2280 948 2351 castigatione
1004 2282 1255 2354 corporis
1305 2284 1673 2354 acquiramus.
1726 2284 1807 2340 De

226 2385 321 2437 quo
344 2370 590 2427 adventu
620 2372 882 2453 Dominus
902 2374 957 2429 in
990 2375 1286 2446 Evangelia
1317 2394 1330 2431 :
1360 2377 1496 2447 Ego,
1529 2378 1722 2447 inquit,
1751 2387 1807 2434 et

228 2459 374 2519 Pater
398 2479 561 2519 meus
585 2465 867 2522 veniemus
894 2466 965 2521 ad
1014 2482 1160 2534 eum,
1191 2477 1246 2524 et
1289 2469 1623 2525 mansionem
1654 2470 1797 2541 apud

229 2568 340 2608 eum
376 2556 643 2611 faciemus
671 2554 857 2627 (Joan.
881 2555 1017 2631 xiv).
1064 2558 1136 2614 Et
1162 2560 1396 2615 iterum:
1429 2560 1569 2617 Ecce
1610 2569 1698 2616 sto
1734 2561 1803 2617 ad

231 2649 414 2703 ostium
442 2660 500 2704 et
544 2650 737 2720 pulSo;
784 2650 831 2706 si
857 2651 981 2721 quis
1023 2652 1260 2709 audierit
1286 2668 1476 2710 vocem
1522 2669 1699 2709 meam
1746 2663 1803 2710 et

238 2747 493 2811 aperuerit
510 2744 765 2816 januam,
790 2747 1026 2802 introibo
1052 2748 1119 2803 ad
1148 2748 1323 2816 illum,
1348 2757 1406 2805 et
1425 2748 1653 2806 cmnabo
1680 2764 1804 2805 cum

241 2837 347 2907 illo,
378 2848 433 2895 et
460 2841 572 2909 ipse
593 2855 807 2897 mecum
834 2841 1022 2914 (Apoc.
1039 2842 1145 2914 ιιι).

784 2973 1012 3031 CAPUT
1039 2974 1229 3032 XVIII.

232 3061 326 3117 Per
352 3074 475 3136 quot
512 3082 705 3138 genera
744 3066 1082 3123 certaminum
1110 3078 1264 3137 atque
1300 3068 1592 3139 palmarum
1630 3068 1807 3124 beatus

1285 3247 1544 3306 suum
1582 3216 1819 3305 eam
1856 3239 2430 3302 COMMENTARIUS.

288 3423 312 3451 ⁸
353 3410 637 3479 Duplicem
674 3412 914 3466 insinuat
957 3410 1243 3467 adventum
1284 3408 1485 3467 Christi
1529 3429 1542 3465 :
1575 3411 1805 3467 alterum
1832 3410 1879 3472 C

225 3485 561 3553 spiritualem
590 3492 645 3537 et
682 3483 952 3537 internum
975 3524 989 3547 ,
1016 3498 1123 3553 quo
1148 3484 1198 3536 in
1227 3482 1433 3536 animas
1462 3483 1671 3550 piorum
1704 3498 1802 3549 per

225 3556 447 3624 gratiam
473 3555 719 3615 advenit,
744 3555 808 3607 ad
832 3568 988 3620 quem
1016 3554 1180 3609 refert
1208 3553 1369 3608 verba
1402 3554 1488 3624 illa
1511 3554 1759 3624 Apostoli
1782 3570 1799 3608 :

223 3622 471 3678 Omnibus
496 3626 588 3694 qui
618 3626 840 3694 diligunt
868 3627 1138 3677 adventum
1168 3626 1279 3694 eius
1309 3624 1387 3694 (ll
1421 3622 1692 3694 TimJtv);
1719 3626 1801 3679 al-

221 3704 391 3750 terum
422 3707 716 3750 externum
741 3705 796 3749 et
823 3695 1109 3749 visibilem.
1144 3696 1213 3750 At
1239 3696 1324 3748 hic
1354 3708 1568 3749 rursum
1604 3696 1803 3765 duplex

223 3766 593 3835 disnnguitur,
631 3780 827 3835 nempe
851 3767 1112 3819 adventus
1143 3769 1193 3818 in
1226 3780 1388 3819 carne
1411 3807 1424 3831 ,
1455 3776 1507 3820 et
1536 3767 1802 3821 adventus

221 3837 267 3907 in
295 3836 706 3906 jndicioJJnde
726 3837 785 3890 D.
820 3836 1127 3891 Bernardus
1146 3836 1342 3903 (Serm.
1375 3839 1408 3891 5
1435 3837 1499 3889 de
1520 3836 1760 3907 Advent.)
1784 3852 1800 3890 :

219 3904 427 3979 Triplex
458 3919 558 3974 est,
593 3908 767 3976 inquit
794 3908 813 3979 ζ
839 3907 1099 3961 adventus
1124 3906 1423 3979 Domini),
1453 3909 1520 3961 ad
1546 3904 1801 3972 homines,

220 3978 267 4031 in
292 3977 555 4040 homines,
582 3988 762 4031 contra
782 3977 1029 4033 homines.
1054 3978 1135 4033 Ad
1164 3977 1409 4032 homines
1438 3994 1533 4046 per
1556 3980 1804 4033 incarna-

220 4048 411 4119 tionem
444 4060 504 4104 et
531 4050 894 4112 nativitatem,
926 4053 978 4103 in
1007 4049 1251 4103 homines
1282 4064 1377 4118 per
1396 4052 1621 4119 gratiam
1642 4049 1804 4118 justi-

216 4118 467 4176 licantem
498 4160 515 4185 ,
556 4130 745 4173 contra
789 4120 1032 4175 homines
1076 4136 1169 4185 per
1206 4118 1799 4188 judicii’severitatem.

217 4188 380 4246 Porro
413 4190 767 4245 Innocentius
790 4189 862 4243 lll
893 4190 913 4260 (
937 4191 1110 4245 Serm.
1139 4190 1174 4244 2
1199 4193 1253 4243 in
1283 4192 1499 4244 Adrent.
1527 4194 1545 4260 )
1573 4200 1803 4260 quatuor

214 4260 335 4317 facit
372 4262 594 4316 Domini
633 4261 893 4314 adventus
918 4302 933 4325 ,
962 4262 1288 4328 ejuscemodi
1329 4262 1677 4316 nihilominus
1698 4303 1715 4328 ,
1744 4270 1806 4317 ut

213 4331 316 4386 dno
361 4331 635 4402 postremi
680 4331 747 4385 ad
796 4333 994 4402 duplex
1031 4332 1292 4400 judicium
1322 4372 1337 4393 .
1390 4332 1713 4401 particulare
1748 4341 1805 4387 et

215 4404 526 4458 universale
547 4401 873 4456 referantur.
908 4401 1147 4455 Primum
1170 4404 1224 4455 in
1250 4404 1379 4455 nube
1405 4406 1595 4468 carnis,
1623 4420 1804 4457 secun-

212 4473 328 4525 dum
350 4476 403 4527 in
428 4490 551 4526 rore
577 4474 782 4543 gratias,
810 4474 1014 4527 tertium
1036 4474 1089 4525 in
1118 4474 1317 4527 turbine
1336 4474 1535 4539 mortis,
1561 4486 1803 4544 quartum

211 4559 259 4595 ω
418 4546 718 4685 {ggefitdum
740 4622 843 4679 est,
858 4588 989 4676 non,
1004 4613 1208 4668 mnibus
1225 4614 1545 4683 jejuniorum
1570 4617 1651 4686 (ut
1672 4615 1798 4670 Dio—

210 4688 401 4756 nysius
448 4685 733 4753 reddidit),
776 4695 838 4738 ut
864 4695 1119 4739 constans
1148 4695 1201 4737 et
1231 4693 1486 4753 perpetua
1514 4685 1585 4739 sit
1629 4694 1801 4741 ructa-

206 4760 400 4849 phqra,
433 4772 543 4826 qua
578 4757 837 4837 hactenus
856 4757 1049 4849 .ut‘itulr.
1077 4759 1281 4810 Auctor
1308 4757 1358 4808 in
1386 4760 1797 4849 comparatione
1820 4788 1876 4849 D

203 4827 422 4882 athle
467 4839 524 4881 et
567 4828 757 4895 agonis
793 4826 1083 4894 spiritualis
1109 4841 1231 4880 cum
1261 4826 1506 4880 saeculari
1550 4838 1604 4881 et
1632 4843 1793 4881 mun-

201 4898 361 4953 dano.
401 4899 535 4951 Erat
564 4900 708 4950 enim
735 4907 931 4952 caestus
959 4912 1127 4965 genus
1155 4898 1320 4951 clavae
1348 4898 1486 4966 pilas
1517 4898 1793 4965 plumbeas

205 4967 330 5022 loris
376 4968 599 5023 bubulis
647 4983 911 5037 appensas
957 4969 1162 5023 habens
1186 5010 1201 5034 ,
1234 4983 1343 5037 quo
1375 4969 1581 5036 pugiles
1610 4978 1791 5023 certa-

201 5039 363 5105 bunt,
399 5055 467 5092 ac
496 5054 557 5093 se
588 5049 779 5092 mutuo
799 5038 1078 5093 cmdebant
1104 5053 1166 5092 ac
1201 5039 1629 5104 contundehant;
1659 5055 1796 5107 quo-

197 5114 360 5164 modo
386 5110 643 5164 Daretem
666 5120 719 5163 et
744 5111 1019 5164 Entellum
1042 5123 1307 5177 pugnasse
1328 5110 1519 5163 scribit
1541 5110 1793 5180 Virgilius

198 5195 227 5229 v
255 5181 556 5245 Exteidos,
593 5181 759 5249 idque
790 5191 982 5243 vocat,
1015 5181 1178 5233 crudo
1210 5196 1435 5250 pugnam
1476 5186 1793 5236 committere

194 5266 377 5306 aestu.
427 5254 692 5308 Sidonius
731 5266 899 5305 carm.
931 5267 965 5305 v
996 5269 1006 5305 :
1040 5252 1310 5304 decernere
1346 5259 1523 5304 caestu.
1570 5252 1788 5306 Tertul-

192 5324 371 5378 lianus
406 5339 421 5383 t
451 5324 708 5377 Adversus
751 5320 1019 5376 Gnosticos
1048 5337 1164 5389 cap.
1194 5320 1249 5388 6)
1278 5321 1347 5374 de
1376 5322 1579 5376 Graecis
1609 5334 1788 5376 certa-

192 5397 442 5449 minibus
482 5409 650 5462 agens
685 5412 697 5447 :
729 5391 795 5446 In
825 5394 903 5446 liis
943 5392 1097 5462 modo
1136 5400 1256 5444 sunt
1293 5393 1474 5461 prtelia
1500 5402 1544 5445 et
1576 5393 1790 5446 uulnera

190 5465 474 5520 nonnulla.
507 5461 664 5533 pugni
691 5471 954 5534 quassant,
985 5461 1149 5517 calces
1172 5463 1415 5534 arietant,
1456 5462 1791 5534 creatusidila-

190 5536 378 5598 aiant,
442 5534 658 5605 ﬂagella
687 5532 1009 5605 dilacerant.
1060 5536 1121 5587 ι).
1170 5532 1487 5605 Ambrosius
1538 5532 1782 5605 inrl‘sal.

188 5619 351 5660 xxxvi
386 5623 401 5658 :
442 5603 782 5658 ln‘sceculari
807 5621 970 5674 agone
996 5605 1090 5658 alii
1126 5614 1243 5657 sunt
1271 5604 1359 5670 qui
1397 5603 1621 5673 simplici
1660 5619 1789 5674 quo-

188 5677 308 5729 dum
328 5687 379 5728 et
416 5677 650 5746 legitimo
684 5689 869 5745 genere
900 5676 1180 5738 luctantur,
1211 5676 1295 5742 qui
1325 5675 1563 5743 ligaturis
1591 5683 1790 5727 tantum

187 5747 432 5816 corporis
457 5755 686 5809 certant,
710 5746 799 5813 qui
822 5746 1103 5812 palestritte
1130 5752 1412 5816 vocantur);
1449 5746 1542 5797 alii
1568 5749 1658 5814 qui
1684 5761 1790 5800 cte-

185 5814 302 5871 am
328 5827 386 5873 et
424 5818 652 5886 pulveris
688 5817 894 5886 jactum
918 5816 1257 5870 membrorum
1279 5815 1492 5871 nexibus
1532 5816 1788 5887 miscent,

487 5912 775 5976 Ρηιιοι..
825 5908 1054 5975 XLIX.

1920 346 1993 359 —
2018 316 2106 374 DE
2144 316 2417 376 SPIRITU
2453 316 3015 379 GASTRIMARGIA‘J.
3386 321 3497 386 254

1982 432 2258 558 ignoratus
2303 434 2373 489 ad
2414 452 2657 490 coronam
2699 438 3051 494 sublimissimi
3090 443 3270 513 agonis
3316 460 3498 503 ascen-

2027 522 2096 558 ert
2128 546 2142 558 .

2027 522 2142 560 erit.

1987 640 2100 698 Nec
2149 651 2331 700 tamen
2368 660 2597 717 agonem
2639 662 2832 705 cursus
2859 653 3233 709 tantummodo
3268 668 3329 709 se
3364 669 3500 711 con-

1916 746 2219 807 summasse
2239 735 2504 803 describit
2528 753 2652 794 cum
2676 740 2810 795 dicit
2840 760 2854 795 :
2901 741 2993 799 Sic
3020 758 3182 800 curro
3202 760 3310 800 non
3343 748 3500 817 quasi

1918 827 1973 882 in
2004 828 2267 883 incertum
2298 846 2315 884 :
2343 830 2486 900 quod
2527 832 2836 902 specialiter
2863 835 3097 892 refertur
3124 836 3194 892 ad
3236 839 3499 896 intentio-

1918 935 2038 975 nem
2066 921 2263 976 mentis
2288 935 2343 978 et
2371 921 2644 979 fervorem
2672 926 2894 995 spiritus
2913 928 3028 995 sui,
3059 944 3170 1000 quo
3195 939 3310 986 toto
3338 929 3500 987 Chri-

1916 1021 2056 1066 stum
2087 1014 2416 1084 sequebatnr
2459 1017 2698 1083 ardore,
2724 1032 2847 1074 cum
2894 1020 3106 1090 Sponsa
3150 1022 3448 1080 decantans
3494 1044 3508 1079 :

1916 1102 2043 1158 Post
2075 1116 2127 1161 te
2157 1108 2210 1161 in
2256 1108 2477 1164 odorem
2509 1120 2905 1180 unguentorum
2950 1121 3164 1170 tuorum
3209 1130 3430 1172 currem
3448 1134 3514 1173 us

1917 1193 2138 1266 (Cantic.
2170 1196 2240 1269 t):
2269 1209 2324 1255 et
2364 1199 2565 1256 iterum
2600 1201 2884 1258 :Adhtesit
2920 1205 3095 1259 anima
3127 1220 3247 1263 mea
3287 1217 3410 1277 post
3460 1220 3512 1264 te

1915 1286 2088 1357 (Psal.
2118 1305 2225 1344 an
2245 1292 2295 1359 );
2324 1291 2417 1346 sed
2449 1294 2611 1347 etiam
2638 1293 2780 1349 aliud
2820 1295 3218 1353 colluctationis
3240 1315 3411 1369 genus
3449 1316 3511 1356 se

1916 1381 2115 1436 vicisse
2146 1390 2376 1438 testatur
2402 1385 2589 1440 dicens
2623 1403 2637 1439 :
2667 1387 2757 1443 Sic
2788 1402 2967 1458 pugno
2992 1405 3100 1445 non
3134 1392 3292 1461 quasi
3313 1407 3496 1449 aerem
3576 1406 3579 1407 '

1913 1472 2229 1538 verberans,
2256 1474 2351 1530 sed
2371 1477 2574 1548 castigo
2594 1493 2793 1549 corpus
2815 1496 2996 1537 meum
3018 1492 3072 1537 et
3097 1478 3349 1540 servitu'ti
3370 1487 3499 1541 sub-

1908 1562 2042 1633 jicio
2065 1566 2109 1638 (l
2132 1564 2252 1621 Cor.
2285 1568 2381 1639 ix).
2411 1570 2563 1637 Quod
2593 1574 2811 1642 proprie
2854 1574 2923 1630 ad
2966 1578 3314 1635 continentiae
3343 1580 3497 1637 dolo-

1914 1673 2034 1724 res,
2064 1669 2119 1715 et
2146 1663 2431 1734 corporale
2453 1664 2717 1734 jejunium
2749 1676 2911 1737 atque
2930 1668 3278 1729 afﬂictionem
3310 1676 3494 1732 carnis

1914 1751 2182 1819 pertinet;
2214 1768 2312 1823 per
2335 1752 2475 1810 hanc
2512 1770 2572 1811 se
2601 1758 2838 1829 pugilem
2880 1763 3172 1831 quemdam
3216 1774 3495 1823 strenuum

1914 1858 2026 1898 sure
2051 1844 2233 1899 carnis
2261 1860 2384 1901 esse
2421 1845 2768 1920 describens,
2799 1865 2901 1906 nec
2928 1853 2982 1907 in
3011 1869 3207 1910 vanum
3237 1857 3498 1916 adversus

1914 1951 2032 1991 eam
2080 1937 2217 1992 ictus
2262 1938 2615 1996 continentia:
2666 1943 2977 2000 exercuisse
3028 1944 3354 2017 designans,
3402 1951 3500 2006 sed

1913 2028 2244 2098 triumphum
2273 2046 2461 2102 pugna
2486 2073 2503 2098 ,
2546 2033 2962 2093 mortiﬁcatione
2985 2039 3071 2093 sui
3096 2043 3345 2111 corporis
3365 2085 3380 2110 ,
3408 2059 3500 2100 ac-

1912 2122 2179 2192 quisisse;
2207 2138 2314 2194 quo
2343 2124 2663 2182 verberibus
2708 2129 3055 2186 continentia:
3096 2134 3357 2205 castigato
3382 2178 3398 2203 ,
3446 2147 3502 2193 et

1906 2214 2237 2286 jejuniorum
2268 2216 2297 2256 ι)
2328 2219 2582 2276 caestibus
2608 2220 2766 2287 eliso,
2794 2221 2988 2279 victori
3015 2226 3229 2295 spiritui
3275 2229 3502 2287 immor-

1914 2309 2141 2367 talitatis
2170 2325 2427 2367 coronam
2455 2322 2512 2381 et
2540 2314 2962 2386 iucorruptionis
2982 2320 3214 2376 contulit
3240 2323 3499 2392 palmam.

1918 2411 1941 2439 °
1974 2401 2141 2458 Vides
2160 2403 2459 2475 legitimum
2487 2404 2891 2462 colluctationis
2912 2409 3180 2477 ordinem,
3210 2422 3263 2467 et
3283 2414 3501 2484 spirita-

1912 2496 2044 2553 lium
2073 2499 2431 2555 certaminum
2458 2499 2847 2569 contemplaris
2876 2512 3128 2559 eventum
3180 2523 3192 2558 :
3240 2508 3502 2575 quemad-

1912 2590 2132 2646 modum
2164 2590 2364 2646 athleta
2392 2588 2593 2647 Christi
2615 2590 2846 2661 adeptus
2869 2594 2936 2649 de
2964 2595 3307 2654 rebellatrice
3333 2613 3502 2657 carne

1912 2684 2194 2740 victoriam
2216 2726 2231 2752 ,
2262 2685 2504 2755 subjecta
2530 2685 2624 2740 illa
2650 2685 3052 2756 quodammodo
3081 2690 3310 2760 pedibus
3338 2693 3454 2748 suis
3476 2735 3495 2761 ,

1909 2772 1937 2813 ἰ
1963 2785 2023 2832 ιιι
2064 2776 2319 2832 sublimis
2349 2776 2713 2846 triumphator
2737 2777 3031 2834 invehitur.
3060 2779 3128 2835 Et
3157 2781 3360 2838 idcirco
3388 2799 3503 2844 non

1909 2868 2082 2924 currit
2119 2869 2175 2924 in
2205 2869 2471 2924 incertum
2495 2908 2511 2934 ,
2544 2866 2670 2939 quia
2696 2868 3006 2923 conﬁdebat
3029 2870 3218 2926 urbem
3248 2884 3498 2929 sanctam

1907 2961 2208 3020 Jerusalem
2249 2961 2534 3017 ctelestem
2562 2974 2623 3014 se
2670 2960 2917 3030 protinus
2962 2962 3357 3032 ingressurum.
3406 2965 3501 3022 Sic

1914 3069 2151 3131 pugnet,
2179 3056 2404 3129 jejuniis
2452 3055 2664 3112 scilicet
2689 3063 2746 3111 et
2784 3053 3081 3113 afﬂictione
3111 3059 3356 3130 carnali,
3387 3076 3498 3118 non
3536 3136 3547 3143 .

3531 3168 3558 3326 ἐ

1913 3408 2050 3462 omni
2073 3405 2169 3459 sibi
2192 3401 2498 3481 Auerberandi
2518 3403 2652 3481 jure
2679 3401 2925 3481 permisso
2948 3445 2961 3469 ,
2990 3420 3118 3481 quas
3145 3410 3495 3481 ﬂappa'xoug,

1912 3488 2126 3544 uocant;
2148 3476 2243 3529 alii
2268 3475 2365 3545 qui,
2387 3473 2623 3527 cazstibus
2653 3473 2922 3545 adversum
2951 3490 3005 3527 se
3028 3473 3397 3539 det-eminuit
3417 3473 3500 3535 di;

1905 3543 2145 3604 laceratis
2189 3543 2452 3619 capitibus
2480 3551 2853 3619 cruentantur;
2894 3543 2949 3619 hi
2999 3551 3191 3619 πυκται
3234 3552 3495 3619 [αππιαν.

1903 3621 1981 3676 Ita
2006 3612 2326 3673 Ambrosius
2357 3612 2729 3693 (Vide_S_en_ec.
2764 3616 2802 3667 Ι.
2836 3630 2886 3693 v.
2910 3617 2973 3668 de
2996 3614 3189 3693 Benef.
3209 3612 3255 3673 ὁ.
3290 3622 3371 3693 ᾖ).
3404 3623 3498 3679 Sic

1903 3704 2087 3746 autem
2118 3699 2317 3743 caestus
2345 3683 2440 3755 per
2479 3683 2873 3753 diphthongum
2914 3700 2943 3739 a
2970 3683 3228 3743 cardendo
3270 3683 3495 3749 dicitur.
3541 3713 3545 3717 ν

1903 3763 1985 3818 Ad
2015 3763 2158 3816 hunc
2185 3759 2353 3828 igitur
2382 3756 2598 3809 modum
2629 3796 2643 3816 ,
2674 3764 2736 3809 ut
2763 3756 3033 3829 tlnychius
3059 3759 3153 3824 ait,
3207 3763 3497 3829 metapho.

1905 3835 2018 3889 rice
2044 3832 2251 3903 jejunia
2283 3829 2373 3903 hic
2401 3837 2663 3903 vocantur
2689 3836 2885 3903 caestus
2913 3828 3129 3903 quidam
3159 3828 3493 3901 spirituales,

1905 3897 2114 3975 quibus
2128 3898 2457 3975 veluti_|oris
2487 3910 2540 3952 et
2564 3897 2686 3975 pilis
2708 3897 3494 3975 quibusdamcaro‘subigitur,

1908 3966 2157 4041 eliditur,
2191 3981 2246 4028 et
2289 3966 2575 4027 domatur.
2612 3966 2803 4023 Cestos
2834 3984 2963 4024 vero
3002 3969 3118 4025 sine
3157 3966 3497 4047 diphthongo

1905 4047 2179 4117 cingulum
2206 4054 2309 4117 est,
2340 4050 2397 4098 et
2420 4054 2555 4095 zona
2582 4053 2802 4107 sponsa:
2821 4082 2835 4106 ,
2867 4055 3026 4111 quam
3059 4055 3291 4111 sponsus
3318 4048 3496 4116 prima

1905 4116 2065 4173 nocte
2092 4116 2357 4172 solvebat.
3518 4123 3522 4133 ί

1982 4200 2003 4227 ο
2033 4189 2110 4243 De
2138 4187 2219 4242 his
2245 4187 2523 4255 eleganter
2551 4191 2608 4238 et
2650 4183 2872 4251 c0piose
2904 4182 2968 4236 D.
3000 4182 3341 4253 Ambrosius,
3372 4188 3493 4245 loco

1906 4261 2072 4315 ritato
2097 4304 2112 4328 ,
2157 4263 2252 4315 ubi
2278 4258 2514 4328 ostendit
2553 4256 2868 4325 Apostolum
2914 4255 3094 4309 omnia
3125 4256 3212 4311 illa
3238 4263 3497 4314 certami—

1906 4347 2035 4385 num
2070 4327 2268 4399 genera
2310 4327 2560 4399 superius
2602 4335 2902 4381 memorata
2932 4337 3224 4395 expertum
3247 4344 3369 4386 esse
3393 4371 3410 4398 ,
3440 4341 3498 4390 et

1906 4402 1975 4458 de
2003 4403 2253 4456 omnibus
2290 4399 2672 4466 triumphasse.
3512 4428 3526 4451 ,
3539 4416 3555 4437 η

1979 4471 2006 4510 ά
2036 4469 2331 4527 Alluditad
2362 4484 2567 4523 morem
2600 4467 2967 4537 triumphandi
3010 4468 3154 4536 apud
3196 4467 3494 4529 Romanos.
3550 4488 3556 4517 ι

1907 4544 2038 4599 Erat
2066 4540 2862 4615 quippetriumphnsomnium
2896 4541 3364 4615 honorumtquia
3391 4560 3492 4612 po-

1911 4615 2034 4682 pulo
2062 4610 2219 4669 Rom.
2254 4610 2458 4666 deferri
2483 4610 2748 4682 solebant,
2780 4612 3052 4682 maximus
3076 4651 3090 4674 ,
3116 4611 3206 4682 qui
3235 4612 3366 4667 solis
3395 4610 3496 4670 du-

1907 4681 2079 4749 cibus,
2106 4700 2203 4739 seu
2231 4681 2668 4751 imperatoribus.
2694 4682 2785 4750 qui
2818 4681 3082 4748 insignem
3116 4681 3393 4737 victoriam
3424 4686 3496 4741 de

1907 4756 2155 4811 hostibus
2186 4761 2597 4819 reportassent,
2646 4752 2994 4823 deferebatur
3025 4751 3245 4823 (Zonar.
3287 4755 3377 4808 lib.
3416 4771 3491 4823 ιι,

1901 4829 2050 4882 Alex.
2093 4827 2157 4880 ab
2204 4826 2355 4880 Alex.
2407 4825 2496 4877 lib.
2527 4838 2580 4877 vr
2630 4821 2836 4877 Genial.
2863 4839 2981 4894 cap.
3028 4821 3105 4894 6).
3143 4821 3492 4881 Vehebantur

1898 4900 2300 4968 triumphantes
2328 4911 2495 4968 curru
2524 4895 2766 4968 eburneo
2810 4902 2883 4968 et,
2919 4893 3169 4948 inaurato
3192 4936 3206 4960 ,
3256 4906 3489 4961 quatuor

1897 4966 2223 5040 equis'albis
2245 4982 2368 5022 eum
2393 4966 2740 5040 ducentibus,
2771 4966 2947 5040 capite
2975 4980 3174 5018 corona
3202 4980 3363 5020 aurea
3395 4982 3485 5040 re-

1896 5036 2087 5095 dimito
2108 5081 2123 5102 ,
2168 5040 2395 5093 devictis
2427 5038 2661 5091 hostium
2691 5036 2920 5091 ducibus
2958 5046 3173 5090 currum
3206 5039 3480 5104 sequenti-

1896 5112 2019 5175 bus,
2042 5126 2269 5177 quorum
2290 5109 2427 5163 colla
2455 5110 2660 5163 catenis
2680 5116 2873 5163 onusta
2898 5117 3076 5161 erant.
3093 5108 3183 5161 Sic
3204 5120 3488 5174 praeeunte

1897 5191 2087 5237 senatu
2118 5183 2173 5235 in
2199 5180 2525 5246 Capitolium
2550 5178 2913 5233 ascendebant
2946 5177 3013 5232 ad
3057 5179 3315 5244 templum
3338 5177 3492 5234 Jovis

1894 5254 2207 5322 Capitolini.
2245 5253 2355 5313 ubi,
2390 5248 2974 5322 Inactato_tauro_albo
3004 5287 3019 5310 ,
3065 5246 3253 5322 eadem
3290 5265 3489 5322 pompa

1898 5317 2115 5377 domum
2143 5323 2573 5378 revertebantur.
2606 5320 2798 5374 Cicero
2829 5320 2883 5372 in
2915 5317 3168 5371 Pisonem
3200 5318 3268 5373 de
3298 5317 3489 5376 trium-

1896 5394 2005 5461 pho
2030 5395 2332 5462 disserens,
2368 5405 2423 5448 et
2454 5406 2704 5462 pompam
2750 5387 3056 5458 bujusmodi
3099 5402 3439 5462 exaggerans
3475 5411 3488 5446 :

1898 5459 2039 5531 Quid
2068 5465 2276 5519 tandem
2301 5459 2325 5530 ,⁷
2346 5459 2520 5530 inquit
2542 5503 2557 5527 ,
2588 5459 2756 5515 habet
2781 5462 2875 5513 iste
2923 5473 3106 5531 currus
3125 5459 3153 5531 ?
3194 5459 3323 5528 quid
3371 5465 3494 5517 victi

1891 5528 2014 5590 ante
2042 5552 2252 5589 currum
2281 5528 2473 5588 duces?
2509 5533 2631 5604 quid
2660 5530 2937 5604 simulacra
2961 5528 3325 5604 ‘oppidorum?
3366 5534 3494 5604 quid

1892 5606 2122 5677 aurum?
2149 5607 2273 5676 quid
2317 5598 2629 5677 argentum}
2660 5600 2784 5677 quid
2816 5598 2972 5677 legati
3011 5599 3065 5650 in
3095 5602 3269 5677 equis,
3302 5615 3349 5658 et
3379 5598 3492 5677 'trig

1902 5675 2069 5731 buni?
2115 5669 2242 5743 quid
2278 5669 2475 5730 clamor
2515 5669 2774 5727 militum?
2815 5669 2941 5739 quid
2968 5678 3077 5724 tota
3110 5669 3211 5726 illa
3252 5674 3489 5745 pompa!

1900 5748 2024 5816 quid
2047 5748 2157 5802 vehi
2182 5763 2269 5817 per
2289 5745 2500 5801 urbem?

3492 5894 3559 5941 ..α

3505 5943 3533 5962 Ι

2970 5911 3015 5973 8
3292 5908 3355 5947 '"
