3986 6320
381 378 389 393 .
427 331 531 393 235

1762 324 2044 386 JOANNIS
2081 327 2403 388 CASSIANI

3619 330 3721 394 £6

426 450 583 522 quasi
610 463 794 506 aerem
824 443 1143 513 verberans,
1178 444 1234 501 id
1265 451 1385 512 est,
1416 443 1470 499 in
1499 458 1695 499 vanum
1724 442 1864 501 ictus
1894 460 2027 503 con-
2050 451 2108 512 Α
2131 455 2321 506 scente
2341 448 2543 505 virtute
2576 446 2947 506 conscendere
2968 491 2985 519 ,
3017 448 3211 507 eodem
3260 464 3361 508 nos
3386 466 3601 525 quoque
3634 470 3724 513 or-

427 546 672 603 tinentite
697 543 1006 615 porrigens,
1038 556 1137 611 per
1156 554 1292 609 quos
1317 553 1425 593 non
1449 553 1631 595 aerem
1653 554 1905 608 vacuum,
1928 541 2026 597 sed

424 641 553 700 illos
594 641 824 712 spiritus
868 640 961 712 qui
1006 640 1060 695 in
1107 652 1175 693 eo
1199 644 1507 703 versantur,
1536 635 1896 708 castigatione
1940 637 2026 692 sui

423 735 676 805 corporis
726 733 1067 790 verberabat.
1106 729 1209 799 Qui
1239 732 1386 786 enim
1423 730 1595 799 dicit,
1626 745 1735 787 non
1758 729 1910 800 quasi
1935 744 2029 786 ae-

422 841 544 883 rem
577 827 897 896 verberans,
926 823 1170 883 ostendit
1196 839 1256 879 se
1282 868 1298 891 ,
1331 823 1548 879 tametsi
1587 838 1693 880 non
1731 839 1912 880 aerem
1933 839 2029 877 va-

421 936 586 977 cuum
620 933 674 979 et
703 922 920 977 inanem
945 962 962 988 ,
1003 919 1216 990 aliquos
1255 926 1445 976 tamen
1467 918 1522 975 in
1554 933 1683 975 aere
1711 917 2024 991 verberare.

420 1013 494 1071 Et
524 1016 656 1088 quia
683 1016 799 1071 haec
829 1013 1190 1071 certaminum
1226 1019 1427 1085 genera
1470 1022 1797 1083 superarat,
1851 1021 1907 1069 et
1945 1011 2029 1068 di-

420 1116 568 1162 tatus
617 1107 916 1162 multarum
974 1114 1305 1163 coronarum
1354 1105 1645 1175 stipendiis
1698 1105 2025 1173 incedebat,

419 1213 533 1255 non
574 1200 848 1256 immerito
896 1194 1272 1256 robuStiorum
1314 1199 1506 1270 incipit
1547 1198 1791 1273 hostium
1842 1197 2028 1253 subire

422 1291 721 1348 luctamina
741 1335 757 1363 ,
798 1307 864 1349 ac
906 1291 1185 1365 prioribus
1215 1293 1424 1350 ramulis
1448 1293 1794 1365 triumphatls
1814 1307 1937 1349 cum
1968 1291 2031 1346 ii-

422 1383 581 1440 ducia
611 1390 913 1456 proclamat
938 1427 955 1451 ,
985 1394 1041 1441 et
1068 1384 1201 1443 dicit
1231 1380 1391 1441 :Jam
1419 1402 1526 1440 non
1564 1384 1725 1441 nobis
1745 1393 1832 1440 est
1855 1384 2028 1439 collu-

422 1478 590 1535 ctatio
621 1478 888 1537 adversus
921 1495 1146 1536 carnem
1177 1489 1233 1536 et
1260 1481 1576 1551 sanguinem
1595 1522 1610 1548 ,
1644 1479 1741 1536 sed
1768 1477 2030 1535 adversus

424 1572 761 1644 principatus
790 1616 805 1641 ,
851 1566 1118 1631 adversus
1159 1582 1457 1646 potestates
1482 1615 1498 1641 ,
1534 1574 1799 1629 adversus
1840 1570 2029 1628 mundi

422 1676 666 1723 rectores
697 1668 1045 1725 tenebrarum
1080 1669 1296 1737 harum,
1329 1679 1523 1726 contra
1545 1667 1809 1740 spiritalia
1840 1665 2033 1739 nequi-

424 1761 512 1818 tia:
540 1762 597 1819 in
626 1761 948 1820 coelestibus
980 1762 1210 1838 (Ephes.
1240 1761 1338 1838 vr).

1017 1898 1247 1961 CAPUT
1286 1899 1431 1958 XIX.

427 2007 580 2076 Quod
608 2012 815 2071 athleta
850 2013 1074 2082 Christi,
1107 2013 1271 2069 donec
1296 2015 1351 2068 in
1389 2028 1607 2085 corpore
1648 2022 2025 2079 commoratur,

602 2104 609 2109 ‘
970 2101 1146 2158 pugna
1183 2102 1287 2141 non
1333 2085 1486 2141 desit.

494 2226 524 2257 ι
566 2213 807 2276 Athlette'
847 2218 1052 2277 Christi
1096 2222 1152 2277 in
1181 2236 1415 2293 corpore
1457 2218 1821 2276 commoranti
1867 2234 2027 2274 num-

425 2325 585 2382 quam
614 2311 802 2370 deﬂcit
821 2313 1266 2371 colluctationum
1290 2314 1468 2385 palma
1490 2332 1511 2367 ς
1539 2312 1633 2370 sed
1663 2320 1873 2384 quanto
1905 2324 2025 2366 ma-

427 2405 511 2476 gis
540 2407 941 2480 triumphorum
966 2409 1312 2465 successibus
1334 2405 1589 2472 creverit,
1618 2414 1770 2461 tanto
1791 2405 1839 2459 ei
1863 2404 2026 2459 etiam

423 2497 873 2556 colluctationum
912 2501 1195 2557 robustior
1234 2500 1370 2557 ordo
1412 2498 1681 2557 succedit.
1726 2497 2028 2568 Subjugata

422 2591 625 2646 etenim
655 2608 842 2660 carne,
868 2605 1035 2666 atque
1062 2595 1300 2663 devicta,
1331 2601 1556 2665 quantae
1583 2590 2026 2648 adversariorum

421 2683 696 2753 cohortes,
712 2696 916 2755 quanta
949 2689 1191 2745 hostium
1213 2690 1427 2762 agmina
1452 2688 1743 2745 adversum
1760 2687 2027 2743 victorem

420 2777 648 2833 militem
679 2778 885 2837 Christi
906 2782 1198 2852 triumphis
1223 2782 1628 2855 ejus‘instigata
1652 2781 2022 2852 consurgunt!

419 2870 629 2927 scilicet
659 2887 731 2930 ne
775 2875 926 2945 pacis
956 2875 1069 2930 otio
1110 2876 1269 2932 miles
1310 2874 1515 2933 Christi
1553 2876 1864 2932 lentescens
1890 2873 2027 2930 inci-

417 2965 531 3036 piat
559 2965 812 3024 oblivisci
835 2968 1285 3026 colluctationum
1315 2985 1540 3026 suarum
1571 2969 1814 3040 gloriosa
1842 2978 2024 3024 certa-

421 3061 602 3128 mina,
628 3075 693 3117 ac
727 3060 1043 3118 securitatis
1081 3062 1277 3118 inertia
1307 3063 1604 3119 dissolutus
1626 3104 1642 3130 ,
1672 3062 2023 3132 praemiorum

416 3151 704 3222 stipendiis
734 3168 800 3210 ac
829 3153 1228 3224 triumphorum
1260 3156 1472 3211 meritis
1505 3153 1886 3211 defraudetur.
1918 3153 2026 3209 ita-

2052 1838 2105 1900 B

2131 544 2259 600 dine
2285 552 2505 613 Oportet
2532 544 2840 614 prmliorum
2869 545 3009 600 inire
3045 545 3342 602 certamina
3361 587 3376 614 ,
3409 554 3465 603 et
3489 547 3721 619 primum

2131 651 2254 692 cum
2286 636 2551 708 Apostolo
2576 635 2761 692 dicere
2793 653 2809 691 :
2843 634 2933 694 Sic
2976 652 3161 709 pugno
3192 654 3301 695 nou
3344 640 3499 711 quasi
3540 656 3722 699 aerem

2130 727 2426 783 verberans
2450 769 2466 794 ,
2511 726 2608 784 sed
2642 728 2850 799 castigo
2891 744 3089 802 corpus
3132 746 3313 788 meum
3336 775 3351 800 ,
3386 740 3444 788 et
3477 735 3727 791 servituti

2131 821 2362 892 subjicio
2390 821 2435 895 (ἰ
2459 821 2579 877 Cor.
2608 824 2712 901 rx),
2743 832 2802 877 ut
2825 823 2927 880 hoc
2955 823 3210 881 conﬂictu
3233 836 3511 896 superato,
3537 842 3726 885 rursus

2131 931 2254 971 cum
2282 931 2349 972 eo
2388 914 2572 972 dicere
2610 915 2879 987 possimus
2912 936 2926 972 :
2957 916 3077 972 Non
3110 927 3198 975 est
3226 918 3385 975 nobis
3416 919 3727 979 colluctatio

2132 1007 2398 1064 adversus
2421 1024 2639 1064 carnem
2672 1017 2730 1065 et
2758 1007 3077 1079 sanguinem
3103 1052 3118 1076 ,
3152 1010 3247 1066 sed
3278 1010 3548 1067 adversus
3578 1014 3728 1084 prin-

2131 1103 2366 1172 cipatus,
2400 1102 2661 1158 adversus
2692 1111 3011 1174 potestates,
3043 1103 3304 1160 adversus
3332 1104 3518 1160 mundi
3551 1114 3730 1177 recto-

2132 1213 2222 1253 res
2247 1198 2593 1255 tenebrarum
2622 1198 2840 1266 barum,
2872 1207 3064 1254 contra
3092 1199 3360 1271 spiritalia
3388 1202 3649 1273 nequitiae
3673 1201 3731 1258 in

2132 1290 2447 1347 caelestibus
2478 1290 2499 1364 (
2524 1289 2721 1364 Ephes.
2752 1307 2807 1347 vr
2829 1289 2870 1362 ).
2901 1290 3074 1349 Aliter
3113 1293 3258 1348 enim
3301 1294 3557 1365 congredi
3605 1309 3730 1357 cum

2132 1383 2240 1439 illis
2285 1383 2436 1439 nullo
2478 1384 2641 1439 modo
2696 1386 2997 1452 poterimus
3022 1427 3038 1457 ,
3081 1400 3186 1442 nec
3222 1385 3495 1457 spiritales
3526 1403 3734 1463 pugnas

2134 1475 2465 1532 merebimur
2488 1476 2750 1546 caperiri,
2786 1477 2991 1533 carnali
3017 1476 3214 1551 dejectl
3240 1478 3515 1545 conﬂictu,
3539 1489 3595 1536 et
3618 1479 3735 1536 col-

2131 1568 2426 1623 luctatione
2443 1569 2649 1623 ventris
2670 1568 2792 1624 elisi
2821 1587 2835 1623 :
2871 1571 3177 1645 meritoque
3198 1569 3356 1627 nobis
3375 1573 3443 1628 ab
3471 1575 3737 1643 Apostolo

2132 1674 2255 1715 cum
2285 1661 2709 1732 exprobratione
2756 1662 2971 1719 dicetur
3006 1682 3019 1716 :
3053 1662 3306 1720 Tentatio
3337 1679 3434 1720 vos
3479 1682 3585 1722 non
3633 1681 3737 1747 ap-

2133 1751 2452 1822 prehendit,
2482 1752 2583 1808 nisi
2612 1752 2849 1810 humana
2880 1753 2968 1827 (ll
2990 1751 3113 1811 Cor.
3139 1758 3223 1832 ξ).

2735 1890 2967 1947 CAPUT
3005 1891 3126 1948 XX.

2136 1981 2287 2058 Quod
2307 1999 2408 2037 non
2437 1984 2617 2058 debeat
2651 1983 2941 2058 monachus
2958 1985 3197 2040 sumendi
3219 1987 3322 2041 cibi
3347 1994 3546 2058 tempus
3577 2004 3735 2046 eses-

2203 2055 2354 2122 dere,
2396 2056 2453 2138 .si
2509 2056 2616 2111 uult
2668 2056 2739 2111 ad
2785 2073 2987 2129 pugnas
3041 2058 3349 2119 interiorum
3394 2055 3742 2129 certantium

2201 2144 2485 2201 pervenire.

2202 2219 2372 2291 Igitur
2417 2217 2718 2274 monachus
2756 2218 2825 2273 ad
2857 2234 3067 2293 pugnas
3108 2221 3431 2280 interiorum
3470 2227 3742 2291 certami-

2131 2328 2262 2371 num
2300 2313 2527 2385 cupiens
2553 2312 2878 2383 pervenire,
2921 2314 3062 2371 hanc
3110 2316 3162 2371 in
3202 2317 3393 2387 primis
3424 2322 3744 2387 cautionem
3781 2306 3788 2313 ’

2131 2406 2350 2462 sibimet
2392 2405 2629 2472 indicat,
2661 2414 2721 2461 ut
2757 2422 2868 2462 non
2896 2417 3057 2478 potus
3084 2409 3408 2484 quidquam,
3449 2428 3559 2471 non

2133 2497 2244 2553 ulla
2275 2497 2641 2554 oblectatione
2689 2498 2940 2556 devictus
2962 2542 2978 2567 ,
3011 2498 3039 2539 δ
3081 2511 3209 2558 ante
3240 2506 3530 2563 stationem
3559 2506 3746 2579 legiti-

2131 2606 2278 2647 mam
2307 2606 2764 2663 communemque
2794 2593 3113 2649 refectionis
3144 2596 3333 2652 horam
3352 2637 3367 2661 ,
3398 2606 3554 2655 extra
3580 2614 3746 2664 men-

2130 2698 2246 2740 sam
2271 2686 2553 2758 percipere
2575 2686 2800 2743 sibimet
2826 2701 3050 2756 prorsus
3081 2687 3389 2760 indulgeat;
3419 2691 3517 2747 sed
3548 2707 3617 2748 ne
3651 2708 3746 2751 re-

2128 2776 2363 2833 iectione
2388 2777 2608 2848 quidem
2654 2787 2928 2834 transacta
2955 2824 2969 2848 ,
3004 2794 3073 2835 ex
3112 2779 3198 2836 his
3244 2797 3581 2851 praesumere
3628 2786 3747 2843 sibi

2130 2871 2689 2943 quantulumcumque
2727 2873 3007 2942 permittat
3040 2891 3053 2926 :
3085 2872 3337 2929 similiter
3379 2890 3597 2947 quoque
3638 2892 3746 2934 ca-

2131 2965 2386 3020 nonicum
2414 2964 2591 3019 somni
2616 2974 2830 3034 tempus
2854 2980 3274 3035 mensuramque
3301 2968 3595 3024 custodiat.
3629 2971 3747 3028 an

2128 3056 2253 3113 dem
2284 3072 2523 3128 namque
2547 3057 2730 3112 studio
2752 3058 2870 3112 istae
2894 3069 3023 3114 sunt
3049 3062 3247 3129 mentis
3272 3062 3619 3131 amputanda
3652 3062 3746 3119 la-

2127 3153 2332 3220 sciviae,
2360 3167 2467 3224 quo
2498 3152 2957 3207 meretricationis
2987 3152 3179 3208 vitium
3210 3153 3601 3210 desecandum.
3628 3157 3746 3225 Qui

414 3258 521 3315 que
563 3245 611 3300 si
660 3246 729 3303 ad
785 3245 887 3304 hos
932 3246 1331 3318 triumphorum
1360 3248 1563 3321 gradus
1605 3249 1855 3319 cupimus
1896 3239 2088 3306 cre-C
2121 3247 2267 3304 enim
2297 3257 2321 3287 ο
2346 3247 2488 3318 gulae
2525 3246 2832 3318 superﬂuos
2873 3249 3148 3319 appetitus
3194 3250 3445 3307 inhibere
3484 3268 3595 3309 non
3630 3268 3739 3323 po-

1485 3387 1746 3444 ALARDI
1784 3386 2025 3445 GAZEI
2063 3384 2645 3445 COMMENTARIUS.

483 3515 511 3545 ι
532 3503 744 3571 Dictum
769 3504 983 3575 insigne
1002 3512 1063 3561 et
1079 3506 1363 3563 memoriae
1384 3506 1740 3575 inﬁgendum.
1764 3504 1867 3563 Cui
1888 3521 2020 3567 con-

410 3586 571 3635 sonat
598 3578 688 3637 illa
721 3575 785 3634 B.
815 3577 920 3662 ξος)
948 3580 1223 3662 sententia
1265 3596 1279 3632 :
1323 3576 1625 3662 militiae“
1658 3579 1765 3662 pila
1792 3578 2019 3661 hominis

410 3665 569 3720 super
592 3659 787 3706 terram
815 3651 835 3718 (
864 3648 970 3704 Job
993 3666 1067 3706 vu
1095 3652 1136 3720 ).
1182 3650 1343 3719 Quod
1377 3650 1425 3707 si
1466 3649 1704 3719 cujusvis
1738 3650 1975 3707 hominis
1997 3690 2016 3715 ,

408 3724 583 3804 multo
614 3722 912 3804 specialius
946 3719 1277 3804 Christiani;
1316 3730 1378 3804 et
1415 3720 2019 3804 multospecialissime

407 3791 652 3860 religiosi
684 3801 742 3848 et
768 3793 1070 3857 monachi,
1116 3808 1279 3861 quem
1325 3792 1539 3862 idcirco
1564 3792 1825 3848 athletam
1854 3837 1869 3862 ,
1902 3794 2020 3851 sive

407 3871 670 3935 ascetam,
705 3864 819 3935 hoc
836 3871 923 3935 est
946 3906 960 3927 ,
982 3865 1239 3935 pugilem
1272 3878 1337 3918 ac
1363 3864 1593 3935 militem
1620 3863 1830 3935 Christi»
1854 3878 2020 3935 pecu-

406 3929 619 4007 liariter
648 3933 911 4003 appellari
943 3929 1618 4007 alias‘ostendimuleib.
1653 3949 1673 3991 ι
1702 3951 1749 3991 c.
1783 3929 1870 4005 2):
1898 3934 2015 4007 Mo-

407 4004 709 4075 nachorum
740 4018 907 4074 porro
933 4013 1213 4061 certamen
1240 4004 1517 4075 quomodo
1548 4016 1874 4074 perpetuum
1903 4004 1978 4063 sit
1998 4046 2017 4071 ,

405 4082 466 4147 et
486 4074 772 4142 multiplex
807 4076 986 4147 palma
1005 4117 1020 4142 ,
1049 4076 1163 4131 sive
1193 4074 1478 4147 praemium
1502 4118 1517 4143 ,
1548 4076 1667 4131 {inse
1695 4076 1917 4131 disserit
1949 4076 2015 4133 Ι).

405 4141 830 4219 Chrysostomus
866 4141 1059 4219 homil.
1106 4141 1315 4219 δι’(Αά
1342 4164 1468 4218 pop.
1499 4141 1793 4219 Antioch),
1825 4148 1894 4202 de
1908 4149 2018 4203 vita

404 4214 818 4283 Monachorum,
849 4227 904 4272 et
931 4217 991 4274 S.
1019 4214 1258 4287 Ephrem
1289 4214 1350 4273 in'
1368 4214 1603 4286 quadarn
1625 4214 2018 4281 adhortatione

403 4287 473 4341 ad
505 4288 792 4356 pietatem,
823 4288 917 4342 ubi
949 4288 1073 4346 haec
1096 4290 1267 4346 verba
1288 4307 1305 4349 ε
1330 4287 1539 4344 Bellum
1580 4290 1807 4344 militum
1832 4289 2018 4356 breve;

346 4382 353 4390 λ
398 4357 497 4412 sed
524 4360 782 4434 monachi
792 4375 985 4434 pugna,
1020 4364 1181 4434 donec
1206 4362 1421 4434 emigra
1442 4363 1520 4434 ad
1543 4360 1846 4427 Dominum,
1876 4378 2018 4419 sent»

402 4445 497 4503 per
523 4430 679 4503 durat
704 4431 724 4493 l
740 4428 879 4487 me
895 4432 964 4486 ibi
993 4431 1193 4488 scholia
1222 4428 1552 4503 GCVossii).

473 4499 503 4544 ιι
538 4501 651 4556 Hoc
678 4510 798 4565 est,
829 4514 958 4558 ante
992 4504 1183 4573 jejunii
1222 4514 1438 4573 tempus
1471 4499 1710 4571 legitime
1753 4505 2016 4561 observa-

401 4579 544 4648 tum,
572 4574 681 4639 vel,
706 4584 767 4648 ut
786 4574 919 4648 alibi
942 4575 1181 4644 loquitur
1206 4575 1358 4645 (Cap.
1383 4574 1477 4648 ἓξ,
1507 4575 1697 4648 infra),
1731 4588 1851 4631 ante
1881 4592 2017 4645 prte-

368 4658 371 4661 λ
400 4643 637 4698 stitutam
657 4645 853 4717 jejunii
876 4646 1088 4712 horam;
1115 4656 1171 4700 et
1192 4643 1391 4717 Collat.
1417 4644 1453 4699 5
1471 4661 1523 4699 α.
1554 4644 1617 4701 Η
1640 4643 1802 4702 {ante
1829 4643 2016 4703 horam

2128 3507 2312 3563 siones
2335 3516 2559 3583 nostra;
2586 3516 2753 3583 sunt,
2800 3506 2869 3583 ad
2901 3516 3142 3583 optatum
3198 3508 3480 3567 Paschalis
3529 3512 3747 3583 festum

2126 3579 2530 3646 perveniamus.
2579 3579 2671 3635 Sic
2713 3578 3057 3636 Ambrosius.
3100 3578 3367 3637 Caterum
3411 3598 3478 3637 ex
3510 3578 3748 3643 Tertull

2127 3650 2277 3727 liano
2304 3693 2320 3719 ,
2369 3651 2620 3727 stationis
2662 3653 2884 3707 nomine
2935 3667 3042 3707 non
3066 3650 3284 3727 videtur
3330 3654 3749 3727 quodvisjeju-

2126 3721 2275 3795 nium
2292 3721 2619 3795 _,sed_lege
2655 3731 2856 3778 statum
2900 3738 2964 3777 ac
2998 3721 3372 3792 praescriptum
3392 3721 3744 3795 signiﬁcari.

2126 3737 2315 3785 nmm,
2344 3737 2442 3778 sea
2488 3737 2611 3846 tege
2655 3737 2856 3778 statum
2900 3738 2964 3777 ac
2998 3737 3744 3795 prmscrtptum'stgmncari.

2125 3791 2260 3867 Nam
2291 3791 2527 3867 lib.__der
2572 3792 2753 3867 ejunio
2781 3835 2797 3860 ,
2845 3796 3109 3867 stationes
3155 3794 3384 3851 indictas
3426 3811 3457 3849 a
3502 3797 3749 3867 jc-juniis

2126 3863 2452 3941 voluntariis
2477 3862 2823 3941 distinguens
2847 3903 2865 3932 ,
2887 3866 2965 3919 ait
2998 3883 3011 3918 :
3033 3868 3279 3941 ᾼνριιιιηι
3300 3883 3395 3941 nos
3423 3862 3751 3941 quod'jeju;

2126 3934 2215 3989 nia
2243 3936 2460 4005 prapria
2485 3937 2871 4011 custodiamus,
2903 3937 3043 4011 quod
3067 3938 3317 4011 stationes
3342 3934 3660 4011 plerumque
3686 3942 3751 4003 in

2124 4021 2391 4078 uesperum
2434 4006 2777 4078 perducamus
2800 4015 2971 4078 ,Aetc.
3000 4007 3137 4064 Hinc
3174 4006 3430 4065 manus
3462 4006 3568 4065 lib.‘
3591 4026 3633 4067 ιι
3666 4014 3751 4078 αθ

2125 4076 2495 4147 Ιηειίιηϐιει-ὶ.
2515 4092 2636 4145 cap.
2665 4078 2735 4133 18
2764 4095 2777 4130 :
2809 4076 3087 4147 Jejunium
3110 4120 3125 4144 ,
3158 4081 3356 4147 inquit,
3388 4090 3434 4133 et
3462 4084 3619 4136 statio
3647 4076 3752 4139 di-

2124 4149 2281 4222 citur.
2302 4146 2611 4222 Discernunt
2630 4157 2807 4204 autem
2835 4146 3045 4222 quidam
3072 4152 3208 4209 inter
3239 4146 3513 4222 jejunium
3537 4161 3590 4206 et
3616 4164 3750 4211 sta-

2125 4219 2341 4292 tionem.
2376 4217 2516 4292 Nam
2534 4221 2801 4290 jejunium
2829 4219 3183 4289 indiﬂ‘erenter
3211 4217 3485 4292 cujuslibet
3514 4226 3619 4279 diei
3651 4235 3746 4285 est

2125 4289 2437 4366 abstinentia
2457 4330 2471 4355 ,
2502 4289 2605 4344 non
2626 4308 2737 4366 per
2773 4293 2967 4366 legem,
3016 4292 3105 4366 sed
3145 4289 3426 4347 secundum
3454 4296 3750 4366 propriam

2124 4361 2437 4435 voluntatem
2470 4377 2489 4427 ;
2514 4361 2669 4435 statio
2706 4372 2782 4417 est
2820 4361 3108 4417 observatio
3135 4372 3446 4419 statutorum
3475 4361 3693 4427 dierum
3722 4407 3744 4435 ,

2124 4433 2201 4509 vel
2228 4439 2516 4499 temporum
2540 4449 2559 4487 :
2586 4434 2810 4509 dierum,
2843 4441 2898 4486 ut
2927 4444 3126 4502 quarta:
3147 4444 3376 4509 etsextte
3395 4435 3542 4502 feria:
3556 4433 3751 4509 βείω-ζ

2124 4502 2271 4556 nium
2309 4520 2373 4557 ex
2407 4514 2571 4557 vetere
2594 4502 2707 4575 lege
2734 4506 2970 4577 (nempe
3006 4505 3343 4573 apostolica)
3373 4502 3700 4577 praeceptum
3722 4526 3749 4574 ;

2125 4582 2411 4650 temporum
2440 4586 2617 4650 autem
2640 4574 2657 4640 ,
2686 4586 2742 4628 ut
2759 4574 3027 4650 jejunium
3056 4576 3253 4650 quarti,
3279 4577 3447 4642 quinti
3473 4619 3489 4644 ,
3514 4574 3748 4650 septimi

2124 4655 2171 4699 et
2201 4647 2385 4718 decimi
2409 4654 2511 4718 ,_et
2542 4646 2823 4700 observatio
2867 4646 3293 4718 Quadragesimar
3317 4689 3334 4711 ,
3365 4663 3483 4718 aute
3510 4646 3582 4703 in'
3603 4653 3752 4707 smi-

402 4715 717 4791 canonicttm
753 4716 1041 4791 absolutio
1055 4718 1251 4791 jejunii
1299 4715 1599 4791 nullatenus
1648 4720 2017 4790 prwsumenda
2124 4732 2271 4791 uerso
2296 4716 2416 4791 orbe
2432 4716 2759 4791 institutione
2794 4715 3099 4791 apostolica
3114 4715 3431 4791 observatur.
3464 4718 3593 4791 Hinc
3618 4722 3751 4779 Ra-

402 4795 509 4859 est.
531 4785 665 4841 Nam
698 4789 860 4842 statio
903 4785 1407 4856 apud'Cassianum
1449 4799 1507 4845 et
1545 4785 1684 4844 alios
1713 4793 2013 4859 scriptores
2044 4858 2055 4859 ί
2125 4789 2299 4859 banus
2320 4786 2391 4840 de
2416 4786 2710 4843 stationum
2735 4798 2791 4842 et
2810 4788 3142 4858 jejuuiorum
3165 4789 3499 4846 discrimine.
3520 4790 3749 4853 Verum

401 4858 804 4931 ecclesiasticos
842 4873 944 4929 pro
983 4860 1191 4929 jejunio
1221 4859 1541 4931 frequenter
1563 4856 1881 4926 usurpatur.
1918 4862 2012 4920 Sic
2038 4858 2094 4919 Ι)
2116 4856 2411 4931 Cassianus
2461 4856 2837 4931 iudili‘erenter
2866 4856 2963 4929 pro
3007 4860 3199 4931 quovis
3241 4860 3455 4929 jejunio
3481 4904 3495 4923 .
3554 4864 3748 4923 etiam

396 4926 771 5004 Tertullianus
801 4926 896 5004 liii.
926 4926 998 4986 de'
1019 4931 1279 5004 Oratione
1310 4929 1573 5004 (CapJ-l»)
1589 4931 1757 5004 dicit,
1789 4944 2008 5003 sumpto
2118 4930 2448 5004 voluntario,
2474 4930 2762 5004 stationem
2790 4926 3009 5004 sumere
3024 4926 3266 4987 videtur.
3295 4926 3427 4987 Nam
3458 4943 3514 4989 et
3539 4936 3749 5003 capite

396 5012 634 5075 corpore
661 5002 876 5057 Domini
910 5018 1020 5075 nun
1052 5001 1189 5056 solvi
1229 5000 1563 5069 stationem,
1585 5003 1691 5059 huc
1718 5014 1803 5059 est
1824 5045 1840 5068 ,
1866 5000 2009 5074 jeju-
2120 5001 2386 5075 vigesimo
2414 5011 2612 5075 quarto
2648 5000 2807 5072 hujus
2834 5002 3275 5075 libristationem
3305 5000 3690 5073 quotidianam
3723 5050 3747 5075 ,

398 5070 550 5126 nium
573 5115 588 5140 ,
618 5084 676 5128 et
707 5074 963 5130 stationis
996 5088 1194 5128 nomen
1239 5083 1516 5142 sumptum
1543 5090 1669 5130 esse
1708 5091 1736 5128 a
1787 5070 2011 5133 militari
2122 5072 2282 5141 paulo
2306 5070 2446 5144 post,
2476 5070 2742 5141 jejunium
2771 5074 3145 5140 quotidianum
3174 5070 3472 5142 nuncupat,
3499 5084 3557 5132 et
3578 5070 3750 5136 solvi

398 5145 682 5218 exemplo,
718 5144 974 5218 hoc_est_,
1002 5160 1032 5199 a
1061 5145 1385 5200 stationibus
1411 5146 1668 5218 militum.
1711 5147 1885 5212 Quam
1918 5162 2010 5202 ra-
2121 5144 2302 5218 solere
2331 5144 2463 5218 dicit
2495 5145 2548 5197 in
2582 5144 2817 5218 adventu
2859 5144 3114 5218 hospitis.
3148 5147 3217 5201 Et
3242 5147 3536 5202 collatione
3567 5149 3751 5218 vige—

395 5213 601 5287 tionem
640 5216 878 5269 nominis
924 5216 989 5270 Ι).
1022 5218 1345 5273 Ambrosius
1386 5231 1552 5273 serm.
1581 5215 1655 5274 25
1681 5217 1884 5273 clarius
1909 5232 2007 5274 ex-
2122 5216 2255 5269 sima
2289 5216 2461 5285 prima
2487 5257 2503 5282 ,
2532 5217 2709 5285 capite
2732 5213 2997 5285 vigesimo
3038 5231 3184 5271 nono
3206 5260 3222 5285 ,
3270 5227 3560 5287 utrumque
3586 5213 3754 5283 αδη-

2116 5287 2353 5368 jungens
2373 5331 2387 5355 ,
2415 5286 2712 5368 ⁸ιιιαιίοιιειιι
2737 5287 2942 5368 jejuuii
2969 5290 3235 5368 appellat.
3384 5286 3585 5368 duplici
3626 5306 3752 5368 ge-

2120 5375 2257 5485 ἲιὲιιθ
2299 5357 2597 5485 Ξῖιὶιίοιιυω
2628 5401 2643 5426 ,
2703 5356 2820 5413 sive
2866 5356 3199 5428 jejuniorum
3229 5401 3245 5427 ,
3306 5356 3521 5417 dicetur
3572 5356 3753 5422 in‘fra

2185 5448 2273 5485 an.
2403 5469 2416 5484 .

2185 5448 2273 5484 an.
2299 5448 2416 5484 ’241-

2119 5430 2432 5567 (Cmam,
2457 5500 2824 5573 inordinatos,
2855 5511 2994 5569 quos
3022 5499 3090 5558 Ι).
3116 5500 3419 5573 Gregorius
3446 5501 3543 5561 lib.
3585 5518 3752 5564 xxxx

2110 5573 2398 5629 Moralium
2420 5586 2548 5644 cap.
2574 5571 2643 5625 27
2667 5574 2940 5636 expressit
2969 5573 3054 5644 bis
3077 5571 3259 5630 verbis
3286 5590 3302 5627 :
3333 5572 3574 5644 Quinque
3600 5591 3754 5631 nan.-

2110 5645 2194 5699 dis
2212 5661 2307 5699 nos
2332 5643 2474 5716 gulae
2500 5643 2679 5696 vitium
2728 5650 2894 5716 tentat
2922 5658 2942 5697 :
2972 5643 3260 5715 aliquando
3304 5643 3528 5716 umque
3574 5647 3755 5704 indi-

2109 5718 2298 5788 gentia:
2324 5715 2572 5788 tempora
2585 5715 2829 5788 prmenit
2855 5730 2877 5780 ;
2905 5716 3193 5788 aliquando
3218 5731 3339 5788 vero
3364 5715 3563 5788 tempus
3606 5732 3755 5777 ω

2109 5784 2380 5859 praevenit,
2409 5784 2503 5859 sed
2527 5784 2666 5859 cibos
2695 5786 2941 5841 lautiores
2969 5784 3204 5857 dureris;
3254 5784 3542 5857 aliquando
3562 5801 3757 5859 esse.

2111 5855 2235 5917 libet
2287 5855 2538 5913 sumenda
2588 5856 2719 5925 sint,
2780 5855 3071 5930 prtepareri
3116 5855 3418 5915 accuratius
3464 5858 3677 5929 expetit
3714 5876 3748 5932 ,-

398 5284 608 5352 plicans
641 5303 655 5340 :
684 5287 873 5360 Castra
898 5330 914 5354 ,
950 5289 1163 5354 inquit,
1209 5289 1354 5343 nobis
1389 5300 1513 5343 sunt
1545 5299 1727 5343 nostra
1747 5289 1961 5360 jejunis
1989 5329 2005 5353 ,

347 5402 355 5410 .
391 5369 514 5433 qua;
538 5373 634 5410 nos
659 5373 695 5411 α
718 5359 979 5413 diabolica
1008 5361 1408 5433 impugnatione
1435 5359 1757 5431 defendunt:
1780 5361 2004 5433 denique

392 5428 643 5503 stationes
671 5440 941 5503 uocantur,
970 5432 1113 5503 quod
1144 5428 1337 5486 stantes
1367 5440 1417 5485 et
1454 5428 1830 5503 commorantes
1850 5432 1903 5503 in
1915 5428 2003 5485 eis

393 5496 633 5571 inimicos
671 5496 995 5557 insidiantes
1026 5503 1362 5571 repellamus.
1415 5503 1482 5559 Et
1526 5518 1694 5558 serm.
1742 5502 1812 5557 24
1858 5502 2002 5557 hanc

394 5565 898 5645 Quadragesimalis
918 5565 1116 5645 jejunii
1143 5577 1411 5645 rationem
1438 5573 1620 5629 reddit
1639 5620 1653 5643 ,
1681 5572 1825 5644 quod
1854 5575 2005 5645 sicut

394 5641 631 5707 Ρονιιιιιο
656 5641 844 5716 Israel
874 5641 1279 5715 {captivitatis
1325 5641 1662 5716 Egyptiacae
1697 5641 1828 5715 jugo
1857 5643 2001 5702 libe-

393 5712 945 5796 fgiggﬂquadraginta
982 5712 1324 5796 stationibus
1362 5712 1881 5796 seu—mansionibus
1900 5717 2001 5796 _ad

395 5785 601 5859 teer
651 5785 1030 5859 promissionis
1054 5788 1314 5859 pervenit
1335 5830 1351 5857 ,
1402 5787 1603 5843 eodem
1647 5785 1764 5844 fere
1792 5788 1956 5844 modo
1979 5833 1998 5859 ,

394 5848 701 5924 eodemque
724 5868 952 5913 numero
989 5848 1370 5928 jej'uniorum',
1400 5874 1522 5931 quae
1546 5901 1563 5931 ,
1595 5859 1811 5931 inquit,
1841 5848 2001 5918 mani
