3986 6320
458 351 562 410 259

1773 349 2056 409 JOANNIS
2091 349 2402 408 CASSIANI

3616 349 3722 410 N0

461 468 591 522 thali
613 482 807 538 sapore
834 474 1211 538 prosternens.
1261 456 1480 526 Invidia
1497 457 1652 522 ciuus
1680 471 1790 521 "est
1814 466 2034 533 mentis,
2067 481 2116 538 Α
2143 467 2230 520 tiae
2257 462 2559 538 corporalis
2581 466 2911 536 impendere,
2938 474 2996 522 ut
3022 464 3088 521 ad
3111 466 3402 538 puritatem
3427 465 3609 522 cordis
3623 468 3724 524 hoc

457 561 742 618 virulentis
765 576 886 616 eam
917 562 1093 616 succis
1130 574 1507 630 corrumpens,
1569 569 1624 614 et
1680 559 2043 627 prosperitate

457 659 622 715 alieni
645 672 931 712 successus
951 657 1155 727 jugiter
1183 655 1436 709 miseram
1461 653 1777 708 excruciare
1807 667 1912 706 non
1941 652 2043 708 de-

457 752 665 806 sinens.
692 747 1022 814 Cenodoxia,
1047 748 1100 802 id
1127 750 1228 814 est,
1249 762 1382 801 vana
1407 745 1605 816 gloria,
1625 745 1778 800 cibus
1800 744 1918 815 ejus
1935 752 2041 811 est,

456 841 883 912 quidelectabili
903 857 1022 896 eam
1051 857 1175 896 esca
1208 839 1516 909 permulcet
1545 837 1612 893 ad
1646 846 1888 906 tempus;
1924 844 2046 906 post

457 949 589 988 vero
634 948 861 988 vacuam
885 934 1142 1002 omnique
1167 931 1365 985 virtute
1395 930 1684 1000 spoliatam
1739 928 1931 983 reddet
1981 943 2045 984 ac

457 1025 678 1088 nudam,
709 1023 922 1078 cunctis
969 1038 1087 1078 eam
1135 1021 1471 1092 spiritalibus
1503 1019 1774 1074 fructibus
1804 1018 2045 1116 slerikm

456 1117 783 1186 inanemque
812 1116 1128 1170 dimittens:
1165 1117 1236 1169 ita
1259 1124 1318 1169 ut
1361 1130 1468 1168 non
1513 1115 1687 1168 solum
1725 1113 2045 1167 immanium

455 1209 700 1264 laborum
728 1209 893 1263 faciat
924 1210 1115 1263 merita
1142 1207 1420 1276 deperire,
1440 1221 1627 1262 verum
1651 1206 1813 1261 etiam
1844 1205 2048 1274 suppli-

456 1305 538 1358 cia
570 1303 780 1372 majora
804 1305 1108 1374 conquirat.
1140 1303 1332 1356 Omnis
1353 1301 1795 1371 concupiscentia
1826 1309 1883 1355 et
1922 1315 2048 1368 per-

455 1397 672 1465 vagatio
701 1396 882 1450 cordis
912 1395 1203 1459 instabilis,
1239 1404 1428 1464 pastus
1449 1395 1666 1463 quidam
1691 1403 1771 1448 est
1824 1393 2042 1461 animae,

457 1491 636 1544 noxiis
665 1490 804 1545 escis
834 1505 954 1545 eam
993 1491 1264 1554 nutriens,
1294 1499 1576 1558 expertem
1619 1503 1752 1543 vero
1797 1486 2042 1542 caelestis

459 1585 610 1652 panis
639 1598 703 1638 ac
732 1584 891 1638 solidi
915 1584 1020 1640 cibi
1042 1587 1092 1637 in
1116 1593 1391 1653 posterum
1413 1583 1815 1652 derelinquens.
1847 1582 1929 1636 Ab
1960 1580 2046 1635 his

457 1674 662 1744 itaque,
693 1682 898 1744 quanta
915 1676 1071 1731 nobis
1095 1685 1180 1731 est
1205 1677 1398 1742 virtus,
1432 1676 1806 1730 sacratissimo
1829 1675 2046 1744 jejunio

457 1767 824 1836 continentes,
876 1769 1063 1823 utilem
1122 1769 1437 1824 habebimus
1467 1769 1919 1837 commodamque
1947 1768 2046 1823 ob-

2146 573 2432 628 possumus
2451 558 2659 628 jejunio
2691 560 2996 628 pervenire.
3025 557 3296 614 Caeterum
3330 559 3485 614 labor
3507 574 3536 612 a
3561 559 3718 615 nobis

2146 651 2476 720 impenditur
2501 651 2798 717 incassum,
2823 651 2869 705 si
2893 651 3037 708 hunc
3061 651 3280 721 quidem
3311 652 3723 721 contemplatio-

2147 758 2216 798 ne
2237 741 2358 796 ﬁnis
2386 741 2790 813 infatigabiliter
2812 743 3178 809 sustinemus;
3212 743 3377 798 ﬁnem
3409 757 3542 798 vero
3559 758 3725 814 prop-

2146 848 2228 895 ter
2270 855 2431 910 quem
2481 841 2829 896 toleravimus
2878 840 3206 894 alﬁictiones
3236 847 3437 905 tantas,
3470 839 3721 894 obtinere

2147 948 2506 1004 nequeamus:
2532 932 2560 971 δ
2583 933 2882 1003 meliusque
2909 932 3012 988 fuit
3038 931 3342 988 interdictis
3371 931 3514 986 escis
3533 931 3730 986 anima:

2146 1034 2495 1095 temperasse,
2525 1041 2686 1096 quam
2717 1024 3044 1080 voluntariis
3078 1025 3369 1093 minusque
3397 1023 3574 1078 noxiis
3603 1037 3727 1078 cor-

2153 1109 2722 1187 poraliteriejunasse.
2749 1115 2806 1170 In
2833 1116 2919 1170 his
2965 1115 3107 1169 enim
3150 1115 3383 1185 simplex
3428 1123 3484 1168 et
3514 1115 3733 1168 innoxia

2146 1222 2410 1267 creatura:
2455 1211 2551 1265 Dei
2582 1210 2856 1280 perceptio
2905 1217 3010 1277 est,
3060 1208 3193 1262 nihil
3240 1223 3335 1278 per
3383 1207 3734 1276 semetipsam

2147 1304 2350 1359 habens
2378 1305 2581 1374 peccati
2609 1322 2621 1356 :
2662 1314 2684 1341 ο
2709 1303 2761 1357 in
2781 1302 2886 1356 illis
2912 1316 3045 1356 vero
3076 1299 3579 1370 primitus-fratrum
3605 1313 3734 1368 per-

2147 1397 2352 1451 niciosa
2381 1396 2680 1462 devoratio,
2703 1395 2772 1450 de
2800 1410 2904 1465 qua
2923 1394 3150 1448 dicitur:
3183 1391 3210 1430 ιι
3237 1392 3355 1447 Noli
3377 1392 3604 1462 diligere
3632 1392 3735 1446 de-

2147 1486 2386 1553 trahere,
2416 1502 2486 1543 ne
2506 1487 2822 1542 eradiceris.
2847 1485 2915 1539 Et
2935 1485 3003 1539 de
3026 1485 3104 1538 ira
3127 1493 3291 1550 atque
3312 1482 3513 1537 invidia
3538 1484 3734 1537 beatus

2149 1580 2252 1636 Job
2274 1581 2409 1635 dicit
2436 1599 2448 1633 :
2477 1581 2688 1635 Etenim
2717 1589 2739 1615 ⁸
2777 1579 2999 1633 stultum
3040 1576 3302 1631 interﬁcit
3348 1575 3651 1638 iracundia,
3687 1581 3742 1628 et

2148 1674 2429 1745 parvulum
2464 1674 2662 1729 occidit
2693 1673 2896 1728 invidia
2930 1670 3080 1744 (Job
3105 1687 3138 1725 v
3163 1672 3205 1742 ).
3228 1671 3511 1740 Simulque
3542 1679 3743 1725 notan-

2146 1767 2306 1833 dum,
2334 1767 2478 1837 quod
2515 1767 2607 1837 qui
2638 1766 2914 1831 irascitur,
2973 1765 3204 1829 stultus;
3238 1773 3292 1820 et
3335 1765 3429 1834 qui
3482 1764 3692 1819 invidet
3722 1805 3739 1831 ,

456 1862 789 1915 servantiam
809 1862 1006 1930 jejunii
1032 1863 1354 1931 corporalis.
1387 1863 1567 1916 Labor
1594 1877 1825 1930 namque
1855 1876 2048 1915 carna-
2077 1858 2124 1918 B
2153 1863 2407 1934 parvulus
2431 1862 2725 1932 judicetur.
2758 1862 2852 1916 Ille
2885 1876 2949 1914 na
2965 1876 3126 1930 mque
3156 1874 3262 1914 non
3294 1859 3568 1914 immerito
3602 1859 3744 1913 stul-

460 1952 530 2005 lis
580 1953 804 2022 spiritus
853 1954 1166 2008 contritioni
1213 1954 1574 2020 conjuncms,
1617 1953 2051 2022 acceptissimum

453 2044 568 2098 Deo
595 2044 926 2099 sacriﬁcium
959 2044 1292 2114 dignumque
1331 2046 1641 2099 sanctitatis
1686 2045 2051 2099 habitaculum

451 2135 607 2203 puris
638 2135 965 2205 mundisque
1005 2137 1312 2191 recessibus
1349 2136 1653 2191 exhibebit.
1685 2137 1954 2191 Caeterum
2005 2134 2053 2190 si

451 2227 810 2294 corporaliter
834 2227 1149 2297 jejunantes
1184 2227 1660 2295 perniciosissimis
1691 2228 1885 2281 animae
1904 2227 2054 2281 vitiis

453 2320 813 2388 implicemur,
868 2320 1003 2374 nihil
1053 2320 1211 2376 nobis
1260 2320 1504 2390 proderit
1555 2320 1792 2375 carnalis
1824 2319 2052 2374 afﬂictio

448 2413 782 2483 pretiosiore
807 2423 960 2483 parte
985 2415 1241 2483 pollutis;
1273 2429 1368 2484 per
1393 2430 1510 2468 eam
1539 2415 1751 2468 scilicet
1799 2414 2053 2469 substan-

450 2509 578 2560 tiam
609 2507 1053 2576 delinquentibus
1083 2507 1262 2573 nobis,
1299 2523 1406 2577 qua
1451 2508 1722 2562 efﬁcimur
1759 2507 2050 2562 habitacu-

447 2600 558 2653 lum
579 2599 815 2669 Spiritus
841 2603 1039 2657 sancti.
1063 2601 1181 2656 Non
1199 2602 1342 2658 enim
1372 2612 1479 2655 tam
1504 2602 2046 2672 corruptibiliscaro,

445 2704 609 2759 quam
641 2705 737 2745 cor
783 2691 1040 2746 mundum
1084 2692 1454 2747 habitaculum
1514 2693 1626 2748 Deo
1675 2694 2048 2763 templumque

445 2781 689 2850 Spiritus
718 2783 894 2837 sancti
918 2782 1170 2838 efﬁcitur.
1205 2785 1432 2853 Oportet
1461 2800 1614 2854 ergo,
1643 2787 1916 2840 exteriore
1944 2785 2046 2840 ho-

448 2871 597 2926 mine
630 2872 932 2942 jejuuante,
968 2875 1282 2930 interiorem
1311 2890 1526 2944 quoque
1564 2877 1822 2946 similiter
1850 2893 1880 2930 a
1909 2877 2047 2932 cibis

444 2963 626 3018 noxiis
657 2975 964 3036 temperare
993 2982 1188 3036 :quem
1213 2967 1486 3037 praecipue
1507 2968 1758 3024 exhiberi
1785 2969 2046 3024 mundum

446 3057 583 3121 Deo,
609 3068 668 3113 ut
692 3059 960 3129 hospitem
1001 3060 1054 3113 in
1077 3075 1136 3114 se
1164 3060 1446 3114 Christum
1469 3060 1724 3130 recipere
1747 3071 2043 3130 mereatur,

443 3149 637 3205 beatus
662 3151 960 3221 Apostolus
988 3161 1175 3206 monet
1216 3151 1300 3206 his
1347 3153 1533 3207 verbis
1568 3171 1581 3207 :
1617 3163 1642 3190 ιι
1670 3153 1730 3207 In
1759 3154 2044 3220 interiore,

2156 1964 2243 2010 tus
2271 1954 2574 2024 judicatur,
2603 1953 2911 2008 voluntarie
2937 1952 3040 2007 sibi
3071 1961 3307 2006 mortem
3358 1953 3454 2006 ira:
3506 1951 3744 2006 stimulis

2155 2048 2411 2103 incitatus
2455 2046 2768 2110 inducens;
2815 2055 2870 2100 et
2917 2043 3005 2098 hic
3051 2044 3178 2099 dum
3224 2043 3390 2110 livet,
3447 2043 3735 2112 parvulum

2156 2141 2533 2208 minoremque
2555 2153 2616 2193 se
2639 2137 2851 2207 probat.
2901 2135 3042 2190 Dum
3091 2136 3234 2190 enim
3287 2135 3524 2201 invidet,
3566 2143 3742 2189 testa-

2156 2241 2243 2286 tur
2271 2230 2536 2300 majorem
2567 2243 2686 2284 esse
2714 2243 2840 2283 eum
2871 2227 3027 2296 cujus
3059 2227 3421 2296 prosperitate
3441 2227 3741 2282 cruciatur.

2717 2319 2947 2376 CAPUT
2989 2318 3180 2374 XXIII.

2407 2414 2592 2482 Qualis
2637 2429 2747 2468 esse
2783 2412 3022 2466 monachi
3049 2413 3194 2465 cibus
3223 2411 3420 2466 debeat.

2224 2507 2394 2577 Igitur
2415 2516 2500 2561 est
2530 2506 2691 2560 cibus
2724 2501 2745 2542 τ
2772 2504 3055 2574 eligendus
3097 2519 3204 2558 non
3228 2513 3434 2558 tantum
3480 2504 3571 2574 qui
3610 2518 3747 2558 con-

2152 2599 2499 2669 cupiscentiae
2554 2597 2830 2668 ﬂagrantis
2884 2606 3049 2652 aestus
3090 2605 3391 2665 temperet,
3451 2598 3749 2666 minusque

2153 2690 2472 2756 succendat,
2500 2705 2692 2745 verum
2723 2690 2886 2744 etiam
2913 2688 3089 2758 quiad
3122 2687 3417 2757 parandum
3450 2688 3521 2742 sit
3544 2688 3746 2754 facilis,

2151 2795 2208 2842 et
2228 2800 2390 2856 quem
2416 2785 2483 2840 ad
2506 2783 2900 2840 comedendum
2918 2783 3365 2852 opportuniorem
3385 2782 3597 2837 vilioris
3618 2798 3751 2852 pre-

2152 2877 2214 2933 tii
2245 2877 2624 2947 compendium
2657 2884 2917 2946 praestet;
2961 2876 3166 2946 quique
3217 2875 3288 2929 sit
3336 2875 3751 2930 conversationi

2148 2971 2372 3025 fratrum
2401 2970 2631 3038 usuique
2675 2969 3000 3024 communis.
3031 2977 3056 3014 ε
3086 2967 3308 3037 Triplex
3353 2969 3495 3022 enim
3549 2978 3751 3023 natura

2149 3070 2234 3118 est
2253 3063 2688 3133 gastrimargiae:
2719 3078 2826 3117 una
2858 3077 2978 3131 quae
3009 3058 3035 3096 δ
3064 3061 3381 3114 canonicam
3431 3061 3752 3114 refectionis

2150 3155 2338 3211 horam
2372 3157 2676 3225 praevenire
2724 3153 3040 3224 compellit;
3074 3153 3178 3207 alia
3209 3169 3329 3223 qua:
3361 3152 3749 3207 tantummodo

443 3244 712 3312 inquiens,
739 3245 960 3300 homine
1006 3245 1273 3317 habitare_
1305 3244 1585 3300 Christum
1637 3261 1737 3315 per
1790 3247 1949 3304 ﬁdem
1992 3249 2048 3304 in
2077 3242 2123 3306 C
2155 3248 2361 3304 ventris
2387 3249 2620 3317 ingluvie
2642 3256 2698 3302 et
2721 3246 3011 3301 saturitate
3033 3245 3401 3316 quarumlibet
3430 3245 3630 3315 gaudet
3653 3260 3753 3300 es-

443 3307 708 3390 cordibus
719 3337 918 3391 vestris
935 3336 955 3407 (
975 3335 1171 3405 Ephes.
1204 3307 1325 3406 ηδ).

949 3469 1182 3527 CAPUT
1222 3471 1390 3526 XXII.

445 3562 600 3628 Quod
623 3565 815 3618 idcirco
850 3581 943 3618 nos
976 3573 1207 3631 Oporteat
1239 3581 1476 3620 exercere
1531 3566 1896 3621 continentiam
1922 3584 2044 3622 cor-

515 3636 748 3720 poralem
775 3678 789 3702 ,
834 3646 890 3689 ut
934 3652 1024 3707 per
1069 3635 1240 3705 ipsam
1291 3639 1650 3704 perveniamus
1693 3639 1762 3692 ad
1814 3639 2050 3710 spiritale

503 3723 582 3778 μ]
592 3723 794 3760 uniuni.

510 3797 832 3855 Noverimus
857 3799 1044 3869 itaque
1073 3812 1174 3854 nos
1216 3799 1423 3854 idcirco
1472 3801 1713 3856 laborem
1747 3805 2041 3860 continen-

2152 3355 2379 3405 carum;
2411 3341 2593 3405 tertia,
2629 3355 2750 3410 qua:
2785 3338 3214 3394 accuratioribus
3265 3337 3439 3406 epulis
3497 3345 3551 3390 et
3587 3349 3754 3391 escu-

2150 3432 2477 3487 lentioribus
2523 3432 2850 3487 oblectatur.
2903 3431 3137 3502 Ideoque
3187 3430 3452 3485 adversus
3481 3443 3602 3484 eam
3649 3445 3752 3484 ne-

2150 3541 2304 3581 cesse
2344 3536 2431 3580 est
2463 3525 2791 3581 monachum
2826 3526 3232 3580 observantiam
3263 3525 3533 3594 triplicem
3551 3533 3752 3579 custo-

2150 3619 2287 3684 dire,
2307 3618 2359 3673 id
2377 3629 2480 3684 est,
2503 3627 2563 3673 ut
2587 3619 2816 3688 primum
2833 3618 3136 3689 legitimum
3154 3627 3365 3687 tempus
3381 3615 3753 3671 absolutionis

2151 3720 2432 3780 exspectet
2460 3727 2474 3777 ;
2501 3710 2700 3766 deinde
2732 3696 2812 3764 ut.
2839 3710 3107 3764 saturitati
3141 3725 3250 3764 non
3293 3707 3490 3772 cedat;
3535 3706 3706 3763 tertio
3729 3750 3744 3776 ,

2152 3815 2210 3860 ut
2235 3804 2732 3876 qualibuscumque
2774 3804 2918 3858 escis
2963 3802 3250 3858 vilioribus
3303 3809 3597 3857 contentus
3647 3802 3747 3856 sit.

1514 3914 1774 3970 ALARDI
1812 3916 2040 3971 GAZZEI
2079 3917 2643 3975 COMMENTARIUS.

515 4017 541 4044 ι
573 4006 743 4060 Homo
765 4006 993 4062 interior
1011 4006 1276 4076 Apostolo
1303 4005 2043 4077 dicituranima(Ephes.|ut);

441 4080 681 4149 exterior
706 4092 904 4147 corpus
948 4078 968 4149 (
999 4079 1041 4132 ll
1069 4077 1198 4132 Cor.
1233 4093 1286 4131 tv
1322 4078 1371 4144 ):
1407 4079 1547 4130 Licet
1578 4078 1622 4129 is
1671 4081 1756 4145 qui
1791 4080 1918 4146 foris
1947 4090 2044 4143 est,

445 4158 621 4203 noster
654 4148 806 4202 homo
841 4148 1204 4216 corrumpatur
1229 4164 1248 4202 :
1279 4158 1449 4202 tamen
1485 4149 1530 4202 is
1561 4149 1649 4215 qui
1677 4152 1811 4202 intus
1843 4159 1933 4214 est,
1965 4167 2048 4204 re-

443 4219 661 4274 nbvatur
694 4220 758 4273 de
785 4220 869 4272 die
908 4221 963 4273 in
994 4222 1150 4273 diem.
1199 4219 1278 4272 De
1312 4219 1414 4274 hac
1466 4221 1872 4274 notnenclatura
1925 4222 2050 4277 vide

449 4291 506 4346 S.
537 4290 734 4344 Thom.
771 4301 969 4359 tparte
994 4299 1192 4360 quaest.
1223 4291 1312 4352 75.
1343 4305 1396 4344 a.
1430 4293 1482 4345 4.

517 4361 544 4398 δ
585 4361 974 4429 Paraphrastes
1003 4380 1015 4415 :
1050 4361 1398 4414 Laudabilius
1428 4371 1504 4416 est
1539 4380 1574 4417 a
1602 4363 1873 4432 prohibitis
1918 4364 2046 4419 cibis

444 4435 648 4496 animat,
681 4441 855 4502 utpote
880 4433 1013 4486 vitiis
1043 4433 1369 4497 abstinuisse,
1416 4451 1572 4503 quam
1602 4451 1634 4487 a
1658 4435 1969 4490 voluntariis
1998 4444 2047 4491 et

444 4506 613 4557 minus
637 4505 805 4556 noxiis
833 4505 962 4557 escis
997 4504 1229 4571 corporis
1253 4505 1542 4573 jejunasse.

518 4585 538 4612 ο
568 4573 634 4627 In
655 4575 781 4640 illis,
803 4589 1019 4643 nempe,
1045 4577 1333 4628 interdictis
1364 4577 1491 4629 escis
1516 4578 1724 4634 miimte.
1755 4577 1862 4633 i.e.
1890 4581 2039 4635 vitiis

447 4656 504 4701 et
531 4646 766 4712 peccatis
795 4664 807 4697 :
842 4661 948 4699 non
972 4648 1026 4698 in
1047 4648 1160 4711 illa,
1194 4658 1251 4700 ut
1277 4650 1327 4699 in
1351 4647 1674 4712 quihttstltm
1704 4648 1954 4716 habetur,
1984 4660 2043 4706 et

449 4718 609 4770 male.
640 4717 781 4781 Quid
805 4717 1247 4788 enitureferret,
1300 4717 1396 4771 illa
1417 4720 1442 4772 .9
1472 4719 1763 4788 Dionysius
1806 4722 1878 4776 ita
1913 4723 2039 4777 red-

444 4790 523 4841 dit
553 4797 610 4842 et
639 4787 917 4845 elucidat:
962 4787 1025 4840 In
1065 4785 1160 4841 illo
1200 4801 1342 4854 vero,
1393 4800 1570 4856 utpote
1614 4785 1709 4843 esu
1763 4795 2039 4847 noxiorum

440 4861 673 4913 ciborum
703 4859 912 4923 animle,
964 4861 1321 4931 seurvitiorunt
1358 4864 1701 4931 perceptione,
1745 4873 1819 4916 est
1871 4866 2036 4926 primo

440 4931 730 5000 perniciosa
749 4931 1010 4984 devoratio
1044 4930 1288 4999 fratrum.
1315 4954 1331 4967 ο

515 4999 542 5038 ά
577 5003 649 5054 lta
669 5001 1231 5079 SeptuagLProverb.
1262 5019 1364 5079 xx_:
1395 5007 1680 5079 Μὴ-ἁγάτςα
1709 5005 2030 5071 καταλαλεῖν,

439 5076 524 5150 ira
553 5079 635 5150 pii
659 5072 890 5150 ἕξαρθῇς.
909 5073 993 5150 _Et
1021 5073 1095 5150 ita
1125 5074 1254 5150 citat
1284 5075 1447 5150 etiam
1581 5075 1946 5150 Ilieronytnus
1979 5079 2035 5130 in

439 5143 672 5217 cpiftola
717 5143 784 5199 ad
816 5143 1129 5198 "Celantiam
1162 5143 1371 5214 (Epist.
1425 5145 1493 5199 M
1522 5147 1573 5215 ),
1605 5158 1659 5202 et
1704 5143 1966 5217 Apologia
2001 5150 2036 5200 5

442 5219 494 5267 in
529 5216 824 5280 Rulinum;
875 5230 973 5284 pro
1023 5231 1130 5283 qtto
1181 5220 1394 5283 vulgata
1437 5219 1617 5272 versio
1660 5219 1826 5273 habet
1859 5216 2036 5271 :Noli

442 5286 654 5355 diligere
680 5303 916 5340 somnum
939 5327 954 5351 ,
987 5303 1050 5339 ne
1092 5296 1287 5356 egestas
1316 5298 1364 5339 te
1394 5290 1673 5357 Opprimat.

516 5366 537 5392 ε
583 5358 718 5411 Aliis
755 5359 938 5412 verbis
969 5357 1389 5412 Ecclesiasticns
1420 5374 1543 5426 cap.
1584 5376 1685 5412 xxx
1720 5377 1731 5410 :
1775 5359 1934 5414 Zelus
1985 5367 2035 5411 et

437 5428 713 5480 iracundia
736 5431 977 5480 minuunt
997 5430 1128 5492 dies,
1149 5438 1197 5481 et
1217 5439 1338 5482 ante
1362 5440 1562 5498 tempus
1585 5439 1840 5484 senectam
1867 5430 2035 5482 addu-

438 5507 514 5551 cet
561 5500 832 5570 cOgitatus.
880 5501 989 5553 Cur
1018 5512 1202 5554 autem
1233 5501 1523 5555 iracundus
1575 5501 1770 5565 stulto,
1802 5511 1856 5555 et
1888 5501 2035 5554 invi—

439 5570 539 5622 dus
553 5569 818 5641 parvulo,
852 5581 1228 5639 comparetur,
1261 5573 1455 5626 eodem
1487 5572 1601 5626 fere
1649 5573 1809 5626 modo
1848 5572 2032 5641 expli-

439 5639 616 5712 cat‘D.
646 5639 938 5705 Gregorius
968 5647 985 5712 (
1016 5641 1130 5696 Lib.
1165 5659 1195 5694 v
1226 5643 1419 5696 Mora].
1452 5658 1502 5698 c.
1534 5645 1603 5698 55
1626 5643 1667 5712 ).

519 5708 535 5745 τ
579 5711 667 5764 Sic
689 5712 852 5764 etiam
879 5708 1064 5766 monet
1097 5715 1156 5766 D.
1189 5713 1422 5768 Basilius
1457 5733 1469 5766 :
1506 5708 1758 5768 Omnibus
1783 5715 1838 5767 in
1876 5714 2028 5778 locis,

440 5781 718 5848 inquiens,
771 5782 911 5835 cibus
931 5823 947 5846 ,
979 5785 1068 5852 qui
1106 5785 1173 5838 sit
1203 5787 1272 5838 ad
1301 5787 1460 5839 vitam
1503 5787 1822 5841 necessarius
1851 5789 2032 5841 solerti

440 5853 643 5908 ratione
703 5855 1079 5925 inquirendas;
1146 5857 1695 5931 condimentorumque
1749 5859 2034 5916 elaborata:

2157 4011 2445 4077 blanditiae,
2477 4020 2523 4064 et
2555 4011 2832 4077 voluptatis
2852 4011 3104 4065 illecebra:
3125 4010 3466 4077 repudianda:
3480 4009 3749 4080 (lnstitut.

2152 4081 2548 4152 Monac/i._cap.
2599 4082 2721 4151 10).
2769 4082 3135 4152 Hieronymus
3178 4082 3274 4135 lib.
3307 4098 3343 4136 tt
3372 4091 3558 4136 contra
3589 4081 3752 4135 Jovi-

2151 4153 2299 4206 ttian.
2330 4171 2340 4204 :
2374 4150 2456 4205 Ne
2485 4155 2611 4205 tales
2640 4150 2957 4224 accipiamus
2983 4150 3124 4206 cibos
3147 4197 3160 4219 ,
3193 4170 3318 4222 quos
3345 4163 3437 4206 aut
3466 4153 3750 4222 diﬂiculter

2151 4225 2410 4296 digerere,
2442 4223 2782 4296 autcomesos
2813 4241 2996 4296 magno
3025 4235 3200 4295 partos
3231 4234 3277 4276 et
3308 4225 3531 4294 perditos
3569 4223 3750 4296 labore

2148 4294 2413 4348 deleamus
2444 4309 2461 4348 :
2489 4294 2692 4348 olerum
2718 4337 2730 4358 ,
2761 4294 3063 4366 pomorum,
3095 4315 3156 4348 ac
3185 4296 3501 4363 leguminum
3527 4303 3572 4347 et
3601 4295 3747 4364 faci-

2151 4367 2249 4420 lior
2278 4375 2558 4435 apparatus
2580 4378 2686 4431 est,
2718 4378 2765 4420 et
2794 4378 2902 4420 arte
2931 4367 3302 4435 impendiisque
3329 4383 3606 4437 coquorum
3637 4383 3748 4419 non

2147 4439 2382 4509 indiget,
2407 4446 2455 4490 et
2483 4438 2594 4490 sine
2615 4454 2739 4490 cura
2777 4447 3030 4509 sustentat
3073 4440 3352 4489 humanum
3398 4453 3606 4508 Corpus,
3630 4453 3751 4490 mo-

2147 4508 2424 4580 derateque
2468 4521 2700 4580 sumptus
2745 4508 2920 4580 leviori
2959 4509 3247 4577 digestione
3289 4510 3663 4574 concoquitur;
3693 4518 3752 4561 et

2148 4579 2283 4633 infra
2317 4599 2329 4633 :
2367 4579 2625 4651 Epicurus
2654 4579 2935 4650 voluptatis
2963 4587 3188 4651 assertor
3217 4595 3392 4632 omnes
3433 4580 3748 4651 sttOSAllltrOS

2145 4653 2354 4723 replevit
2401 4649 2624 4704 oleribus
2674 4660 2719 4702 et
2767 4649 2965 4720 pomis,
3007 4660 3054 4723 et
3095 4649 3279 4702 vilibus
3309 4651 3434 4723 cibis
3471 4649 3593 4701 dicit
3629 4665 3749 4702 esse

2144 4720 2436 4782 vivendum,
2460 4724 2582 4790 quia
2605 4737 2782 4773 carnes
2811 4729 2856 4772 et
2886 4722 3156 4791 exquisita:
3203 4720 3370 4791 epulae
3390 4721 3586 4790 ingenti
3615 4737 3750 4772 cura

2143 4809 2206 4845 ac
2233 4793 2438 4847 miseria
2467 4802 2843 4860 pra'parcntur.
2881 4791 3015 4846 Vide
3044 4790 3109 4846 D.
3146 4790 3371 4847 Bernar.
3398 4793 3448 4845 in
3475 4792 3743 4861 Apologia

2143 4864 2209 4918 ad
2247 4864 2593 4918 Guilielmnm
2636 4862 2910 4916 abbatem.

2216 4943 2242 4981 ε
2276 4936 2410 4988 Tres
2435 4942 2637 4986 tantum
2665 4937 2876 4999 species
2897 4933 3034 5004 gula:
3080 4933 3169 4987 hic
3205 4943 3260 4988 et
3287 4933 3414 4986 alibi
3441 4931 3598 5003 (Vide
3619 4930 3744 5004 Col.

2145 5005 2178 5058 5
2203 5022 2248 5057 c.
2285 5005 2373 5070 ll)
2406 5013 2651 5059 recenset
2682 5003 2941 5058 Auctnr’:
2986 5004 3050 5058 ad
3083 5020 3215 5073 quas
3243 5015 3420 5058 tamen
3459 5004 3579 5057 aliae
3617 5003 3748 5058 dua:
3807 5039 3811 5044 —

2143 5077 2395 5142 Superius
2421 5076 2571 5148 (Cap.
2622 5076 2694 5130 ‘20
2721 5079 2880 5148 hujus
2903 5076 3022 5146 lib.)
3055 5077 3338 5129 recensita:
3365 5074 3523 5127 facile
3552 5074 3747 5148 reduci

2145 5157 2372 5214 possunt
2429 5147 2552 5202 nam
2588 5148 2724 5203 :sub
2773 5147 2980 5201 ventris
3030 5147 3301 5217 ingluvie,
3355 5155 3408 5200 et
3457 5147 3748 5217 saturitate

2143 5219 2500 5273 continentur
2547 5234 2801 5273 excessus
2853 5220 2902 5272 in
2952 5216 3251 5287 quantitate
3300 5217 3443 5280 cibi,
3491 5216 3748 5269 etmodo

2143 5288 2340 5342 edendi
2377 5308 2390 5342 :
2420 5300 2474 5344 et
2502 5291 2602 5344 sub
2634 5292 2788 5343 tertia
2823 5291 3006 5358 specie
3047 5289 3132 5342 hic
3162 5303 3423 5357 expressa
3455 5287 3746 5340 continen-

2143 5367 2232 5412 tur
2259 5375 2518 5414 excessus
2546 5363 2599 5414 in
2630 5363 2931 5414 substantia
2965 5371 3020 5414 et
3058 5361 3320 5428 qualitate
3365 5358 3632 5412 ciborum.

2215 5428 2244 5467 ιι
2281 5429 2635 5494 Canonicam,
2668 5432 2719 5484 id
2751 5441 2834 5484 est
2866 5433 3173 5497 regularem
3196 5472 3210 5492 ,
3241 5440 3460 5496 statam,
3487 5439 3540 5483 et
3570 5445 3597 5480 a
3623 5442 3745 5480 ma-

2137 5501 2350 5568 joribus
2397 5503 2718 5556 institutam.
2770 5502 3030 5567 Superius
3077 5501 3217 5555 dixit
3257 5520 3269 5553 :
3303 5512 3422 5554 ante
3461 5500 3745 5554 stationem

2141 5572 2422 5643 legitimam
2455 5571 2611 5645 (Cap.
2641 5572 2770 5645 20).,
2791 5573 2858 5645 Et
2885 5572 3020 5645 infra
3045 5591 3066 5645 7:
3099 5573 3385 5642 legitimum
3415 5581 3616 5645 tempus
3638 5570 3746 5645 ab—

2140 5639 2416 5698 solutionis
2437 5639 2672 5711 ;‘nentpe
2697 5659 2726 5695 a
2753 5643 2982 5709 jejunio.
3021 5644 3083 5697 Et
3109 5639 3299 5698 rursus
3330 5658 3451 5709 cap.
3480 5641 3552 5695 24
3583 5659 3594 5694 :
3632 5639 3746 5694 Us-

2138 5731 2238 5786 que
2266 5715 2336 5767 ad
2367 5717 2709 5786 praestitutam
2738 5714 2933 5786 jejunii
2975 5712 3193 5785 horam,
3225 5715 3523 5786 refectionis
3551 5712 3747 5785 regula

2137 5797 2447 5848 servaretur.
