3986 6320
292 247 389 310 ιιι

788 258 879 316 DE
914 260 1399 324 C(ENOBIORUM
1437 265 1687 327 INSTIT.
1728 268 1864 326 LIB.
1904 268 1974 327 ν.
2003 301 2073 314 -
2099 273 2191 329 DE
2229 274 2504 335 SPIRITU
2544 278 3113 343 GASTRIMARGIE.

3472 290 3581 348 2&2

291 366 562 481 Quidquid
608 381 793 430 autem
831 385 984 433 extra
1030 382 1484 481 consuetudinem
1526 388 1881 481 prmsumitur
1906 390 1964 453 Α
1987 393 2368 463 pronuntiant;
2408 413 2594 454 verum
2628 410 2889 472 quantum
2930 404 3049 461 fieri
3099 412 3313 475 potest,
3365 408 3584 481 contegi

291 477 560 536 usumque
597 482 965 539 communem,
1012 481 1076 529 ut
1124 476 1382 532 vanitatis
1410 486 1467 534 et
1489 479 1678 550 gloria
1722 490 1887 552 atque

290 558 678 617 ostentationis
704 562 896 619 morbo
927 565 1194 636 pollutum
1214 608 1230 634 ,
1262 569 1639 641 antiquissima
1666 581 1887 643 patrum

291 650 510 708 traditio
539 658 779 723 notavit;
806 674 907 717 nec
934 676 1264 733 quemquam
1295 680 1362 721 ex
1389 666 1473 721 his
1508 682 1648 739 quos
1686 669 1887 725 merito

286 745 527 803 scientias
580 764 646 806 ac
695 751 1046 810 discretionis
1084 758 1351 816 enituisse
1397 761 1751 831 pervidimus,
1794 763 1885 819 vel

288 853 417 910 quos
444 840 516 897 ad
544 843 871 901 imitandum
903 849 1078 919 gratia
1101 850 1305 908 Christi
1331 854 1481 910 velut
1508 855 1886 925 splendidissi-

286 947 368 987 ma
415 932 710 992 luminaria
761 940 1020 997 omnibus
1070 943 1419 1015 praelocavit,
1468 961 1565 1004 esu
1598 949 1754 1019 panis
1790 950 1883 1021 qui

283 1024 419 1093 apud
448 1040 547 1082 eos
570 1028 697 1084 vilis
728 1028 962 1087 habetur
1005 1048 1070 1090 ac
1095 1033 1291 1104 facilis,
1326 1038 1659 1097 abstinuisse
1681 1054 1883 1112 cogno-

284 1115 492 1185 vimus;
520 1136 623 1177 nec
657 1138 848 1178 eorum
874 1126 1182 1197 quempiam
1210 1130 1304 1200 qui
1344 1130 1484 1189 hanc
1511 1135 1756 1206 regulam
1780 1136 1879 1193 de-

286 1208 573 1282 clinantes,
607 1215 983 1283 prastermisso
1007 1218 1163 1288 panis
1210 1236 1332 1289 usu,
1378 1223 1735 1295 leguminum,
1787 1225 1881 1283 vel

282 1300 514 1372 olerum,
533 1319 631 1359 seu
646 1320 932 1377 pomorum
954 1309 1305 1368 refectionem
1325 1316 1518 1370 sectati
1538 1318 1882 1386 sunt,‘inter

282 1396 705 1465 probatissimos
741 1399 986 1456 habitum
1013 1401 1306 1475 aliquando
1339 1409 1749 1479 conspeximus,
1779 1411 1879 1468 sed

280 1500 346 1541 ne
366 1485 723 1545 discretionis
760 1491 980 1562 quidem
1026 1503 1121 1550 aut
1155 1497 1401 1555 scientiae
1429 1501 1660 1572 gratiam
1686 1516 1880 1559 conse—

281 1588 483 1635 cutum.
531 1580 653 1638 Non
691 1584 875 1640 solum
932 1587 1077 1643 enim
1130 1590 1348 1646 caeteris
1388 1592 1679 1650 inusitatas
1722 1610 1879 1652 escas

279 1682 534 1743 expetere
558 1675 888 1733 monachum
918 1694 1029 1735 non
1051 1680 1256 1739 debere
1280 1683 1602 1754 decernunt,
1633 1702 1705 1743 ne
1723 1687 1879 1745 vide-

1995 488 2201 559 pariter
2228 499 2286 546 et
2328 492 2610 550 abscondi.
2643 496 3084 555 Adventantibus
3114 507 3296 557 autem
3324 498 3584 558 fratribus

1993 581 2169 653 magis
2193 581 2544 642 humanitatis
2584 602 2649 643 ac
2671 588 2979 647 dilectionis
3000 590 3187 647 oﬂ‘erri
3217 591 3419 648 debere
3463 593 3580 649 vir-

1993 684 2188 743 tutem,
2211 694 2370 749 quam
2394 680 2742 737 continentiae
2784 683 3202 751 districtionem,
3233 694 3290 741 et
3312 685 3584 757 quotidia-

1992 770 2049 826 ni
2088 771 2350 842 propositi
2398 773 2636 842 rigorem
2693 774 3029 832 manifestari
3070 776 3406 849 probabilius
3451 792 3585 836 cen-

1990 874 2237 931 suerunt,
2270 880 2371 922 nec
2398 866 2526 937 quid
2563 866 2816 924 voluntas
2862 869 3176 941 utilitasque
3229 878 3449 938 nostra,
3484 885 3584 927 seu

1993 956 2254 1014 desiderii
2283 959 2451 1014 ardor
2477 970 2772 1031 exposcat,
2818 961 3129 1028 attendere;
3159 962 3257 1018 sed
3295 963 3443 1034 quod
3488 962 3588 1019 ad-

1988 1050 2262 1107 venientis
2290 1050 2528 1122 requies,
2557 1052 2642 1106 vel
2669 1051 2954 1110 inlirmitas
2997 1052 3185 1127 exigit,
3219 1069 3542 1127 prmponere
3562 1099 3578 1127 ,

1988 1153 2048 1199 et
2070 1151 2351 1215 gratanter
2390 1144 2638 1216 implere.

2557 1281 3010 1353 asporxmv.

2047 1378 2199 1445 Quod
2225 1379 2279 1434 in
2300 1377 2534 1452 Egypto
2560 1377 2916 1452 indifferenter
2934 1379 3158 1435 uidimus
3176 1380 3270 1436 sub
3302 1381 3527 1438 aduentu
3620 1403 3645 1450 τε

2329 1450 2502 1507 nostra
2529 1451 2657 1506 solvi
2682 1450 2987 1522 quotidiana
3004 1452 3235 1523 jejunia.

2057 1588 2087 1627 δ
2126 1586 2261 1644 Cum
2290 1587 2360 1644 de
2383 1587 2556 1660 Syria:
2584 1587 2833 1659 partibus
2874 1589 3152 1645 seniorum
3181 1591 3317 1646 scita
3361 1590 3575 1648 discere

1986 1682 2293 1751 cupientes,
2319 1680 2546 1753 Egypti
2595 1680 2930 1751 provinciam
2988 1682 3346 1753 petissemus,
3398 1684 3581 1756 ibique

278 1765 400 1822 licet
428 1781 630 1824 cursus
660 1769 781 1840 ejus
808 1770 962 1827 velut
991 1770 1047 1827 in
1074 1777 1368 1845 propatulo
1408 1779 1627 1835 cunctis
1655 1779 1878 1850 exposi-
1904 1790 1955 1853 Β
1983 1784 2136 1831 tanta
2175 1773 2355 1831 cordis
2400 1774 2680 1831 alacritate
2727 1788 2828 1830 nos
2873 1775 3082 1845 suscipi
3123 1776 3471 1843 miraremur,
3520 1785 3583 1833 ut

277 1868 379 1923 tus,
410 1858 595 1914 inanis
643 1859 823 1917 factus
867 1876 933 1918 ac
970 1878 1175 1921 vacuus
1203 1866 1527 1924 cenodoxia:
1557 1869 1755 1925 morbo
1780 1869 1877 1926 de-

275 1960 481 2021 pereat,
504 1951 604 2008 sed
626 1968 695 2008 ne
722 1954 898 2024 ipsam
931 1971 1148 2029 quoque
1172 1958 1509 2030 jejuniorum
1559 1963 1875 2033 castigatio-

274 2057 391 2098 nem
422 2057 777 2103 communem
816 2047 1066 2119 cuiquam
1123 2049 1284 2107 facile
1313 2052 1562 2124 patefleri
1614 2064 1871 2124 oportere

1979 1869 2127 1925 nulla
2174 1884 2433 1940 prorsus,
2465 1870 2607 1925 sicut
2645 1868 2924 1926 fueramus
2960 1871 3014 1926 in
3054 1871 3359 1929 Palmstinte
3388 1888 3581 1930 mona-

1978 1961 2161 2017 steriis
2186 1962 2445 2024 instituti,
2471 1975 2643 2031 usque
2671 1960 2737 2015 ad
2761 1964 3121 2031 praestitutam
3141 1962 3336 2033 jejunii
3360 1964 3576 2032 horam,

1978 2053 2297 2110 refectionis
2318 2053 2504 2123 regula
2525 2062 2864 2122 servaretur,
2896 2053 2993 2111 sed
3027 2064 3052 2094 ο
3080 2054 3294 2127 absque
3320 2055 3580 2126 legitimis

1134 2282 1138 2287 ,
1272 2195 1287 2204 ’
1348 2212 1606 2272 suum
1645 2214 1885 2272 GAZEI
1923 2214 2495 2274 COMMENTARIUS.

337 2339 365 2368 ι
386 2330 496 2416 _Sic
522 2329 701 2418 abbas
728 2330 951 2418 plays-es
977 2331 1381 2418 Gollat._2_cap.
1425 2333 1536 2418 19.:
1568 2333 1868 2418 Discutien-
1977 2351 2192 2418 vespera
2228 2332 2482 2418 Dominus
2504 2334 2731 2418 “Pascha
2772 2353 2889 2391 eum
2914 2337 3186 2418 discipulis
3221 2338 3575 2418 mandueauit,

268 2412 360 2471 tes,
386 2402 587 2473 inquit,
620 2402 962 2457 continentias
981 2445 995 2466 ,
1025 2404 1077 2457 id
1106 2414 1193 2459 est
1219 2404 1598 2471 abstinentias,
1623 2406 1867 2459 diverso-

266 2491 381 2528 rum
402 2517 417 2540 ,
448 2472 540 2545 qui
581 2474 663 2528 uel
692 2472 818 2527 solis
848 2474 1225 2545 leguminibus,
1258 2476 1340 2530 uel
1384 2477 1607 2531 oleribus
1638 2485 1863 2542 tantum,

269 2548 347 2619 uel
371 2546 538 2612 pomis
574 2546 739 2619 uitam
767 2547 970 2617 jugiter
1009 2548 1260 2619 exigant,
1291 2564 1618 2619 prwposuere
1663 2547 1867 2603 cunctis

272 2617 375 2698 illis
400 2617 737 2698 nefectionem
764 2619 929 2698 solius
950 2617 1142 2698 panis,
1172 2629 1279 2698 etc.

342 2687 372 2725 δ
407 2688 495 2745 Sic
522 2703 675 2752 saepe
696 2730 712 2753 ,
743 2698 797 2743 et
825 2687 1070 2758 pluribus
1101 2692 1152 2742 in
1185 2690 1321 2744 locis
1341 2733 1357 2757 ,
1399 2690 1492 2745 ubi
1536 2705 1596 2745 se
1622 2690 1867 2747 ostendit

282 2759 428 2826 prius
467 2760 515 2813 in
542 2758 758 2830 Syriae,
801 2757 918 2813 sive
947 2757 1259 2815 Palmstinzc
1302 2763 1649 2817 monasteriis
1676 2776 1865 2817 versa-

284 2841 600 2903 tuquuam
633 2832 701 2885 ad
732 2830 953 2903 Egypti
976 2832 1299 2903 solitudines
1331 2833 1792 2901 proficisceretur.

348 2912 372 2939 ε
409 2901 519 2957 Hoc
549 2911 634 2957 est
657 2947 672 2969 ,
722 2901 967 2972 exceptis
1008 2902 1233 2973 jejuniis
1262 2912 1472 2972 quarta:
1501 2916 1556 2959 et
1584 2913 1755 2959 sexta:
1786 2903 1868 2960 fe-

272 2973 397 3046 ria,
437 2989 559 3045 qua:
617 2974 861 3041 legitima
910 2984 1123 3046 vocat,
1154 2975 1281 3045 quia
1326 2976 1445 3046 lege
1484 2985 1539 3030 et
1581 2985 1867 3046 praecepto

272 3045 532 3119 Ecclesia:
562 3047 775 3119 sancita
812 3049 911 3115 (ut
941 3045 1196 3119 superius
1226 3062 1290 3119 ex
1321 3045 1549 3119 Babano
1577 3046 1866 3119 notatum)

270 3128 322 3170 et
348 3117 458 3172 illis
508 3117 853 3185 temporibus
888 3117 1169 3171 communi
1213 3117 1452 3172 fidelium
1496 3132 1597 3172 usu
1641 3117 1865 3188 recepta

272 3199 325 3242 et
352 3188 666 3243 observata.
694 3188 773 3241 De.
802 3188 885 3242 his
924 3189 1069 3242 enim
1109 3198 1289 3243 exstat
1319 3205 1494 3244 canon
1527 3190 1866 3258 apostolicus

272 3275 420 3338 num.
446 3259 538 3323 68,
569 3274 681 3338 quo
728 3261 1179 3338 τεσςσαρακρστΑὰς,
1216 3264 1301 3338 grai
1326 3258 1552 3338 τετράδα
1579 3266 1664 3317 καὶ
1691 3282 1866 3338 παρα·-

273 3337 456 3391 σκενήν
488 3332 776 3395 νηστεύειν,
809 3331 912 3384 hoc
938 3332 1043 3393 est,
1075 3331 1593 3403 Quadragesimam,
1623 3342 1677 3386 et
1703 3331 1866 3403 qu'ar-

274 3412 374 3456 tam
404 3402 638 3469 feriam,
671 3412 727 3457 et
755 3416 1108 3473 parascevem
1133 3402 1389 3472 jejunare
1420 3404 1533 3471 pari
1564 3402 1865 3459 severitate

272 3474 606 3543 praecipitur.
636 3474 714 3527 Ne
741 3475 863 3540 quis
887 3483 1068 3527 autem
1101 3476 1492 3543 interpretetur
1525 3475 1668 3529 hunc
1697 3488 1864 3528 cano-

270 3559 389 3599 nem
422 3544 494 3601 de
525 3547 642 3599 sola
687 3556 879 3611 quarta
920 3544 1052 3599 feria
1092 3554 1146 3600 et
1187 3560 1479 3614 parasceve
1505 3544 1863 3601 hebdomadas

271 3625 510 3686 sancta,
553 3631 621 3671 eo
668 3614 813 3686 quod
846 3629 951 3669 vox
983 3630 1282 3685 parasceve
1321 3617 1471 3670 illam
1516 3616 1862 3672 solummodo

270 3687 411 3743 diem
459 3685 1047 3757 signiﬁcarevideatur
1076 3703 1090 3737 :
1124 3690 1458 3752 notandum,
1504 3689 1862 3744 consuevisse

272 3758 457 3815 Patres
485 3760 709 3815 Graecos
732 3758 1035 3827 quamlibet
1067 3757 1255 3811 feriam
1302 3770 1510 3814 sextam
1542 3773 1738 3813 vocare
1769 3774 1863 3827 pa-

275 3844 592 3894 rascevem;
626 3829 1084 3898 quemadmodum
1114 3829 1251 3883 ordo
1296 3830 1574 3883 Romanus
1620 3830 1862 3898 singulos

271 3901 381 3955 dies
407 3902 716 3955 dominicus
745 3900 985 3969 appellat
1031 3898 1151 3954 die‘s
1182 3900 1411 3955 Pascha:
1436 3942 1449 3963 .
1484 3912 1544 3955 ut
1586 3899 1862 3956 Cullector

274 3971 637 4044 liturgicarum
680 3973 1064 4041 antiquitatum
1106 3981 1264 4044 acute
1307 3972 1619 4044 observavit
1667 3971 1861 4044 (Apud

274 4041 503 4097 Gratian.
530 4044 597 4097 de
620 4043 1020 4115 Conscendist.
1054 4045 1111 4099 ⁸5.
1136 4060 1183 4115 σέ
1216 4041 1535 4115 Jejunium).
1572 4041 1856 4098 Est'etiam

274 4117 574 4181 Apostolica
606 4114 927 4169 constitutio
970 4115 1111 4176 apud
1142 4111 1607 4171 Clctuetttem’lib.
1656 4131 1686 4167 v
1735 4130 1856 4183 cap.

275 4186 458 4240 ultimo
490 4189 542 4240 in
574 4186 691 4241 haec
720 4185 885 4240 verba
935 4201 949 4239 :
982 4184 1325 4256 Prazcipimus
1372 4187 1512 4240 vobis
1533 4231 1546 4253 ,
1579 4187 1776 4256 quartis
1810 4196 1861 4240 et

274 4259 422 4328 satis
466 4256 611 4327 feriis
648 4258 914 4327 jejunare.
950 4256 1011 4309 D.
1057 4256 1221 4310 etiam
1268 4256 1507 4328 Ignatius
1537 4258 1699 4321 epist.
1729 4259 1761 4311 ll
1789 4257 1860 4312 ad

275 4326 490 4401 Philip,
517 4326 761 4401 Quartis,
812 4328 1021 4401 inquit,
1064 4336 1112 4401 et
1143 4326 1313 4381 sextis
1329 4329 1471 4401 feriis
1489 4329 1732 4401 jejunare
1756 4345 1860 4382 non

277 4399 578 4470 negligatis,
626 4398 855 4452 ciborum
903 4399 1150 4471 reliquias
1194 4398 1509 4471 pauperibus
1539 4398 1858 4471 largientes,

275 4468 373 4524 etc.
404 4471 561 4539 Quod
593 4481 647 4524 et
679 4474 729 4524 in
763 4477 875 4524 tcta
923 4468 1164 4537 Equesia
1196 4468 1314 4523 usti
1365 4468 1653 4538 receptum
1690 4468 1861 4526 fuisse

279 4549 502 4596 testatur
526 4542 897 4596 Tertullianus
925 4540 1021 4596 lib.
1056 4540 1124 4595 de
1163 4540 1380 4609 Jejunio
1402 4582 1418 4607 ,
1451 4556 1572 4594 cum
1606 4542 1681 4594 ait
1711 4558 1722 4591 ε
1751 4539 1859 4595 Cur

274 4612 575 4667 stationibus
597 4624 835 4679 quartam
861 4621 909 4666 et
953 4621 1152 4667 sextam
1179 4613 1362 4679 feriam
1385 4611 1583 4665 sabbati
1602 4614 1860 4679 dicamus,

277 4692 375 4738 etc.
408 4682 575 4767 (Vide
603 4682 803 4767 Bellar:
905 4700 944 4739 ιι
970 4681 1416 4767 geUBonisﬂper.
1447 4699 1568 4767 camp:
1596 4682 1699 4767 ἓξ,
1733 4681 1866 4767 Hie:

277 4770 384 4810 ron.
412 4752 468 4809 in
498 4772 543 4808 ε.
571 4770 626 4809 tv
654 4755 723 4807 ad
755 4753 874 4809 Gal.
893 4795 909 4821 ,
960 4753 1178 4808 Pallad.
1222 4753 1466 4810 Lausiac.
1499 4755 1588 4811 5i.
1625 4752 1863 4809 Meminit

279 4829 422 4878 etiam
452 4826 606 4882 Socr.
642 4824 732 4879 lib.
764 4840 915 4897 Vite.
947 4824 1090 4897 22);
1132 4826 1338 4895 jejunia
1365 4842 1464 4881 suo
1485 4841 1637 4880 more
1670 4826 1863 4880 statio-

279 4913 366 4948 nes
391 4912 593 4952 vocans
612 4938 627 4962 ,
661 4897 805 4966 quod
833 4896 942 4952 illis
967 4896 1164 4952 diebus
1191 4906 1330 4951 stata
1360 4909 1414 4953 et
1444 4906 1642 4951 statuta
1676 4904 1863 4953 essent

275 4967 491 5036 jejnnia,
523 4979 581 5023 ut
610 4968 816 5022 dictum
843 4976 947 5023 est.
982 4968 1224 5037 Denique
1253 4966 1510 5025 Clemens
1540 4966 1862 5024 Alexandri-

282 5055 373 5091 nus
401 5040 538 5093 libro
559 5040 792 5107 septimo
823 5037 1162 5110 Stromatum
1196 5057 1208 5092 :
1241 5038 1423 5105 Novit,
1455 5040 1653 5110 inquit,
1685 5039 1862 5108 ﬁdelis

279 5110 549 5184 (enigmata
580 5112 773 5184 jejunii
800 5109 1003 5184 Aliorum
1030 5111 1263 5174 dierum,
1292 5111 1495 5184 quarti,
1542 5111 1792 5184 inquam,
1815 5118 1864 5163 et

278 5184 419 5235 sexti.
454 5182 556 5238 Ubi
581 5181 845 5253 inysteria
879 5192 1038 5253 vocat
1069 5184 1326 5253 mysticas
1355 5189 1410 5237 et
1448 5182 1679 5253 latentes
1718 5181 1863 5249 jeju-

281 5255 346 5303 nii
376 5270 563 5307 Causas
593 5251 659 5307 ac
688 5252 949 5306 rationes.
989 5252 1071 5306 Ex
1102 5251 1305 5322 quibus
1335 5262 1549 5306 constat
1578 5251 1693 5305 haec
1720 5252 1863 5321 jeju-

280 5340 360 5375 ma
402 5342 507 5378 non
554 5324 777 5378 aliunde
819 5336 982 5390 quam
1030 5338 1100 5377 ex
1138 5323 1443 5392 apostolica
1488 5323 1781 5377 traditione
1807 5331 1865 5378 et

279 5396 612 5455 institutione
659 5408 929 5448 manasse.
975 5392 1144 5463 Cujus
1190 5395 1543 5448 institutionis
1588 5393 1859 5448 rationem

279 5466 338 5517 lt.
363 5470 696 5533 Augustinus
724 5465 791 5520 ad
816 5465 1142 5519 Casulanum
1172 5466 1418 5520 scribens
1445 5465 1608 5519 tradit
1637 5465 1721 5517 his
1740 5480 1863 5519 ver-

272 5537 355 5592 bis
381 5557 394 5591 :
422 5540 527 5593 Cur
556 5550 736 5591 autem
776 5546 963 5605 quarta
995 5545 1040 5589 et
1080 5549 1223 5591 sexta
1270 5538 1493 5590 maxime
1537 5538 1730 5606 irjune}
1762 5534 1865 5588 Ec-

270 5610 442 5677 clesia,
463 5610 568 5665 illa
588 5609 727 5663 ratio
754 5604 903 5660 reddi
927 5608 1148 5671 videtur,
1176 5612 1311 5678 quod
1339 5604 1663 5663 considerato
1687 5604 1865 5659 Evan-

269 5683 420 5755 gelia,
439 5685 557 5755 ipsa
576 5687 767 5755 quarta
793 5677 1019 5755 sabbati,
1069 5677 1223 5750 quam
1246 5680 1401 5755 uulgo
1419 5690 1653 5755 quartam
1675 5678 1862 5755 Leriam

266 5747 481 5822 uocant,
518 5747 1165 5822 concilium_reperiuntur
1200 5753 1267 5804 ad
1295 5747 1637 5805 occidendum
1667 5747 1859 5802 Domi-

269 5842 382 5885 num
410 5820 606 5899 [coisse
652 5820 830 5877 Juda’i
856 5836 874 5877 :
907 5822 1195 5881 intermisso
1226 5831 1403 5879 autem
1430 5839 1534 5877 uno
1562 5822 1678 5890 die,
1712 5823 1861 5898 cujus

1892 3118 1939 3181 C

1882 4508 1939 4570 D

1978 2406 2071 2479 qui
2099 2406 2217 2479 ﬁnis
2245 2417 2318 2461 est
2347 2408 2459 2478 ejus
2481 2407 2585 2461 diei
2612 2425 2767 2477 quam
2792 2424 3035 2462 vocamus
3076 2409 3308 2479 quintam
3338 2411 3576 2477 sabbati;

1981 2476 2169 2550 deinde
2199 2476 2419 2550 traditus
2449 2490 2525 2532 est
2556 2476 2629 2532 ea
2667 2490 2816 2533 nocte
2852 2494 2969 2549 quae
2991 2476 3107 2550 jam
3136 2486 3205 2533 ad
3232 2490 3431 2535 sextam
3457 2476 3579 2537 sab-

1980 2548 2105 2621 bati,
2134 2550 2221 2621 qui
2248 2549 2359 2604 dies
2386 2550 2643 2621 passionis
2671 2554 2784 2619 eius
2813 2548 3115 2615 manifestus
3142 2560 3239 2613 est,
3266 2552 3573 2621 pertinebat.

1978 2620 2049 2673 Et
2080 2620 2239 2687 paulo
2267 2629 2389 2689 post
2413 2639 2427 2675 :
2454 2620 2648 2675 Passus
2677 2629 2751 2676 est
2775 2621 3053 2687 Dominus,
3082 2621 3222 2687 quod
3245 2620 3422 2676 nullus
3451 2639 3571 2677 ant-

1974 2691 2138 2765 bigit,
2175 2702 2320 2765 sexta
2348 2691 2547 2745 sabbati
2586 2709 2604 2746 :
2644 2701 2957 2765 quapropter
3012 2703 3059 2765 et
3085 2692 3202 2765 ipsa
3246 2703 3393 2747 sexta
3429 2705 3568 2750 recte

1964 2762 2170 2836 jejunio
2215 2763 2494 2836 deputatur
2530 2780 2549 2818 :
2580 2762 2786 2836 jejunio
2808 2764 3008 2836 quippe
3036 2762 3382 2836 humilitatem
3411 2766 3571 2836 signi-

1973 2833 2158 2901 ﬁcant.
2216 2833 2343 2889 Haec
2390 2833 2747 2904 Augustinus.
2807 2834 2874 2888 Et.
2921 2833 3140 2902 quidem
3189 2835 3258 2887 ab
3310 2833 3473 2890 initio'
3512 2845 3570 2892 et

1973 2905 2163 2972 primis
2195 2905 2303 2959 illis
2331 2906 2670 2972 temporibus
2716 2905 2957 2973 perfecta
2988 2904 3158 2960 fuisse
3178 2905 3386 2975 jejunia
3431 2906 3569 2962 isto-

1973 2989 2094 3029 rum
2136 2975 2375 3040 dierum,
2410 2986 2463 3031 et
2509 2991 2616 3031 non
2650 2979 2826 3032 solum
2873 2976 3121 3030 carnium
3152 2976 3591 3047 abstinentiam,.

1972 3062 2162 3118 verum
2194 3048 2359 3102 etiam
2412 3048 2571 3102 unius
2615 3047 2930 3104 refectionis
2978 3061 3131 3102 usum
3160 3089 3175 3109 ,
3217 3063 3451 3118 eumque
3494 3051 3568 3105 ad

1973 3116 2164 3190 horam
2197 3134 2394 3172 nonani
2427 3119 2547 3190 dies
2575 3119 2594 3190 (
2613 3135 2733 3186 qua:
2763 3118 2929 3190 nobis,
2948 3129 3028 3174 est
3054 3120 3211 3173 tertia
3243 3116 3375 3189 post
3392 3122 3562 3174 meri-

1972 3188 2161 3258 diem)
2209 3206 2237 3241 a
2268 3190 2471 3259 populo
2521 3188 2835 3245 Christiano
2880 3188 3444 3245 observatum’fuisse
3493 3206 3561 3246 ex

1970 3261 2307 3330 antiquitatis
2347 3261 2674 3317 testimoniis
2706 3261 2868 3324 modo
2909 3260 3090 3315 citatis
3120 3260 3405 3316 manifeste
3445 3263 3561 3316 col-

1969 3330 2158 3400 ligitur
2203 3349 2215 3383 :
2262 3332 2525 3400 paulatim
2574 3348 2704 3387 vero
2749 3332 2965 3387 fervore
3012 3330 3289 3386 cbaritatis
3336 3334 3561 3399 langue-

1968 3410 2155 3473 scente
2179 3402 2246 3456 ad
2270 3403 2441 3457 solam
2472 3404 2655 3458 carnis
2681 3403 3063 3457 abstinentiam
3097 3402 3263 3472 (quod
3288 3403 3554 3473 jejunium

1968 3472 2343 3540 imperfectum
2373 3473 2624 3543 dicitur),
2654 3476 2812 3541 quale
2839 3489 2983 3528 nunc
3011 3474 3142 3528 feria
3166 3472 3314 3528 sexta
3348 3472 3402 3529 et
3433 3477 3559 3530 sab-

1969 3543 2097 3598 bato
2125 3545 2567 3599 ltebdomadatim
2599 3558 2868 3609 servatur,
2904 3561 3003 3614 per
3031 3546 3336 3599 animorum
3365 3547 3560 3600 remis-

1966 3614 2198 3684 sionem,
2233 3625 2287 3669 et
2314 3615 2575 3670 Ecclesia:
2603 3618 2794 3670 matris
2823 3616 3213 3684 indulgentiam
3241 3615 3554 3681 devenisse;

1967 3700 2031 3739 ac
2060 3686 2277 3740 demum
2318 3686 2583 3755 jejuniutn
2616 3697 2823 3755 quarta:
2854 3686 3001 3740 ferite
3034 3686 3085 3739 in
3133 3685 3370 3741 Ecclesia
3401 3685 3558 3741 Occi-

1966 3757 2176 3811 dcntali
2206 3757 2431 3811 omnino
2462 3759 2767 3827 neglectum
2793 3799 2819 3827 ,γ
2842 3758 2930 3812 vel
2962 3756 3013 3809 in
3039 3756 3306 3825 jejunium
3340 3756 3558 3812 sabbati

1967 3837 2232 3883 tnutatum
2281 3827 2452 3884 fuisse
2496 3828 2763 3883 videmus.
2795 3826 2929 3883 Cum
2975 3828 3141 3897 igitur
3188 3827 3339 3882 hisce
3377 3827 3554 3895 feriis,

1966 3907 2193 3968 quarta,
2222 3899 2441 3969 inquam
2465 3946 2478 3967 ,
2513 3907 2568 3955 et
2594 3911 2745 3953 sexta
2779 3900 2910 3954 feria
2935 3940 2949 3963 ,
2978 3914 3044 3952 ex
3074 3899 3368 3968 apostolica
3402 3899 3558 3952 insti-
3583 3924 3587 3935 -

1966 3972 2178 4026 tutione
2219 3980 2332 4024 tota
2381 3972 2512 4025 olim
2553 3971 2828 4041 jejunaret
2871 3969 3149 4032 Ecclesia;
3201 3971 3413 4041 mirum?
3446 3984 3552 4025 non

1967 4052 2072 4106 est,
2105 4043 2148 4096 si
2182 4043 2431 4096 monachi
2461 4042 2537 4096 illi
2558 4040 2685 4097 haec
2707 4042 2912 4111 jejttnia
2948 4052 3053 4094 tam
3084 4041 3338 4111 religiose
3365 4040 3557 4096 obser-
3583 4050 3587 4105 ἒ

1967 4113 2187 4179 vabant,
2218 4123 2279 4167 ut
2308 4128 2408 4169 nec
2439 4124 2659 4182 propter
2699 4116 3055 4168 adventantes
3102 4116 3296 4166 lratres
3340 4121 3433 4165 aut
3461 4126 3587 4181 pe-;

1966 4186 2214 4253 regrinos
2258 4198 2320 4239 ea
2372 4186 2686 4249 solverent;
2722 4200 2894 4253 neque
2925 4184 3117 4237 horam
3170 4182 3555 4251 prmvenirent;

1965 4255 2108 4325 quod
2160 4258 2212 4309 in
2260 4256 2380 4311 aliis
2430 4255 2625 4310 diebus
2668 4256 3001 4324 jejuniorum
3050 4254 3232 4310 facere
3281 4253 3588 4325 solebant,f

1964 4316 2161 4392 quibus
2190 4341 2250 4381 se
2282 4342 2390 4399 non
2421 4327 2558 4382 adeo
2576 4316 2843 4399 astrictos
2873 4325 3214 4399 sentiebant;
3251 4316 3585 4399 prtesertinii

1964 4411 2086 4451 cum
2116 4398 2406 4452 charitatis
2451 4409 2542 4449 aut
2573 4396 2962 4467 hospitalitatis
3018 4396 3343 4467 exhibendae
3391 4410 3557 4467 occa-

1965 4469 2048 4521 sio
2071 4477 2406 4523 occurreret.
2437 4467 2520 4522 Ex
2555 4467 2657 4521 hac
2683 4465 2865 4536 'porro
2911 4467 3130 4536 antiqua
3172 4465 3556 4521 observatione

1964 4548 2261 4593 consecuta
2292 4549 2376 4592 est
2411 4539 2699 4592 laudabilis
2738 4539 2827 4592 illa
2857 4537 3196 4593 consuetudo
3216 4582 3232 4605 ,
3261 4546 3323 4591 ut
3349 4538 3402 4591 in
3436 4537 3555 4605 ple-

1966 4611 2151 4679 risque
2179 4610 2532 4679 religionibus
2574 4617 2627 4664 et
2667 4610 3016 4665 monasteriis
3046 4610 3179 4662 feria
3206 4617 3397 4679 quarta
3433 4624 3557 4677 per-

1967 4678 2095 4735 inde
2140 4696 2205 4736 ac
2253 4678 2404 4735 sexta
2431 4692 2485 4735 et
2515 4680 2745 4737 sabbato
2786 4682 2977 4749 quovis
3010 4678 3252 4749 tempore
3278 4678 3581 4734 abstinea-‘

1967 4760 2056 4807 tur
2102 4767 2130 4805 a
2181 4752 2472 4817 carnibus;
2538 4768 2644 4820 quo
2698 4753 2971 4821 religiosa:
3017 4758 3074 4805 et
3120 4752 3354 4821 antiquae
3409 4752 3556 4803 illius

1966 4824 2336 4878 observantiae
2384 4822 2670 4891 vestigium
2720 4825 2912 4878 saltem
2944 4822 3161 4891 aliquod
3195 4823 3339 4891 inter
3368 4835 3559 4891 mnua-
3650 4884 3657 4887 _

1966 4893 2100 4965 chos
2128 4898 2431 4950 retineatur
2476 4888 2639 4965 (Vide
2665 4894 2992 4950 Turrecrem.
3026 4888 3141 4962 cap.
3179 4893 3301 4965 104Δ
3329 4888 3377 4922 ’”’
3418 4889 3557 4961 Reg.
3650 4912 3656 4919 λ

1965 4963 2038 5018 D.
2072 4964 2292 5036 Bened.)
2327 4982 2339 5017 :
2372 4962 2534 5036 quam
2565 4967 3017 5021 consuetudinem
3048 4962 3305 5036 peculiari
3333 4977 3397 5017 oe
3449 4970 3559 5036 3m
3650 5013 3655 5028 ἶ

1965 5024 2359 5092 τηὺοι·πνίι’θι
2389 5024 2758 5091 ἐοιιίὶτηιεινὶι
2804 5024 3123 5092 Benedictus
3172 5032 3269 5088 XII
3311 5032 3560 5102 pontifex
3641 5024 3655 5064 τ’

1966 5107 2051 5160 his
2078 5109 2260 5163 verbis
2288 5126 2301 5161 :
2334 5107 2625 5163 Statuimus
2655 5119 2699 5161 et
2736 5108 3070 5169 ordinamus,
3102 5104 3241 5174 quod
3271 5120 3362 5174 per
3392 5112 3560 5157 totum
3626 5104 3651 5169 ’ᾖ

1965 5195 2159 5233 annum
2189 5179 2320 5249 feria
2345 5189 2529 5248 quarta
2559 5188 2605 5232 et
2635 5178 2719 5232 die
2746 5180 2967 5241 sabbati,
2999 5188 3044 5231 et
3074 5193 3105 5249 a
3132 5176 3299 5249 prima
3321 5175 3559 5249 domini-

1967 5266 2029 5303 ca
2055 5251 2119 5304 de
2140 5245 2378 5304 Adventu
2422 5265 2584 5320 usque
2626 5251 2694 5302 ad
2738 5251 2872 5303 diem
2922 5245 3421 5320 Natalis'_Domini,
3453 5255 3497 5300 et
3527 5263 3561 5297 a

1968 5324 2229 5375 dominica
2261 5315 2667 5392 Septuagesima:
2696 5337 2858 5392 usque
2878 5321 2946 5372 ad
2968 5319 3103 5392 diem
3133 5315 3355 5392 Rosc/tte
3381 5332 3560 5370 omnes

1966 5395 2230 5461 regulares
2261 5387 2495 5463 ejusdem
2544 5393 2743 5445 ordinis
2771 5387 2892 5445 'seu
2926 5389 3199 5463 religionis
3226 5387 3299 5463 ab
3321 5403 3411 5463 esu
3441 5403 3558 5439 car-

1968 5460 2113 5517 nium
2136 5460 2323 5534 ubiqiie
2344 5464 2655 5522 abstineant:
2681 5464 2783 5514 nisi
2810 5462 3082 5534 necessitas
3108 5460 3559 5534 inﬁrmitatis‘iion

1967 5535 2101 5603 ﬁcta:
2131 5530 2499 5606 per-abbatem,
2531 5533 2607 5589 vel
2636 5534 2797 5585 alium
2824 5532 3097 5606 prazlatuin
3128 5534 3397 5606 proprium
3426 5530 3558 5606 forte

1966 5602 2185 5666 autttlcl'tt
2217 5624 2329 5659 Cll)"
2364 5609 2539 5674 aliqua
2563 5603 2990 5670 dispensandum.
3020 5603 3145 5658 Hmc
3176 5603 3249 5657 ibi
3270 5602 3557 5674 (Constitu.

1968 5679 2039 5731 tio
2070 5678 2403 5729 Benrdumia
2446 5672 2562 5745 Cap.
2612 5676 2742 5741 26).
2790 5674 2901 5727 Cur
2932 5686 3111 5727 autem
3159 5675 3244 5728 hic
3276 5672 3419 5727 nulla
3462 5672 3555 5732 fiat

1967 5752 2170 5802 mentio
2201 5748 2350 5802 feri-.0
2396 5744 2603 5812 sextm,
2636 5746 2840 5799 nemini
2885 5744 3175 5799 obscurum
3226 5760 3345 5799 esse
3392 5753 3553 5811 puto,

1967 5834 2089 5877 cum
2140 5834 2427 5875 commune
2470 5818 2541 5873 sit
2581 5818 2831 5874 clunibus
2879 5816 3203 5875 Christianis
3246 5830 3345 5887 per
3388 5825 3551 5882 totum
