3986 6320
1939 223 1966 238 σιίκ
2005 225 2042 236 1--

271 296 364 356 345
761 299 854 356 DE
891 263 1372 357 C(ENOBIURUM
1413 297 1658 358 INSTIT.
1699 299 1832 360 LIB.
1876 305 1940 360 ν.
1968 335 2038 348 -
2067 299 2156 365 DE
2196 310 2470 371 SPIRITU
2510 313 3086 372 GASTRIMARGIE.
3445 323 3580 380 εισς

269 431 362 512 que
397 413 650 512 singulos
677 424 706 454 α
734 423 860 472 cum
900 415 1156 471 omnibus
1193 415 1376 470 cibum
1407 415 1645 512 sumpsi,
1677 425 1736 474 et
1762 417 1860 473 udo
1887 425 1944 488 Α
1967 423 2466 496 tranSmigt-a'ntem,
2513 429 2568 484 in
2610 437 2864 488 extremo
2887 431 3000 502 jam
3032 431 3270 490 anhelitu
3315 359 3582 512 positum,f

270 511 368 568 huc
391 509 612 576 esurio,
649 519 706 566 et
755 517 814 567 tu
857 511 1108 581 primitus
1157 525 1300 566 nunc
1335 509 1619 578 reﬁciens,
1665 512 1778 582 jam
1811 523 1864 570 te

269 605 394 662 dicis
421 619 532 662 non
559 619 732 676 posse
759 603 782 659 τ

834 675 1066 734 CAPUT
1103 675 1293 734 XXVI.

267 769 337 830 De
367 772 473 828 alio
501 787 650 840 sene,
691 773 784 844 qui
819 772 876 826 in
905 771 1037 826 cella
1061 789 1156 898 sui:
1180 787 1348 828 essent
1385 761 1670 842 numquam
1719 771 1862 828 solus

955 859 1125 898 ασεευι
1157 885 1170 898 .

955 859 1170 914 accepit.

329 937 357 977 δ
393 935 652 994 Vidimus
674 937 841 994 alium
871 939 926 994 in
958 937 1254 996 solitudine
1285 945 1740 1004 commorautem,
1769 937 1860 1008 qui

265 1047 554 1104 numquam
569 1048 630 1088 se
647 1032 754 1088 sibi
775 1031 876 1088 soli
895 1031 1188 1088 indulsisse
1203 1031 1384 1088 cibum
1399 1041 1628 1086 testatus
1645 1040 1748 1098 est;
1763 1031 1859 1086 sed

213 1155 224 1160 κ
265 1128 422 1184 etiam
445 1127 494 1184 si
525 1142 628 1198 per
653 1135 797 1184 totos
826 1127 1068 1197 quinque
1090 1126 1208 1182 dies
1231 1125 1298 1182 ad
1322 1127 1440 1198 ejus
1461 1125 1712 1182 cellulam
1735 1126 1862 1182 nul-

263 1222 345 1280 lus
376 1238 407 1278 e
431 1221 694 1278 fratribus
719 1221 1056 1286 advenisset,
1083 1221 1436 1276 refectionem
1455 1219 1660 1292 jugiter
1687 1220 1862 1276 distu-

261 1315 404 1382 lisse,
441 1315 622 1372 donec
647 1315 875 1370 sabbato
901 1315 986 1370 vel
1029 1315 1306 1370 dominico
1333 1313 1424 1370 die
1464 1315 1678 1370 devote
1719 1328 1854 1370 con-

257 1409 594 1480 gregationis
631 1409 858 1464 obtentu
884 1409 1190 1480 procedens
1238 1408 1306 1464 ad
1347 1408 1662 1478 ecclesiam,
1693 1423 1856 1480 pere-

259 1503 537 1576 grinorum
569 1501 880 1576 quempiam
909 1499 1236 1572 reperisset,
1269 1515 1432 1570 quem
1464 1501 1662 1556 exinde
1689 1500 1858 1558 redua

259 1609 384 1650 cens
405 1593 477 1650 ad
506 1593 788 1662 cellulam,
821 1604 1080 1650 consorte
1122 1607 1190 1650 eo
1217 1593 1570 1650 refectionem
1609 1593 1859 1664 corporis

259 1701 360 1742 non
393 1695 504 1740 tam
525 1700 641 1740 suae
663 1685 1006 1742 necessitatis
1032 1683 1287 1753 obtentu,
1319 1701 1480 1756 quam
1507 1685 1860 1742 humanitatis

259 1779 424 1850 gratia
455 1793 731 1850 causaque
757 1777 940 1834 fratris
973 1791 1297 1834 assumeret.
1332 1777 1518 1849 Itaque
1561 1787 1620 1834 ut
1653 1790 1856 1838 norunt

259 1873 303 1929 in
335 1873 578 1928 adventu
603 1872 839 1928 fratrum
875 1871 1256 1928 indifferenter
1281 1872 1504 1930 solvere
1531 1874 1850 1944 quotidiana

259 1967 478 2040 jejunis,
523 1968 598 2022 ita
641 1967 1052 2024 discedentibus
1093 1967 1173 2022 eis
1221 1967 1576 2024 refectionem
1619 1969 1688 2024 ob
1730 1969 1853 2024 illos

257 2061 520 2118 indultum
543 2059 878 2116 continentia
903 2061 1110 2132 majore
1132 2069 1509 2131 compensant,
1545 2065 1856 2132 perceptio-

257 2170 380 2210 nem
423 2153 536 2210 cibi
587 2155 898 2224 parvissimi
935 2153 1150 2210 acriore
1193 2153 1556 2226 castigatione
1595 2171 1702 2212 non
1735 2158 1852 2214 sola

255 2249 430 2320 panis,
477 2247 578 2304 sed
619 2247 786 2304 etiam
831 2249 1006 2306 somni
1037 2249 1208 2320 ipsius
1249 2248 1618 2308 diminutione
1659 2251 1855 2308 duriu

255 2343 562 2416 exigentes.

501 2419 518 2436 '
809 2413 1038 2472 CAPUT
1077 2415 1298 2472 XXVII.

501 2505 814 2560 Encomium
844 2505 1004 2562 Pwsii
1029 2515 1076 2564 et
1104 2505 1326 2564 Joannis
1349 2509 1612 2564 abbatum.

327 2612 346 2639 ε
391 2601 548 2670 Apud
581 2617 770 2658 senem
801 2599 1032 2658 Pzesium
1067 2602 1122 2658 in
1154 2619 1338 2660 eremo
1369 2605 1680 2660 vastissima
1703 2619 1856 2660 com-

267 2703 582 2760 morantem,
608 2709 734 2749 cum
755 2691 784 2732 (ι
816 2711 982 2750 senex
1008 2695 1250 2752 Joannes
1283 2713 1480 2767 magno
1511 2699 1764 2754 emnobio
1791 2714 1856 2754 ac

271 2785 586 2841 multitudini
611 2785 840 2842 fratrum
867 2789 1192 2860 praepositus
1222 2789 1556 2858 advenisset,
1589 2791 1738 2848 etab
1758 2807 1854 2848 eo-

265 2875 380 2931 dem
403 2879 544 2932 velut
565 2879 951 2950 antiquissimo
979 2881 1168 2936 sodale
1199 2884 1560 2952 perquireret,
1589 2885 1852 2954 quidnam

259 2981 349 3038 per
397 2985 591 3026 omnes
657 2971 1012 3042 quadraginta
1063 2988 1239 3030 annos
1287 2975 1486 3045 quibus
1537 2976 1608 3030 ab
1656 2977 1850 3032 eodem

257 3075 532 3134 separatus
569 3067 622 3121 in
663 3067 957 3124 solitudine
986 3069 1210 3126 minime
1239 3085 1270 3124 a
1301 3069 1559 3126 fratribus
1585 3071 1849 3140 interpel-

256 3153 387 3211 latus
415 3158 622 3227 egisset
648 3176 661 3210 :
693 3157 998 3231 Numquam
1033 3161 1254 3226 me,ait,
1280 3161 1359 3216 sol
1391 3163 1728 3218 reficientem
1769 3165 1854 3218 vi-

256 3247 343 3304 dit.
381 3251 456 3307 Et
485 3253 578 3308 ille
611 3271 623 3305 :
659 3251 770 3311 Nec
800 3271 910 3318 me,
947 3257 1141 3328 inquit,
1175 3257 1393 3312 iratum.

783 3346 1017 3406 CAPUT
1057 3349 1294 3406 XXVIII.

253 3435 505 3512 Ejusdem
531 3441 732 3496 abbatis
769 3439 990 3498 Joannis
1025 3447 1144 3517 jam
1187 3445 1485 3500 moribundi
1516 3447 1714 3520 insigne
1754 3449 1848 3502 do-

888 3531 948 3568 cu
957 3523 1202 3570 mentum.
1699 3539 1704 3542 '

317 3601 590 3659 Eumdem
616 3617 805 3660 senem
827 3621 948 3662 cum
973 3607 1204 3664 alacrem
1233 3617 1508 3679 tamquam
1531 3609 1598 3664 ad
1625 3611 1846 3682 propria

1972 517 2120 573 anxii
2155 517 2356 576 fratres
2387 521 2860 579 cir‘cumvallantes
2905 517 3223 596 suppliciter
3267 519 3578 600 precarenJ

1969 613 2081 678 tur,
2109 621 2172 668 ut
2195 613 2416 684 aliquod
2444 617 2524 672 eis
2555 613 2874 674 memoriale
2904 607 3242 690 mandatum,
3275 621 3424 678 velut
3449 627 3568 682 hn-

1967 705 2288 764 reditarium
2323 703 2594 780 quoddam
2629 713 2864 784 legatum
2899 713 3262 786 relinqueret,
3289 715 3386 788 per
3415 717 3568 788 quod

1966 809 2194 872 possent
2213 799 2279 857 ad
2311 801 2662 874 perfectionis
2689 805 2904 860 culmen
2933 805 3194 876 praecepti
3227 809 3560 880 compendio

1965 889 2180 951 facilius
2213 897 2519 967 pervenire,
2549 891 2911 970 ingemiscens
2943 899 3036 954 ille
3065 917 3078 954 :
3109 897 3440 972 Numquam,
3464 902 3562 972 ait,

1967 1005 2144 1046 meam
2177 987 2668 1062 feci.voluntatem,
2713 1009 2814 1051 nec
2859 987 3186 1066 quemquam
3216 995 3378 1054 docui
3415 997 3564 1069 quod

1967 1083 2117 1154 prius
2145 1085 2260 1155 ipse
2289 1101 2397 1142 non
2431 1085 2556 1144 feci.

2530 1175 2762 1234 CAPUT
2802 1177 2998 1236 XXIX.

1965 1259 2045 1326 De
2074 1267 2256 1328 abbate
2306 1267 2542 1328 Machete
2581 1273 2714 1327 inter
2757 1271 3076 1329 Collutiones
3105 1275 3368 1342 spiritales
3412 1295 3566 1335 nunt-

2036 1353 2190 1414 quam
2222 1345 2562 1414 dormitante,
2595 1355 2643 1400 et
2669 1355 2870 1414 semper
2909 1347 3044 1402 inter
3082 1349 3312 1402 terrenas
3353 1347 3562 1420 fabulas

2038 1415 2412 1472 obdormiente.

2037 1549 2284 1608 Vidimus
2305 1568 2491 1610 senem
2509 1543 2817 1610 Machetem
2841 1553 3084 1622 nomine,
3100 1569 3128 1610 a
3148 1555 3318 1612 turbis
3331 1557 3562 1615 fratrum

1963 1645 2177 1701 eminus
2204 1657 2656 1714 commorantem,
2693 1648 2834 1702 hanc
2859 1664 2888 1702 a
2923 1645 3153 1704 Domino
3181 1649 3408 1718 gratiam
3442 1651 3566 1707 diu-

1967 1739 2141 1796 turnis
2189 1741 2440 1810 precibus
2485 1739 2838 1810 impetrasse,
2889 1751 2946 1796 ut
2973 1751 3240 1812 quotquot
3269 1742 3464 1799 diebus
3496 1758 3564 1800 ae

1889 1829 1938 1890 B
1965 1833 2215 1888 noctibus
2231 1833 2527 1904 agitaretur
2540 1831 3366 1906 CollatioSpiritalis,numquam
3383 1835 3562 1893 somni

1960 1929 2181 1996 torpore
2214 1928 2427 1996 penitus
2459 1927 2780 1994 laxaretur;
2805 1927 2848 1982 si
2893 1927 3014 1998 quis
3050 1945 3179 1983 vero
3205 1928 3562 1984 detractionis

1959 2019 2207 2090 verbum,
2235 2035 2332 2076 seu
2369 2021 2608 2076 otiosum
2643 2029 2911 2077 tentasset
2933 2021 3140 2077 inferre
3169 2063 3184 2088 ,
3219 2023 3274 2076 in
3307 2037 3562 2078 somnum

1960 2116 2209 2186 protinus
2246 2113 2590 2182 concidebat,
2640 2129 2704 2170 ac
2728 2115 2774 2170 si
2805 2131 2874 2170 ne
2905 2130 3077 2186 usque
3108 2115 3176 2170 ad
3203 2115 3416 2170 aurium
3441 2115 3563 2186 qui-

1959 2207 2084 2264 dem
2117 2207 2238 2278 ejus
2267 2207 2624 2280 pollutionem
2653 2209 2806 2264 virus
2836 2207 3078 2280 obloquii
3117 2217 3335 2278 poterat
3364 2223 3562 2280 perve-

1960 2317 2100 2358 mre.

2533 2415 2760 2474 CAPUT
2805 2415 2976 2472 XXX.

2069 2533 2325 2605 Ejusdem
2355 2536 2492 2590 senis
2521 2533 2586 2590 de
2619 2535 2824 2590 nemine
2844 2533 3141 2606 judicando
3179 2535 3455 2590 sententia.

2033 2669 2132 2727 llic
2155 2673 2294 2728 idem
2322 2687 2488 2728 senex
2513 2687 2634 2728 cum
2659 2673 2969 2728 institueret
2995 2687 3094 2728 nos
3123 2673 3395 2728 neminem
3423 2673 3565 2744 diju.

1961 2767 2143 2822 dicare
2172 2765 2392 2830 debere,
2408 2767 2588 2822 intulit
2609 2767 2712 2821 tria
2732 2765 2898 2821 fuisse
2923 2769 2975 2820 in
2997 2765 3191 2836 quibus
3218 2765 3562 2836 discusserit,

1960 2859 2048 2916 vel
2080 2859 2496 2924 reprehenderit
2529 2861 2752 2925 fratres,
2789 2860 2932 2930 quod
2970 2859 3181 2914 scilicet
3206 2869 3228 2897 ε
3259 2875 3418 2915 uvam
3462 2860 3562 2917 sibi

1959 2957 2204 3010 nonnulli
2253 2965 2570 3024 paterentur
2599 2949 2866 3014 aliscindi.
2901 2957 3044 3026 quod
3075 2955 3337 3011 haberent
3375 2957 3426 3010 in
3455 2955 3564 3012 cel-

1963 3047 2086 3100 Iulis
2107 3061 2319 3114 sagum,
2344 3045 2490 3118 quod
2512 3047 2692 3101 oleum
2719 3043 3108 3102 benedicentes
3137 3046 3563 3116 exposcentibus

1959 3141 2326 3198 saecularibus
2365 3143 2588 3206 darent,
2622 3151 2678 3196 et
2705 3140 2819 3196 haec
2849 3141 3028 3194 omnia
3055 3156 3114 3196 se
3141 3141 3437 3198 incurrisse
3483 3139 3566 3197 di-

1882 3223 1930 3286 C
1961 3239 2138 3294 cubat.
2171 3237 2304 3292 Nam
2347 3237 2727 3308 a‘gritudiuem
2763 3253 2882 3292 uvae
2914 3237 3264 3302 contrahens,
3300 3236 3564 3304 Tamdiu,

1960 3333 2160 3402 inquit,
2209 3333 2330 3402 ejus
2373 3331 2637 3403 languore
2667 3329 2927 3396 distabui,
2974 3329 3148 3386 donec
3197 3341 3302 3384 tam
3353 3329 3564 3386 doloris

1959 3427 2286 3481 necessitate
2339 3441 2498 3496 quam
2547 3425 2822 3482 seniorum
2877 3423 3122 3478 omnium
3173 3423 3560 3480 adhortatione

1961 3519 2276 3588 compulsus
2308 3519 2554 3574 abscindi
2583 3533 2702 3572 eam
2736 3518 3132 3587 permitterem.
3180 3517 3346 3585 Cujus
3387 3517 3552 3572 etiam

1961 3611 2294 3666 infirmitatis
2318 3611 2546 3668 obtentu
2571 3609 2592 3650 ί
2625 3627 2814 3682 sagum
2845 3625 3064 3681 quoque
3099 3609 3302 3664 habere
3333 3619 3557 3668 coactus

1330 3719 1586 3776 ALARDI
1627 3721 1860 3778 GAZAZI
1899 3721 2466 3778 COMMENTARIUS.

317 3821 344 3850 ι
383 3813 468 3868 Ita
501 3814 756 3868 nimirum
787 3830 952 3884 parce
975 3825 1030 3870 et
1062 3817 1294 3870 tenuiter
1323 3815 1521 3870 edebat
1555 3817 1726 3870 bonus
1753 3817 1847 3872 ille

249 3899 440 3948 senex,
465 3885 782 3956 uthospites
801 3885 1158 3942 nihilominus
1183 3889 1249 3942 ad
1273 3887 1543 3942 edendum
1569 3887 1842 3952 invitaret,

250 3965 297 4010 et
325 3965 454 4023 post
487 3969 697 4011 sextam
729 3959 1082 4014 refectionem
1111 3957 1286 4013 adhuc
1317 3961 1570 4012 esuriret.
1605 3959 1692 4014 Sic
1725 3961 1848 4014 Pul-

249 4025 426 4081 Iadins
461 4028 772 4082 inHiStoria
807 4029 1064 4101 Larusiaca
1095 4031 1282 4084 seribit
1308 4029 1576 4084 Isidorum
1611 4031 1840 4101 presby—

249 4107 449 4162 terum,
483 4101 650 4154 et'tam
673 4101 718 4154 si
741 4100 982 4168 quotidie
1015 4111 1218 4155 tantum
1248 4101 1351 4155 cibi
1385 4109 1644 4168 sumeret,
1675 4100 1846 4170 quan-

253 4177 358 4223 tum
409 4171 550 4225 satis
599 4181 746 4226 esset
802 4171 868 4226 ad
919 4187 1121 4242 Corpus
1169 4175 1610 4238 sustentandum;
1665 4184 1848 4228 tamen

249 4255 500 4312 magnam
529 4247 904 4314 temperantia».
927 4243 1141 4298 laudem
1172 4245 1312 4312 apud
1337 4259 1528 4298 omnes
1553 4245 1841 4308 meruisse,

251 4314 392 4383 quod
423 4329 719 4383 numquam
751 4323 902 4370 satur
930 4331 958 4368 a
988 4331 1170 4370 mensa
1203 4315 1554 4369 surrexisset.

317 4381 344 4422 δ
387 4381 590 4440 Simile
607 4385 914 4455 exemplum
941 4385 1108 4440 refert
1133 4385 1290 4441 Joun.
1315 4385 1568 4440 Moschus
1595 4386 1645 4455 in
1677 4383 1844 4442 Prato

248 4457 426 4524 spirit.
462 4457 530 4508 de
563 4453 852 4512 monachis
878 4457 1196 4526 quibusdam
1231 4455 1512 4512 Sci'hiotis
1547 4476 1558 4510 :
1591 4453 1731 4520 Vidi.
1763 4459 1847 4512 in-

249 4529 387 4595 quit.
417 4527 532 4581 illic
561 4544 732 4594 senes,
767 4529 858 4598 qui
904 4530 1002 4581 nisi
1029 4530 1142 4598 quis
1171 4529 1240 4580 ad
1279 4543 1364 4582 eos
1407 4529 1643 4592 venisset,
1695 4546 1846 4582 num-

248 4616 402 4668 quam
435 4599 708 4652 sumebant
739 4601 1096 4654 cibum:iuter
1137 4617 1264 4668 quos
1296 4608 1406 4652 erat
1445 4615 1604 4654 senes:
1631 4601 1842 4668 quidam

247 4672 554 4742 Ammonius
578 4671 803 4738 nomine,
819 4674 978 4742 juxta
1005 4688 1084 4725 me
1109 4687 1342 4732 manens,
1374 4673 1649 4742 cujus'ego
1677 4673 1842 4726 sciens

249 4741 701 4806 consuetudinem,
725 4741 984 4812 per’omne
1007 4743 1272 4796 sabbatum
1297 4743 1365 4795 ad
1387 4741 1532 4794 illum
1557 4743 1837 4812 veniebam,

243 4821 298 4864 ut
323 4823 538 4883 propter
564 4811 842 4867 aduentum
875 4831 1041 4867 meum
1071 4820 1292 4868 sumeret
1331 4815 1518 4866 cibum.
1565 4811 1842 4866 Habebunt

249 4883 342 4936 hoc
371 4900 552 4938 omnes
592 4885 921 4954 generaliter,
954 4885 1092 4954 quod
1122 4900 1441 4952 quacumque
1465 4883 1598 4936 liora
1625 4885 1842 4940 accede-

247 4965 356 5007 rent
379 4956 570 5025 aliqui,
593 4957 954 5025 permittebant
975 4955 1092 5010 illos
1114 4957 1398 5008 orationem
1422 4955 1610 5025 facere,
1635 4955 1844 5024 illisque

247 5026 516 5080 orantibus
539 5027 640 5098 ipsi
671 5043 900 5082 mensam
929 5027 1280 5098 apponebant,
1318 5034 1367 5080 et
1402 5028 1646 5082 continuo
1673 5027 1842 5080 cibum

245 5099 538 5170 sumebant.
565 5097 693 5152 Haec
725 5098 794 5150 ibi
829 5097 1007 5170 (Cap.
1031 5097 1164 5170 7).
1461 5149 1472 5158 .

321 5169 684 5240 frCiaconius
733 5168 970 5224 correxit
1000 5186 1012 5222 :
1041 5168 1124 5224 Ad
1169 5187 1366 5234 senem,
1423 5171 1594 5240 magis
1649 5169 1842 5225 Latine

243 5237 498 5304 quidem;
529 5241 626 5294 sed
659 5249 844 5296 noster
869 5257 970 5294 ms.
993 5251 1046 5295 et
1065 5241 1154 5294 alii
1185 5241 1402 5296 codices
1423 5237 1624 5308 habent
1649 5259 1662 5294 :
1687 5241 1842 5308 Apud

245 5325 422 5384 tenens
455 5309 706 5384 Pieriam.
739 5312 1034 5384 Dionysius
1065 5311 1319 5366 Piresium
1363 5307 1625 5366 nominat.
1667 5307 1844 5366 Palla-

249 5379 376 5434 dius
406 5383 460 5434 in
491 5381 756 5437 Lausiaca
785 5385 852 5438 de
882 5379 1088 5436 i’aresio
1117 5386 1348 5450 quodam
1379 5383 1568 5438 scribit
1595 5393 1650 5438 et
1683 5384 1838 5436 Esaia

244 5450 364 5526 ejus
399 5452 566 5508 fratre
597 5453 732 5526 :sed
760 5469 826 5508 an
857 5457 900 5508 is
922 5457 990 5508 sit
1023 5453 1248 5522 Passius,
1286 5455 1354 5510 de
1375 5470 1482 5526 quo
1527 5457 1614 5510 hic
1643 5454 1840 5524 agitur,

243 5523 405 5596 nullo”
433 5537 584 5579 certo
614 5525 810 5580 indicio
840 5527 1020 5596 colligi
1051 5535 1249 5590 potest.

316 5591 508 5670 33°“
542 5597 658 5670 ille.
687 5606 747 5650 υῑ
781 5591 995 5665 Opino";
1025 5597 1312 5670 Egyptius
1355 5599 1660 5669 superioris
1704 5597 1844 5670 The-

247 5664 436 5722 baidis
463 5667 788 5722 anachoreta
821 5664 1350 5736 prophetico'spiritu
1377 5664 1576 5736 clarus,
1621 5679 1678 5725 et
1703 5669 1840 5724 Cas-

247 5739 410 5811 siano
441 5739 738 5806 antiquior,
790 5741 944 5808 cujus
976 5743 1252 5810 prmclarae
1301 5743 1532 5797 virtutes
1559 5743 1844 5811 superiore

248 5807 400 5884 libro
431 5807 925 5884 commemorantur
957 5807 1108 5882 (Lib.
1141 5829 1194 5884 ιγ
1221 5829 1336 5878 cap.
1367 5812 1438 5868 9.5
1459 5823 1504 5866 et
1537 5807 1642 5884 sch
1669 5813 1717 5882 );
1747 5813 1842 5868 sed

251 5879 396 5936 alius
423 5881 668 5950 ejusdem
715 5879 1034 5940 nominis‘et
1061 5883 1438 5954 professionis,
1463 5887 1556 5956 qui
1581 5879 1634 5941 ii]
1661 5879 1844 5942 eremo

1871 4569 1922 4630 D

1959 3819 2172 3889 Scytlii,
2207 3817 2322 3872 sive
2357 3817 2528 3886 Sceti,
2561 3817 2850 3889 sanctitate
2892 3815 3080 3889 itidem
3113 3815 3307 3870 claruit
3339 3814 3562 3886 (Petrus

1955 3890 2010 3942 in
2034 3887 2270 3960 Catalog.
2303 3891 2394 3944 lib.
2442 3903 2511 3960 ut
2540 3905 2590 3960 γε.
2627 3887 2784 3960 157),
2819 3887 2973 3956 cujus
3003 3887 3168 3960 etiam
3217 3889 3424 3960 mentio
3467 3889 3561 3942 ba-

1957 3961 2115 4015 betnr
2151 3958 2290 4014 infra
2335 3977 2454 4030 cap.
2489 3959 2580 4020 40,
2621 3958 2908 4030 eidemque
2941 3973 2981 4030 ar
2998 3959 3259 4012 Cassiano
3303 3959 3560 4030 tribuitur

1955 4033 2190 4086 Collatio
2235 4029 2448 4088 decima
2491 4047 2631 4086 nona
2665 4029 2838 4094 (Vide
2877 4029 3003 4084 ibid.
3051 4047 3168 4099 cup.
3203 4031 3228 4084 I
3259 4031 3323 4102 in,
3359 4029 3558 4102 notis),

1955 4119 2074 4172 quae
2121 4105 2297 4160 estde
2329 4107 2437 4158 fiue
2479 4102 2768 4158 cmuobita:
2820 4111 2872 4156 et
2919 4103 3180 4162 ercmitm.
3234 4101 3326 4156 ubi
3376 4101 3560 4168 docet,

1952 4189 2116 4242 quam
2146 4177 2217 4232 ob
2247 4191 2466 4231 causam
2499 4174 2690 4230 relicta
2721 4189 2908 4229 eremo
2931 4189 2992 4228 se
3014 4175 3080 4226 ad
3113 4173 3282 4227 vitam
3312 4175 3560 4230 εαξηουί-

1955 4247 2120 4301 ticam
2154 4249 2502 4302 contulisset.

2029 4329 2052 4354 ο
2099 4319 2208 4374 Uva
2237 4319 2342 4373 hoc
2367 4325 2487 4372 loco
2511 4333 2618 4371 non
2647 4319 2855 4372 fructus
2879 4315 3002 4372 vitis
3023 4325 3136 4380 est;
3181 4316 3276 4372 sed
3306 4316 3557 4388 pellicula

1949 4391 2198 4460 qumdam
2235 4393 2286 4444 in
2315 4393 2504 4446 intima
2541 4391 2659 4444 oris
2687 4401 2864 4458 parte,
2900 4405 2992 4442 seu
3021 4389 3128 4441 line
3155 4389 3324 4458 palati
3359 4391 3556 4460 depen-

1949 4459 2086 4518 dens
2126 4463 2267 4516 circa
2313 4463 2527 4522 fauces,
2561 4471 2616 4514 ut
2649 4463 2699 4512 in
2734 4462 2918 4514 hiante
2953 4459 3174 4512 homine
3218 4459 3555 4528 conspicitur

1951 4533 2164 4604 (Caelius
2211 4531 2442 4602 Rhedig.
2483 4533 2520 4586 l.
2566 4549 2618 4586 iv
2655 4535 2835 4604 Antiq.
2885 4531 3000 4584 lect.
3049 4547 3095 4582 c.
3129 4529 3270 4604 Ii);
3303 4533 3379 4604 sic
3409 4531 3554 4604 dicta

1949 4603 2076 4674 quia
2121 4607 2294 4658 instar
2320 4619 2440 4658 uvie
2481 4605 2791 4658 rotundula:
2815 4604 3114 4671 tlependct,
3143 4613 3198 4656 et
3227 4603 3550 4674 ltumiditate

1950 4673 2210 4738 variatur,
2247 4685 2438 4744 estque
2466 4675 2618 4730 vocis
2650 4674 2984 4730 moderatrix
3015 4691 3030 4740 ;
3061 4683 3116 4728 et
3157 4674 3451 4744 aliquando
3481 4673 3549 4726 ad

1948 4742 2364 4802 similitudinem
2385 4762 2499 4800 uva:
2520 4745 2834 4800 intumescit
2856 4762 2978 4800 cum
3003 4745 3316 4800 vehementi
3339 4742 3552 4799 inflam-

1949 4819 2195 4874 matione
2219 4833 2284 4874 ac
2309 4819 2520 4873 dolore.
2555 4817 2694 4874 l-Iinc
2716 4817 2957 4874 Serenus
2989 4827 3148 4888 poeta
3180 4835 3194 4869 :

2073 4931 2373 4994 Egrescunt
2400 4938 2593 4982 tenerae
2615 4931 2800 4994 fauces,
2829 4943 2938 4982 cum
2959 4929 3165 4990 frigoris
3189 4941 3274 4979 ora

2071 4993 2162 5044 Vis
2182 4995 2351 5054 subiit,
2379 4995 2460 5044 vel
2483 5009 2593 5044 cum
2619 4993 2793 5044 ventis
2815 4995 3171 5056 agitabilisaer

2049 5057 2318 5117 .Vertitur,
2343 5065 2490 5120 atque
2513 5059 2644 5120 ipsas
2659 5059 2803 5106 ﬂatus
2826 5055 2993 5120 gravis
3011 5055 3164 5104 inlicit
3187 5067 3322 5104 uvas.

1945 5167 2182 5224 Sortitur
2209 5177 2390 5223 autem
2421 5169 2523 5222 hoc
2555 5167 2680 5222 mali
2703 5183 2876 5239 genus
2911 5181 3109 5221 nomen
3138 5163 3384 5239 duplex:
3417 5178 3543 5239 nam

1947 5239 1992 5294 si
2039 5249 2266 5294 teretem
2315 5235 2778 5306 habeatﬁguraiu,
2811 5255 2840 5294 a
2873 5239 3140 5292 columna:
3189 5235 3546 5290 similitudine

1947 5312 2242 5366 columella
2290 5311 2534 5376 dicitur;
2579 5313 2662 5364 sin
2707 5325 2838 5365 vero
2881 5311 2932 5363 in
2971 5311 3160 5361 urbem
3193 5307 3466 5378 globetttr,
3513 5321 3544 5363 a

1948 5381 2150 5438 Crtrcis
2191 5383 2452 5456 arctoum.
2477 5399 2507 5456 a
2537 5381 2743 5456 Latinis
2789 5395 2930 5456 uva,
2963 5381 3232 5456 vi-I_uv_ula
3281 5387 3541 5456 vocator;

1947 5457 2102 5522 Cujus
2126 5471 2268 5524 sa-pe
2295 5449 2542 5508 meminit
2573 5454 2775 5506 Plinius
2796 5454 2846 5506 in
2870 5451 3100 5504 Historia
3135 5451 3372 5524 Naturali
3400 5449 3540 5520 (Lib.

1947 5541 2016 5580 xx
2042 5543 2088 5578 c.
2119 5525 2182 5580 I8
2208 5523 2258 5578 et
2287 5525 2472 5596 alibi).
2505 5525 2640 5578 Iluic
2671 5524 2881 5591 morbo,
2918 5531 2975 5576 ut
3000 5523 3446 5596 verisimileeSI,
3474 5537 3540 5578 ex

1945 5597 2219 5666 frequenti
2255 5605 2305 5652 et
2344 5593 2660 5664 quotidiano
2691 5611 2844 5658 aqum
2885 5609 3012 5666 potu
3043 5595 3264 5649 obnoxii
3313 5593 3387 5648 illi
3419 5608 3539 5647 mo-

1947 5665 2104 5722 nachi
2135 5669 2382 5723 solebant
2415 5683 2572 5720 uvam
2615 5671 2948 5734 prasczdere;
2981 5665 3048 5720 de
3079 5683 3182 5737 qua
3209 5666 3536 5735 praecisione

1945 5739 2229 5794 Cornelius
2255 5741 2446 5795 Celsus
2479 5739 2572 5791 lib.
2601 5753 2652 5791 IV
2687 5753 2806 5806 cap.
2849 5737 2936 5792 1'2.

2023 5809 2042 5848 ί
2084 5813 2284 5880 Sagum
2325 5811 2466 5879 apud
2509 5809 2782 5864 Romanos
2833 5811 3066 5864 militare.
3111 5810 3528 5878 indumentum,

1945 5883 2091 5952 quod
2120 5883 2287 5941 armis
2311 5881 2823 5954 superinduebatur,
2857 5891 2917 5942 ut
2945 5899 3014 5940 ex
3043 5881 3345 5952 Philippica
3369 5881 3530 5938 Cice-
