3986 6320
1577 230 1686 264 μα’*

428 293 535 361 24⁸1

1747 238 2033 350 ΠῖλΝΝιὸ
2068 290 2381 353 CASSIANI

3597 298 3708 354 248

429 423 573 464 sum.
619 416 647 445 ι
676 408 869 464 Oleum
897 409 1061 465 etiam
1103 407 1426 464 benedicere
1471 420 1539 462 ac
1584 406 2015 476 supplicantibus
2042 416 2100 475 Α
2120 424 2185 464 ac
2201 408 2529 480 spiritalibus
2544 409 2873 481 disputaret,
2896 410 3563 482 eosquevideretclethteo
3578 428 3710 482 quo-

430 501 741 574 dare,quod
765 517 878 573 pra:
903 502 1157 558 omnibus
1177 499 1530 567 exsecrabar,
1560 507 1749 569 utpote
1770 498 2023 568 judicans

430 594 566 649 illud
594 611 663 651 ex
690 610 886 667 magna
932 594 1115 651 cordis
1160 592 1592 664 praesumptione
1637 591 1978 647 descendere
2002 632 2018 657 ,

432 688 899 746 circumdantibus
940 704 1028 746 me
1052 696 1279 758 repente
1315 684 1669 742 saecularibus
1710 686 1916 750 multis,
1950 684 2023 739 ita

434 782 763 873 congrictus
807 798 949 848 sum,
992 772 1054 837 ut
1080 781 1240 837 aliter
1288 794 1383 836 eos
1428 778 1738 834 nullatenus
1788 777 2024 834 evadere

435 870 677 943 possem,
716 875 822 930 nisi
850 891 881 930 a
910 889 998 931 me
1022 888 1231 929 summa
1261 872 1315 927 vi
1347 880 1405 927 et
1428 870 1886 928 obtestationibus
1930 884 2028 926 ex-

435 969 747 1038 torsissent,
786 980 846 1024 ut
883 969 1067 1024 oblato
1100 968 1169 1023 ab
1197 967 1279 1022 eis
1317 966 1801 1025 vasculo,manum
1847 978 2026 1019 meam

435 1060 707 1130 impresso
734 1061 912 1117 crucis
946 1059 1227 1131 signaculo
1257 1072 1685 1129 superponerem
1712 1073 1727 1110 :
1750 1056 1936 1126 itaque
1962 1069 2022 1111 se

434 1155 722 1210 credentes
750 1154 1150 1210 benedictionis
1179 1154 1359 1208 oleum
1391 1158 1725 1207 consecutos
1750 1190 1768 1218 ,
1801 1148 2024 1205 tandem

438 1260 530 1301 me
571 1245 867 1316 aliquando
913 1245 1251 1307 relaxarunt.
1300 1243 1512 1310 Quibus
1556 1242 1689 1298 mihi
1738 1240 2029 1297 manifeste

344 1346 351 1349 “
438 1348 778 1409 compertum
820 1347 926 1405 est,
980 1338 1173 1392 iisdem
1204 1336 1386 1391 causis
1429 1349 1494 1390 ac
1524 1334 1676 1390 vitiis
1702 1334 2028 1391 monachum

440 1431 696 1501 obligari,
725 1432 778 1485 in
807 1430 1003 1500 quibus
1030 1429 1099 1485 de
1139 1429 1261 1484 aliis
1298 1428 1547 1499 judicare
1595 1426 2026 1498 praesumpserit.

437 1519 468 1559 ι)
497 1522 723 1591 Oportet
758 1536 890 1593 ergo
921 1535 1360 1591 unumquemque
1398 1519 1756 1590 semetipsum
1782 1517 2032 1589 judicare

440 1613 836 1679 tantummodo,
866 1622 922 1669 et
942 1615 1342 1683 circumspecte
1376 1622 1642 1683 cauteque
1673 1612 1948 1667 custodire
1974 1611 2033 1666 in

437 1704 713 1771 omnibus,
730 1719 837 1760 non
860 1705 1091 1761 aliorum
1110 1705 1584 1761 conversationem
1606 1705 1886 1775 vitamque
1908 1704 2033 1760 dis-

438 1806 655 1864 cutere,
705 1799 1003 1854 secundum
1052 1800 1183 1855 illud
1223 1799 1473 1870 Apostoli
1544 1810 1876 1869 praeceptum
1907 1820 1921 1855 :
1948 1797 2031 1853 Tu
2058 1802 2109 1865 Β

437 1899 635 1957 autem,
657 1892 784 1961 quid
803 1892 1017 1961 judicas
1046 1896 1264 1963 fratrem
1290 1892 1480 1947 tuum?
1505 1907 1600 1945 suo
1630 1891 1854 1945 Domino
1898 1898 2028 1957 stat,

438 1993 533 2037 aut
580 1985 719 2038 cadit
748 1986 936 2057 (Rom.
965 2002 1056 2041 xw
1075 1986 1117 2057 ).
1163 1986 1233 2042 Et
1261 1987 1392 2043 illud
1417 2004 1432 2041 :
1459 1987 1641 2041 Nolite
1669 1988 1941 2067 judicare,
1974 1992 2034 2039 ut

442 2094 548 2129 non
575 2078 905 2147 iudicemini.
934 2076 1003 2133 In
1027 2096 1129 2149 quo
1154 2080 1292 2133 enim
1309 2079 1515 2151 judicio
1529 2078 1918 2152 judicaveritis,
1940 2079 2036 2149 ju-

440 2166 738 2223 dicabimini
767 2170 997 2241 (Matth.
1023 2169 1152 2244 vn).
1185 2172 1392 2228 Praeter
1422 2173 1560 2227 hanc
1586 2172 1730 2229 enim
1759 2187 1921 2243 quam
1951 2172 2037 2226 di-

441 2264 626 2317 ximus
665 2278 909 2331 causam,
940 2265 1104 2320 etiam
1133 2266 1205 2320 ob
1234 2266 1338 2321 hoc
1369 2266 1619 2337 judicare
1646 2265 1716 2322 de
1737 2266 1862 2322 aliis
1893 2266 2037 2337 peri-

441 2356 691 2413 culosum
718 2367 823 2426 est,
860 2361 1007 2430 quod
1039 2362 1360 2432 ignorantes
1387 2365 1479 2420 vel
1506 2366 1917 2432 necessitatem,
1948 2365 2037 2421 vel

443 2451 711 2507 rationem
734 2468 837 2523 qua
859 2454 938 2509 illi
961 2454 1079 2509 haec
1100 2456 1154 2510 in
1177 2456 1371 2525 quibus
1394 2457 1746 2527 offendimur,
1770 2467 1865 2514 aut
1884 2469 2038 2515 recte

444 2557 633 2600 coram
664 2545 799 2614 Deo,
831 2558 923 2602 aut
949 2550 1238 2605 venialiter
1266 2561 1455 2621 agunt,
1498 2552 1805 2608 invenimur
1825 2568 1921 2608 eos
1950 2562 2037 2609 te-

445 2652 598 2695 mere
618 2639 918 2709 judicasse,
951 2652 1006 2699 et
1030 2645 1254 2714 per'boc
1277 2646 1617 2701 admittimus
1640 2661 1749 2701 non
1774 2648 1892 2703 leve
1918 2662 2038 2718 pec-

442 2738 647 2797 catum,
676 2747 833 2788 secus
861 2750 1022 2805 quam
1052 2745 1266 2806 oportet
1289 2736 1359 2793 de
1385 2736 1651 2794 fratribus
1691 2739 1897 2795 nostris
1930 2739 2034 2794 ali-

445 2822 576 2893 quid
598 2825 918 2883 sentientes.

1014 2919 1242 2978 CAPUT
1283 2921 1474 2977 XXXI.

445 3028 745 3108 ηερ-φαιξο
775 3034 1004 3108 ejusdem
1029 3035 1184 3108 senis,
1230 3052 1349 3089 cum
1378 3038 1564 3108 fratres
1604 3037 1737 3091 inter
1777 3038 2037 3108 spiritales

522 3100 840 3180 ςυζιαιὶρῃέε
873 3100 1234 3180 dormitantes,
1264 3107 1333 3160 ad
1363 3100 1716 3163 narrationem
1752 3100 1931 3164 otiosa:
1958 3113 2040 3180 fa-

521 3173 659 3228 bula:
683 3175 891 3229 vidisset
914 3178 1320 3249 expergefactos.

520 3292 621 3349 llic
659 3292 802 3347 idem
849 3308 1020 3349 senex
1048 3294 1353 3349 otiosarum
1401 3294 1708 3350 fabularum
1758 3293 2041 3352 diabolum

454 3400 579 3441 esse
625 3386 916 3456 fautorem,
970 3402 1034 3443 ac
1083 3388 1409 3458 spiritalium
1468 3390 1823 3446 collationum
1871 3391 2048 3461 impu-

453 3490 743 3549 gnatorem
782 3498 998 3553 semper
1023 3487 1285 3551 existere,
1320 3484 1407 3541 his
1446 3485 1750 3541 declaravit
1802 3486 2043 3542 indiciis.

450 3574 587 3631 Nam
626 3590 750 3633 cum
779 3576 1039 3634 fratribus
1064 3577 1387 3649 quibusdam
1425 3577 1495 3635 de
1524 3582 1689 3635 rebus
1717 3580 2045 3635 necessariis

2125 501 2251 557 dam
2273 516 2469 571 sopore
2488 501 2749 573 demergi,
2772 519 2872 559 nec
2891 520 3051 574 posse
3080 504 3149 560 ab
3175 504 3349 560 oculis
3360 505 3475 560 suis
3499 504 3714 575 pondus

2125 596 2298 655 somni
2312 594 2614 665 depellere;
2639 598 2866 651 otiosam
2889 605 3111 668 repente
3132 596 3365 653 fabulam
3387 597 3713 653 introduxit.

2126 689 2211 744 Ad
2229 691 2384 761 cujus
2402 690 2814 746 oblectationem
2835 706 2956 746 cum
2974 706 3069 747 eos
3090 691 3381 763 evigilasse
3400 692 3719 757 confestim,

2129 791 2340 838 erectas
2370 797 2530 837 aures
2559 797 2685 837 suas
2706 782 2907 839 habere
2931 783 3177 850 vidisset,
3211 783 3576 855 ingemiscens
3604 785 3684 838 ait
3711 830 3722 842 .

2129 872 2281 929 Nunc
2303 887 2474 942 usque
2496 873 2565 929 de
2590 873 2754 928 rebus
2775 874 3085 930 caelestibus
3114 874 3493 944 loquebamur,
3516 882 3573 929 et
3591 890 3717 930 om-

2132 964 2279 1019 nium
2307 975 2549 1020 vestrum
2566 965 2717 1020 oculi
2747 964 2937 1020 letbali
2968 965 3303 1021 dormitione
3323 965 3717 1035 deprimeban-

2131 1068 2248 1126 tur;
2276 1069 2475 1114 atcum
2507 1059 2682 1115 otiosa
2714 1059 2894 1115 fabula
2918 1060 3235 1115 intromissa
3265 1069 3369 1127 est,
3409 1074 3600 1115 omnes
3617 1075 3709 1116 ex-

2131 1152 2430 1224 pergefacti
2460 1162 2737 1224 torporem
2767 1152 2942 1208 somni
2985 1153 3319 1207 dominantis
3351 1144 3720 1208 excussimus.

2131 1244 2234 1300 Vel
2260 1260 2328 1300 ex
2353 1247 2459 1300 hoc
2484 1242 2615 1316 ergo
2646 1245 2991 1315 perpendite,
3023 1246 3273 1314 quisnam
3302 1244 3625 1300 Collationis
3648 1246 3722 1299 il-

2133 1335 2238 1392 lius
2264 1337 2521 1407 spiritalis
2548 1336 2714 1393 fuerit
2739 1339 3105 1407 impugnator,
3152 1344 3247 1391 aut
3276 1336 3399 1406 quis
3434 1335 3596 1406 hujus
3626 1337 3722 1392 in-

2134 1428 2429 1483 fructuosa:
2450 1436 2613 1499 atque
2640 1428 2876 1484 carnalis
2902 1427 3203 1483 insinuatur
3246 1428 3464 1483 existat.
3502 1428 3599 1482 Ille
3630 1434 3719 1483 et-

2135 1522 2283 1577 enim
2325 1536 2447 1578 esse
2478 1521 2920 1577 manifestissime
2954 1521 3405 1593 deprehenditur,
3436 1522 3525 1592 qui
3555 1521 3720 1577 malis

2136 1613 2468 1685 adgaudens,
2511 1614 2599 1671 vel
2640 1614 2799 1669 istam
2850 1613 3051 1680 fovere,
3084 1615 3173 1671 vel
3210 1613 3361 1669 illam
3393 1614 3718 1686 impugnare

2138 1719 2245 1761 non
2269 1705 2487 1762 desinit.

2679 1797 2909 1855 CAPUT
2950 1796 3167 1854 XXXII.

2276 1892 2354 1948 De
2378 1890 2627 1966 epistolis,
2642 1891 2955 1961 'priusquam
2974 1889 3283 1962 legerentur,
3312 1891 3555 1946 incensis.

2206 1982 2315 2040 Nec
2344 1984 2523 2040 minus
2548 1998 2763 2053 quoque
2786 1983 2889 2039 hoc
2913 1998 3049 2053 opus
3072 1982 3253 2038 fratris
3274 1998 3402 2055 erga
3432 1983 3728 2054 puritatem

2135 2080 2219 2135 sui
2239 2080 2419 2136 cordis
2447 2079 2660 2143 intenti,
2692 2087 2747 2133 et
2774 2091 2904 2149 erga
2933 2077 3450 2147 contemplationem
3481 2077 3726 2132 divinam

2135 2172 2293 2227 valde
2320 2170 2556 2237 solliciti,
2584 2170 3401 2241 commemorare‘necessarium
3426 2184 3583 2237 reor;
3602 2170 3724 2241 qui,

2136 2278 2261 2319 cum
2289 2264 2338 2319 ei
2366 2272 2487 2333 post
2520 2278 2692 2317 annos
2716 2262 3032 2333 quindecim
3067 2262 3235 2331 patris
3264 2276 3328 2316 ac
3366 2263 3558 2316 matris
3584 2264 3728 2317 ami-

2139 2372 2439 2429 corumque
2464 2357 2754 2412 multorum
2780 2352 2806 2393 ἀ
2829 2356 2897 2411 de
2925 2356 3201 2427 provincia
3228 2355 3387 2411 Ponti
3415 2357 3732 2427 complures

2139 2451 2385 2521 epistola:
2413 2448 2613 2504 delatae
2643 2448 2893 2517 fuissent,
2915 2449 3187 2519 accipiens
3212 2450 3472 2520 grandem
3498 2449 3733 2506 fascicu-

2139 2542 2251 2597 lum
2296 2541 2627 2607 litterarum,
2661 2541 2863 2613 diuque
2890 2544 3034 2612 apud
3063 2543 3416 2621 semetipsum
3463 2542 3688 2597 volvens
3710 2584 3729 2609 ,

2139 2635 2497 2703 Quantarum,
2544 2633 2740 2705 inquit,
2791 2635 3185 2705 cogitationum
3230 2650 3394 2690 causa
3439 2635 3543 2690 erit
3591 2637 3729 2691 mihi

2139 2727 2331 2783 harum
2357 2727 2545 2793 lectio,
2572 2742 2693 2797 qua:
2719 2742 2808 2783 me
2832 2728 2920 2782 vel
2948 2727 3016 2782 ad
3047 2728 3207 2783 inane
3232 2727 3512 2798 gaudium,
3543 2728 3628 2782 vel
3654 2728 3727 2783 ad

2140 2820 2388 2875 tristitias
2411 2819 2778 2874 infructuosas
2802 2819 3114 2889 impellent!
3141 2819 3284 2887 Quot
3313 2820 3502 2875 diebus
3534 2820 3730 2875 horum

2140 2914 2520 2972 recordatione
2548 2914 2639 2985 qui
2683 2913 3040 2982 scripserunt,
3076 2912 3435 2968 intentionem
3487 2917 3726 2983 pectoris

2141 3010 2249 3064 mei
2279 3024 2311 3064 a
2352 3009 2629 3079 proposita
2679 3006 3140 3076 contemplatione
3182 3005 3547 3061 revocabunt!
3598 3005 3735 3060 Post

2142 3112 2403 3173 quantum
2429 3100 2687 3172 temporis
2710 3100 2990 3172 dirigenda
3012 3109 3094 3155 est
3114 3099 3231 3155 hinc
3253 3102 3451 3155 mentis
3472 3108 3734 3168 concepta

2072 3186 2121 3251 C
2150 3197 2416 3261 confusio,
2445 3205 2757 3267 quantoque
2784 3195 2972 3251 labore
2995 3209 3182 3249 rursus
3206 3194 3305 3249 iste
3328 3193 3737 3263 tranquillitatis

2151 3289 2487 3361 reparandus
2524 3298 2609 3345 est
2651 3295 2848 3354 status,
2892 3288 2938 3342 si
2971 3286 3139 3343 semel
3185 3285 3399 3341 animus
3430 3287 3737 3342 litterarum

2148 3395 2429 3457 permotus
2472 3381 2692 3447 aﬂectu,
2734 3396 3037 3451 eorumque
3065 3378 3402 3434 recensendo
3450 3392 3737 3433 sermones

2148 3494 2212 3533 ac
2236 3477 2439 3543 vultus,
2463 3490 2600 3547 quos
2627 3482 2778 3528 tanto
2808 3482 3053 3543 tempore
3078 3471 3391 3542 dereliquit,-
3415 3472 3611 3525 iterum
3637 3485 3737 3526 eos

2145 3573 2405 3638 revisere,
2454 3567 2696 3640 ipsisque
2739 3566 3083 3633 cohabitare,
3118 3573 3175 3620 et
3215 3564 3399 3619 animo
3436 3577 3500 3618 ac
3545 3569 3735 3619 mente

1537 3740 1799 3796 ALARDI
1836 3737 2069 3797 GAZEI
2102 3729 2674 3795 COMMENTARIUS.

453 3863 609 3917 ronis
647 3870 836 3916 octava
879 3861 1149 3932 colligitur
1180 3877 1195 3926 ;
1221 3859 1407 3917 Graece
1428 3861 1607 3932 σάγος.
1633 3858 1790 3929 Apud
1831 3859 2043 3912 Cassia-

458 3950 589 3988 num
622 3948 754 3987 vero
785 3942 841 3987 et
876 3934 1021 4001 apud
1052 3933 1352 3986 monachos
1406 3932 1527 3985 illos
1561 3942 1679 3985 erat
1703 3945 1873 4001 genus
1904 3938 2045 3982 stra-

460 4007 600 4073 gulae
621 4005 809 4068 vestis,
840 4000 925 4060 vel
949 4004 1170 4073 pallium
1190 4003 1466 4067 villosum,
1494 4017 1600 4068 quo
1621 4000 1851 4055 subinde
1874 4013 2046 4073 :egro-

464 4071 639 4129 tantes
692 4084 890 4144 praeter
947 4071 1163 4127 solitum
1219 4074 1528 4135 utebantur,
1559 4071 2048 4144 velut_coacti:ut

460 4146 554 4200 hic
579 4140 837 4199 innititur.
867 4146 1062 4214 Sagum
1087 4149 1250 4200 etiam
1274 4146 1532 4197 rusticum
1561 4141 1827 4197 Hilarioni
1860 4140 2048 4196 tribuit

462 4216 529 4271 D.
561 4218 925 4286 Hieronymus
955 4218 973 4284 (
1002 4215 1118 4268 Vita
1148 4214 1508 4286 Hilarionis).

539 4298 562 4324 α
606 4288 681 4343 De
712 4282 833 4341 oleo
860 4303 891 4340 a
922 4282 1164 4355 patribus
1206 4282 1474 4350 benedici,
1526 4293 1582 4338 et
1627 4282 2054 4355 petentibusad

465 4360 805 4414 curationem
855 4353 1230 4412 int'irmitatum
1278 4357 1394 4410 dari
1439 4355 1599 4410 solito
1647 4356 1857 4410 dicetur
1917 4353 2052 4409 alias

467 4428 692 4499 (Collat.
722 4430 753 4483 7
782 4446 829 4483 ε.
852 4427 966 4499 26).

542 4500 567 4538 δ
607 4501 878 4565 Optimum
910 4496 1089 4555 hacin
1132 4515 1190 4554 re
1227 4496 1512 4553 consilium
1537 4496 1596 4553 S.
1625 4497 1882 4553 Bernardi
1914 4496 2051 4551 scri-

466 4571 646 4626 bentis
675 4571 730 4625 in
775 4569 999 4625 Cantica
1027 4589 1041 4625 :
1076 4569 1225 4636 Cave,
1275 4570 1449 4635 inquit
1477 4568 1689 4640 (Serm.
1734 4568 1768 4622 4
1789 4568 1835 4639 ),
1867 4566 2053 4622 aliena

468 4643 873 4696 conversationis
902 4659 1029 4710 esse,
1058 4651 1149 4695 aut
1171 4642 1403 4694 curiosus
1429 4641 1747 4708 explorator.
1777 4649 1869 4693 aut
1897 4649 2051 4710 teme-

467 4694 639 4767 rarius
657 4694 1107 4785 judeirsli'tiamsi
1130 4727 1396 4785 perperam
1422 4694 1593 4785 aclum
1614 4694 1745 4780 quid
1767 4708 2049 4779 deprehen-
2075 4694 2131 4756 Ῑ)

471 4789 588 4856 das,
622 4783 711 4837 nec
748 4785 822 4837 sic
843 4784 1049 4856 judices
1077 4783 1370 4856 proximum
1398 4798 1417 4835 :
1442 4783 1607 4852 magis
1640 4793 1819 4856 autem
1833 4797 2043 4834 excusa.

468 4854 684 4909 Excusa
707 4854 1061 4919 intentionem,
1079 4854 1136 4909 isi
1162 4870 1291 4924 opus
1315 4870 1415 4906 nan
1443 4862 1773 4925 potespputa
1803 4854 2051 4925 ignoran-

471 4929 616 4987 tiam,
648 4936 772 4997 puta
800 4927 1200 4993 sabreptionem,
1232 4934 1358 4997 puta
1378 4940 1572 4976 casum.
1610 4924 1760 4997 Quod
1787 4924 2051 4997 sioumem

471 4994 934 5050 dissimulationem
956 4998 1030 5050 rei
1056 4994 1306 5051 certitudo
1330 5004 1529 5047 recusat
1554 5035 1568 5056 ,
1600 4995 1760 5047 suade
1789 4994 2049 5047 nihilomi-

474 5084 572 5121 nus
613 5069 723 5136 ipse
760 5069 871 5134 tibi,
913 5078 959 5121 et
984 5070 1139 5121 dicito
1182 5066 1323 5133 apud
1358 5066 1683 5131 temetipsum
1720 5081 1737 5117 :
1784 5064 2055 5118 Vehemens

467 5139 570 5206 fuit
604 5140 756 5193 nimis
786 5141 998 5192 tentatio
1025 5155 1044 5204 ;
1086 5138 1210 5207 quid
1238 5136 1303 5189 de
1344 5152 1423 5188 me
1444 5138 1541 5189 illa
1570 5136 1795 5207 fecisset,
1822 5136 1866 5188 si
1882 5138 1945 5207 _in
1977 5149 2058 5187 me

472 5212 753 5281 accepisset
779 5211 1017 5281 similiter
1045 5204 1349 5281 potestatem
1366 5208 1391 5260 ?
1427 5207 1558 5262 Vide
1584 5205 1845 5261 Joannem
1867 5204 2058 5259 Clima-

473 5280 786 5350 cum’gradu
815 5280 901 5337 11).

552 5364 573 5390 ε
620 5348 871 5406 Letha-us
896 5365 1085 5420 sopor,
1115 5357 1206 5402 aut
1234 5362 1458 5403 somnus
1482 5348 1633 5420 apud
1666 5356 1856 5420 poetas
1894 5358 2008 5420 non
2033 5358 2065 5398 ει

476 5422 633 5476 letho
662 5424 880 5483 dicitur,
928 5414 1013 5476 vel
1056 5420 1273 5475 lethalis
1300 5431 1353 5473 et
1406 5414 1681 5479 Iethil‘erf
1706 5416 1800 5472 sed
1831 5432 1860 5470 a
1894 5414 2066 5469 Lethe

477 5491 705 5547 ﬂumine
730 5494 1004 5555 infernali,
1036 5507 1143 5561 quo
1175 5492 1380 5557 lingunt
1409 5499 1688 5557 stuporem
1712 5499 1787 5561 Aet
1836 5485 2065 5561 profun-

480 5563 605 5616 dam
630 5579 809 5616 rerum
841 5556 1077 5617 omnium
1105 5556 1436 5617 oblivionem
1470 5561 1671 5613 induci.
1707 5559 1782 5613 De
1809 5571 1916 5628 quo
1944 5556 2071 5611 Vir-

482 5633 644 5704 gilius
668 5648 722 5687 vt
749 5633 1002 5688 Eneida

982 5765 1169 5815 Letbtei
1196 5764 1254 5812 ad
1277 5764 1489 5813 ﬂuminis
1510 5763 1686 5812 undam

611 5825 827 5879 Securos
847 5826 1042 5891 latices,
1070 5835 1123 5877 et
1147 5828 1292 5889 longa
1316 5828 1493 5877 oblivia
1518 5831 1705 5888 potant.

2148 3854 2217 3909 Et
2248 3853 2311 3907 D.
2340 3850 2700 3919 Hieronymus
2734 3844 2827 3899 lib.
2866 3858 2883 3919 ξ
2912 3842 3171 3919 adversus
3200 3840 3457 3919 Rufinum
3490 3857 3503 3893 :
3537 3838 3739 3919 Biben-

2149 3925 2297 3987 dum,
2330 3920 2523 3989 inquit,
2546 3910 2678 3970 inihi
2705 3925 2818 3970 erat
2844 3915 2910 3969 de
2936 3914 3142 3968 Lethaeo
3168 3914 3390 3985 gurgite,
3406 3914 3564 3984 juxta
3593 3910 3747 4035 {abu-

2151 3995 2231 4035 Ιης
2264 4003 2529 4035 mwmrum
2550 4005 2568 4035 ξ
2604 4004 2670 4035 ne
2709 4002 2904 4035 arauar
2938 3986 3070 4035 scire
3116 3984 3251 4035 auod
3278 3984 3459 4035 didici.
3492 3985 3747 4035 Lettmus

2151 3995 2231 4049 las
2264 3984 2568 4062 poetarum;
2604 4004 2678 4062 ne_
2709 4002 2904 4062 arguar
2938 3986 3070 4039 scire
3102 3984 3251 4062 _quod
3278 3984 3459 4062 didici.
3486 3984 3748 4062 Lethaeus

2152 4054 2282 4133 ergo
2307 4077 2470 4129 scpor
2496 4054 2718 4133 proprie
2746 4054 2944 4110 dicitur
2966 4054 3254 4133 gravis,_et_
3271 4054 3566 4123 profundus
3596 4068 3749 4133 som-

2153 4125 2276 4197 iius,
2299 4125 2389 4202 qui
2420 4142 2473 4185 et
2494 4125 2789 4183 obliviosus
2818 4141 2940 4180 esse
2969 4127 3132 4202 solet.
3161 4125 3601 4202 Videturutamen
3627 4127 3746 4202 ᾼιι-

2161 4194 2280 4261 ctor
2314 4194 2412 4274 pro
2443 4202 2630 4274 lethali
2674 4202 2943 4267 accipere,
2965 4196 3345 4274 _cum_in_ferius
3376 4194 3518 4274 dicat
3546 4194 3745 4274 eodem

2163 4265 2346 4339 sensu,
2392 4283 2446 4328 et
2482 4272 2663 4327 verbis
2692 4265 3009 4341 synonymis
3044 4285 3056 4320 :
3086 4265 3271 4341 lertliali
3299 4265 3751 4341 dormitione_de-

2162 4336 2547 4420 mergebantur.
2580 4336 2856 4420 Lethalem
2872 4336 3066 4420 autem
3090 4338 3221 4392 dicit
3245 4352 3519 4420 soporem,
3542 4348 3596 4389 et
3622 4336 3753 4420 dor-

2163 4408 2521 4479 niitatiouem,
2545 4416 2628 4469 vel
2656 4416 2782 4483 quia
2807 4413 2972 4483 letho,
2999 4411 3049 4464 id
3068 4420 3171 4483 est,
3201 4409 3381 4473 morti,
3414 4408 3499 4462 vel
3525 4417 3750 4464 mortuo

2160 4491 2392 4547 similem
2423 4486 2575 4551 facit,
2601 4480 2752 4555 juita
2780 4482 2909 4537 illud
2945 4480 3114 4536 Persii
3146 4496 3160 4535 :

2250 4616 2430 4676 Stulte,
2450 4612 2565 4678 quid
2592 4618 2668 4662 est
2688 4622 2907 4669 somnus,
2929 4607 3109 4671 gelidae
3132 4607 3224 4656 nisi
3248 4607 3420 4655 mortis
3444 4607 3647 4669 imago?

2153 4748 2243 4803 vel
2273 4746 2397 4817 quia
2440 4750 2673 4817 mortem
2703 4739 2899 4817 animae
2951 4736 3154 4793 sensim
3202 4733 3433 4817 inducit,
3467 4732 3757 4817 dltln:.(!lli8

2157 4804 2413 4873 salutaria
2463 4813 2666 4867 monita
2712 4810 2901 4864 audire
2946 4806 3278 4867 contemnit,
3314 4817 3367 4859 et
3409 4804 3756 4873 vanitatibus

2157 4872 2499 4945 indormiscit
2528 4902 2539 4937 :
2571 4885 2645 4937 De
2679 4896 2784 4951 qua
2807 4876 3521 4951 dormitioneiaitSapieus:
3549 4872 3756 4951 ρεφυγ-

2158 4978 2286 5037 quo“.
2312 4960 2482 5028 piger,
2504 4946 2989 5037 dormis'(Proverb.
3011 4950 3090 5017 Ix)
3104 4950 3127 5003 ?
3142 4946 3758 5037 Et‘Apostol'l'i's‘

2161 5015 2433 5098 vzsurje,
2450 5015 2537 5097 qui
2563 5015 2781 5098 dormis;
2809 5039 3022 5091 exsurge
3042 5015 3331 5098 a'rrtortuis,
3361 5015 3756 5098 etilluminabit

2162 5112 2213 5157 te
2255 5090 2530 5163 Christus;
2560 5109 2615 5151 et
2641 5097 2707 5149 ad
2737 5095 2895 5148 Rom.
2926 5090 3021 5147 xm
3053 5110 3066 5145 :
3103 5090 3257 5144 Hora
3285 5099 3359 5143 est
3402 5092 3517 5160 jam
3558 5104 3652 5140 nos
3702 5092 3769 5139 de

2163 5188 2347 5228 somno
2390 5185 2621 5239 surgere,
2645 5176 2753 5222 etc.

2242 5241 2269 5282 ά
2304 5228 2508 5307 Pontus
2535 5228 2631 5307 pro
2664 5237 2796 5291 mari
2836 5244 2891 5290 et
2932 5249 3032 5307 pro
3061 5232 3287 5307 regione
3309 5230 3595 5307 accipitur.
3623 5228 3764 5281 Pon-

2172 5324 2257 5368 tus
2281 5304 2433 5380 regio
2454 5356 2468 5380 ,
2493 5301 2582 5364 vel
2610 5308 2765 5380 Ponti
2797 5305 3069 5372 provincia
3092 5344 3129 5380 ,_
3137 5313 3195 5355 ut
3239 5303 3322 5380 hic
3355 5301 3769 5380 liabetur,"pars

2172 5395 2255 5439 est
2282 5370 2424 5438 Asize
2457 5370 2694 5435 'minuris
2731 5370 2877 5446 justa
2907 5390 3071 5446 mare,
3098 5374 3409 5446 Ponticum,
3439 5373 3555 5446 sive
3599 5370 3769 5446 Ensi-

2173 5471 2299 5509 num
2324 5497 2338 5517 ,
2368 5455 2550 5508 Asiam
2593 5440 2989 5517 Europamque
3023 5444 3438 5517 disterminans;
3486 5440 3771 5517 Cappado-

2180 5511 2340 5591 ciam,
2394 5524 2720 5591 Armeniam,
2748 5511 3081 5591 Vcolcltidem
3111 5555 3146 5591 ,_
3172 5514 3409 5591 aliasque
3456 5511 3772 5591 provincias

2179 5581 2549 5664 complectens
2583 5588 2860 5664 (Strobel.
2888 5601 2989 5664 vii;
3024 5584 3281 5664 Ptolome.
3314 5581 3403 5637 tib.
3435 5599 3465 5635 ν
3493 5598 3539 5664 c.
3574 5582 3655 5651 6).
3689 5581 3772 5635 Ex

2182 5655 2359 5722 Ponio
2402 5655 2879 5734 prodiit_Marc_i_on
2920 5655 3346 5734 haeresiarchas,
3379 5662 3569 5733 centra
3608 5665 3772 5720 quem

2183 5723 2563 5806 disputaiurus
2594 5729 2993 5806 Tertullianus,
3024 5728 3162 5806 hanc
3191 5727 3489 5806 regionem.
3522 5723 3639 5804 ejus
3670 5734 3774 5806 pa:-

2185 5791 2344 5871 triam
2373 5808 2511 5865 mire
2534 5801 2775 5875 depingit
2802 5798 2961 5876 (Lib.
2978 5791 3010 5854 VI
3038 5814 3087 5854 ο.
3115 5798 3144 5852 1
3172 5791 3353 5853 contra
3400 5791 3774 5861 Marcionem).
