3986 6320
205 331 303 388 219

689 339 780 396 DE
819 340 1302 402 C(ENOBIORUM
1341 343 1590 402 INSTIT.
1629 346 1762 404 LIB.
1805 347 1870 404 ν.
1897 379 1967 390 -
1997 347 2086 405 DE
2129 347 2400 409 SPIRITU
2439 351 3008 412 GASTRIMARGIE.

3399 359 3507 418 250

211 447 430 516 creuerit
457 449 778 511 interesse!
809 457 960 526 Quos
985 457 1230 528 profecto
1257 461 1619 532 corporaliter
1641 461 1802 518 dese-
1833 479 1888 542 Α
1909 465 2092 522 ctitate
2121 477 2176 524 et
2203 468 2438 540 perfecta
2477 467 2706 524 scientia
2746 469 3030 540 praeditum
3051 515 3064 538 ,
3099 483 3204 526 non
3239 471 3416 528 solum
3449 475 3504 528 in

213 543 380 602 ruisse
405 543 548 600 nihil
599 549 872 618 proderit,
897 552 942 606 si
988 553 1152 608 corde
1181 569 1277 608 eos
1307 554 1530 624 incipiat
1557 556 1758 612 intueri
1783 573 1800 624 ;

213 651 268 690 ac
299 637 624 694 memoriam
655 657 818 711 quam
851 642 1048 698 saeculo
1077 643 1201 700 huic
1229 647 1550 702 renuntians
1581 651 1810 718 quisque

221 731 356 784 velut
375 741 632 787 mortuus
652 734 950 802 abdicavit,
975 736 1312 796 reviviscens
1341 741 1588 798 eamdem
1619 757 1810 798 rursus

223 824 514 879 admiserit.
549 826 684 882 Haec
716 829 940 884 volvens
985 831 1040 884 in
1083 832 1248 888 corde
1297 847 1420 900 suo,
1473 849 1580 890 non
1625 835 1802 892 solum

223 917 411 972 nullam
445 921 736 976 resolvere
766 923 1052 992 epistolam
1095 923 1364 994 delinivit,
1395 927 1492 984 sed
1533 945 1604 984 ne
1629 929 1808 1000 ipsum

223 1009 428 1077 quidem
455 1008 784 1068 fasciculum
819 1015 1123 1086 resignare,
1157 1033 1226 1072 ne
1251 1019 1467 1076 scilicet
1495 1035 1686 1076 eorum
1714 1023 1808 1094 qui

223 1105 544 1174 scripserant
572 1107 660 1162 vel
691 1110 910 1164 nomina
940 1113 1302 1182 recensendo,
1351 1115 1438 1170 vel
1487 1115 1672 1170 vultus
1721 1132 1808 1173 re-

223 1199 486 1256 cordando
513 1215 546 1256 a
575 1203 808 1272 spiritus
835 1205 914 1260 sui
947 1206 1249 1262 intentione
1302 1219 1565 1266 cessaret.
1621 1211 1808 1282 Itaque

221 1307 274 1349 ut
293 1311 416 1350 eum
439 1297 800 1352 constrictum
825 1311 1158 1370 susceperat,
1189 1301 1302 1372 igni
1331 1303 1550 1358 tradidit
1577 1317 1806 1360 concre-

221 1388 462 1444 mandum
491 1409 504 1442 :
531 1390 630 1457 Ite,
661 1393 936 1462 inquiens,
961 1395 1316 1465 cogitationes
1339 1397 1548 1465 patriae,
1579 1399 1806 1466 pariter,

221 1485 662 1550 concremamini,
697 1501 800 1540 nec
845 1501 932 1542 me
961 1487 1211 1554 ulterius,
1241 1489 1310 1546 ad
1355 1490 1445 1545 illa
1495 1505 1616 1562 quas
1665 1491 1801 1564 fugi,

223 1589 464 1632 revocare
495 1579 740 1634 tentetis.

755 1669 984 1728 CAPUT
1025 1673 1265 1729 XXXIII.

221 1759 290 1814 De
328 1761 660 1817 absolutione
708 1767 1042 1834 qutcstiouis,
1094 1783 1250 1836 quam
1301 1767 1454 1822 abbas
1505 1766 1808 1824 Theodorus

741 1837 940 1890 orando
967 1839 1274 1908 promeruit.

281 1949 520 2007 Vidimus
545 1951 712 2006 etiam
743 1955 770 1984 ⁸
795 1953 1044 2010 abbatem
1072 1953 1418 2012 Theodorum
1449 1971 1658 2012 summa
1679 1971 1804 2012 san-

1911 561 2107 615 actuali
2133 561 2242 616 vita
2263 603 2280 628 ,
2309 561 2404 617 sed
2446 563 2610 616 etiam
2655 563 2844 618 notitia
2875 562 3282 634 Scripturarum
3303 605 3318 630 ,
3347 581 3506 636 quam

1911 653 1962 708 ei
1991 667 2098 708 non
2149 663 2253 710 tam
2285 653 2524 710 studium
2555 655 2802 710 lectionis
2822 696 2840 722 ,
2874 655 2958 710 vel
2991 656 3287 712 litteratura
3321 659 3508 714 mundi

1911 747 2248 814 contulerat,
2275 763 2438 818 quam
2467 747 2580 802 sola
2624 748 2830 816 puritas
2877 748 3057 804 cordis
3083 767 3096 802 :
3119 750 3386 820 siquidem
3417 752 3504 806 vix

1911 839 2081 909 ipsius
2106 855 2319 912 quoque
2349 839 2558 896 Graicai
2589 841 2780 912 linguae
2829 857 3094 912 perpauca
3119 845 3284 900 verba
3311 845 3395 899 vel
3427 845 3506 898 in-

1911 933 2154 1004 telligere
2173 943 2378 1005 posset,
2401 935 2486 990 vel
2515 935 2784 1006 proloqui.
2811 935 2907 990 llic
2929 949 3048 990 cum
3073 936 3502 1006 explanationem

1911 1026 2192 1098 cujusdam
2239 1027 2642 1082 obscurissima:
2684 1027 3002 1096 qumstionis
3029 1029 3350 1098 inquireret,
3381 1045 3506 1099 sep-

1911 1129 2020 1175 tem
2049 1121 2240 1176 diebus
2269 1135 2332 1174 ac
2361 1120 2616 1175 noctibus
2642 1119 2696 1174 in
2723 1123 2972 1176 oratione
2997 1119 3344 1191 infatigabilis
3377 1137 3502 1191 per-

1911 1211 2068 1279 stitit,
2087 1212 2258 1267 donec
2279 1212 2608 1268 solutionem
2627 1211 3247 1284 propositreqinestionis
3269 1213 3502 1268 Domino

1911 1304 2184 1361 revelante
2204 1313 2576 1374 cognosceret.

2449 1395 2678 1453 CAPUT
2719 1397 2962 1452 XXXIV.

1911 1492 1992 1548 De
2039 1493 2292 1548 sententia
2339 1493 2572 1563 ejusdem
2613 1493 2782 1558 senis,
2813 1509 2918 1563 qua
2963 1494 3137 1546 docuit
3186 1509 3285 1562 quo
3331 1493 3502 1547 studia

1981 1564 2262 1618 monachus
2295 1565 2456 1634 possit
2479 1565 2686 1636 assequi
2715 1565 2986 1618 scientiam
3015 1564 3429 1632 Scripturarum.

1983 1677 2084 1733 Hic
2124 1693 2253 1748 ergo
2279 1677 2604 1748 quibusdam
2659 1675 2916 1732 fratribus
2961 1677 3352 1734 admirantibus
3397 1687 3502 1732 tam

1909 1771 2236 1840 praeclarum
2271 1769 2514 1824 scientia:
2546 1769 2664 1838 ejus
2711 1769 2916 1834 lumen,
2945 1777 3000 1824 et
3026 1770 3094 1826 ab
3120 1769 3310 1826 eodem
3341 1785 3504 1838 quos-

1837 1875 1886 1936 Β
1911 1861 2034 1918 dam
2057 1861 2458 1931 Scripturarum
2483 1875 2674 1915 sensus
2697 1861 3112 1932 inquirentibus,
3135 1861 3212 1916 ait
3237 1881 3248 1915 :
3273 1861 3300 1900 ι)
3325 1863 3503 1918 Mona-

1911 1955 2074 2012 chum
2105 1955 2170 2008 ad
2203 1955 2606 2024 Scripturarum
2647 1953 2890 2010 notitiam
2935 1957 3246 2026 pertingere
3281 1955 3504 2024 cupien-

1308 2093 1566 2150 ALARDI
1607 2093 1840 2150 CAZEI
1876 2093 2442 2150 COMMENTARIUS.

274 2195 298 2222 ³
325 2185 707 2243 Memorantur
727 2187 1139 2250 duoTheodori,
1161 2189 1324 2242 ambo
1339 2190 1652 2242 monasticae
1681 2190 1806 2242 vita:

213 2257 358 2330 laude
387 2268 446 2313 et
471 2261 768 2314 sanctitate
803 2261 1062 2330 insignes,
1086 2275 1312 2328 quorum
1343 2262 1484 2314 alter
1509 2261 1806 2329 discipulus

213 2327 298 2382 fuit
325 2347 434 2384 non
465 2335 640 2385 sancti
667 2327 993 2396 Antoniifut
1019 2327 1213 2386 vitiose
1235 2332 1376 2400 apud
1411 2327 1701 2386 Baroniuin
1739 2333 1810 2386 le-

211 2403 340 2468 gitur
371 2403 424 2455 in
451 2401 840 2473 Martyrologio
872 2403 890 2472 (
915 2403 994 2456 Ad
1021 2405 1054 2457 '7
1083 2401 1364 2473 Januar.);
1401 2403 1494 2456 sed
1522 2403 1805 2456 Ammonis

211 2473 572 2534 anachoretze,
603 2483 664 2528 ut
691 2483 838 2542 patet
863 2485 974 2528 tum
1008 2491 1074 2528 ex
1115 2477 1218 2528 vita
1245 2475 1488 2540 ejusdem
1521 2474 1744 2528 Antonii
1773 2489 1804 2528 a

213 2543 264 2596 S.
295 2545 596 2599 Athanasio
622 2547 930 2610 conscripta
949 2587 964 2610 ,
1013 2556 1124 2598 tum
1157 2561 1222 2600 ex
1253 2545 1494 2600 Palladio
1523 2549 1540 2614 (
1567 2543 1634 2598 In
1665 2544 1802 2602 Lau.

213 2615 368 2688 (τε),
403 2617 723 2688 δοιριηςειιον
747 2615 895 2686 (Lib.
927 2633 942 2670 ι
977 2616 1116 2670 Hist.
1146 2633 1192 2670 c.
1226 2617 1343 2688 7N)
1373 2625 1430 2670 et
1467 2617 1584 2670 aliis
1621 2635 1632 2668 :
1667 2619 1804 2670 alter

218 2687 500 2756 discipulus
521 2685 580 2742 S.
603 2685 904 2756 Pachumii,
929 2689 980 2740 in
1009 2691 1161 2754 cuius
1187 2687 1292 2742 vita
1321 2685 1439 2756 ejus
1463 2689 1623 2742 etiam
1650 2697 1802 2756 gesta

223 2769 516 2826 narrantur,
541 2769 600 2812 et
631 2759 686 2811 in
717 2758 852 2811 Vitis
891 2759 1132 2812 Patrum.
1169 2761 1288 2828 Agit
1319 2761 1385 2812 de
1406 2759 1602 2814 eodem
1630 2758 1686 2813 S.
1713 2759 1804 2812 Ni-

220 2828 304 2882 lus
333 2832 382 2882 in
413 2830 500 2883 lib.
529 2831 598 2884 de
627 2829 904 2884 Oratione.
951 2829 1068 2886 Utri
1099 2845 1232 2884 vero
1265 2831 1545 2886 tribuenda
1585 2831 1656 2882 sit
1677 2845 1803 2884 sen-

219 2901 380 2954 tentia
405 2917 560 2968 quam
593 2901 680 2955 hic
727 2901 895 2956 refert
922 2902 1230 2966 Cassianus,
1260 2919 1364 2954 non
1393 2903 1522 2954 satis
1547 2915 1800 2970 comper-

214 2981 318 3024 tum
345 2973 544 3026 habeo:
565 2983 695 3042 puto
713 2983 892 3027 tamen
917 2973 1200 3040 posteriOri
1225 2975 1400 3040 potius
1423 2973 1796 3038 tribuendam;

213 3043 346 3108 quod
371 3043 460 3096 hic
489 3045 750 3097 doctrinae
773 3053 827 3097 et
857 3045 1134 3112 sapientia:
1165 3043 1329 3106 dono,
1362 3045 1503 3112 quod
1537 3043 1624 3096 hic
1651 3059 1802 3096 com-

211 3113 513 3174 mendatur.
543 3117 744 3170 clarior
771 3117 1036 3170 exstiterit
1057 3157 1070 3176 ,
1105 3125 1159 3170 et
1197 3119 1252 3169 S.
1281 3115 1574 3169 Pachomio
1603 3117 1652 3168 in
1685 3129 1800 3168 mo-

209 3186 426 3256 nasterii
459 3185 837 3240 Tabennensis
873 3187 1134 3256 regimine
1181 3187 1526 3240 successerit.
1561 3185 1714 3240 Unde
1743 3195 1802 3241 et

161 3309 166 3314 .
211 3255 308 3309 abb
327 3272 372 3310 Is
401 3257 488 3310 hic
511 3269 760 3311 vocatur.
787 3257 875 3311 Sic
899 3255 1042 3312 enim
1071 3257 1138 3310 de
1164 3273 1230 3312 eo
1271 3257 1458 3312 scribit
1487 3257 1798 3312 Gennadius

213 3327 275 3381 de
319 3327 592 3396 Scriptor.
625 3328 774 3382 Eccl.
807 3341 925 3396 cap.
959 3331 1028 3384 8:
1063 3327 1366 3382 Theodorus
1399 3327 1669 3380 Pachumii
1701 3327 1798 3380 ab-

211 3399 332 3451 batis
361 3415 630 3454 successor
655 3399 873 3468 insignis
914 3401 1215 3466 sanctitate,
1250 3409 1296 3453 et
1324 3399 1568 3452 doctrina
1595 3411 1798 3468 specta-

211 3471 316 3522 bilis
343 3471 396 3522 in
423 3472 518 3524 lib.
567 3471 631 3524 de
659 3470 1032 3524 Collationibus
1063 3470 1282 3524 Patrum
1309 3487 1340 3522 a
1369 3469 1620 3524 Cassiano
1661 3471 1796 3524 edito

209 3539 509 3594 multi'mode
551 3543 959 3606 commendatur,
991 3543 1078 3610 qui
1109 3552 1222 3608 post
1249 3543 1421 3608 ipsum
1449 3543 1561 3612 ejus
1590 3557 1800 3594 monas-

209 3614 332 3684 teria
374 3615 427 3664 in
459 3629 660 3666 summa
712 3613 1042 3684 perfectionis
1069 3615 1216 3682 apice
1241 3623 1448 3665 strenue
1475 3613 1800 3684 gubernavit.

207 3681 279 3734 De
309 3687 598 3736 concordia
633 3695 680 3738 et
709 3681 934 3748 unitate,
965 3695 1010 3738 et
1058 3681 1122 3736 de
1159 3681 1510 3754 permanendi)
1535 3687 1588 3736 in
1615 3699 1804 3754 propo-

207 3757 294 3807 sito
321 3757 500 3808 cordis
531 3766 580 3808 et
610 3755 770 3808 studit
801 3755 1176 3808 exhortatorias
1219 3765 1264 3808 ct
1311 3755 1568 3822 elegantes
1599 3755 1666 3807 nd
1697 3755 1804 3807 alia

208 3828 522 3880 monasteria
545 3828 721 3896 plures
744 3827 986 3896 epistolas
1009 3827 1233 3892 scripsit,
1257 3836 1306 3896 et
1339 3827 1604 3896 miraculis
1627 3825 1802 3878 clarus

207 3896 252 3947 in
279 3898 511 3950 Domino
530 3899 738 3966 quievit.
771 3895 896 3949 Hinc
914 3897 1226 3952 Gennadius
1253 3895 1646 3968 (llist.Tripar.
1674 3896 1764 3950 lib.
1787 3913 1802 3950 ι

207 3985 316 4038 cap.
357 3969 464 4036 ll).
503 3969 586 4022 Ex
614 3969 810 4038 quibus
839 3969 1033 4038 colligo
1064 3969 1208 4022 hunc
1235 3969 1410 4034 ipsum
1449 3969 1800 4022 Theodorum

205 4037 342 4101 esSe,
371 4041 528 4106 cujus
571 4037 654 4094 est
693 4037 782 4092 illa
814 4037 1128 4093 doctissima
1158 4039 1450 4108 disputatio
1478 4039 1800 4094 Collationis

205 4121 370 4230 fama:
413 4111 492 4163 De
539 4127 664 4164 nece
707 4113 1037 4165 Sanctorum.
1079 4113 1196 4178 Qua
1239 4111 1306 4164 de
1349 4125 1408 4164 re
1453 4113 1574 4166 vide
1620 4121 1800 4166 notata

205 4195 270 4230 ιη
315 4197 428 4230 em-

205 4178 428 4234 ibidem.

271 4251 296 4288 ¹³
317 4253 448 4308 Haec
471 4251 766 4312 sententia.
781 4261 978 4306 utvera
996 4253 1087 4320 sit,
1103 4269 1230 4308 sana
1256 4252 1800 4324 indigetfinterpreta-

205 4325 374 4379 tione.
415 4325 640 4378 Videtur
668 4324 812 4377 enim
845 4325 1016 4390 prima
1049 4325 1223 4380 fronte
1259 4325 1394 4380 duos
1427 4340 1642 4379 errores
1672 4339 1802 4378 con-

205 4395 422 4450 tinere:
461 4393 514 4446 l’
543 4395 878 4462 Scripturam
909 4411 1118 4464 sacram
1167 4411 1264 4466 per
1301 4413 1362 4450 se
1407 4395 1538 4450 satis
1585 4395 1798 4448 facilem

203 4474 254 4536 et
276 4478 700 4536 apertamicsse,
730 4481 828 4520 nec
859 4469 1249 4521 commenticio
1271 4479 1326 4522 ct
1356 4467 1801 4536 interpretatione

201 4535 481 4605 indigere;
511 4535 571 4588 Υ
595 4539 824 4604 proinde
851 4539 1114 4592 monacho
1143 4549 1235 4593 aut
1265 4540 1435 4592 cuivis
1463 4535 1528 4592 ad
1566 4538 1802 4606 Scriptu-

203 4621 386 4661 rarum
435 4609 804 4676 cognitionem
836 4609 1144 4678 pertingere
1187 4611 1457 4679 cupienti,
1513 4623 1620 4662 non
1665 4623 1800 4678 opus

201 4693 324 4732 esse
379 4681 488 4732 alio
534 4679 760 4733 doctore
789 4694 880 4732 aut
912 4681 1240 4748 interprete,
1285 4697 1384 4736 nec
1431 4681 1798 4734 adhibendum

203 4749 442 4803 studium
475 4765 538 4803 ac
569 4749 856 4804 lectionem
889 4753 1434 4816 etmimentariorum;
1469 4751 1562 4806 sed
1613 4761 1798 4818 postu-

203 4819 418 4874 landam
451 4833 500 4874 et
536 4822 955 4889 exspectandam
981 4839 1008 4876 a
1037 4823 1149 4878 Deo
1169 4839 1352 4878 earqu
1384 4821 1792 4890 intelligentiam

1913 2188 2098 2240 nebras
2125 2189 2436 2254 ignorantiae
2465 2189 2738 2258 conﬁtetur
2757 2231 2770 2252 ,
2803 2205 2904 2254 qua
2933 2205 3036 2242 non
3065 2197 3212 2258 putas
3239 2191 3500 2254 paruulos,

1913 2269 1961 2312 et
1981 2275 2110 2326 pene
2133 2259 2374 2312 lactentes
2411 2260 2632 2314 inscitia:
2669 2271 2816 2312 nocte
2843 2261 3198 2313 circumdari?
3229 2261 3506 2314 licclamat

1913 2329 2104 2384 Petrus
2129 2331 2494 2398 apostolorum
2527 2333 2778 2400 princeps
2821 2331 3011 2386 dicens
3062 2349 3074 2382 :
3127 2329 3244 2384 Hoc
3279 2333 3504 2400 primum

1911 2401 2276 2474 intelligentcs,
2308 2405 2444 2470 quod
2468 2403 2634 2456 omnis
2666 2401 2941 2472 prophetia
2971 2403 3260 2462 Scriptura!
3286 2407 3502 2474 propria

1909 2473 2332 2538 interpretatione
2359 2490 2463 2526 non
2495 2475 2586 2541 ﬁt;
2631 2491 2734 2526 non
2785 2475 2918 2526 enim
2965 2475 3222 2525 voluntate
3273 2473 3502 2527 humana

1909 2543 2074 2596 allata
2095 2555 2170 2616 cst
2208 2545 2494 2614 aliquando
2521 2543 2814 2616 prophetia.
2844 2545 2932 2598 sed
2963 2543 3388 2616 Spirituwsancto
3415 2545 3502 2616 iit-

1907 2617 2088 2686 spirati
2134 2613 2302 2668 locuti
2339 2627 2456 2668 sunt
2501 2613 2664 2670 sancti
2711 2615 2806 2668 Dei
2859 2613 3090 2668 homines
3123 2615 3204 2686 (II
3237 2613 3380 2670 Petr.
3417 2615 3496 2685 ι).

1909 2685 2188 2740 Iieclamat
2205 2697 2260 2740 et
2273 2698 2488 2740 sanctus
2503 2687 2592 2740 ille
2611 2687 2894 2740 eunuchos
2919 2687 3118 2754 reginae
3136 2685 3462 2756 JEthiopnm
3479 2727 3494 2752 ,

1907 2760 1996 2828 qui
2019 2771 2138 2812 cum
2158 2757 2307 2828 Isaia:
2327 2758 2662 2828 prephetiam
2689 2759 2912 2826 legeret,
2934 2759 3288 2826 interrogatus
3313 2775 3342 2812 a
3375 2757 3500 2812 Phi-

1907 2825 2096 2900 lippo:
2147 2825 2382 2900 Putasne
2417 2825 2668 2900 intelligis
2715 2825 2830 2899 q’ute
2870 2829 3037 2900 legis?
3081 2825 3372 2894 prudenter
3413 2843 3498 2884 re-

1907 2899 2124 2964 spondit
2153 2920 2166 2954 :
2201 2899 2270 2953 Et
2306 2903 2562 2970 quomodo
2589 2899 2822 2964 possunt,
2843 2901 2890 2954 si
2913 2917 3016 2952 non
3043 2902 3232 2966 aliquis
3263 2901 3498 2954 ostende-

1905 2971 1973 3042 rit
1995 2973 2121 3024 mihi
2152 2971 2286 3042 (Act.
2313 2973 2468 3042 vin)?
2517 2973 2836 3026 Reclamant
2863 2981 2916 3026 et
2957 2971 3056 3042 SS.
3095 2971 3280 3042 Patres
3309 2971 3499 3025 Eccle-

1905 3041 2002 3112 siae
2033 3041 2290 3098 [iactares
2319 3045 2336 3112 (
2361 3041 2490 3096 Vide
2513 3043 2798 3096 Baronium
2829 3051 2952 3096 tam.
2985 3041 3240 3110 lAnnal.,
3273 3059 3361 3096 alt.
3391 3043 3494 3106 54;

1905 3109 2158 3184 Bellaria.
2205 3113 2242 3168 l.
2293 3109 2350 3168 in
2397 3115 2462 3168 de
2503 3113 2662 3168 Verbo
2697 3115 2791 3167 Dei
2837 3131 2882 3166 ε.
2917 3117 2986 3184 ι).
3043 3114 3403 3182 Hieronymus
3437 3115 3490 3168 in

1905 3183 2110 3256 celebri
2143 3185 2230 3238 illa
2255 3187 2484 3256 epistola
2507 3186 2572 3238 ad
2601 3185 2924 3248 Paulinum,
2953 3201 3072 3254 qua:
3101 3185 3286 3240 Bibliis
3317 3187 3496 3256 praeli-

1903 3255 2080 3322 gitur,
2125 3257 2216 3312 ubi
2243 3259 2450 3326 singula
2497 3259 2790 3326 Scriptnrze
2819 3258 3096 3312 volumina
3127 3255 3452 3324 percurrens
3473 3299 3490 3324 ,

1903 3327 2142 3382 ostendit
2172 3331 2226 3381 in
2268 3329 2517 3383 omnibus
2547 3328 2750 3382 n'iultas
2773 3337 2830 3382 et
2855 3343 3077 3396 magnas
3104 3341 3230 3382 esse
3253 3329 3494 3382 diflicul-

1905 3403 2065 3458 tates,
2093 3409 2146 3450 et
2170 3403 2404 3464 graviter
2424 3415 2517 3454 eos
2547 3399 2844 3466 redarguit,
2877 3401 2967 3468 qui
2997 3413 3108 3452 sine
3143 3399 3380 3452 solertia:
3402 3409 3494 3454 aut

1905 3469 2182 3524 sanctitati
2206 3471 2456 3534 ﬁdentes,
2481 3471 2596 3524 sine
2625 3469 2848 3524 doctore
2875 3479 2968 3524 aut
2991 3469 3286 3536 interprete
3307 3485 3493 3524 sacros

1911 3538 2080 3594 libros
2111 3543 2309 3610 legere,
2362 3551 2592 3596 tractare
2633 3550 2687 3594 et
2730 3543 2944 3610 assequi
2991 3555 3049 3594 se
3079 3555 3242 3609 posse
3283 3557 3490 3610 praesn-

1907 3621 2082 3680 muut.
2107 3609 2508 3668 SIAmbrosius
2538 3614 2590 3666 in
2619 3611 2845 3680 epistola
2874 3609 2966 3674 14,
2987 3611 3052 3662 ad
3075 3609 3446 3666 Constantium
3477 3629 3489 3664 :

1907 3677 2078 3752 Mare,
2105 3682 2300 3752 inquit,
2323 3693 2394 3738 est
2427 3677 2706 3750 Scriptura
2727 3683 2925 3746 diuina,
2953 3681 3142 3734 habens
3163 3683 3214 3734 in
3237 3699 3290 3734 se
3310 3699 3492 3736 sensus

1909 3751 2212 3822 profundos,
2229 3755 2554 3808 altitudinem
2569 3753 2989 3822 prapheticorum
3004 3753 3359 3822 (enigmatum,
3379 3763 3488 3808 etc.

1906 3821 2427 3894 D.Chryso.stomus
2457 3841 2470 3878 :
2515 3821 2698 3892 Neque
2725 3825 2862 3876 enim
2881 3864 2895 3888 ,
2925 3821 3130 3889 inquit,
3160 3827 3238 3878 rel
3266 3823 3489 3893 syllaba,

1905 3893 1984 3944 vel
2009 3893 2248 3964 apiculus
2275 3905 2348 3948 est
2381 3897 2436 3950 in
2467 3897 2628 3950 sacris
2659 3895 2868 3948 Litteris
2889 3935 2906 3958 ,
2945 3895 3002 3948 in
3039 3895 3188 3962 cujus
3227 3895 3492 3965 profundo

1907 3979 2010 4016 non
2035 3967 2101 4018 sit
2121 3967 2336 4038 grandis
2369 3967 2628 4038 quispiam
2655 3969 2924 4020 thesaurus
2938 3981 2968 4038 4:
2991 3965 3206 4038 proinde
3228 3965 3379 4038 nobis
3398 3981 3494 4038 ne-
3529 4005 3544 4022 .

1905 4049 2040 4090 cesse
2061 4035 2137 4090 est
2161 4037 2335 4090 divina
2353 4035 2522 4106 gratia
2549 4039 2820 4102 ducamur,
2849 4049 2894 4090 et
2927 4035 3130 4102 Spiritu
3167 4045 3344 4106 sancto
3367 4037 3492 4090 illu-

1905 4109 2054 4178 strati
2092 4107 2294 4178 eloquia
2345 4098 2524 4164 diuina
2570 4098 2816 4178 adeamus
2843 4098 3080 4178 (Hoinil.
3109 4107 3174 4162 ‘21
3217 4109 3268 4158 in
3301 4105 3488 4162 Genes.

1917 4175 2046 4250 fide
2077 4175 2229 4234 etiam
2261 4181 2402 4236 hom.
2427 4181 2496 4236 40
2517 4181 2570 4234 in
2594 4181 2752 4235 Joan.
2849 4175 2910 4232 1).
2935 4179 3264 4240 Augustinus
3297 4179 3387 4230 lib.
3419 4195 3492 4233 xtl

1905 4245 2138 4320 Confess.
2158 4267 2276 4320 Cap.
2297 4257 2364 4308 M
2381 4271 2394 4306 :
2413 4251 2572 4316 Mira,
2591 4245 3141 4322 inquit,'profunditas
3159 4251 3490 4322 eloquiorum

1905 4319 2144 4387 tuorum,
2183 4319 2404 4390 quorum
2425 4366 2438 4384 ,
2467 4339 2608 4390 ecce,
2641 4333 2756 4376 ante
2783 4319 2876 4376 nos
2905 4319 3200 4389 superﬁcies
3228 4319 3494 4374 blandiens

1905 4394 2134 4464 paruulis
2161 4411 2179 4448 :
2209 4397 2296 4448 sed
2321 4395 2452 4448 mira
2477 4394 2824 4464 profunditas,
2861 4391 2996 4446 Deus
3023 4407 3182 4454 meus,
3211 4393 3342 4464 mira
3373 4407 3494 4458 pro-

1905 4463 2138 4528 funditas
2165 4481 2182 4518 :
2204 4465 2388 4518 horror
2409 4473 2480 4518 est
2509 4465 2772 4518 intendere
2791 4465 2845 4516 in
2871 4479 3015 4526 eant;
3041 4464 3222 4516 horror
3245 4463 3494 4526 honoris;

1905 4543 1952 4586 et
1979 4545 2166 4588 tremor
2193 4539 2402 4589 amoris.
2429 4537 2560 4588 Item
2593 4535 2720 4588 alibi
2746 4551 2758 4588 :
2791 4534 2958 4588 Tanta
2987 4543 3082 4592 est.
3119 4535 3310 4600 inquit,
3342 4531 3494 4587 Chri-

1904 4607 2192 4660 stianarum
2232 4607 2562 4678 profunditas
2610 4607 2921 4678 litterarum,
2957 4615 3008 4656 ut
3055 4605 3110 4657 in
3147 4607 3219 4657 eis
3267 4605 3495 4678 quotidie

1906 4679 2228 4744 proﬁcerem,
2256 4679 2298 4732 si
2328 4675 2412 4730 eas
2435 4677 2573 4730 solas
2601 4677 2664 4730 ab
2695 4679 2901 4729 ineunte
2931 4685 3082 4730 wtate
3115 4693 3274 4745 usque
3301 4675 3368 4728 ad
3398 4677 3490 4729 de-

1903 4751 2156 4816 crepitam
2181 4759 2490 4802 senectutem
2521 4749 2745 4800 maximo
2778 4748 2903 4812 otio,
2935 4763 3135 4800 summa
3162 4745 3358 4808 studio,
3388 4761 3496 4798 me-

1907 4821 2035 4872 liore
2061 4821 2266 4892 ingenio
2295 4835 2510 4874 conarer
2535 4821 2800 4872 addiscere
2831 4833 2848 4870 :
2873 4819 3144 4892 non‘quod
3183 4817 3270 4892 ad_
3290 4833 3355 4892 ea
3379 4833 3496 4884 qua:

201 4905 300 4958 per
335 4887 652 4952 orationes,
709 4894 1076 4962 purgationem
1118 4895 1328 4954 cordis.
1361 4905 1509 4948 etc.:
1561 4887 1790 4960 quorum
1821 4889 1872 4947 D
1899 4887 2188 4944 necessaria
2217 4901 2334 4946 sunt
2383 4892 2558 4954 saluti,
2603 4901 2744 4942 tanta
2795 4889 3124 4962 perveniatur
3165 4887 3501 4962 difﬁcultate;

205 4977 502 5032 uirumque
533 4963 727 5015 falsum
761 4975 864 5024 est,
897 4975 950 5017 et
989 4981 1298 5026 erronemn,
1326 4977 1379 5018 et
1411 4967 1792 5018 hmreticorum

203 5037 376 5086 nostri
411 5033 674 5102 temporis
699 5035 932 5104 dogmati
977 5039 1278 5104 proximum
1301 5077 1314 5096 .
1341 5037 1428 5106 qui
1457 5037 1792 5104 Scripturam

203 5119 416 5157 sacram
479 5107 626 5158 omni
677 5121 742 5158 ex
777 5117 926 5172 parte
967 5107 1174 5162 lacilem
1227 5119 1283 5162 ct
1321 5119 1520 5161 claram
1549 5149 1564 5172 ,
1627 5107 1794 5160 immo

201 5177 462 5229 erunibus
492 5177 588 5231 SS.
635 5175 850 5230 Patrum
897 5181 1302 5233 commentariis
1345 5179 1629 5232 clariorem
1675 5192 1798 5232 esse

201 5247 560 5300 e-untendnnt.
601 5247 754 5312 Quod
786 5249 850 5300 ad
901 5250 1132 5318 primum
1173 5251 1392 5314 attinet,
1445 5249 1569 5302 huic
1591 5249 1797 5312 ‘aperte

203 5319 467 5370 reclamat
505 5319 766 5386 propheta
799 5325 999 5386 regius,
1029 5321 1116 5386 qui
1147 5321 1216 5374 de
1241 5321 1372 5388 legis
1401 5329 1456 5374 et
1507 5319 1800 5386 Scriptura:

197 5389 402 5442 divina:
431 5389 748 5442 difﬁcultate
777 5401 826 5440 et
853 5393 1184 5445 obscuritate
1231 5392 1559 5444 luculentum
1586 5405 1649 5442 ac
1693 5389 1798 5442 fre-

195 5473 380 5523 qm-ns
415 5461 663 5528 perhibet
691 5463 1074 5514 testimonium.
1109 5463 1310 5516 I’salm.
1340 5477 1500 5516 cxvm
1529 5479 1542 5512 :
1567 5459 1650 5512 Da
1673 5459 1798 5512 mihi

197 5529 540 5594 intellectum,
563 5541 612 5582 et
633 5533 900 5584 scrutabor
928 5532 1090 5603 legem
1117 5543 1276 5584 tuam.
1311 5533 1510 5586 Ibidem
1536 5548 1550 5586 :
1585 5529 1798 5584 Faciem

197 5610 350 5672 tuam
377 5603 620 5654 illumina
651 5619 802 5670 super
829 5621 1026 5656 servum
1059 5615 1234 5666 tuum,
1279 5615 1326 5658 et
1368 5605 1492 5658 doce
1527 5619 1606 5654 me
1635 5604 1802 5672 justi-

199 5671 474 5739 ﬁcationes
529 5683 664 5726 tuas.
711 5675 772 5724 Et
825 5691 1032 5728 rursum
1069 5691 1084 5726 :
1121 5675 1302 5729 Ret-cla
1341 5675 1516 5728 oculos
1567 5671 1722 5738 meos,
1753 5681 1800 5725 et

197 5744 540 5816 considerabo
563 5745 824 5797 mirabilia
851 5745 914 5797 de
941 5745 1052 5816 lege
1072 5759 1179 5799 tua.
1201 5747 1332 5811 Quae
1361 5747 1520 5799 verba
1565 5753 1800 5798 tractans

199 5813 266 5866 D.
291 5815 653 5886 Hieronymus
683 5819 734 5868 in
779 5818 935 5884 epist.
970 5813 1036 5870 ad
1077 5819 1354 5870 Paulinum
1377 5817 1444 5870 de
1469 5817 1800 5870 institutione

199 5887 459 5944 monachi
495 5885 714 5960 (Ευὶδι.
754 5887 820 5944 15
849 5891 885 5946 i.
908 5889 988 5946 sic
1017 5891 1092 5944 ait
1122 5907 1134 5944 :
1169 5888 1230 5944 Si
1253 5897 1426 5944 tantus
1446 5887 1698 5962 propheta
1727 5895 1798 5944 te-

1895 4963 1987 5018 sed
2014 4979 2130 5014 cum
2155 4965 2372 5032 quisque
2398 4963 2468 5014 ibi
2490 4963 2646 5028 fidem
2667 4961 2908 5022 tenuerit,
2943 4963 3065 5032 sine
3099 4975 3196 5032 qua
3231 4959 3313 5028 pie
3337 4969 3500 5010 recte-

1898 5049 1996 5098 que
2025 5051 2126 5086 uon
2149 5031 2356 5094 uiuitur,
2387 5043 2490 5086 tam
2513 5033 2694 5096 multa,
2724 5042 2929 5102 tantque
2957 5031 3328 5102 multiplicibus
3355 5045 3498 5102 mys-

1899 5109 2143 5158 teriorum
2173 5105 2486 5158 umbraculis
2522 5119 2684 5174 Opaca
2723 5099 3066 5174 intelligenda
3098 5099 3493 5174 proficientibus

1900 5185 2112 5240 restant,
2149 5187 2390 5245 tantaque
2419 5191 2520 5228 non
2549 5169 2720 5227 solum
2737 5175 2790 5226 in
2835 5169 3234 5245 verbis,verum
3261 5169 3417 5245 etiam
3447 5173 3502 5222 in

1903 5249 2073 5306 rebus,
2105 5239 2732 5322 qtttciint'elligendtesunt
2755 5245 2926 5322 ,_latct
2953 5239 3172 5322 altitudo
3195 5241 3466 5322 sapientia:
3491 5281 3504 5304 ,

1903 5329 1958 5371 ut
1982 5312 2359 5386 annosissimis,
2391 5312 2732 5380 acutissimis,
2763 5312 3180 5386 ﬂagrantissimis
3211 5312 3500 5386 cupiditate

1906 5390 2138 5442 discendi
2169 5397 2262 5442 hoc
2285 5384 2566 5458 contingat,
2595 5387 2734 5454 quod
2763 5384 2940 5438 eadem
2964 5384 3246 5458 Scriptura
3275 5385 3500 5458 quodam

1907 5459 2018 5513 loco
2057 5461 2208 5514 habet
2251 5475 2267 5512 :
2311 5459 2442 5512 Cum
2464 5455 2906 5510 consummat-erit
2951 5455 3122 5519 homo,
3166 5463 3288 5506 tunc.
3319 5455 3500 5519 incipit

1909 5531 2144 5596 (Eccles.
2169 5530 2341 5600 xvm).
2369 5531 2498 5584 Ilmc
2525 5529 2855 5600 Augustinus
2878 5525 3381 5600 (Adil’olusicpist.
3409 5525 3492 5600 2).

1905 5601 2196 5672 Gregorius
2223 5597 2386 5656 etiam
2428 5602 2488 5672 in
2515 5599 2758 5652 canalem
2786 5599 3108 5651 sententiam
3136 5615 3148 5650 :
3185 5597 3354 5650 Multa
3377 5599 3496 5668 qui-

1905 5671 2044 5738 dem,
2073 5673 2263 5740 inquit,
2297 5675 2350 5725 in
2375 5671 2466 5724 illa
2499 5673 2568 5722 ita
2594 5677 2776 5734 aperta
2805 5685 2900 5720 sun
2913 5677 2949 5732 :',
2985 5677 3038 5721 ut
3069 5681 3284 5738 pascant
3316 5685 3500 5737 parvu-

1905 5745 1980 5798 los
2003 5763 2021 5810 ;
2049 5745 2284 5814 qucedam
2315 5759 2433 5796 vero
2452 5741 2832 5814 obscurioribus
2849 5743 3132 5814 soluendis,
3151 5751 3204 5794 ut
3225 5747 3500 5814 exerceant

1905 5811 2083 5884 fortes,
2114 5827 2363 5882 quatenus
2392 5829 2506 5866 cum
2531 5811 2703 5864 labore
2736 5811 2998 5884 intellecta
3047 5811 3162 5880 plus
3188 5819 3352 5884 igrata
3374 5811 3497 5864 sint.

1909 5885 2182 5954 Nonnulla
2211 5895 2384 5942 autent
2427 5885 2480 5940 in
2507 5899 2566 5938 ea
2587 5885 2660 5940 ita
2697 5883 2878 5940 clausa
2905 5893 3043 5952 sunt,
3075 5892 3132 5948 ut
3161 5883 3286 5938 dum
3316 5897 3374 5936 ea
3396 5895 3498 5942 non
