3986 6320
172 307 279 367 255

660 304 754 362 DE
791 301 1270 362 C(ENOBIORUM
1311 300 1556 360 lNSTlT.
1595 300 1725 359 LIB.
1769 299 1835 355 V.
1864 326 1937 343 --
1964 298 2058 357 DE
2094 297 2365 357 SPlRlTU
2405 296 2977 357 GASTRIMARGIE.

2178 203 2343 234 me.
2393 214 2398 221 θ

172 423 297 481 stim
323 417 508 476 cordis
536 421 708 487 oculi,
754 419 967 476 sublato
1014 417 1282 474 velamine
1308 419 1647 489 passionum,
1672 431 1759 473 sa-
1787 425 1842 488 Α
1866 416 2196 485 sentientes,
2238 416 2482 474 veritatis
2528 415 2714 473 lumen
2750 411 3216 486 comprehendere
3260 411 3454 485 nequi-

172 521 451 572 cramenta
495 512 904 583 Scriptursrum
953 510 1100 567 velut
1139 510 1457 567 naturaliter
1504 509 1766 580 incipient

173 606 554 679 contemplari.
585 605 867 676 Siquidem
896 606 1052 662 nobis
1073 620 1181 661 non
1207 613 1268 660 ut
1290 611 1473 661 essent
1497 604 1766 675 incognite

169 698 255 755 vel
285 697 555 762 obscura,
585 696 762 752 sancti
791 695 1024 767 Spiritus
1043 696 1213 767 gratia
1239 695 1573 766 promulgata
1600 703 1762 750 sunt:

169 791 266 849 sed
292 798 489 846 nostro
516 787 656 844 vitio
685 789 953 844 velamine
982 798 1325 859 peccatorum
1371 786 1552 843 cordis
1579 788 1767 842 oculos

171 882 490 939 obnubente
516 880 825 938 redduntur
853 882 1104 949 obscura,
1130 880 1325 949 quibus
1355 894 1574 936 rursum
1612 889 1769 935 natu-

174 975 270 1031 rali
299 975 535 1032 redditis
562 975 823 1042 sanitati,
871 974 989 1045 ipsa
1038 974 1434 1044 Scripturarutn
1462 983 1766 1030 sanctarum

172 1069 333 1124 lectio
375 1067 449 1123 ad
500 1068 1020 1138 contemplationem
1064 1081 1209 1122 vera:
1258 1066 1500 1123 scientiae
1551 1065 1768 1123 abunde

172 1166 333 1219 etiam
362 1164 484 1218 sola
509 1161 768 1228 sufﬁciat,
790 1176 893 1218 nec
924 1176 1025 1217 eos
1042 1168 1529 1218 commentatorum
1555 1160 1767 1216 institu-

172 1259 415 1315 tionibus
450 1256 699 1328 indigere
721 1273 738 1315 :
765 1257 907 1312 sicut
929 1256 1073 1314 oculi
1100 1254 1191 1311 isti
1217 1256 1462 1312 carnales
1486 1254 1555 1311 ad
1582 1254 1774 1313 viden-

172 1350 295 1406 dum
319 1350 535 1406 nullius
565 1359 726 1421 egent
750 1349 1018 1416 doctrina,
1046 1348 1094 1405 si
1122 1349 1283 1406 modo
1324 1349 1522 1406 fuerint
1546 1364 1576 1404 a
1603 1349 1775 1407 sulfu-

169 1442 347 1507 sione,
370 1442 462 1498 vel
506 1441 744 1512 caligine
766 1442 1023 1497 cacitatis
1051 1442 1341 1497 immunes.
1373 1440 1501 1498 ideo
1540 1456 1772 1512 namque

172 1546 222 1592 et
247 1544 406 1590 tanta
436 1535 680 1591 varietas
718 1548 1040 1606 erroresque
1063 1543 1089 1571 ι
1110 1534 1256 1592 inter
1284 1544 1604 1592 tractatores
1624 1535 1773 1605 ipsos

175 1631 351 1686 exorti
373 1638 529 1698 sunt,
563 1629 707 1700 quod
736 1629 980 1700 plerique
1000 1629 1224 1685 minime
1248 1644 1372 1699 erga
1398 1630 1772 1699 purgationem

178 1725 372 1799 mentis
400 1722 652 1777 adhibita
681 1721 956 1792 diligentia
1000 1720 1350 1791 prosilientes
1398 1720 1465 1775 ad
1505 1722 1773 1791 interpre-

1869 518 2086 567 verunt.

2412 604 2641 663 CAPUT
2681 603 2900 660 XXXV.

1870 696 2171 768 Increpatio
2200 697 2614 770 cjusdcntmtis,
2643 713 2760 751 cum
2786 697 2856 770 ad
2884 701 3049 750 meatu
3072 692 3320 750 cellulam
3347 704 3459 749 nte-

2392 768 2483 823 dia
2510 778 2654 823 nocte
2689 768 2934 823 venisset.

1943 885 2042 941 Hic
2061 884 2204 941 idem
2228 883 2553 940 Theodorus
2577 894 2700 938 cum
2730 884 3040 953 inapinatus
3063 880 3131 936 ad
3150 894 3330 936 meam
3353 880 3464 936 cel-

1873 981 2040 1037 lulam
2077 979 2400 1048 intempesta
2428 986 2589 1034 nocte
2618 977 2889 1045 venisset,
2916 975 3173 1046 quidnam
3200 973 3348 1029 rudis
3368 973 3464 1028 ad-

1874 1074 1981 1130 huc
2008 1072 2333 1128 anachoreta
2357 1072 2508 1127 solus
2528 1082 2768 1143 agerem.
2798 1078 3020 1140 paterna
3041 1067 3352 1124 curiositate
3382 1067 3460 1122 la-

1875 1177 2054 1225 tenter
2078 1169 2403 1237 explorans,
2452 1182 2648 1236 meque
2676 1167 2822 1222 illico
2851 1166 2998 1220 finita
3028 1163 3337 1235 vespertina
3376 1176 3465 1217 so-

1876 1261 2157 1317 lemnitate
2204 1260 2551 1331 incipientem
2586 1259 2789 1316 fessum
2833 1272 3034 1328 corpus
3058 1256 3171 1327 iam
3203 1255 3459 1319 reticere,

1877 1364 1935 1412 et
1970 1356 2318 1411 incubantem
2349 1353 2581 1424 psiatltio
2606 1352 2925 1423 reperisset,
2944 1349 3269 1422 protrahens
3295 1349 3465 1404 immo

1878 1447 2044 1504 corde
2073 1447 2326 1517 suspiria,
2362 1461 2593 1516 meoque
2617 1459 2704 1500 me
2726 1444 2970 1499 voeitans
2993 1442 3215 1498 nomine
3244 1440 3465 1509 :Quan-

1879 1540 1942 1605 ti,
1994 1538 2200 1608 inquit,
2231 1554 2265 1593 o
2306 1536 2575 1602 Joannes,
2608 1536 2739 1591 hora
2778 1535 2880 1590 hac
2918 1535 3030 1590 Deo
3053 1534 3469 1603 colloquuntur,

1878 1646 2111 1701 eumque
2141 1632 2195 1686 in
2226 1631 2534 1700 semetipsis
2576 1628 2984 1700 amplectuntur
3012 1640 3074 1682 ac
3111 1627 3383 1689 retinent,
3415 1631 3472 1678 et

1879 1733 1937 1778 tu
1971 1723 2239 1779 iraudaris
2269 1732 2421 1778 tanto
2463 1722 2691 1789 lumine,
2724 1721 2885 1777 inerti
2920 1734 3120 1789 sopore
3162 1716 3468 1774 resolutus!

178 1814 397 1870 tandum
437 1830 560 1879 eas,
594 1830 695 1885 pro
736 1813 1063 1885 pinguedine
1090 1813 1177 1869 vel
1226 1813 1564 1869 immunditia
1592 1814 1774 1870 cordis
1806 1826 1857 1889 Β
1884 1814 1950 1871 Et
1978 1818 2232 1886 quoniam
2260 1828 2361 1870 nos
2388 1814 2455 1869 ad
2485 1812 2865 1884 hujuscemodi
2892 1812 3260 1867 narrationem
3282 1810 3471 1865 diver-

175 1909 252 1963 sai
301 1908 524 1964 diversa
570 1916 736 1978 atque
782 1907 1056 1963 contraria
1099 1905 1184 1962 vel
1227 1904 1384 1970 ﬁdei,
1420 1906 1507 1961 vel
1556 1906 1774 1962 sibimet

1886 1916 2002 1964 tere
2039 1916 2253 1978 patrum
2289 1907 2515 1963 virtutes
2542 1916 2599 1963 et
2633 1906 2808 1977 gratia
2850 1909 3240 1976 provocarent,
3281 1913 3471 1957 neces-

1263 2062 1519 2119 Al.ARDl
1558 2063 1797 2121 GAZ/El
1836 2064 2402 2127 COMMENTARIUS.

174 2196 225 2244 et
250 2185 523 2243 doctrina:
550 2197 757 2247 saera,
786 2183 858 2238 sit
894 2181 1074 2238 cordis
1118 2182 1377 2238 munditia
1398 2225 1413 2247 ,
1459 2182 1607 2250 juxta
1640 2182 1776 2238 illud

174 2257 294 2327 Sep.
326 2276 345 2312 ι
380 2274 394 2308 :
430 2253 503 2309 In
548 2253 855 2327 malevolam
896 2255 1132 2327 animam
1177 2270 1279 2307 non
1309 2254 1519 2327 intrabit
1558 2255 1777 2327 spiritus

179 2324 441 2400 bpiattiw
465 2345 485 2393 ;
515 2342 683 2400 neque
711 2324 959 2400 habitabit
980 2327 1039 2400 in
1066 2325 1507 2400 corpore‘subtlito
1536 2325 1773 2400 peccatis.

181 2396 264 2456 Erit
299 2404 455 2456 enim
488 2397 799 2466 huiusmodi
832 2396 1031 2451 locutio
1061 2396 1225 2451 etiam
1257 2397 1551 2463 Scriptum
1576 2397 1777 2449 divinae

174 2471 483 2535 familiaris,
515 2485 621 2540 qua
652 2470 814 2532 solet,
848 2481 969 2540 cum
998 2483 1160 2523 unum
1194 2468 1351 2540 alteri
1386 2469 1622 2540 praefert,
1667 2483 1775 2525 non

174 2543 299 2597 illud
332 2538 543 2609 magis,
557 2540 662 2594 hoc
693 2541 872 2594 minus
892 2538 1193 2601 allirmare;
1225 2539 1318 2592 sed
1344 2540 1471 2593 illud
1500 2538 1777 2594 afﬁrmare

171 2617 420 2671 omnino.
441 2616 543 2667 hoc
557 2614 782 2665 omnino
798 2623 1016 2679 negare,
1030 2616 1091 2664 ut
1112 2611 1265 2665 Oscae
1290 2625 1361 2668 vr.
1380 2626 1500 2663 cum
1520 2612 1777 2664 Dominus

169 2685 315 2739 dicit
338 2703 359 2739 :
378 2683 794 2739 Misericordiam
814 2684 1013 2745 eoto.et
1042 2698 1146 2735 non
1171 2681 1519 2750 sacriﬁcium;
1547 2698 1654 2735 non
1684 2696 1779 2736 ne-

172 2765 274 2827 gat
301 2773 367 2810 se
394 2755 717 2827 sacrificium
740 2754 904 2827 velle,
936 2754 1079 2827 quod
1108 2754 1339 2827 ipsemet
1364 2755 1617 2827 instituit,
1647 2752 1781 2807 sibi-

174 2824 295 2893 que
320 2828 503 2881 offerri
522 2826 677 2895 jussit
700 2842 719 2895 ;_
740 2824 845 2879 'sed
879 2824 1307 2895 misericordiam
1336 2839 1395 2880 se
1422 2826 1581 2879 ntalle
1614 2840 1777 2894 quam

172 2892 536 2953 sacrificium;
563 2896 657 2953 Sic
698 2892 925 2952 Joannis
954 2911 1067 2950 vn:
1112 2893 1367 2948 Doctrina
1412 2912 1527 2951 mea
1572 2892 1676 2949 non
1705 2902 1781 2950 est

169 2985 313 3031 me.
350 2970 406 3023 id
450 2979 550 3036 est,
584 2977 829 3023 nontam
880 2980 1005 3023 mea
1038 2980 1197 3036 quam
1228 2966 1423 3031 Patris,
1454 2981 1484 3020 a
1515 2981 1620 3036 qtto
1658 2980 1780 3020 eam

168 3041 394 3111 accepi.
424 3040 605 3107 Atque
630 3042 733 3095 hoc
776 3053 937 3094 sensu
970 3038 1221 3111 eleusari
1253 3048 1310 3091 et
1333 3040 1546 3111 exponi
1579 3037 1781 3111 debent

168 3106 432 3182 quae—llic
481 3121 824 3182 sequuntur,
862 3112 974 3164 sive
1003 3108 1271 3182 Theodori
1295 3148 1310 3170 .
1355 3106 1471 3163 sive
1507 3106 1773 3173 Cassiani,

165 3178 383 3244 verba;
413 3178 883 3247 illudpraasertim
905 3221 920 3245 ,
970 3180 1112 3249 quod
1145 3178 1536 3251 Scripturarum
1577 3189 1783 3251 sancta-

167 3271 287 3308 rum
321 3254 488 3309 lectio
529 3255 595 3306 ad
632 3251 1112 3319 contemplationem
1148 3250 1280 3307 m
1314 3253 1543 3305 scientia
1580 3250 1784 3305 abunde

169 3327 333 3381 etiam
368 3327 488 3380 sola
512 3324 748 3394 suﬂiciat,
763 3340 853 3377 nec
873 3323 1356 3394 commentariorum
1376 3322 1785 3394 institutionibus

169 3397 436 3469 indigeat.
466 3393 617 3452 Nihil
645 3398 787 3469 enim
823 3393 967 3448 aliud
1000 3393 1087 3469 his
1106 3393 1288 3449 verbis
1317 3394 1604 3469 significari
1635 3393 1786 3449 vide-

172 3465 490 3540 inn—quam
532 3468 773 3540 oratione
815 3475 873 3521 et
900 3466 1134 3540 puritate
1177 3465 1374 3540 tuentis
1418 3465 1591 3535 magis
1619 3480 1784 3533 quam

169 3535 496 3595 studiorum
527 3538 841 3593 assiduitate
871 3535 1153 3590 scientiam
1193 3536 1596 3603 Scripturarum
1628 3551 1784 3589 com-

173 3610 363 3679 parari
394 3625 408 3662 :
441 3608 900 3679 quemadmodum
922 3607 988 3660 de
1009 3607 1436 3679 seipsoteslatus
1457 3606 1616 3663 estD.
1637 3606 1785 3662 Tho-

174 3677 281 3736 ω
303 3725 323 3745 ,
366 3677 568 3735 doctor
599 3679 885 3750 Angelicus
908 3721 939 3750 ,ν
969 3685 1025 3731 et
1070 3677 1448 3745 theologorum
1495 3678 1778 3747 princeps,

174 3754 350 3824 magis
384 3768 448 3808 se
468 3749 714 3824 oratione
737 3749 1418 3824 profecissequatmstudio
1441 3751 1523 3824 uel
1549 3750 1783 3824 aliorum

171 3818 553 3896 magisterio}
570 3820 766 3896 Lcand.
787 3821 840 3873 in
861 3818 1201 3896 Vitaipsius).
1216 3819 1280 3896 Ι)ζ
1297 3822 1426 3896 item
1450 3819 1781 3896 Bernartius,

171 3889 313 3950 ut'in
341 3896 477 3958 eius
490 3893 604 3948 Vita
636 3893 851 3964 legitur,
874 3890 1135 3964 quidquid,
1158 3893 1209 3964 in
1243 3890 1527 3961 Scripturis
1556 3889 1776 3964 calebat,

169 3967 439 4037 quidquid
468 3967 523 4018 in
552 3968 622 4019 eis
642 3961 983 4037 spiritualitcr
1006 3961 1275 4037 sentiebat,
1310 3964 1534 4037 maxime
1554 3961 1606 4014 in
1640 3961 1782 4037 silvis

167 4032 210 4088 et
239 4032 483 4106 in'ogris
508 4032 799 4090 meditando
826 4043 872 4086 et
902 4032 1098 4106 orando
1118 4050 1170 4087 se
1199 4033 1457 4106 fatebatur
1483 4035 1738 4106 accepisse
1759 4047 1782 4106 ;_

165 4118 210 4162 et
235 4110 294 4161 in
332 4103 445 4161 Is'oc
476 4107 646 4161 nullos
681 4103 962 4175 aliquando
986 4120 1039 4159 se
1068 4107 1338 4176 magistros
1368 4105 1644 4176 habuisse,
1680 4103 1784 4157 nisi

165 4196 409 4261 quercus
437 4188 509 4261 ,ςι
543 4182 699 4261 fagos
719 4219 735 4242 ,
755 4177 1151 4261 jocomgnratioso
1176 4220 1191 4243 ,
1220 4177 1353 4230 inter
1374 4176 1586 4261 .antico‘s
1614 4175 1783 4261 dicere

164 4242 405 4304 solebat.
437 4242 590 4305 Unde
607 4242 666 4306 ct
684 4242 843 4315 epist.
877 4247 978 4302 106
1013 4265 1024 4298 :
1059 4242 1313 4312 Experto,
1340 4244 1603 4310 ait,crede
1632 4261 1649 4298 :
1680 4244 1783 4299 ali-

163 4323 294 4391 quid
328 4321 570 4389 amplius
592 4323 647 4373 in
674 4322 817 4391 silvis
858 4334 1012 4391 quam
1042 4318 1094 4391 in
1124 4316 1269 4391 libris
1292 4359 1304 4383 ,
1332 4318 1475 4389 ligna
1499 4326 1546 4370 et
1584 4316 1781 4391 lapides

162 4386 445 4461 docebunt
488 4402 535 4445 te
583 4390 720 4461 quod
762 4407 794 4442 a
822 4386 1086 4459 magistris
1108 4388 1290 4442 audire
1337 4386 1439 4441 non
1476 4386 1673 4461 possis.
1703 4386 1782 4442 Ita

112 4466 113 4469 “
163 4460 521 4519 Bernartius.
540 4458 724 4528 Neque
749 4475 882 4517 vero
898 4458 929 4513 a
950 4474 1085 4513 sano
1108 4472 1271 4514 sensu
1299 4468 1354 4514 et
1376 4460 1605 4513 veritate
1630 4458 1783 4513 aber-

160 4534 421 4599 raverit,
452 4535 542 4601 qui
576 4539 690 4588 haec
739 4544 787 4588 et
824 4530 1134 4600 huiusmodi
1181 4528 1325 4585 dicta
1371 4529 1642 4601 intelligat
1671 4544 1780 4601 non

161 4606 228 4660 de
258 4596 432 4661 mera
463 4596 521 4658 et
546 4603 778 4673 simplici
810 4596 991 4656 rerum
1042 4600 1345 4656 divinarum
1385 4596 1641 4667 scientia,
1676 4596 1780 4673 sed

158 4677 228 4731 de
255 4692 333 4732 ea
388 4690 513 4746 quas
550 4668 720 4745 ipsam
756 4676 930 4746 etiam
963 4673 1295 4746 voluntatem
1328 4680 1518 4746 sancto
1544 4668 1779 4746 quodam

157 4740 596 4817 pietatis'sensu
625 4744 795 4802 aflicit
818 4758 895 4817 ac
928 4750 1129 4817 movet,
1153 4751 1209 4798 et
1238 4743 1384 4812 ipsos
1411 4742 1607 4817 quibus
1638 4740 1782 4797 inest

159 4814 226 4872 ad
262 4818 512 4872 meliora
539 4833 757 4888 semper
780 4815 1340 4888 excitat;alios_vero
1367 4814 1626 4871 aedificat.
1657 4828 1779 4888 qua

1814 3501 1861 3566 C

1885 2183 2132 2239 scientia:
2158 2199 2222 2240 ac
2238 2185 2521 2254 sapientiae
2540 2200 2571 2241 a
2593 2186 2708 2243 Deo
2736 2186 3093 2252 illustrantur,
3123 2192 3180 2239 ct
3202 2196 3478 2239 sacrarum

1886 2256 2191 2310 litterarum
2239 2272 2432 2311 sensus
2481 2274 2588 2313 non
2645 2258 2751 2313 alio
2804 2259 3025 2313 doctore
3067 2272 3226 2324 quam
3274 2254 3476 2324 Spirittt

1885 2334 2072 2379 sancto
2101 2328 2425 2397 percipiunt,
2460 2336 2518 2383 ut
2546 2329 2823 2397 proliltettc
2864 2339 2917 2384 et
2943 2328 3195 2393 apostoli,
3225 2336 3280 2381 et
3324 2325 3479 2378 multi

1884 2398 1987 2450 viri
2019 2396 2214 2462 sancti,
2243 2396 2381 2467 Quos
2405 2396 2581 2455 Grméi
2609 2396 2807 2455 vocant
2834 2397 3211 2459 θεοδιδάκτους,
3244 2398 3344 2450 hoc
3371 2404 3476 2460 est,

1882 2483 1917 2539 a7
1948 2468 2061 2523 Deo
2082 2469 2305 2524 doctos:
2333 2469 2402 2524 de
2422 2472 2620 2539 quibus
2641 2472 2928 2538 Apostolus
2954 2470 2972 2523 Ι
2999 2472 3065 2522 ad
3088 2467 3340 2523 Corinth.
3368 2480 3475 2539 x_tt:

1886 2538 1992 2613 Alii
2013 2557 2101 2613 per
2132 2541 2391 2608 Spiritum
2421 2535 2576 2596 datur
2604 2535 2772 2597 δεήηο
2801 2542 3088 2613 sapientiae,
3110 2539 3213 2613 alii
3251 2535 3476 2613 ΡΓΟΡΙΨΓ

1885 2612 1961 2663 tia
1984 2608 2133 2671 [alii
2164 2613 2513 2682 interpretatio
2543 2608 3155 2679 sermonumIQnidquid
3194 2610 3325 2682 enim
3362 2608 3480 2662 aliis

1883 2685 2191 2755 exercitatio
2223 2692 2269 2738 et
2298 2681 2601 2749 quotidiana
2620 2685 2674 2738 in
2708 2683 2814 2755 lege
2850 2682 3113 2755 meditatio
3150 2681 3372 2755 tribucre
3397 2695 3481 2733 so-

1886 2754 1977 2822 let,
2002 2754 2107 2826 illis
2129 2753 2225 2808 hoc
2250 2754 2477 2826 Spiritus
2492 2766 2702 2809 sanctus
2720 2753 3042 2826 suggerebat,
3064 2762 3111 2807 et
3136 2762 3302 2826 erant,
3320 2753 3481 2826 juxta
3556 2760 3565 2777 λ

1886 2824 2035 2897 quod
2070 2821 2320 2897 scripturn
2345 2837 2438 2892 est,
2473 2821 2887 2890 θεοδίδακτοιζῖά
2932 2835 3004 2881 est
3025 2869 3039 2891 ,
3069 2821 3332 2897 docibiles'
3359 2821 3477 2897 _D_ei,

1887 2892 1962 2948 ait
1995 2892 2355 2967 Hieronymus
2402 2898 2453 2951 iu
2483 2898 2627 2953 dicta
2672 2898 2898 2967 epistola
2930 2897 2997 2951 atl
3026 2892 3483 2967 Paulinum._lloc

1888 2967 2051 3020 modo
2075 2967 2134 3021 S.
2157 2963 2423 3022 Antonius
2455 2970 2573 3023 sine
2602 2963 2719 3023 ulla
2740 2969 2965 3023 scientia
3020 2968 3320 3022 litterarum
3343 2963 3483 3019 Scri-

1888 3046 2081 3107 pturas
2103 3040 2319 3093 divinas
2332 3050 2386 3095 et
2410 3043 2726 3095 memoriter
2739 3040 3008 3095 audiendo
3027 3039 3268 3093 tenuisse
3287 3044 3341 3091 et
3359 3049 3484 3105 pru-

1887 3113 2083 3182 denter
2098 3111 2387 3182 cogitando
2413 3111 2749 3167 intellexisse
2774 3111 3099 3180 praedicatur
3125 3110 3141 3178 (
3162 3107 3289 3182 Vide
3306 3110 3359 3182 in
3372 3109 3483 3178 ejus

1896 3178 2020 3253 Vita
2046 3178 2265 3253 capf58
2291 3183 2330 3250 ).
2364 3183 2431 3237 Et
2478 3183 2739 3253 barbarus
2775 3178 2881 3237 ille
2908 3197 3097 3237 servus
3142 3179 3483 3253 Christianus

1890 3248 2190 3323 litterarum
2214 3248 2435 3323 ignarus
2456 3248 2725 3309 tridu'anis
2747 3254 2999 3322 precibus
3026 3268 3212 3308 earum
3237 3249 3483 3323 notitiam

1891 3320 2326 3392 impetravitfut
2354 3325 2517 3380 etiam
2565 3320 2810 3380 codicem
2839 3326 3106 3391 oblatum,
3136 3320 3479 3390 stupentibus

1892 3397 1982 3465 qui
2015 3394 2264 3459 aderant.
2291 3396 2521 3465 legendo
2542 3406 2908 3465 percurreret,
2927 3398 3005 3450 sit
3028 3394 3095 3449 D.
3126 3395 3482 3465 Augustinus,

1894 3464 1984 3520 tibi
2013 3482 2197 3534 supra.
2231 3464 2420 3523 Plures
2450 3464 2593 3523 alios
2634 3470 2784 3522 viros
2815 3474 3033 3523 sanctos
3078 3466 3283 3534 absque
3312 3464 3485 3517 multo

1892 3537 2075 3593 studio
2094 3539 2350 3609 doctrina
2376 3539 2635 3602 illustres.
2666 3540 2866 3609 quippe
2912 3553 2942 3590 a
2989 3537 3101 3591 Deo
3129 3536 3342 3609 doctos,
3374 3547 3488 3587 me-

1890 3617 2069 3663 morat
2093 3607 2287 3663 Petrus
2320 3608 2565 3664 Damiani
2597 3610 2691 3664 lib.
2718 3625 2771 3663 vr
2803 3607 2976 3675 epist.
3023 3608 3110 3673 l7,
3155 3608 3299 3660 inter
3348 3617 3486 3675 quos

1892 3681 1962 3758 Ι).⁸
1989 3679 2314 3758 Benedictus
2360 3696 2389 3733 a
2438 3680 2496 3735 S.
2524 3673 3034 3758 Gregorio_(Lib._tr
3059 3675 3375 3758 ,ωειλ-σῳ.
3418 3673 3485 3744 1)

1887 3751 2107 3805 scienter
2128 3751 2330 3806 nescius
2354 3759 2402 3805 et
2426 3747 2688 3819 sapienter
2705 3747 2945 3805 indoctus
2972 3749 3165 3818 insigni
3190 3747 3368 3819 elogio
3390 3761 3488 3800 no-

1888 3823 2149 3885 minatus,
2184 3820 2235 3875 id
2277 3832 2359 3875 est
2380 3862 2397 3886 ,
2421 3817 2712 3876 humanam
2744 3822 3029 3876 scientiam
3059 3817 3483 3889 parvipendens,

1887 3892 2097 3947 caelesti
2127 3891 2370 3946 doctrina
2417 3895 2551 3947 satis
2596 3894 2921 3947 illustratus.
2950 3890 3269 3960 Cuiusmodi
3309 3890 3486 3960 etiam

1888 3963 2118 4027 donum,
2140 3963 2436 4019 verisimile
2465 3973 2551 4019 est
2572 3972 2821 4019 sanctum
2852 3964 3004 4018 illum
3025 3958 3277 4017 abbatem
3305 3958 3488 4015 Theo-

1892 4034 2091 4089 dorum
2121 4034 2421 4103 accepisse,
2450 4044 2508 4090 ut
2537 4051 2604 4091 ex
2635 4034 2737 4090 hoc
2767 4035 2911 4104 loco,
2944 4045 3000 4089 et
3030 4032 3360 4104 praecedenti
3390 4045 3487 4104 ca-

1886 4106 2021 4175 pite,
2052 4114 2108 4160 et
2128 4120 2196 4159 ex
2217 4102 2527 4161 Cassiodori
2555 4106 2823 4161 sententia
2849 4102 3142 4174 colligitur.
3170 4104 3372 4160 Verum
3397 4102 3487 4158 hic

1885 4177 2080 4231 modus
2118 4177 2586 4232 extraordinarius
2615 4189 2722 4241 est,
2754 4188 2811 4232 et
2839 4178 3024 4246 paucis
3060 4190 3378 4239 concessus,
3425 4185 3483 4230 et

1885 4262 2186 4374 ganearum
2211 4249 2466 4329 exempla
2504 4248 2753 4331 miranda
2795 4245 2973 4318 potius
2999 4262 3168 4330 quam.
3193 4245 3477 4329 imitanda.

1935 4327 1955 4372 t
1981 4319 2166 4374 felices
2195 4318 2414 4374 quidem
2446 4319 2638 4374 auibus
2668 4321 2800 4373 Illud
2827 4320 3034 4374 donum
3064 4319 3321 4374 dmntttts
3351 4330 3477 4371 con-

1935 4327 1955 4372 t
1981 4319 2166 4374 felices
2195 4318 2414 4388 quidem
2446 4319 2638 4385 quibus
2667 4320 2800 4373 illud
2827 4318 3034 4374 donum
3064 4318 3484 4388 divinitusiconf

1888 4389 2004 4459 tigit
2035 4406 2050 4443 :
2081 4398 2137 4442 at
2182 4386 2292 4443 non
2321 4389 2567 4444 infelices
2595 4390 2687 4456 qui
2714 4390 2884 4445 multo
2924 4391 3111 4445 labore
3139 4401 3192 4443 et
3218 4386 3402 4459 studio
3430 4386 3486 4441 id

1886 4456 2318 4528 consequuntur,
2348 4460 2806 4529 quandoquidem.
2832 4470 2973 4516 teste
2999 4460 3279 4529 Apostolo.
3304 4456 3483 4513 Unus-

1920 4532 2094 4603 uisque
2119 4533 2388 4603 propriam
2429 4532 2713 4586 mercedem
2759 4533 2974 4603 accipiet
3002 4531 3283 4603 secundum
3330 4545 3482 4603 suum

1886 4599 2143 4685 iuuarent;
2165 4599 2265 4655 Dei
2296 4603 2442 4685 enim
2479 4618 2657 4685 sumus
2685 4599 2952 4685 udjutores
2972 4603 3032 4672 (l
3058 4601 3178 4656 Cor.
3213 4602 3320 4685 ιιι).
3350 4600 3482 4654 Pro-

1884 4672 2011 4729 inde
2047 4672 2182 4727 utin
2210 4674 2423 4728 caeteris
2452 4673 2617 4727 rebus
2636 4717 2652 4741 ,
2695 4672 2765 4727 ita
2797 4674 2853 4728 in
2879 4676 2977 4727 hac
3006 4687 3231 4743 quoque
3251 4672 3361 4725 duo
3384 4686 3484 4726 ex-
3535 4712 3541 4717 .

1884 4751 2055 4797 trema
2079 4743 2294 4796 vitanda
2324 4753 2470 4804 sunt.
2500 4752 2558 4799 et
2584 4744 2820 4799 medium
2853 4744 3143 4800 tenendum
3179 4760 3195 4798 :
3224 4752 3475 4797 extrema

1887 4823 2052 4879 sunt,
2082 4814 2228 4869 vela
2253 4815 2372 4869 solo
2415 4816 2523 4869 Deo
2551 4824 2608 4870 et
2647 4816 2848 4871 nostris
2885 4816 3143 4884 precibus
3187 4813 3477 4868 scientiam

157 4889 508 4944 eharitatem
556 4875 677 4942 Dei'
701 4896 758 4942 et
794 4875 1027 4955 proximi
1078 4883 1458 4956 coniunctam,
1492 4875 1779 4956 sanctique
1804 4875 1860 4936 D
1883 4875 2190 4956 divinorum
2214 4885 2593 4956 mysteriorum
2624 4896 2679 4941 et
2700 4875 3101 4953 Scripturarum
3128 4893 3471 4956 exspectare,

157 4960 422 5027 Spiritus
451 4956 593 5013 dona
622 4966 679 5012 et
705 4952 915 5013 fructus
953 4952 1226 5014 connexos
1256 4952 1440 5027 habet.
1485 4952 1703 5027 Deque
1724 4965 1781 5013 et

163 5025 477 5085 Bassianus
527 5031 656 5084 alibi
704 5029 847 5099 (Lib.
890 5045 943 5087 vt
990 5047 1039 5083 ε.
1083 5027 1227 5095 l8):
1283 5025 1639 5097 lmpossibile,
1680 5028 1777 5094 ait,

161 5104 447 5173 scientian
478 5100 764 5173 spiritalem
794 5101 900 5173 sine
928 5100 1236 5173 integritatis
1276 5099 1579 5173 castimonia
1611 5099 1778 5163 possi-

156 5176 296 5229 deri.
328 5170 471 5226 Hac
491 5168 630 5226 enim
672 5172 726 5225 in
754 5168 1057 5225 malevolani
1081 5171 1313 5225 animum
1351 5185 1455 5221 non
1480 5168 1659 5236 intrat,
1688 5185 1781 5222 ne-

153 5260 258 5311 que
286 5243 501 5296 habitat
521 5245 576 5296 in
603 5257 820 5310 corpore
846 5241 1046 5295 subdito
1070 5241 1471 5307 peccatis.teste
1498 5240 1778 5308 Scriptura

155 5316 434 5385 (Sapien.
461 5312 533 5382 t);
552 5329 745 5385 neque
772 5313 957 5378 studii,
982 5311 1228 5384 quamvis
1255 5311 1533 5385 aSsiduiet
1555 5312 1783 5385 itttensi,‘

153 5382 503 5440 efﬁcacitatis
544 5382 809 5449 habetur;
842 5385 936 5437 sed
966 5382 1011 5438 θῇ
1040 5385 1171 5446 Deo,
1213 5382 1666 5451 sanctissimeque
1696 5383 1774 5450 ip-

150 5460 279 5512 sius
315 5457 563 5525 Spiritu,
593 5457 686 5527 qui
718 5466 772 5509 et
802 5456 1003 5527 sanctis
1048 5453 1411 5527 orationibus,
1444 5462 1498 5508 et
1536 5453 1773 5527 demissa

150 5522 389 5600 cordis'»
410 5522 811 5600 praeparatione
857 5525 1013 5581 nobis
1034 5524 1432 5600 conciliandus
1478 5522 1772 5600 est._Un_de

116 5595 461 5668 'apostolns
489 5594 730 5654 Jacobus
760 5607 940 5651 monet
972 5613 986 5649 :
1022 5596 1083 5668 Si
1109 5597 1221 5668 quis
1265 5594 1766 5668 indiget_sapicntia,

151 5665 403 5740 postulet
420 5687 453 5723 a
477 5668 587 5725 Deo
608 5715 624 5740 ,
652 5670 745 5739 qui
769 5665 1402 5740 datiomnibus'aﬂiuenter
1418 5665 1565 5740 _(Jac.
1584 5667 1645 5736 ι),
1661 5676 1767 5721 etc.

152 5738 465 5797 Postremo
493 5738 966 5810 dicipbtesLillos
990 5740 1134 5809 loqui
1158 5738 1227 5793 de
1249 5740 1313 5791 iis
1341 5738 1433 5806 qui
1461 5748 1611 5793 extra
1634 5752 1775 5810 eom-

150 5827 398 5870 munem
455 5820 511 5869 et
554 5808 895 5869 ordinariam
948 5808 1119 5881 legem
1178 5810 1574 5881 supernaturati
1627 5808 1773 5863 dono

1884 4955 2020 5010 vela
2048 4956 2161 5010 sola
2182 4954 2349 5023 opera
2380 4956 2668 5027 studioque
2684 4972 2748 5012 ac
2778 4958 2966 5012 labore
2986 4965 3175 5027 nostro
3191 4954 3477 5027 {medium

1880 5041 2036 5099 vero,
2068 5035 2354 5099 utrumque
2386 5024 2953 5099 horumicouiungere
2998 5037 3054 5083 et
3093 5024 3377 5099 adhibere,
3421 5032 3480 5099 ut

1882 5112 1949 5154 ex
1974 5097 2133 5152 dictis
2163 5095 2325 5165 patet.
2353 5098 2461 5154 Sed
2492 5099 2559 5153 de
2589 5098 2673 5154 his
2713 5095 2948 5168 amplius
2974 5097 3242 5167 agendum
3274 5095 3378 5150 erit
3409 5097 3478 5151 ad

1882 5168 2231 5225 collationem
2262 5168 2350 5231 M,
2373 5186 2494 5238 qua:
2521 5179 2607 5224 est
2634 5170 2846 5226 abbatis
2872 5168 3195 5225 Nesterotis.

1950 5248 1982 5299 .⁸
2011 5240 2177 5294 Paulo
2208 5235 2457 5310 superius
2483 5241 2650 5307 dixit,
2691 5250 3171 5298 commentatores.
3211 5238 3288 5291 Ita
3316 5235 3481 5291 Clau-

1883 5310 2075 5366 dianus
2121 5311 2192 5366 de
2221 5312 2376 5368 Statu
2422 5314 2617 5367 anima:
2660 5314 2754 5368 lib.
2804 5330 2843 5369 ll
2880 5313 3267 5381 Hieronymum
3314 5317 3479 5381 vocat

1879 5381 2222 5452 putissimum
2248 5391 2622 5438 tractatorum.
2656 5385 2721 5440 Et
2747 5385 3004 5445 Severus,
3035 5378 3252 5449 dialogo
3270 5378 3473 5452 primo,

1880 5449 2169 5524 Drigcnem
2209 5462 2560 5508 tractatorem
2604 5471 2879 5509 sacrarum
2912 5449 3475 5524 litterarum_peritis—
3572 5476 3594 5500 ρ

1881 5522 2097 5579 simum.
2139 5524 2382 5595 Denique
2419 5525 2731 5581 Vincentius
2773 5524 3076 5580 Lirinensis
3116 5525 3170 5576 in
3208 5522 3471 5595 Commo—

1880 5596 2115 5650 nitorio:
2148 5593 2421 5661 Doctores,
2447 5597 2639 5666 inquit,
2668 5598 2755 5664 qui
2786 5603 3092 5649 tractatores
3121 5609 3262 5647 nunc
3290 5593 3475 5666 appel-

1880 5667 2092 5729 lantur,
2132 5682 2258 5736 quos
2283 5667 2371 5720 hic
2398 5664 2535 5721 idern
2575 5667 2852 5733 Apostolus
2881 5668 3039 5720 etiam
3084 5666 3361 5736 Μαικία
3392 5664 3471 5716 in-

1880 5737 2083 5792 terdum
2120 5747 2406 5809 nuncupat,
2438 5754 2495 5790 eo
2524 5738 2664 5807 quod
2702 5755 2792 5809 per
2820 5754 2906 5795 eos
2934 5737 3303 5809 proplieTErum
3329 5749 3469 5803 mys-

1880 5809 2011 5862 teria
2039 5807 2248 5877 populis
2277 5805 2597 5880 aperiuntur.
2703 5805 2712 5809 ⁷
2936 5805 2944 5808 ’
3032 5805 3041 5809 ⁷
3499 5805 3502 5808 ’
