3986 6320
499 294 607 353 255

1833 284 2115 345 JOANNIS
2149 285 2466 345 CASSIANI

3671 289 3787 349 256

504 409 705 465 sarium
722 420 848 464 reor
863 405 1217 465 memorabile
1235 417 1370 475 opus
1391 402 1695 470 charitatis,
1716 415 1876 473 quam
1895 408 1923 437 ι
1940 415 2086 457 sum-
2109 405 2167 462 Δ
2187 401 2445 456 sterilitas
2470 400 2673 471 patitur
2696 414 3016 468 arenarum;
3045 402 3114 457 ad
3142 400 3264 468 hos,
3290 401 3537 471 inquam,
3559 416 3786 459 summo

506 502 579 557 mi
605 500 706 556 viri
743 499 1003 556 Archebii
1031 498 1365 554 humanitate
1392 510 1581 551 sumus
1609 494 1860 565 experti,
1897 492 1967 579 in.
1991 491 2097 547 hoc
2197 490 2469 547 desiderio
2511 492 2852 560 festinantes,
2899 493 3038 549 ultra
3082 493 3300 549 modum
3346 492 3539 549 sumus
3567 494 3795 551 labores

511 594 787 650 volumine
842 592 1225 649 commendare
1248 632 1265 659 ,
1317 604 1425 661 quo
1483 590 1695 661 puritas
1750 584 2099 643 continentiae
2198 598 2417 650 eorum,
2446 599 2584 655 quos
2612 586 3073 656 contemplatione
3099 587 3362 642 virtutum
3391 597 3449 643 et
3476 602 3664 643 amore
3694 601 3796 643 so—

510 686 665 755 operi
686 685 972 741 charitatis
999 685 1203 739 inserta
1231 682 1556 753 prepensius
1585 681 1847 738 enitescat
1873 678 2099 750 pulchra

509 778 769 832 varietate
799 777 1081 833 distincta.
1114 775 1332 831 Etenim
1362 785 1494 831 tunc
1521 783 1730 846 gratum
1773 774 1884 829 Deo
1906 770 2102 841 jejunii

509 887 704 926 munus
732 870 879 927 efﬁci
892 878 1000 937 tur,
1036 886 1158 927 cum
1190 870 1296 926 hoc
1322 869 1590 927 fructibus
1626 868 1909 925 charitatis
1937 866 2103 923 fuerit

513 974 968 1021 consummatum.

1049 1058 1278 1116 CAPUT
1314 1056 1557 1113 XXXVI.

516 1153 803 1225 Descriptio
827 1154 986 1209 eremi
1012 1169 1127 1222 quae
1153 1162 1226 1206 est
1249 1153 1304 1206 in
1328 1149 1534 1216 Diolco,
1566 1150 1624 1204 in
1647 1164 1751 1219 qua
1777 1146 2105 1202 anachoreta

1107 1232 1509 1278 commorantur.

585 1338 771 1410 Itaque
783 1353 905 1395 cum
921 1336 1030 1394 δάε
1054 1336 1360 1392 Palu-stium
1388 1335 1732 1391 monasteriis
1753 1334 1822 1390 ad
1848 1333 2105 1405 oppidum

520 1431 768 1503 Egypti,
799 1430 942 1499 quod
972 1441 994 1470 ο
1027 1430 1246 1485 Diolcos
1268 1429 1592 1499 appellatur,
1623 1429 1789 1484 rudes
1815 1427 2109 1483 admodum

520 1524 879 1587 venissemus,
911 1521 1094 1592 ibique
1122 1520 1411 1592 plurimam
1446 1521 1659 1577 turbam
1687 1521 1919 1577 cmuobii
1940 1520 2110 1575 disci-

520 1617 665 1686 plina
708 1614 1091 1681 constrietam,
1134 1625 1189 1670 et
1234 1614 1439 1684 Optimo
1468 1614 1666 1670 ordine
1695 1612 2110 1680 monachorum,

522 1708 614 1775 qui
632 1707 793 1762 etiam
824 1707 1031 1778 primus
1057 1714 1163 1773 est,
1194 1706 1502 1761 institutam
1519 1704 1749 1761 miriﬁce
1770 1705 2111 1772 videremus;

2201 677 2445 733 litudinis
2478 679 2741 744 tolerant,
2773 679 3044 736 admirati.
3075 681 3210 735 Nam
3242 681 3414 751 ipsius
3439 696 3594 752 aqua:
3638 690 3801 736 tanta

2202 772 2427 843 penuria
2472 774 2942 845 constringuntur,
2975 786 3034 829 ut
3062 776 3155 831 tali
3177 789 3299 830 eam
3330 774 3610 844 diligentia
3638 790 3804 831 seru-

2201 868 2439 940 puloque
2480 868 2837 938 dispensent,
2894 869 3040 939 quali
3092 883 3253 924 nemo
3305 868 3801 938 frugalissimorum

2203 960 2441 1031 speciem
2471 961 2852 1032 pretiosissimi
2875 960 2985 1016 vini
3008 970 3301 1017 conservat
3327 970 3382 1015 et
3404 961 3596 1030 parcit.
3631 970 3656 997 ο
3679 960 3808 1015 Tri-

2204 1053 2308 1110 bus
2334 1068 2568 1124 namque
2597 1054 2858 1119 millibus,
2892 1053 2983 1109 vel
3012 1068 3079 1108 eo
3120 1052 3373 1123 amplius,
3418 1068 3537 1107 eam
3564 1052 3633 1107 de
3662 1068 3811 1120 pne-

2206 1143 2338 1200 dicti
2377 1144 2617 1199 ﬂuminis
2662 1146 2824 1201 alveo
2874 1145 3204 1202 necessariis
3248 1144 3437 1199 usibus
3482 1143 3808 1209 advehunt,

2209 1236 2352 1308 quod
2394 1246 2601 1292 tantum
2653 1237 3026 1304 intervallum,
3072 1236 3323 1292 arenosis
3366 1236 3597 1291 divisum
3646 1251 3812 1291 mon-

2210 1329 2376 1398 tibus,
2407 1330 2608 1387 laboris
2637 1328 2961 1386 difﬁcultate
2990 1328 3310 1400 gravissima
3337 1328 3671 1399 duplicatur.

2735 1422 2964 1479 CAPUT
3001 1422 3271 1478 XXXVII.
3313 1461 3320 1470 .

2391 1516 2602 1571 Abbatis
2627 1515 2870 1570 Archebii
2900 1518 3195 1571 humanitas
3219 1498 3623 1570 commendatur.

2286 1609 2383 1666 llis
2411 1611 2577 1681 igitur
2605 1608 2759 1678 visis,
2790 1623 2916 1664 cum
2946 1609 3270 1664 imitationis
3297 1623 3487 1665 eorum
3516 1623 3617 1663 nos
3642 1607 3817 1663 ardor

2218 1705 2571 1772 accenderet,
2603 1704 3003 1776 praedictusque
3045 1704 3348 1760 Archebius
3392 1703 3819 1773 probatissimus

528 1797 557 1837 ἀ
587 1800 755 1855 alium
780 1815 996 1870 quoque
1023 1800 1293 1865 ordinem,
1337 1800 1429 1869 qui
1469 1799 1830 1856 excellentior
1859 1799 2111 1868 habetur,
2144 1784 2194 1847 Β
2220 1803 2363 1859 inter
2390 1816 2487 1858 eos
2516 1800 2868 1857 humanitatis
2908 1801 3084 1872 gratia
3126 1813 3231 1853 nos
3270 1798 3337 1853 ad
3369 1813 3522 1853 suam
3558 1796 3817 1853 cellulam

524 1890 577 1946 id
609 1900 713 1958 est,
753 1891 1227 1957 anachoretarum,
1267 1898 1585 1946 cunctorum
1632 1891 1916 1959 praeconiis
1959 1890 2117 1946 insti-

527 1984 659 2054 gati,
700 1986 1051 2055 sagacissimo
1098 1985 1262 2041 corde
1302 1986 1488 2042 videre
1517 1988 1932 2058 properavimus
1956 1985 2116 2058 (Vide

525 2076 705 2129 collat.
753 2079 823 2133 18
862 2093 911 2131 c.
963 2078 1041 2148 5).
1095 2078 1159 2132 lli
1206 2093 1441 2148 namque
1485 2079 1540 2134 in
1570 2078 1835 2135 cmnobiis
1880 2078 2116 2149 primum

523 2169 827 2227 diutissime
853 2181 1277 2237 commorantes,
1320 2174 1580 2243 omnique
1604 2173 1880 2243 patientiae
1912 2187 1976 2228 ac
2001 2172 2116 2228 dis-

528 2263 787 2318 cretionis
817 2264 1007 2334 regula
1032 2265 1324 2334 diligenter
1349 2265 1550 2336 edocti,
1590 2276 1647 2322 et
1677 2266 1998 2322 humilitatis
2023 2282 2121 2338 pa-

528 2358 661 2412 riter
687 2373 751 2413 ac
776 2359 1040 2417 nuditatis
1085 2360 1286 2416 virtute
1323 2375 1607 2430 possessa,
1637 2370 1799 2432 atque
1827 2362 1895 2417 ad
1925 2376 2119 2433 purum

527 2454 784 2510 vitiorum
816 2457 1171 2513 universitate
1215 2468 1560 2527 consumpta,
1593 2456 1886 2513 dirissimis
1912 2457 2121 2514 daemo-

530 2561 657 2599 num
689 2548 891 2616 prreliis
922 2549 1293 2619 congressuri,
1330 2557 1617 2619 penetrant
1655 2550 1823 2605 eremi
1856 2549 2121 2620 profunda

529 2649 759 2694 secreta.
805 2640 975 2709 Hujus
1014 2641 1179 2712 igitur
1216 2641 1483 2710 propositi
1529 2641 1679 2696 viros
1724 2641 2123 2710 comperientes

530 2730 674 2786 circa
722 2730 822 2785 Nili
868 2730 1106 2786 ﬂuminis
1149 2731 1361 2786 alveum
1407 2732 1762 2794 commorari.
1794 2732 1847 2785 in
1880 2732 2003 2787 loco
2032 2734 2125 2802 qui

531 2839 639 2877 uno
668 2824 837 2879 latere
864 2823 1057 2879 eodem
1102 2823 1350 2891 ﬂumine,
1396 2824 1507 2880 alio
1534 2825 1707 2880 maris
1735 2826 1989 2881 vastitate
2017 2824 2127 2881 cir-

532 2915 841 2981 cumdatus,
884 2917 1112 2971 insulam
1155 2916 1353 2982 reddit,
1383 2917 1553 2971 nullis
1593 2917 1714 2971 aliis
1745 2932 1907 2988 quam
1935 2932 2127 2973 mona-

535 3008 655 3061 chis
701 3018 914 3063 secreta
960 3008 1343 3078 expetentibus
1394 3008 1784 3076 habitabilem;
1834 3024 1936 3066 nec
1975 3011 2125 3066 enim

534 3099 785 3171 cuiquam
834 3101 1061 3157 culturae
1106 3108 1289 3173 aptam
1340 3115 1463 3157 esse
1506 3115 1625 3156 eam
1676 3101 1893 3158 salsitas
1931 3102 2031 3157 soli
2064 3116 2128 3159 ac

2218 1898 2593 1966 pertraxisset,
2634 1896 2918 1965 explorato
2965 1893 3244 1950 desiderio
3291 1901 3503 1957 nostro,
3552 1890 3822 1947 conﬁnxit

2219 2004 2281 2045 se
2307 1989 2378 2046 de
2406 1989 2598 2045 eodem
2625 1988 2745 2045 loco
2772 1988 2915 2044 velle
2940 1986 3247 2050 discedere,
3275 1998 3340 2040 ac
3366 1984 3523 2039 nobis
3552 1983 3817 2039 cellulam

2220 2096 2374 2136 suam
2420 2081 2567 2136 velut
2593 2079 2792 2136 exinde
2822 2080 3151 2150 migraturus
3195 2076 3428 2142 oﬂ‘erre,
3459 2089 3585 2131 sese
3615 2074 3669 2130 id
3702 2075 3824 2130 fac-

2222 2185 2404 2230 turum
2429 2174 2642 2230 etiamsi
2673 2173 2895 2229 minime
2912 2172 3299 2238 adfuissemus,
3319 2171 3617 2227 afﬁrmans.
3641 2170 3823 2238 Quam

2222 2283 2339 2324 rem
2369 2282 2468 2321 nos
2498 2277 2553 2322 et
2584 2265 2858 2321 desiderio
2887 2266 3339 2321 commorationis
3367 2260 3622 2329 accensi,
3651 2272 3709 2318 et
3733 2276 3828 2322 as-

2222 2359 2555 2416 sertionibus
2601 2360 2733 2412 tanti
2787 2357 2890 2412 viri
2935 2357 3296 2412 indubitatam
3341 2354 3828 2412 accommodantes

2224 2451 2386 2506 ﬂdem
2434 2451 2665 2505 libenter
2693 2448 2951 2518 amplexi,
3003 2449 3259 2505 cellulam
3305 2464 3431 2504 cum
3462 2450 3608 2503 omni
3638 2447 3831 2518 supel-

2225 2544 2428 2610 lectile,
2478 2542 2911 2613 utensilibusque
2949 2543 3307 2611 suscepimus.
3336 2542 3523 2613 Itaque
3562 2541 3830 2612 religiosa

2226 2637 2429 2707 potitus
2475 2636 2961 2700 circumventione,
3010 2634 3198 2704 paucis
3236 2618 3428 2689 diebus
3456 2634 3648 2704 quibus
3690 2648 3832 2689 con-

2227 2728 2500 2784 struenda:
2525 2729 2677 2783 cellae
2703 2737 2927 2799 pararet
2955 2727 3328 2798 impendia.de
3356 2727 3478 2782 loco
3507 2727 3827 2797 discedens,

2229 2836 2483 2877 reversus
2513 2830 2637 2891 post
2666 2821 2808 2887 haec,
2837 2820 3002 2876 aliam
3054 2820 3159 2875 sibi
3199 2835 3414 2876 summo
3458 2821 3646 2878 labore
3690 2837 3832 2876 con-

2229 2916 2444 2972 struxit.
2490 2914 2664 2982 Quam
2717 2929 2931 2970 rursum
2957 2956 2973 2981 ,
3003 2929 3112 2969 non
3162 2913 3324 2985 longo
3368 2924 3491 2985 post
3539 2924 3830 2985 tempore,

2231 3011 2353 3065 aliis
2381 3008 2894 3081 supervenientibus
2943 3008 3225 3075 fratribus,
3266 3008 3571 3080 eodemque
3606 3009 3833 3065 deside-

2230 3103 2315 3159 rio
2350 3102 2370 3141 ί
2404 3103 2752 3174 cupientibus
2782 3102 2986 3159 ibidem
3014 3103 3363 3168 commorari,
3427 3102 3590 3158 simili
3641 3102 3835 3157 chari-

1617 3206 1889 3272 aaaaot‘
1915 3217 2759 3301 οΑΖΑῑιηοοιιιιεΝι-Αιιιυε.

611 3321 638 3349 ι
671 3310 963 3383 Dionysius
991 3310 1311 3366 Arthebium
1341 3318 1520 3383 vocat,
1543 3325 1704 3383 quem
1735 3312 1928 3375 Petrus
1955 3311 2009 3365 in
2040 3327 2131 3366 ca-
2154 3312 2202 3375 C

540 3383 721 3452 talogo
768 3382 1087 3451 episcopum
1136 3398 1204 3437 ex
1248 3382 1576 3436 anachoreta
1624 3382 1824 3436 factum
1876 3391 2130 3447 testatur,

543 3457 661 3521 ejus
690 3453 855 3507 vitam
887 3455 990 3509 hoc
1014 3454 1334 3523 compendio
1357 3453 1695 3519 describens,
1731 3468 1796 3507 es
1827 3468 1935 3521 quo
1962 3468 2134 3523 quan-

544 3536 631 3579 tus
657 3524 739 3578 vir
769 3524 955 3591 luerit‘,
982 3522 1211 3593 intelligi
1252 3532 1433 3592 potest
1471 3522 1683 3592 (Petrus
1722 3525 1788 3577 de
1818 3523 2003 3578 Natat.
2036 3524 2128 3579 lib.

547 3611 601 3649 iu
632 3612 678 3668 cf.
713 3594 830 3666 58).
864 3596 1135 3668 Arthebius
1160 3598 1429 3667 episcopus
1458 3594 1860 3668 Pamphiliensis
1888 3593 1990 3668 [al.
2025 3593 2134 3650 Pa-

543 3667 923 3739 nephysiensis]
949 3684 1014 3722 ex
1035 3669 1395 3722 anachoretica
1421 3668 1526 3721 vita
1551 3666 1620 3720 ad
1657 3666 1998 3739 episcopalem
2015 3669 2134 3739 jam

544 3738 739 3791 dictant
778 3738 943 3793 sedem
990 3740 1147 3793 invite
1185 3750 1233 3792 et
1261 3740 1541 3793 renitenter
1566 3747 1884 3809 assumptus.
1920 3738 2025 3804 Qui
2053 3747 2134 3792 ta-

544 3825 661 3862 men
686 3811 739 3862 in
778 3810 1073 3882 episcopatu
1101 3810 1286 3882 degens
1314 3811 1469 3863 eremi
1510 3810 1668 3863 vitam
1712 3826 1814 3882 non
1860 3810 2133 3864 deseruit:

540 3881 668 3949 quin
680 3883 844 3955 immo
856 3881 1082 3955 jejuniis
1092 3891 1139 3935 et
1156 3881 1473 3955 orationibus
1494 3882 1692 3953 jugiler
1710 3881 1931 3955 intentus
1952 3896 2135 3955 curam

544 3951 869 4021 pastoralem
902 3951 1084 4006 Sedulo
1126 3951 1631 4018 administrabat,'et
1667 3952 1737 4003 ad
1774 3965 2000 4004 eremum
2034 3951 2134 4021 sibi

546 4020 783 4075 dilectam
820 4024 1007 4091 saepius
1044 4026 1313 4086 accedens,
1344 4032 1549 4075 sanctos
1578 4020 1917 4076 anachoretas
1946 4032 1991 4075 ct
2020 4020 2133 4077 Pa-

543 4101 647 4145 tres
672 4109 768 4145 sua
791 4110 1009 4160 persona
1034 4105 1081 4147 et
1108 4093 1543 4148 benedictionibus
1569 4092 1829 4148 visitabat.
1863 4092 1990 4147 Ilaec
2018 4095 2128 4149 ille.

545 4162 1057 4226 Cassianus,collat.
1076 4166 1166 4229 il,
1195 4180 1317 4233 cap.
1347 4165 1405 4232 ‘2,
1433 4165 1575 4218 hunc
1596 4165 1771 4233 ipsum
1803 4163 2131 4219 Archebium

546 4233 881 4305 Panephysis
923 4237 1240 4305 episc0pum
1299 4236 1581 4300 nominat,
1633 4233 2134 4305 ejusqne__virtutes

545 4303 913 4378 commendat.
947 4303 1287 4362 Sozomenus
1318 4305 1481 4378 (Lib.
1508 4321 1561 4358 v1
1586 4321 1633 4358 c.
1656 4306 1748 4373 50)
1777 4303 2133 4378 ειᾉΝἱοερΙιο-

546 4392 640 4449 rus
669 4376 809 4449 (Lib.
838 4394 892 4432 ιιι
921 4395 967 4432 c.
992 4380 1083 4449 37)
1116 4378 1258 4432 inter
1284 4376 1613 4432 celebriores
1647 4376 1943 4430 monachos
1960 4379 2130 4449 etiam

544 4447 825 4502 Arsesium
851 4447 1160 4515 recensent,
1186 4464 1419 4519 eumque
1457 4463 1709 4517 magnum
1735 4456 1792 4502 et
1814 4447 2132 4516 praeclarum

547 4519 850 4580 nominant.
879 4533 934 4576 et
964 4522 1016 4575 in
1048 4522 1342 4575 monastica
1384 4519 1724 4589 philosophia
1742 4519 2131 4589 consenuisse,

546 4604 610 4642 ac
640 4592 920 4646 monachis
945 4592 1227 4660 prmfuisse
1253 4588 1521 4646 scribunt.
1554 4588 1708 4646 Uitde
1728 4588 1842 4645 fere
1870 4589 2130 4655 adducor,

548 4668 607 4731 nt
630 4676 725 4727 pro
750 4662 1023 4717 Arehebio
1053 4664 1329 4717 Arsesium
1362 4664 1448 4716 hic
1469 4662 1758 4731 legendum
1783 4670 1966 4730 putem
1997 4678 2011 4713 :
2034 4664 2134 4717 sed

546 4730 774 4802 aliorum
799 4735 982 4788 malim
1008 4744 1327 4802 exspectare
1356 4730 1702 4788 sententiam.

617 4800 646 4840 δ
680 4803 755 4857 De
784 4806 1064 4860 monachis
1102 4800 1155 4860 et
1194 4804 1539 4860 monasteriis
1586 4802 1889 4857 Palaestinae
1926 4801 2132 4859 dictum

545 4883 632 4948 est
676 4875 800 4930 alibi
851 4875 991 4947 (Lib.
1040 4892 1097 4931 ιιι
1139 4893 1256 4948 cap.
1302 4875 1382 4948 1).
1412 4876 1534 4948 Δυθέ
1562 4874 1751 4929 iisdem
1798 4873 2135 4948 Soztimenus

546 4946 640 5000 lib.
670 4962 727 5000 vt
768 4945 887 5015 cap.
920 4948 1021 5013 52;
1044 4945 1382 5017 Nicephorus
1409 4945 1504 5001 lib.
1558 4960 1615 4999 ιι
1647 4961 1767 5015 cap.
1795 4945 1883 5010 59,
1914 4952 1969 4999 et
2005 4957 2134 5001 ante

549 5017 648 5072 hos
678 5018 739 5071 D.
776 5019 1007 5074 Basilius
1031 5019 1192 5089 epist.
1226 5020 1316 5074 59.

621 5100 642 5126 ο
669 5090 935 5156 Oppidum
960 5086 1224 5156 hic,alihi
1248 5093 1424 5144 vicum
1465 5096 1626 5141 vocat
1664 5086 1977 5151 Cassianus,
2021 5087 2134 5140 col-

546 5158 643 5214 lat.
678 5160 766 5224 18,
793 5177 913 5229 Cap.
948 5163 1104 5217 ίεΑά
1133 5164 1323 5224 vicum,
1357 5161 1547 5227 inquit,
1574 5160 1657 5211 cui
1687 5175 1869 5211 nomen
1888 5168 1964 5211 est
1988 5157 2136 5212 Dial-

544 5246 653 5302 cos,
688 5235 776 5287 uni
798 5248 863 5287 ea:
883 5244 1075 5302 septem
1108 5232 1224 5286 Nili
1253 5232 1395 5286 ostiis
1416 5231 1761 5302 imminentem
1790 5231 2131 5296 pervenimus.

546 5301 884 5371 Nieepltorus
916 5299 1012 5359 lib.
1046 5320 1100 5359 ιι
1140 5319 1259 5373 cap.
1285 5302 1356 5358 55
1382 5321 1393 5355 :
1418 5299 1567 5355 Circa
1597 5301 1863 5373 angustias
1893 5316 2007 5353 vero
2030 5311 2138 5373 ter-

548 5389 638 5447 rte,
682 5370 803 5444 qua?
841 5378 893 5428 in
937 5374 1171 5447 Egypto
1209 5370 1365 5442 sunt,
1408 5390 1441 5447 ᾳ
1484 5370 1873 5447 transueheudis
1920 5371 2136 5447 navibus

548 5442 773 5506 enim;
801 5447 968 5500 dictas
986 5493 999 5513 ,
1016 5442 1306 5501 'Piammon
1334 5457 1381 5499 et
1408 5444 1636 5497 Joannes
1661 5443 1884 5513 maxime
1908 5442 2057 5513 clari,
2088 5452 2137 5496 et

547 5515 829 5570 multorum
853 5511 1075 5586 fratrum
1097 5518 1252 5572 duces
1280 5518 1441 5587 fuere,
1480 5523 1590 5587 etc.
1615 5512 1793 5587 (Vide
1822 5511 1904 5587 AD.
1947 5512 2139 5587 [liere-

551 5600 691 5651 nym.
722 5589 775 5639 in
804 5583 954 5655 epist.
985 5590 1054 5643 ad
1088 5583 1383 5657 Eustoch.).
1408 5588 1463 5640 In
1490 5586 1591 5638 hoc
1613 5584 1794 5657 itidem
1819 5585 1938 5639 loco
1964 5583 2130 5639 Sozo-

551 5672 741 5709 manus
772 5663 1078 5727 cmnplnres
1100 5671 1316 5715 sanctos
1350 5658 1644 5712 nmmchos
1673 5656 1869 5710 vixisse
1894 5669 2129 5711 comme-

552 5739 725 5782 morat
749 5730 841 5782 lih.
873 5746 1066 5801 vrcap.
1103 5732 1193 5797 29,
1227 5745 1456 5801 quorum
1486 5728 1649 5782 vitam
1683 5727 1841 5786 latius
1868 5728 2129 5785 describit

552 5801 824 5860 Palladius
847 5803 900 5857 in
921 5800 1215 5861 Lausiacis.

2307 3309 2335 3349 ἀ
2368 3313 2511 3368 Duos
2536 3313 2778 3378 ordines,
2811 3329 2907 3368 seu
2935 3314 3042 3369 duo
3066 3326 3265 3382 genera
3306 3311 3700 3366 monachorum
3743 3309 3841 3363 hic

2237 3396 2293 3442 et
2319 3385 2446 3439 alibi
2479 3400 2626 3455 saepe
2662 3393 3057 3441 commemorat
3078 3383 3403 3439 Cassianus:
3447 3383 3688 3455 alterum
3716 3395 3842 3437 etn-

2237 3452 2574 3518 nohitarum,
2605 3456 2656 3510 id
2682 3469 2784 3520 est,
2813 3457 2975 3510 simul
3013 3465 3068 3511 et
3104 3455 3468 3512 communiter
3492 3452 3789 3508 viventium
3818 3497 3838 3521 ,

2237 3543 2396 3597 quem
2428 3528 2660 3595 primum
2689 3526 2935 3581 ordinem
2966 3526 3353 3582 monachorum
3382 3539 3505 3580 esse
3526 3524 3672 3597 dicit,
3703 3524 3842 3597 quia

2236 3595 2289 3654 in
2331 3600 2463 3668 ipsis
2515 3598 2772 3653 Ecclesiae
2812 3598 3124 3668 primordiis
3162 3597 3265 3651 sub
3310 3595 3567 3668 apostolis
3618 3596 3843 3668 initium

2237 3666 2428 3725 habuit
2458 3686 2473 3722 :
2507 3670 2642 3723 tales
2666 3666 2825 3723 enim
2839 3670 2989 3724 fuere
3032 3669 3189 3726 urimi
3215 3667 3509 3722 Christiani
3549 3666 3838 3734 aposmlo-

2238 3757 2357 3796 rum
2380 3741 2653 3809 discipuli,
2682 3742 2752 3794 de
2774 3741 2969 3809 quibus
2996 3739 3195 3795 dicitur
3224 3741 3347 3794 Act.
3380 3754 3431 3791 tv
3463 3757 3476 3791 :
3521 3737 3841 3791 Multitudi-

2236 3814 2319 3866 nis
2345 3812 2660 3866 credentium
2688 3820 2797 3865 erat
2820 3828 2909 3865 cor
2937 3828 3120 3871 unum,
3143 3822 3190 3865 et
3219 3811 3397 3863 anima
3415 3825 3541 3870 una;
3571 3824 3663 3861 nec
3686 3810 3848 3877 quis-

2236 3899 2394 3952 quam
2417 3884 2615 3950 aliquid
2642 3899 2794 3937 suum
2832 3899 2941 3937 esse
2965 3883 3187 3947 dicebat,
3216 3882 3307 3936 sed
3344 3890 3489 3935 erant
3518 3878 3846 3952 illishomnia

2239 3949 2568 4018 communia;
2614 3955 2842 4007 alterum
2882 3952 3334 4008 anachoretarum
3360 3993 3375 4016 ,
3417 3954 3530 4005 sive
3559 3949 3851 4004 solitario-

2238 4041 2388 4088 rum,
2433 4040 2591 4093 quem
2626 4028 2824 4080 merito
2850 4025 2981 4078 dicit
3010 4038 3136 4079 esse
3177 4023 3626 4078 excellentiorem
3649 4060 3664 4086 ,
3704 4022 3847 4093 quia

2236 4096 2345 4149 vita
2373 4091 2785 4163 anachoretica,
2816 4110 2912 4149 seu
2939 4095 3250 4157 eremitica,
3282 4094 3500 4148 culmen
3527 4102 3613 4147 est
3649 4101 3703 4145 et
3726 4091 3851 4147 fas-

2240 4168 2427 4236 tigium
2451 4168 2573 4220 vita:
2597 4166 2889 4235 religiosae.
2915 4165 3071 4222 Unde
3094 4164 3284 4219 Patres
3312 4166 3509 4233 passim
3542 4166 3745 4218 docent
3766 4164 3847 4219 ad

2236 4240 2401 4291 vitam
2433 4238 2869 4292 anachoreticam
2909 4253 3018 4292 non
3060 4237 3262 4291 debere
3285 4250 3609 4303 quemquam
3655 4242 3852 4289 trans-

2237 4310 2340 4375 ire,
2373 4308 2476 4363 nisi
2500 4310 2650 4378 prius
2691 4310 2978 4376 diligenter
3008 4310 3061 4362 in
3105 4307 3356 4378 emnohio
3381 4307 3538 4360 fuerit
3568 4306 3849 4378 exercita-,-

2236 4388 2325 4434 tus
2351 4389 2407 4434 et
2446 4377 2725 4446 probatus.
2768 4380 2920 4446 Quod
2951 4380 3113 4434 etiam
3147 4380 3199 4432 in
3228 4377 3330 4431 hoc
3366 4392 3488 4447 cap.
3513 4378 3721 4431 Auctor
3751 4377 3849 4431 in-

2237 4450 2382 4506 dicat
2409 4450 2569 4524 (Aug.
2596 4450 2692 4524 lib.
2727 4467 2743 4505 ι
2798 4453 2861 4505 de
2900 4448 3095 4504 Morib.
3136 4448 3336 4524 Eccles.
3380 4464 3428 4502 c.
3468 4449 3530 4503 3i
3555 4466 3570 4514 ;
3599 4456 3650 4524 ct
3705 4447 3850 4524 Cas:

2236 4532 2377 4579 stan.
2422 4539 2472 4591 ι,
2517 4519 2701 4578 collat.
2745 4523 2838 4588 18,
2880 4538 2970 4592 per
3008 4530 3193 4592 totum.
3224 4519 3356 4572 Vide
3392 4528 3539 4592 notas
3578 4520 3646 4571 ad
3683 4533 3735 4571 c.
3768 4520 3847 4574 17

2236 4595 2276 4649 ι.
2310 4610 2405 4666 vnl
2426 4609 2441 4658 ;
2460 4590 2787 4666 'Hieronym.
2810 4590 2958 4666 epist.
3055 4590 3132 4666 ad
3155 4590 3472 4666 Rusticum).

2312 4675 2337 4702 ο
2362 4665 2440 4720 De
2463 4666 2566 4719 hoc
2586 4660 2712 4719 vide
2734 4660 2915 4719 notam
2938 4663 3004 4718 ad
3028 4662 3214 4717 collat.
3239 4660 3332 4725 24,
3354 4676 3476 4731 cap.
3502 4662 3557 4715 2.

2158 4704 2215 4765 D
2315 4734 2336 4773 ι
2362 4704 3578 4803 ξέιέἓ’”εξιίειέιὶὲ”ἰιίὶὶι“ἔὶἷιοῖωρῖιέἶνιυηι
3607 4746 3681 4806 ex
3711 4732 3848 4790 aliis
3900 4790 3905 4806 ,

2238 4807 2396 4871 locis,
2423 4806 2532 4860 duo
2553 4821 2753 4876 genera
2785 4806 3063 4860 hominum
3106 4812 3235 4876 tunc
3265 4805 3525 4873 temporis
3553 4804 3737 4859 solere
3785 4806 3846 4861 in

2240 4874 2586 4933 monasteriis
2617 4877 2964 4933 commorari.
3005 4875 3115 4931 Alii
3145 4874 3290 4931 enim
3332 4876 3667 4930 monasticen
3710 4891 3846 4943 pro-

2239 4946 2388 5013 fessi,
2414 4958 2469 5002 et
2495 4949 2639 5003 votis
2663 4950 2874 5004 astricti
2901 4958 3079 5012 erant,
3108 4956 3164 4999 ut
3185 4946 3257 4999 ibi
3284 4955 3543 5014 perpetuo
3569 4946 3671 5001 sub
3701 4947 3841 5000 ohe-

2238 5019 2440 5074 dientia
2480 5020 2751 5087 viverent,
2795 5019 2886 5089 qui
2913 5022 3090 5087 reipsa
3128 5028 3182 5072 et
3211 5018 3430 5071 nomine
3458 5019 3709 5089 monachi
3745 5018 3843 5071 di-

2238 5089 2518 5145 cebantur.
2540 5092 2643 5145 Alii
2677 5088 2851 5145 solum
2882 5090 2948 5144 ad
2974 5099 3188 5157 tempus
3213 5089 3266 5142 in
3294 5088 3637 5142 monasteriis
3668 5089 3845 5156 dege-

2238 5161 2390 5223 bant,
2417 5176 2523 5219 non
2549 5176 2655 5215 tam
2683 5172 2738 5215 ut
2761 5162 3013 5216 monachi
3040 5160 3251 5215 ﬂerent.
3277 5173 3439 5227 quam
3472 5160 3602 5212 utin
3630 5160 3844 5226 ρὶθιίιιιτ

2238 5242 2293 5295 et
2315 5232 2433 5285 aliis
2460 5234 2768 5299 virtutibus,
2795 5240 2888 5286 aut
2915 5233 3075 5286 etiam
3102 5231 3155 5283 in
3180 5229 3376 5283 studiis
3402 5241 3795 5283 exercerentur
3825 5250 3840 5282 :

2239 5302 2296 5357 hi
2328 5303 2493 5358 nullis
2518 5305 2660 5357 votis
2690 5302 2916 5370 obligati
2936 5313 3122 5365 erant;
3147 5312 3201 5354 et
3224 5314 3346 5370 eum
3369 5299 3645 5367 volebant,
3680 5300 3844 5355 abire

2237 5389 2306 5428 ex
2345 5376 2688 5429 monasteriis
2727 5368 2976 5440 poterant
3012 5370 3201 5440 (Basil.
3263 5368 3440 5425 Instit.
3480 5372 3756 5425 monastic.
3787 5391 3838 5427 ρ.

2237 5443 2309 5500 49
2336 5456 2384 5499 et
2412 5446 2465 5498 in
2496 5444 2627 5515 Reg.
2659 5446 2876 5498 brevior.
2905 5442 3134 5515 c._292).
3160 5441 3238 5498 De
3278 5444 3360 5497 his
3394 5442 3686 5515 Cassianus
3728 5444 3838 5498 hoc

2240 5516 2383 5580 loco,
2424 5526 2480 5571 et
2501 5513 2923 5584 Ch‘rysostomus
2967 5513 3063 5567 lib.
3101 5529 3159 5568 ιιι
3198 5524 3388 5569 contra
3433 5514 3838 5581 vituperatores

2240 5589 2364 5642 vita:
2393 5588 2705 5640 monasticae
2741 5585 2841 5638 sub
2870 5585 3061 5652 ﬂnem,
3095 5585 3186 5639 ubi
3234 5587 3381 5640 cives
3410 5600 3539 5639 suos
3581 5586 3838 5639 hortatur

2238 5669 2295 5713 ut
2340 5660 2477 5712 lilios
2524 5672 2651 5711 suos
2679 5655 2743 5710 ad
2776 5658 3099 5709 monasteria
3132 5656 3373 5723 mittant;
3415 5659 3581 5711 immo
3604 5665 3679 5709 ,ut
3722 5657 3834 5724 ipsi

2238 5730 2436 5796 etiam,
2481 5730 2609 5783 licet
2650 5726 2954 5796 coniugati,
2983 5742 3048 5780 eo
3088 5741 3148 5781 se
3184 5727 3491 5792 cenferant,
3522 5728 3699 5795 ibique
3717 5728 3835 5781 'ali-

2239 5802 2493 5874 quamdiu
2523 5808 2949 5857 commercatur.
2973 5797 3057 5855 Ad
3086 5797 3229 5853 hunc
3254 5798 3417 5873 igitur
3438 5798 3657 5857 modum
3689 5813 3831 5860 nos-
