3986 6320
239 264 358 323 957
769 271 862 329 DE
899 273 1659 340 C(ENOBIORUMJNSTIT.
1701 277 1834 334 LIB.
1876 277 2034 334 V.—-
2062 279 2152 334 DE
2193 277 2460 338 SPIRITU
2499 278 3057 341 CASTRIMARGI/E.
3280 295 3330 316 λε
3441 285 3548 344 258

245 387 386 442 tatis
416 387 773 476 'mendacio
797 394 1203 460 circumventis,
1229 411 1349 450 cum
1368 397 1634 451 universis
1664 395 1882 450 tradidit
1906 403 1962 462 Α
1985 396 2176 466 gabilis
2207 413 2580 468 perseverans,
2615 398 2644 438 ι’
2676 401 2890 456 tertiam
2941 403 3046 458 sibi
3087 401 3331 460 cellulam
3365 405 3416 460 in
3448 420 3554 476 qua

251 458 684 538 instrumentis.
718 483 844 555 Ipse
873 502 1009 542 vero
1051 502 1176 558 erga
1225 502 1362 557 opus
1390 488 1667 543 charitatis
1698 488 1875 542 infati-
1983 500 2348 545 commaneret
2372 491 2660 547 exstruxit.

1365 602 1626 658 ALARDI
1663 602 1893 659 GAZEI
1931 603 2492 662 COMMENTARIUS.

278 707 362 750 ter
389 694 696 751 Cassianus
714 739 728 760 ,
758 697 986 766 ejusque
1013 695 1218 764 collega
1249 695 1548 751 Germanus
1568 737 1582 760 ,
1609 704 1882 750 monaste-

274 771 359 822 ria
383 767 664 836 cellasqne
693 769 1086 822 monachorum
1118 769 1532 836 perlustrautes,
1565 768 1794 821 subinde
1826 767 1879 821 in

270 840 388 892 illis
435 837 502 890 ad
543 849 764 905 tempus
803 840 1176 901 morabantur,
1213 849 1273 891 ut
1303 836 1400 893 SS.
1444 837 1666 892 Patrum
1711 837 1881 892 collo-

271 909 409 973 quio
443 917 499 962 et
526 923 834 978 congressu
859 909 1061 963 diutius
1092 910 1424 975 fruerentur,
1453 919 1503 962 et
1535 924 1720 963 eorum
1746 909 1879 964 doc-

272 983 519 1043 trinam,
583 981 834 1036 instituta
885 989 942 1035 et
988 981 1233 1048 exempla
1282 980 1559 1034 memoria:
1606 993 1878 1035 commen-

268 1051 498 1103 darent.

355 1131 379 1156 ι
413 1120 699 1174 Mendacia
732 1121 922 1175 tribuit
948 1121 1234 1176 Cassianus
1262 1121 1379 1174 viro
1403 1129 1588 1174 sancto
1619 1137 1633 1173 :
1668 1135 1765 1175 nec
1779 1121 1879 1175 mi-

269 1207 422 1254 rum,
453 1191 898 1260 quandoquidem
925 1193 1039 1259 ipse
1063 1208 1184 1245 cum
1210 1191 1484 1245 nonnullis
1505 1193 1624 1245 aliis
1645 1193 1878 1246 senserit

269 1262 632 1315 mendacium
661 1261 995 1324 ofliciosnm,
1029 1263 1171 1331 quod
1214 1263 1301 1315 hic
1339 1273 1494 1315 vocat
1536 1263 1874 1316 mendacium

268 1333 592 1395 eharitatis,
625 1347 732 1385 non
765 1333 928 1386 modo
967 1334 1171 1386 licitum
1212 1347 1356 1396 esse,
1381 1332 1473 1384 sed
1503 1343 1556 1386 et
1584 1333 1871 1399 laudabile,

269 1418 339 1456 ac
380 1403 625 1456 subinde
672 1404 1039 1457 necessarium
1064 1444 1080 1469 ,
1125 1412 1184 1456 ut
1230 1418 1295 1456 ex
1326 1403 1729 1457 Collationibus-
1759 1403 1872 1470 pla-

273 1477 400 1526 nius
457 1475 572 1527 ﬁet.
633 1473 834 1526 Verum
887 1473 1026 1526 hanc
1073 1473 1424 1539 Opinionem,
1473 1482 1532 1526 ut
1579 1473 1768 1526 falsam
1820 1483 1875 1528 et

273 1560 453 1597 sacrie
484 1544 790 1610 Scriptum
820 1545 1156 1598 contrariam
1181 1546 1425 1612 gnaviter
1454 1544 1789 1612 impugnavit
1810 1546 1870 1600 υ.

273 1616 625 1683 Augustinus
657 1614 868 1668 duobus
919 1615 1067 1668 libris
1095 1615 1163 1667 de
1206 1613 1490 1678 mendacio
1521 1615 1869 1682 conscriptis,

273 1687 360 1738 eui
391 1694 507 1738 tota
537 1683 914 1753 posteriorum
944 1687 1333 1756 theol0gorum
1365 1684 1549 1738 schola
1571 1687 1867 1750 consentit,

274 1756 551 1823 docetque
583 1770 744 1808 omne
793 1755 1132 1808 mendacium
1181 1771 1301 1810 esse
1349 1765 1645 1824 peccatum,
1696 1771 1871 1823 neque

276 1841 536 1896 umquam
573 1826 973 1889 mentiendum,
1007 1829 1169 1880 etiam
1217 1835 1273 1879 ut
1303 1825 1406 1879 sibi
1432 1826 1552 1893 quis
1584 1824 1670 1879 vel
1711 1826 1866 1880 alteri

276 1913 436 1964 quam
453 1897 696 1950 maxime
710 1899 903 1964 prosit.
931 1897 1112 1965 Neque
1132 1899 1264 1949 enim
1282 1896 1418 1958 ideo,
1432 1906 1507 1949 att
1517 1896 1864 1964 Augustinus,

277 1969 607 2020 mendacium
638 1968 930 2035 putandum
953 1976 1023 2020 est
1048 1982 1149 2020 non
1172 1983 1276 2020 esse
1299 1977 1583 2032 peccatum,
1607 1967 1728 2034 quia
1749 1983 1869 2035 pos-

1991 706 2048 778 εει
2079 697 2134 750 in
2162 697 2590 778 Collationibus,
2605 700 2766 778 plane
2795 703 3010 778 exigere
3037 705 3249 761 videtur
3274 715 3333 761 ut
3357 707 3556 778 aliquid

1987 767 2145 846 dehea
2175 779 2518 846 annotemus.
2552 767 2910 846 Gellaitaqué
2940 777 2993 835 (a
3033 791 3134 846 qua
3184 767 3556 836 diminutivum

1983 837 2201 918 cellula)
2234 840 2376 918 dicta
2401 851 2504 918 es_t_,
2539 842 2680 911 quod
2703 843 2755 918 in
2781 837 2841 918 ea
2875 837 3137 918 celentur,
3171 864 3289 918 qua:
3319 864 3442 905 esse
3460 867 3556 905 vo-

1981 908 2160 990 lumus
2190 912 2424 966 occulta.
2451 908 2583 965 Nam
2605 917 2789 990 omnis
2813 916 2961 990 locus
2987 917 3040 970 in
3067 908 3319 990 qnoquid
3343 922 3558 990 reponi-

1978 987 2068 1033 tur
2100 989 2157 1034 ut
2208 992 2474 1054 servetur,
2534 984 2669 1037 cella
2725 986 3048 1054 appellatur.
3086 984 3287 1043 Cicero
3334 984 3420 1045 de'
3455 993 3556 1047 Se-

1980 1061 2193 1126 nectute
2221 1069 2234 1105 :
2264 1052 2497 1126 Semper,
2532 1054 2725 1122 inquit,
2769 1052 2884 1108 boni
2912 1059 3205 1126 assiduique
3239 1061 3434 1115 domini
3473 1080 3555 1115 re-

1980 1123 2113 1202 [erta
2150 1132 2223 1174 est
2249 1122 2395 1202 ξειια
2442 1127 2682 1202 pinaria,
2741 1128 2956 1202 olearii),
3014 1122 3267 1202 mellaria,
3324 1135 3556 1202 pomaria

1980 1190 2195 1273 (Festus
2237 1192 2637 1273 Pompeiuslib.
2662 1213 2766 1273 in;
2804 1190 3039 1273 Isidorus
3083 1199 3173 1252 lib.
3211 1190 3278 1255 xv
3320 1190 3551 1273 Etymol.

1976 1264 2134 1339 c.
2163 1263 2267 1317 Sed
2299 1274 2356 1339 et
2373 1263 2630 1339 Virgilius
2653 1266 2863 1339 (Georg.
2895 1269 2970 1338 tv)
3015 1270 3255 1324 faVorum
3289 1263 3554 1328 cavérnas

1974 1333 2139 1406 cellas
2171 1337 2406 1406 vocavit.
2439 1333 2559 1389 cum
2589 1338 2655 1390 de
2674 1333 2861 1406 apibus
2885 1333 2960 1393 ait
2982 1359 2993 1393 :
3022 1341 3330 1397 Distendunt
3352 1354 3553 1397 nectare

1975 1405 2147 1479 cellas.
2175 1405 2242 1458 Et
2272 1406 2687 1479 apudethnicos
2711 1405 2846 1462 cella
2873 1425 2994 1477 pars
3021 1415 3199 1479 tetnpli
3226 1424 3344 1467 erat
3369 1429 3552 1468 sacra-

1977 1475 2101 1547 tinr,
2127 1475 2187 1547 in
2213 1492 2380 1547 quam
2421 1477 2626 1546 ingredi
2654 1475 2884 1534 cuilibet
2922 1481 3001 1535 fas
3045 1475 3149 1536 non
3179 1494 3313 1547 erat,
3362 1485 3551 1540 Grzece

1972 1542 2365 1622 dt‘du'ro'uLUnde
2412 1542 2551 1622 apud
2592 1548 2824 1622 Gellium
2878 1552 3090 1620 legitur,
3141 1542 3446 1622 Scipionem
3495 1557 3550 1611 in

1974 1615 2298 1694 Capitolium
2323 1618 2562 1694 venisse,
2584 1615 3098 1694 jussissequevlovis
3121 1615 3311 1678 cellam
3343 1627 3548 1694 aperiri

1973 1684 2156 1759 (Noct.
2188 1688 2338 1759 Attic.
2363 1687 2454 1741 lib.
2492 1705 2564 1743 vn
2585 1684 2722 1757 'cap.
2755 1684 2935 1759 l).'At
2964 1695 3016 1745 in
3049 1710 3144 1747 usu
3184 1684 3550 1752 ecclesiastico

1971 1757 2570 1835 ceollfeprimuntdicta:
2597 1774 2724 1816 sunt
2746 1757 3107 1835 demunculai,
3141 1781 3234 1818 seu
3259 1780 3420 1834 parva
3451 1769 3549 1820 do-

1971 1827 2169 1906 nticilia
2203 1833 2612 1906 monachorum,
2644 1848 2740 1885 seu
2765 1827 3236 1906 anachoretarum,
3259 1827 3318 1889 in
3351 1838 3547 1906 quibus

1970 1895 2505 1975 lantentes,_orationi_,
2554 1905 3015 1975 contemplationi,
3062 1895 3293 1975 aliisque
3341 1895 3548 1962 e'xerci-

1971 1967 2059 2020 tiis
2085 1970 2347 2046 vacabant
2389 1972 2607 2046 in__|ocis
2636 1967 2857 2027 remotis
2900 1985 2956 2028 et
2987 1967 3246 2029 solitariis
3277 1996 3289 2029 :
3315 1993 3559 2046 quarum

270 2039 429 2119 simus
455 2037 749 2128 aliquandq
775 2038 932 2118 alicui
962 2038 1202 2106 prodesse
1227 2037 1556 2128 mentiendoj:
1587 2053 1856 2119 possumus
1885 2067 1933 2128 Β
1964 2040 2217 2128 nteminLit
2262 2041 2416 2128 (“Vllle
2447 2042 2807 2128 Hieronymus
2847 2046 2899 2098 in
2933 2047 3158 2128 epistola
3189 2047 3260 2100 ‘22
3290 2037 3346 2101 et
3380 2048 3449 2101 27
3479 2050 3546 2103 ad

271 2110 406 2161 enim
452 2118 503 2160 et
547 2107 797 2176 furando,
838 2109 882 2159 si
931 2123 1128 2176 pauper
1166 2109 1245 2160 cui
1291 2110 1463 2176 palam
1507 2108 1659 2160 datur
1700 2109 1854 2161 sentit

272 2180 628 2240 commodum,
658 2188 706 2230 et
724 2178 861 2230 dives
879 2180 963 2230 cui
988 2179 1118 2231 clam
1136 2179 1333 2231 tollitur
1354 2195 1454 2231 non
1475 2180 1627 2232 sentit
1654 2179 1855 2230 incom-

274 2251 504 2301 modum.
541 2249 710 2302 Porro
740 2263 862 2302 cum
893 2249 1035 2302 aliud
1081 2250 1150 2302 sit
1179 2247 1419 2312 mentiri,
1453 2248 1596 2302 aliud
1627 2249 1856 2304 obscure

276 2322 350 2373 vel
381 2319 828 2389 amphibologice
863 2320 1004 2386 loqui
1029 2322 1174 2389 (nam
1197 2320 1289 2389 qui
1317 2320 1483 2371 utitur
1508 2318 1853 2387 amphibolo-

274 2392 376 2458 gia,
412 2398 512 2444 aut
546 2388 1101 2455 tacitarestrictione,
1131 2404 1234 2443 non
1266 2388 1502 2442 intendit
1540 2389 1730 2442 falsum
1769 2404 1854 2445 asc

270 2474 460 2514 serere
490 2474 593 2529 pro
621 2474 778 2525 vero,
805 2469 897 2513 aut
923 2475 1116 2528 negare
1145 2460 1284 2529 quod
1315 2462 1418 2514 scit
1447 2468 1540 2514 aut
1563 2469 1710 2528 putat
1734 2475 1855 2516 esse

273 2547 498 2596 verum,
532 2531 677 2598 quod
722 2531 942 2600 proprie
973 2542 1054 2584 est
1084 2531 1321 2592 mentiri,
1371 2531 1474 2584 hoc
1524 2540 1626 2593 est,
1668 2545 1854 2586 contra

273 2610 519 2655 mentem
546 2601 648 2664 ire,
678 2612 769 2655 aut
795 2601 987 2670 loqui),
1018 2601 1171 2655 facile
1206 2601 1378 2668 potuit
1408 2601 1582 2654 bonus
1613 2601 1702 2654 ille
1731 2616 1853 2655 ere-

281 2673 419 2725 mita
448 2688 478 2724 a
507 2671 783 2725 mendacio
813 2673 1029 2741 proprie
1056 2671 1198 2725 dicto
1223 2671 1488 2733 excusari,
1521 2686 1644 2725 cum
1667 2685 1852 2725 revera

279 2757 451 2794 suam
489 2743 723 2796 cellulam
755 2743 1095 2796 venientibus
1142 2741 1371 2795 libenter
1402 2742 1767 2810 relinqueret,
1799 2749 1855 2796 et

281 2814 458 2866 aliam
490 2812 587 2865 sibi
609 2812 805 2866 deinde
823 2821 1195 2878 construeret;
1222 2827 1284 2867 ac
1305 2828 1521 2866 rursum
1546 2813 1669 2865 aliis
1691 2821 1852 2880 atque

275 2884 410 2937 aliis
464 2885 970 2950 supervenientibus
1015 2893 1232 2950 paratus
1274 2892 1418 2936 esset
1467 2883 1682 2938 cedere.
1733 2883 1852 2948 Quo

273 2955 448 3008 etiam
481 2953 638 3008 modo
667 2953 810 3006 aliud
856 2955 1156 3022 exemplum
1177 2996 1192 3020 ,
1228 2953 1372 3023 quod
1403 2967 1518 3022 cap.
1565 2953 1634 3007 '59
1665 2967 1853 3006 narra-

277 3036 388 3086 tur,
430 3024 664 3091 prudens
696 3025 864 3080 lector
893 3023 1050 3080 facile
1078 3040 1108 3078 a
1138 3023 1400 3078 mendacii
1445 3024 1602 3093 culpa
1629 3038 1852 3076 excusa-

276 3097 375 3160 bit,
407 3109 732 3164 quamquam
760 3111 867 3148 non
897 3095 968 3148 sit
992 3094 1093 3149 hac
1117 3094 1183 3148 de
1211 3110 1268 3149 re
1304 3093 1468 3164 nimis
1499 3095 1656 3147 anxie
1697 3093 1850 3147 labo-

272 3167 532 3220 randum.
564 3163 677 3219 Non
709 3165 852 3219 enim
889 3166 1142 3235 quidquid
1169 3165 1236 3220 de
1263 3163 1393 3219 viris
1435 3166 1653 3230 sanctis,
1686 3165 1770 3218 vel
1798 3165 1850 3218 in

273 3238 589 3304 Scriptum,
626 3236 707 3290 vel
750 3237 899 3302 alibi,
960 3236 1206 3305 legimus,
1251 3235 1304 3288 id
1343 3237 1600 3289 continuo
1647 3236 1851 3289 licitum

274 3319 367 3361 ant
399 3306 724 3360 imitandum
755 3307 982 3361 credere
1022 3306 1313 3370 debemus,
1343 3322 1464 3360 cum
1495 3315 1706 3360 constet
1733 3307 1852 3360 illos

277 3393 381 3431 non
410 3377 618 3431 vixisse
661 3379 863 3446 absque
904 3387 1144 3446 peccato,
1183 3377 1377 3431 saltem
1420 3376 1637 3443 veniali,
1669 3377 1850 3445 cujus-

277 3425 435 3501 ass:
454 3425 1063 3515 's’diti'm‘en'd‘sc'ia'dihe'
1071 3425 1753 3516 ὲιῖἑυὶἷιὶιῖὄιιιέῖὖέἷιζ’τιὗὲ
1766 3425 1859 3501 ὶΞι-
1883 3425 1928 3487 C

275 3536 400 3574 men
440 3519 502 3570 D.
539 3520 866 3580 Augustinus
895 3517 1052 3572 docet
1078 3533 1182 3572 non
1214 3533 1333 3572 esse
1364 3517 1581 3572 minima
1616 3529 1855 3584 peccata,

273 3602 326 3644 et
358 3590 502 3641 viris
531 3587 780 3656 perfectis
809 3589 1048 3644 studiose
1069 3589 1326 3643 cavenda.
1360 3588 1452 3641 Est
1481 3598 1737 3658 praeterea
1771 3589 1859 3643 hic

273 3659 707 3724 observandum,
738 3659 856 3714 hate
882 3660 1066 3722 verba,
1110 3675 1229 3728 qua:
1258 3658 1538 3714 mendacio
1574 3659 1858 3726 suffragari

271 3731 582 3791 videntur,
631 3746 660 3782 a
713 3729 969 3799 Dionysio
1018 3729 1376 3784 Carthusiano
1406 3774 1420 3795 ,
1474 3732 1562 3799 qui
1614 3729 1857 3784 Cassiani

275 3801 590 3856 doctrinam
630 3802 774 3854 omni
815 3815 1001 3854 errore
1030 3799 1301 3855 detersam
1330 3801 1586 3855 exhibere
1629 3802 1854 3866 studuit,

275 3871 538 3926 consulto
592 3870 952 3940 praetermissa
997 3885 1146 3936 esse,
1197 3872 1652 3940 quemadmodum
1699 3879 1754 3926 et
1793 3887 1855 3926 ea

273 3959 398 4009 qua:
458 3942 530 3994 de
584 3941 770 3996 eadem
823 3941 1116 3996 mentiendi
1164 3941 1382 3997 licentia
1431 3943 1588 3996 latius
1643 3943 1861 3997 disserit

273 4016 452 4068 abbas
480 4011 681 4080 Joseph
702 4027 731 4064 a
758 4014 935 4082 capite
974 4022 1161 4066 octavo
1195 4029 1365 4082 usque
1409 4013 1475 4067 ad
1504 4014 1662 4067 linem
1691 4015 1862 4067 colla-

277 4085 450 4138 tionis
472 4083 696 4136 decima:
719 4084 978 4150 septimae.
1014 4083 1055 4136 Ε
1077 4083 1291 4138 diverso
1316 4093 1494 4139 autem
1524 4084 1856 4152 deprehendi

272 4156 328 4210 in
359 4162 565 4208 nostro
586 4169 684 4206 ms.
713 4153 1133 4208 additamentum
1167 4155 1594 4221 quoddamhuic
1622 4155 1743 4209 loco
1776 4157 1856 4210 in-

274 4235 492 4280 sertum
534 4232 654 4291 post
695 4224 778 4277 illa
814 4224 996 4289 verba,
1025 4226 1225 4278 etiamsi
1256 4226 1464 4277 minime
1502 4224 1853 4292 a/fuissemus,

274 4297 584 4366 aﬁrmans;
637 4293 709 4366 ibi
764 4296 906 4348 enim
956 4295 1199 4349 subditur
1246 4313 1258 4346 :
1311 4293 1550 4348 Charitas
1589 4298 1722 4348 servi
1762 4298 1858 4350 Dei

275 4369 435 4420 debet
457 4365 696 4427 laudari;
727 4365 1011 4435 exemplum
1033 4383 1150 4436 vero
1180 4366 1456 4428 mendacii,
1490 4367 1629 4436 quod
1657 4384 1857 4436 semper

272 4447 554 4508 peccatum
579 4447 670 4508 est,
698 4437 982 4508 repudiari.
1017 4435 1157 4489 Nam
1186 4439 1324 4506 quod
1366 4437 1464 4502 ﬁlii
1485 4435 1604 4498 Dei,
1645 4436 1741 4504 [illi
1769 4435 1858 4489 ri-

274 4506 471 4562 delicet
502 4506 751 4567 veritatis,
775 4507 915 4559 nullo
947 4523 1158 4575 prorsus
1197 4508 1350 4560 modo
1388 4509 1589 4559 mentiri
1618 4508 1852 4575 debeant,

271 4580 461 4632 beatus
491 4578 832 4645 Augustinus,
864 4582 1132 4647 cwterique
1173 4576 1357 4632 Patres
1385 4577 1659 4647 multiplici
1689 4595 1857 4632 asser-

270 4653 420 4703 tione
454 4647 725 4718 afﬁrmant.
757 4647 888 4714 Quae
934 4650 1095 4703 verba
1128 4665 1234 4702 non
1263 4663 1385 4703 esse
1430 4649 1694 4712 Cassiani,
1726 4663 1858 4704 con-

271 4730 465 4776 textus
512 4719 641 4771 satis
683 4718 900 4783 indicat,
941 4734 1062 4773 cum
1106 4735 1204 4773 nec
1244 4719 1707 4784 antecedentibus,
1759 4736 1859 4776 nec

1960 2107 2308 2190 Eustochium
2339 2110 2430 2190 (Et
2451 2107 2667 2190 prwfatf
2678 2115 2733 2190 in
2765 2115 2890 2190 Reg.
2920 2107 2980 2190 Si
3010 2115 3327 2190 Pac/tomt'i).
3351 2118 3544 2172 Postea

1957 2193 2086 2231 vero
2123 2181 2338 2248 quidam
2371 2185 2472 2236 viri
2514 2181 2688 2238 sancti
2737 2181 2899 2238 etiam
2943 2187 2998 2239 in
3039 2188 3264 2241 urbibus
3285 2181 3349 2242 'et
3392 2201 3544 2243 extra

1956 2249 2119 2303 urbes
2159 2251 2328 2326 cellas
2360 2254 2560 2326 habere
2597 2267 2877 2324 caeperunt
2911 2274 2922 2308 :
2954 2273 3058 2326 quo
3099 2258 3296 2313 factum
3324 2269 3430 2321 est,
3462 2273 3542 2326 ut,

1955 2323 2400 2375 concurrentibus
2419 2323 2473 2377 in
2499 2341 2662 2378 unum
2683 2323 2957 2389 fratribus,
2972 2323 3026 2380 et
3045 2333 3144 2381 sub
3166 2345 3352 2383 eorum
3375 2323 3541 2385 disci;

1956 2390 2101 2465 plina
2128 2393 2451 2465 aggregatis,
2486 2395 2717 2449 humiles
2743 2407 2797 2450 et
2828 2399 3264 2465 contemptibiles
3303 2402 3456 2454 cellte
3487 2404 3540 2455 in

1955 2461 2136 2540 ampla
2157 2474 2212 2540 et
2233 2464 2517 2530 splendida
2541 2468 2872 2540 monasteria
2893 2461 3089 2537 passim
3119 2482 3536 2540 consurgerent:

1955 2534 2110 2609 un_de_
2131 2533 2426 2609 etiamnum
2462 2536 2626 2589 multa
2663 2533 2912 2591 caanobii
2952 2550 3161 2594 retento
3190 2533 3413 2609 antiquo
3442 2556 3540 2595 vo-

1956 2601 2152 2674 cabulo
2193 2603 2342 2658 cellae
2389 2617 2786 2674 nuncupantur,
2835 2620 2892 2661 ut
2941 2612 3149 2664 notavit
3189 2601 3436 2666 Mole-nus
3486 2613 3542 2667 in

1955 2671 2338 2745 hlartyrologio
2364 2673 2466 2745 (Ad
2489 2678 2521 2730 6
2548 2671 2594 2730 et
2621 2679 2690 2731 27
2717 2671 2992 2741 Novemb.,
3015 2689 3061 2733 et
3091 2682 3143 2734 in
3165 2683 3404 2736 Annalib.
3431 2683 3538 2737 SS.

1954 2739 2147 2821 litigii,
2172 2745 2203 2798 9
2230 2739 2436 2821 Octob.,
2469 2756 2516 2799 et
2554 2748 2725 2821 alibi).
2761 2749 2822 2802 Ι).
2859 2739 3019 2821 etiam
3055 2752 3375 2818 Benedictus
3407 2768 3541 2821 quo-

1954 2811 2076 2890 dam
2111 2815 2416 2890 loco-cella:
2443 2819 2658 2890 nomine
2685 2811 3072 2876 dormitorium
3102 2811 3379 2890 intelligit,
3413 2811 3540 2878 dum

1953 2884 2029 2963 ait
2057 2900 2068 2933 :
2101 2884 2326 2963 gandcla
2340 2888 2534 2956 jugiter
2553 2890 2731 2963 ardeat
2759 2890 2816 2963 in,
2834 2891 3010 2944 eadem
3037 2893 3168 2946 cella
3189 2884 3350 2963 usque
3364 2884 3542 2949 mane.

1953 2952 2200 3034 Cap._22.
2228 2956 2280 3008 In
2302 2952 2702 3034 jurecauonico
2722 2961 2874 3034 cella:
2893 2952 3279 3018 monachorum
3301 2963 3544 3033 duplices

1953 3028 2349 3102 exprimuntur.
2374 3028 2508 3081 Alia:
2535 3030 2678 3102 enim
2702 3043 2826 3084 sunt
2856 3033 2995 3085 intra
3024 3044 3174 3102 septa
3201 3028 3538 3099 monasterii,

1954 3095 2049 3147 sed
2089 3106 2560 3176 estra‘commune
2589 3099 2985 3176 dormitorium,
3014 3095 3150 3176 quas
3182 3115 3325 3160 vetat
3367 3095 3540 3160 canon

1955 3166 2174 3244 concilii
2238 3166 2560 3244 Agathensis
2621 3173 2846 3244 singulis
2904 3166 3184 3228 monachis
3237 3177 3542 3244 promiscue

1954 3237 2199 3314 concedi,
2230 3241 2425 3314 nedutn
2449 3242 2514 3294 ab
2539 3242 2668 3308 ipsis
2691 3237 2903 3314 propria
2929 3237 3253 3300 auctoritate
3273 3250 3539 3313 construi,

1954 3307 2280 3384 sedtantum
2323 3307 3005 3384 inlirtnisiautsenioribus
3053 3317 3294 3370 emeritis
3320 3329 3375 3371 et
3415 3307 3540 3384 pro;

1961 3376 2120 3431 batis.
2152 3378 2286 3433 Alia:
2327 3392 2451 3433 sum
2481 3382 2630 3434 cella:
2673 3385 3019 3438 eremitarum
3049 3398 3142 3440 aut
3181 3376 3540 3441 anachoreta-

1961 3463 2101 3514 rum,
2126 3461 2274 3522 citra
2304 3451 2462 3504 urbes
2491 3453 2540 3505 in
2574 3454 2962 3522 locisjdesertis
2983 3467 3074 3510 aut
3093 3457 3315 3512 remotis
3337 3461 3541 3512 consli-

1968 3526 2119 3595 tunc,
2153 3519 2218 3573 de
2236 3522 2441 3595 quibus
2465 3519 3054 3595 loquitur-:Bmtifacius
3099 3537 3326 3582 octavus
3364 3531 3543 3595 ponti-

1960 3588 2049 3668 fex
2074 3605 2194 3668 cap.
2227 3588 2580 3668 Privilegium,
2600 3595 2662 3646 de
2692 3593 2847 3668 Kerb.
2873 3598 3075 3668 signif.,
3109 3599 3160 3652 in
3189 3607 3343 3652 sexto
3361 3588 3553 3668 (Apud-

1961 3659 2198 3735 Qratian.
2229 3663 2315 3735 148,
2348 3679 2398 3730 q.
2423 3659 2497 3726 '2,
2546 3679 2663 3733 cap.
2709 3659 2950 3735 Nullus),
2983 3659 3071 3721 ubi
3105 3683 3200 3733 per
3227 3659 3395 3722 cellas
3433 3659 3537 3723 'de-

1959 3731 2133 3806 clarat
2163 3747 2220 3786 se
2245 3733 2543 3802 intelligere
2567 3731 2681 3788 loca
2724 3731 3011 3790 secreta'et
3039 3731 3277 3792 solitaria
3318 3754 3436 3806 quae
3469 3739 3538 3793 ab

1958 3799 2529 3876 hominuttt_separata
2573 3806 2843 3876 convictu,
2879 3818 3007 3860 sunt
3041 3808 3107 3862 ad
3157 3799 3536 3876 contemplan-

1961 3873 2085 3946 dum
2140 3874 2356 3946 et_Deo
2401 3875 2698 3929 vacandum
2754 3878 3063 3943 specialiter
3127 3873 3401 3946 deputata.
3453 3879 3535 3932 Ad

1960 3943 2225 4010 ejusmodi
2252 3946 2416 3998 cellas
2451 3960 2609 4014 posse
2640 3946 2924 4013 religiosos
2963 3951 3127 4004 etiam
3159 3943 3536 4003 mendicantes

1959 4014 2027 4068 de
2058 4015 2272 4078 licentia
2311 4017 2653 4084 prtelatorutn
2694 4030 2914 4071 suorum
2957 4022 3188 4074 transire
3229 4020 3539 4075 decernitur

1959 4100 2077 4154 cap.
2130 4086 2289 4139 unico
2339 4087 2406 4140 de
2459 4087 2682 4140 Excess.
2734 4089 3030 4156 prtelator.,
3081 4093 3132 4144 in
3181 4101 3352 4144 sexto.
3404 4091 3539 4145 Illud

1960 4164 2216 4223 praeterea
2243 4156 2311 4211 de
2341 4157 2492 4210 cellis
2524 4169 2576 4211 et
2603 4159 2812 4213 cellulis
2838 4162 3224 4214 monachorum
3268 4164 3538 4216 succurrit

1959 4227 2353 4290 annotandum,
2392 4227 2633 4297 singulas
2674 4230 2900 4298 singulis
2940 4234 3218 4286 monachis
3263 4248 3326 4287 ex
3358 4248 3456 4286 usu
3484 4241 3540 4287 et

1960 4298 2208 4370 instituto
2266 4309 2511 4353 veterum
2556 4299 2774 4353 Patrum
2820 4303 3083 4370 assignari
3122 4303 3299 4356 solere
3340 4319 3402 4358 ac
3446 4305 3542 4357 de—

1958 4367 2109 4423 bere.
2139 4369 2268 4422 Nam
2299 4372 2398 4422 etsi
2447 4372 2749 4436 reperimus
2792 4367 2995 4440 priscos
3038 4373 3336 4427 monachos
3381 4375 3536 4428 habi-

1962 4447 2103 4510 tasse
2144 4441 2465 4507 quandoque
2499 4441 2679 4506 plures
2722 4442 2771 4493 in
2817 4459 2918 4495 una
2949 4444 3140 4498 cellula
3186 4444 3264 4510 (id
3297 4446 3436 4497 enim
3469 4446 3536 4498 de

1960 4508 2410 4564 Tahenneusiotis
2455 4511 2986 4582 relertPalladius),
3041 4508 3219 4569 tamen
3264 4523 3322 4568 ut
3370 4515 3541 4567 multo

1960 4582 2124 4654 tutius
2148 4589 2202 4635 et
2230 4581 2564 4654 commodius
2605 4581 2850 4654 singulos
2896 4581 3186 4652 separatim
3219 4585 3435 4654 degere,
3466 4585 3537 4638 ita

1957 4663 2012 4704 et
2045 4652 2373 4720 frequentius
2400 4653 2734 4722 etusitatius
2771 4653 2940 4708 fuisse
2969 4655 3250 4720 discimus,
3294 4652 3532 4722 primum

1961 4737 2026 4774 ex
2058 4722 2305 4786 Philone,
2330 4724 2417 4788 qui
2447 4721 2514 4775 de
2543 4722 2872 4791 therapeutis
2895 4725 3276 4780 Alexandrinis
3305 4721 3374 4778 ita
3400 4727 3536 4778 scri-

268 4789 746 4866 consequentibus
782 4791 1123 4866 cpltaerezutt;
1157 4806 1256 4844 nec
1287 4791 1336 4842 in
1365 4790 1506 4866 aliis
1536 4791 1854 4866 exemplari.
1882 4793 1933 4854 D
1960 4791 2039 4845 bit
2069 4792 2207 4866 (Lib.
2239 4794 2310 4845 de
2337 4792 2454 4866 Vita
2481 4789 2728 4866 contem.)
2763 4813 2774 4846 :
2801 4795 3012 4866 Singuli
3047 4807 3217 4850 autem
3239 4795 3425 4848 habent
3454 4813 3538 4847 sa-

270 4867 377 4916 bus
413 4859 774 4926 reperiantur.
807 4859 986 4932 Itaque
1015 4861 1266 4914 videntur
1297 4861 1526 4928 primum
1552 4863 1618 4915 ab
1649 4863 1849 4932 aliquo,

266 4933 368 5003 qui
404 4932 809 5003 huncerrorem
833 4929 898 4984 de
925 4932 1207 4985 mendacio
1231 4943 1419 4985 notare
1439 4933 1686 5003 voluerit,
1714 4929 1859 4987 mar-

171 5036 199 5062 .
268 5001 399 5074 gini
418 5001 675 5074 ascripta,
705 5011 890 5068 postea
914 5016 1042 5074 vero
1066 5003 1346 5072 scriptoris
1368 5002 1596 5074 alicujus
1621 5005 1850 5072 inscitia,

271 5073 361 5126 vel
390 5073 622 5135 incuria,
653 5073 702 5123 in
739 5081 938 5125 textum
985 5073 1158 5140 ipsum
1202 5073 1504 5141 irrepsisse.
1539 5073 1643 5129 Sed
1671 5075 1738 5130 de
1769 5074 1854 5131 his

267 5147 447 5216 plura
461 5143 551 5216 ad
560 5142 904 5216 collationem
934 5142 1196 5216 decimam
1223 5147 1528 5212 septimam.

347 5215 375 5252 ει
415 5213 607 5267 Simile
653 5215 956 5282 exemplum
1003 5215 1214 5268 abbatis
1260 5216 1546 5283 cujusdam
1593 5216 1850 5271 Dorothei

271 5294 470 5338 narrat
491 5284 759 5336 Palladius
809 5284 942 5337 Hist.
976 5284 1249 5350 Lausiac.,
1275 5302 1396 5353 cap.
1419 5287 1471 5340 2.
1503 5289 1550 5340 ls
1580 5287 1741 5351 enim,
1769 5289 1851 5342 in-

267 5358 418 5426 quit,
456 5363 568 5426 toto
597 5357 703 5420 die,
737 5365 899 5420 atque
929 5357 1061 5409 adeo
1099 5357 1151 5409 in
1183 5358 1298 5422 ipso
1325 5365 1462 5410 testu
1501 5358 1767 5426 meridiei,
1795 5359 1848 5412 in

267 5425 748 5495 Solitudinejuxta
787 5440 933 5479 mare
974 5427 1259 5496 colligebat
1304 5427 1527 5497 lapides,
1561 5437 1618 5482 et
1661 5444 1726 5482 ex
1771 5430 1850 5483 eis

270 5511 495 5566 semper
516 5497 795 5552 :editicans
840 5506 895 5550 et
922 5497 1090 5550 cellas
1141 5498 1364 5561 faciens,
1397 5513 1488 5553 eas
1523 5499 1754 5553 cedebat
1786 5500 1851 5554 iis

271 5570 368 5641 qui
416 5585 515 5625 non
549 5576 812 5641 pcterant
849 5569 1136 5641 aediﬁcare,
1184 5571 1408 5641 singulis
1453 5572 1607 5624 annis
1654 5571 1847 5624 cellam

271 5640 486 5697 iaciens.
516 5639 682 5703 Aliud
716 5639 846 5692 item
883 5639 1060 5694 simile
1083 5641 1150 5695 de
1188 5640 1475 5694 Ammonio
1509 5641 1672 5696 refert
1703 5643 1852 5696 Ruti-

272 5726 436 5783 nastn
472 5713 605 5769 Vitis
647 5711 773 5768 Pat.
818 5709 856 5783 ζ,
903 5725 939 5764 ιι
981 5725 1100 5783 cap.
1128 5711 1229 5778 25,
1273 5723 1327 5766 et
1366 5712 1570 5767 Pallad.
1603 5727 1721 5783 cap.
1756 5714 1846 5768 70.

260 5781 422 5850 Porro
441 5788 724 5862 frequens
752 5780 908 5852 cellae
929 5790 984 5840 et
1008 5781 1218 5847 cellulae
1250 5783 1454 5842 mentio
1483 5784 1536 5844 in
1571 5780 1850 5859 hisllibris

1958 4877 2072 4914 cras
2103 4865 2367 4936 wdiculas,
2400 4864 2486 4936 ubi
2509 4864 2732 4918 solitarii
2757 4864 2948 4920 sanctis
2978 4869 3093 4921 vita:
3119 4867 3371 4936 mysteriis
3411 4867 3537 4920 dant

1959 4950 2186 5006 operam.
2240 4933 2318 4988 Ne
2359 4935 2479 5003 quis
2529 4950 2659 4989 vero
2696 4938 3082 5006 interpretetur
3122 4933 3320 4991 sacella
3359 4939 3536 5004 potius

1958 5005 2126 5059 fuisse
2163 5021 2323 5074 quam
2372 5006 2558 5073 cellas,
2603 5005 2856 5074 prohibet
2904 5010 3044 5063 idem
3093 5008 3243 5061 Philo
3291 5006 3535 5061 scribens

1957 5074 2172 5152 (Euseb.
2196 5075 2284 5152 lib.
2311 5092 2347 5129 ιι
2381 5076 2582 5152 Eccles.
2611 5076 2850 5152 Hist.,_c.
2881 5081 2992 5148 10),
3020 5090 3212 5146 pravler
3235 5079 3328 5130 has
3353 5077 3535 5143 singu-
3625 5101 3634 5152 ξ

1957 5146 2132 5199 lorum
2159 5150 2324 5202 cellas
2352 5148 2625 5200 exstitisse
2653 5150 2793 5216 apud
2829 5166 2923 5204 eos
2954 5146 3248 5204 commune
3276 5163 3529 5216 σεμνεῖον,

1957 5232 2063 5283 quo
2089 5219 2241 5272 statis
2271 5219 2460 5272 diebus
2490 5218 2743 5288 horisque
2772 5221 2836 5272 ad
2862 5220 3212 5276 celebrandas
3233 5219 3323 5271 Dei
3349 5219 3534 5272 laudes
3619 5224 3627 5248 ί

1958 5288 2316 5358 liturgiasqne
2361 5291 2734 5343 convenirent.
2777 5289 2833 5343 2°
2878 5291 2954 5344 Ex
3005 5291 3204 5358 Regula
3254 5288 3534 5343 Pachumii

1955 5353 2060 5414 brt.
2093 5360 2154 5414 δι
2191 5378 2202 5411 :
2229 5353 2318 5412 'Ad
2352 5361 2564 5413 alterius
2586 5361 2828 5414 cellulam
2865 5364 3056 5414 intrare
3088 5353 3271 5413 nullus
3301 5359 3532 5425 audeat;
3615 5368 3620 5410 ἰ

1956 5439 2010 5484 et
2039 5442 2140 5486 art.
2172 5432 2278 5485 65$:
2317 5429 2465 5484 Nihil
2488 5432 2542 5483 in
2573 5430 2702 5484 cella
2746 5449 2840 5484 sua
2878 5431 3063 5499 absque
3100 5431 3364 5501 pra’positi
3403 5431 3530 5500 jus-
3617 5443 3623 5466 ‘-

1955 5503 2098 5556 sione
2140 5502 2396 5571 quispiam
2444 5505 2631 5555 condet
2675 5501 2835 5572 (Vide
2873 5503 3028 5555 etiam
3071 5511 3172 5553 art.
3205 5503 3272 5554 45
3317 5511 3362 5554 et
3412 5501 3528 5568 45).

1957 5573 2012 5625 5°
2043 5573 2122 5626 Ex
2155 5576 2215 5626 ί).
2241 5573 2571 5626 llieronvmo
2609 5577 2770 5626 epist.
2799 5572 2869 5624 22
2911 5571 2978 5624 ad
3025 5571 3396 5626 Eustochium.
3444 5573 3528 5626 ubi

1957 5581 2012 5625 5"
2043 5581 2122 5626 Ex
2155 5581 2215 5626 υ.
2241 5581 2571 5642 Hieronymo
2609 5581 2770 5640 epist.
2799 5581 2869 5624 22
2911 5581 2978 5624 ad
3026 5581 3396 5634 Eustocttiutn,
3444 5581 3531 5627 ubi

1956 5642 2024 5698 de
2044 5645 2333 5723 emnobitis
2363 5642 2629 5723 {Egyptiis
2656 5657 2820 5723 agens
2848 5641 3130 5723 :‘Manlent,
3157 5644 3349 5712 inquit,
3381 5660 3531 5723 sepa-

1953 5717 2071 5782 rati,
2105 5717 2194 5768 sed
2226 5716 2416 5778 iunctis
2455 5712 2676 5766 cellulis.
2705 5712 2774 5768 Et
2801 5712 2938 5782 intra
2969 5730 2983 5766 :
3014 5712 3341 5767 Circumeunt
3370 5713 3533 5766 cellu-

1955 5788 2034 5858 las
2062 5787 2406 5864 singulorum.
2431 5784 2503 5844 Et
2523 5783 2686 5857 epist.
2708 5784 2776 5841 27
2805 5781 3000 5858 :Cujtts
3019 5801 3123 5845 non
3141 5785 3353 5844 intravit
3370 5784 3539 5842 cellua.

3600 4963 3612 4995 Ξ
