3986 6320
502 280 610 345 259

996 392 1221 454 CAPUT
1276 390 1563 453 XXXVIII.
1638 364 1649 368 ⁴

547 494 697 551 Idem
746 493 1043 559 Archebius,
1066 507 1310 545 manuum
1357 506 1570 545 suarum
1615 487 1810 556 labore,
1840 492 2019 543 matris

1030 562 1254 616 debitum
1286 561 1537 615 dissolvit.

571 680 759 751 Operae
785 676 1013 748 pretium
1034 674 1163 731 mihi
1188 674 1397 731 videtur
1420 672 1563 729 aliud
1583 686 1796 743 quoque
1820 671 2069 741 ejusdem

500 772 603 828 viri
631 769 911 833 charitatis
946 781 1085 837 opus
1121 766 1396 822 memorias
1441 763 1678 828 tradere,
1711 778 1818 833 quo
1848 773 2063 817 nostra-

500 878 617 920 rum
640 861 866 933 partium
902 856 1152 913 monachi
1188 872 1294 913 non
1326 857 1499 911 solum
1536 855 1885 912 continentiae
1928 854 2072 924 rigo-

501 971 637 1019 rem,
666 968 846 1010 verum
874 951 1035 1007 etiam
1058 949 1481 1006 sincerissimum
1504 949 1743 1003 retinere
1765 946 2071 1003 dilectionis

501 1046 773 1110 allectum,
801 1044 958 1098 unius
984 1041 1335 1111 ejusdemque
1360 1040 1464 1095 viri
1491 1039 1848 1096 instituantur
1876 1053 2063 1095 exem-

500 1138 611 1209 plo.
645 1137 743 1192 ilic
781 1150 1011 1205 namque
1040 1150 1146 1190 non
1175 1134 1398 1206 ignobili
1442 1132 1706 1189 oriundus
1746 1131 1969 1200 familia,
2004 1130 2073 1187 ad

500 1230 888 1287 monasterium
918 1227 1058 1300 quod
1085 1244 1114 1282 a
1140 1227 1401 1298 praedicto
1431 1227 1630 1297 oppido
1652 1226 1822 1283 ferme
1842 1234 2073 1295 quatuor

500 1323 739 1381 millibus
765 1323 950 1388 distat,
985 1321 1170 1377 mundi
1198 1320 1360 1391 hujus
1388 1335 1453 1375 ac
1476 1328 1756 1391 parentum
1785 1319 2076 1374 affectione

500 1423 835 1483 contempta,
865 1428 896 1467 a
928 1411 1226 1482 puerilibus
1253 1410 1410 1465 annis
1440 1409 1663 1481 aufugit.
1695 1408 1800 1466 Ubi
1836 1410 1911 1464 ita
1951 1408 2075 1464 vitat

501 1519 611 1560 sua:
639 1519 855 1559 omnem
905 1503 1086 1575 exegit
1126 1512 1363 1569 aetatem,
1410 1511 1470 1558 ut
1511 1518 1800 1571 numquam
1851 1516 2077 1572 prorsus

502 1610 596 1666 per
626 1604 769 1652 totos
804 1596 1193 1666 quinquaginta
1226 1609 1400 1650 annos
1432 1609 1537 1650 non
1571 1595 1746 1650 solum
1775 1594 1978 1662 vicum,
2007 1609 2075 1649 ex

501 1704 610 1760 quo
637 1704 892 1759 egressus
930 1700 1031 1757 est,
1061 1704 1160 1744 nec
1190 1688 1356 1744 fuerit
1380 1690 1690 1759 ingressus,
1719 1705 1820 1746 nec
1852 1688 2069 1759 viderit,

1816 268 2095 338 JOANNIS
2131 270 2439 338 CASSiANi

2088 400 2140 458 Α
2166 399 2349 465 operis
2389 408 2616 466 pensum
2676 390 2897 450 sibimet
2936 386 3203 465 triplicari
3244 391 3519 466 poposcit.
3557 391 3629 448 Et
3671 393 3773 455 ibi'

3637 266 3751 333 260
3785 270 3863 333 1'"

2171 504 2271 559 per
2293 497 2462 543 totum
2490 488 2617 542 anni
2660 487 2889 558 spatium
2920 487 3115 544 diebus
3144 489 3349 559 pariter
3383 490 3752 559 noctibusque

2170 579 2464 646 desudans,
2495 578 2664 634 debiti
2690 578 2909 634 modum
2940 580 3127 648 operis
3164 580 3363 637 sudore
3391 582 3588 651 partim
3629 579 3754 654 [pa-

2170 671 2370 744 ratum]
2401 672 2764 728 creditoribus
2793 672 3035 741 solvens,
3067 683 3295 731 matrem
3337 675 3488 729 omni
3532 674 3756 745 inquie-
3788 678 3791 681 ’

2171 768 2379 823 tudinis
2400 767 2595 838 injuria
2634 766 2915 832 liberavit;
2949 766 3023 821 ita
3051 782 3250 823 eruens
3279 782 3400 823 eam
3430 766 3600 823 debiti
3628 781 3755 821 sar-

2173 861 2318 926 cina,
2351 868 2411 915 ut
2438 859 2577 914 nihil
2625 858 2693 914 de
2724 857 2986 931 propositi
3025 860 3207 929 rigore
3249 859 3355 927 pia:
3394 858 3751 917 necessitatis

2173 954 2397 1027 obtentu
2424 961 2697 1021 pateretur
2716 951 2982 1009 imminui.
3009 951 3085 1007 Ita
3112 950 3511 1007 districtionem
3532 951 3752 1007 solitam

2177 1046 2505 1113 custodivit,
2561 1055 2620 1099 ut
2671 1059 3011 1117 nequaquam
3057 1044 3273 1115 pietatis
3314 1060 3449 1115 opus
3494 1044 3756 1101 maternis

2176 1139 2473 1195 visceribus
2516 1136 2828 1208 denegaret,
2879 1153 3043 1209 quam
3090 1152 3186 1207 pro
3232 1136 3438 1193 Christi
3477 1137 3758 1195 charitate

2177 1231 2327 1302 prius
2364 1228 2721 1300 despexerat,
2774 1243 2876 1299 pro
2932 1229 3054 1298 ejus
3092 1242 3278 1286 rursus
3316 1228 3517 1299 pietate
3552 1242 3761 1299 cogno-

2179 1337 2363 1381 $0605.

2707 1434 2936 1493 CAPUT
2974 1433 3217 1491 XXXIX.

2182 1572 2299 1640 Qua
2347 1572 2670 1655 simulatione
2710 1574 2845 1655 senis
2900 1573 3175 1643 cujusdam
3197 1612 3213 1637 ,
3264 1571 3439 1655 αριαιε
3480 1571 3715 1655 .Sintconi
3738 1613 3759 1639 .

2286 1660 2400 1697 cum
2429 1652 2621 1711 otiosus
2647 1652 2805 1710 esset,
2836 1658 2968 1715 Opus
2993 1659 3239 1697 manuum
3266 1652 3330 1697 stt
3356 1652 3633 1713 prouisum.

502 1783 599 1839 sed
619 1798 720 1839 nec
740 1783 1058 1853 cujusquam
1087 1783 1306 1855 quidem
1334 1782 1573 1853 feminae,
1592 1784 1677 1839 vel
1703 1772 1871 1854 ipsius
1890 1784 2078 1843 matris
2107 1783 2157 1843 B
2249 1776 2382 1833 Cum
2411 1777 2582 1835 frater
2614 1778 2770 1834 DObiS
2796 1778 2999 1849 οριὶωθ
3023 1778 3222 1835 Charus
3252 1779 3472 1836 ιιοωίηο
3499 1779 3754 1847 simcui,

503 1890 615 1931 sua:
645 1877 990 1948 conspexerit
1016 1875 1245 1930 vultum.
1292 1877 1500 1932 interea
1532 1885 1687 1946 pater
1722 1887 1897 1932 morte
1938 1892 2081 1948 prae.

502 1974 719 2034 ventus,
752 1976 779 2005 ι
805 1976 1026 2023 centum
1054 1967 1350 2023 solidorum
1374 1967 1616 2023 debitum
1643 1969 1883 2039 reliquit.
1913 1968 2081 2025 Cum-

502 2076 608 2130 que
637 2060 725 2116 hic
744 2070 889 2117 esset
908 2061 1053 2117 omni
1083 2061 1704 2132 inquietudine'penitus
1734 2061 1965 2132 alienus,
1993 2069 2082 2117 ut-

505 2164 633 2229 pote
656 2153 747 2224 qui
777 2154 1044 2210 universis
1073 2154 1314 2225 paternis
1348 2154 1691 2210 facultatibus
1716 2166 1862 2211 esset
1885 2164 2073 2211 extor-

504 2246 620 2313 ris,
668 2261 701 2301 ι
749 2245 1110 2302 creditoribus
1167 2255 1347 2301 tamen
1398 2246 1682 2316 inquietari
1720 2246 2073 2302 vehementer

504 2336 770 2406 comperit
799 2347 1044 2393 matrem.
1071 2336 1221 2391 Tunc
1249 2336 1336 2391 hic
1358 2336 1424 2390 ab
1446 2337 1757 2407 evangelico
1783 2339 1876 2395 illo
1899 2339 2080 2409 rigore

504 2447 613 2502 quo
643 2431 878 2487 antehac
908 2432 963 2486 in
991 2439 1135 2486 statu
1171 2446 1435 2501 prospero
1463 2432 1774 2501 parentibus
1815 2434 2081 2488 constituo

478 2512 481 2519 ’
505 2523 595 2591 tis,
627 2539 725 2581 nec
758 2534 965 2593 patrem
994 2522 1048 2579 in
1077 2533 1219 2578 terra
1242 2537 1303 2578 se
1332 2532 1486 2578 notat
1511 2524 1789 2589 habuisse,
1821 2539 1923 2580 nec
1962 2540 2078 2580 ma-

504 2626 674 2681 trem,
702 2618 920 2687 pietatis
973 2616 1407 2672 consideratione
1464 2617 1726 2685 mollitus,
1761 2618 1833 2673 ita
1877 2620 2077 2674 seba-

503 2708 634 2764 bere
679 2709 1177 2777 crediditmatrem,
1208 2708 1236 2746 b
1267 2710 1426 2780 eique
1465 2708 1753 2766 subvenire
1801 2709 2080 2767 festinavit

503 2814 800 2870 oppressas,
832 2808 892 2855 ut
936 2801 1073 2857 nihil
1100 2816 1131 2855 a
1156 2802 1435 2871 proposita
1463 2801 1805 2859 districtione
1849 2804 2075 2859 laxaret.

502 2889 647 2948 Intra
680 2892 997 2947 monasterii
1026 2906 1261 2961 namque
1286 2891 1526 2947 claustra
1566 2892 1896 2963 perdurans,
1929 2895 2078 2950 soliti

2184 1871 2400 1940 penitus
2425 1870 2600 1927 Graeci
2638 1872 2906 1926 sermonis
2948 1870 3191 1939 ignarus,
3223 1887 3255 1925 e
3294 1872 3537 1940 partibus
3577 1871 3755 1928 Italiae

2185 1954 2573 2029 commeasset,
2623 1961 2838 2034 quidam
2894 1962 3170 2017 seniorum
3212 1978 3337 2034 erga
3384 1979 3528 2028 eum,
3571 1973 3765 2035 utpote

2187 2056 2552 2127 peregrinum,
2585 2054 2865 2111 charitatis
2892 2070 3026 2127 opus
3059 2066 3081 2095 ο
3109 2056 3343 2125 quodam
3374 2056 3766 2117 redhibitionis

2188 2150 2369 2206 colore
2398 2151 2620 2218 cupiens
2650 2149 2934 2217 exhibere,
2969 2150 3194 2219 inquirit
3218 2150 3288 2205 ab
3321 2165 3388 2206 eo
3428 2166 3526 2205 cur
3552 2151 3767 2206 otiosus

2190 2240 2405 2297 sederet
2441 2243 2495 2295 in
2526 2241 2686 2307 cella,
2718 2256 2813 2311 per
2853 2240 2959 2296 hoc
3002 2241 3301 2310 conjiciens
3344 2258 3467 2298 eum
3510 2252 3616 2298 tam
3664 2242 3768 2305 otii

2184 2334 2597 2407 pervagatione,
2630 2349 2791 2407 quam
2840 2335 3066 2404 penuria
3114 2336 3544 2391 necessariarum
3574 2351 3767 2393 rerum

2182 2424 2388 2481 diutius
2433 2424 2488 2483 in
2532 2441 2597 2482 ea
2639 2426 2839 2482 durare
2891 2442 2998 2481 non
3049 2441 3230 2497 posse,
3278 2438 3459 2484 certus
3491 2429 3769 2485 neminem

2184 2534 2344 2591 posse
2368 2519 2801 2591 impugnationes
2827 2521 3141 2577 solitudinis
3181 2521 3417 2578 tolerare
3440 2565 3455 2589 ,
3485 2523 3591 2578 nisi
3628 2537 3759 2579 eum

2183 2614 2274 2687 qui
2304 2612 2533 2682 propriis
2565 2612 2809 2668 manibus
2848 2614 3045 2669 victum
3086 2613 3310 2669 sibimet
3354 2612 3520 2670 fuerit
3567 2629 3768 2682 parare

2185 2715 2491 2762 contentus.
2520 2706 2639 2773 Quo
2668 2706 3053 2774 respondente,
3082 2705 3217 2761 nihil
3238 2721 3299 2761 se
3325 2721 3425 2761 nec
3452 2721 3631 2776 posse,
3658 2721 3767 2762 nec
3794 2698 3801 2703 “

2188 2801 2483 2870 praevalere
2511 2817 2577 2857 ex
2606 2800 2693 2856 his
2719 2816 2843 2871 quae
2869 2800 2981 2858 illic
3011 2802 3408 2858 exercebantur
3436 2818 3466 2858 a
3497 2802 3765 2860 fratribus

2186 2895 2418 2966 operari,
2452 2892 2481 2933 ά
2512 2904 2711 2966 ριέειθι·
2736 2882 3013 2952 librariam
3040 2912 3281 2965 manum,
3321 2896 3368 2953 si
3397 2905 3577 2955 tamen
3616 2898 3768 2955 ullus

826 3078 829 3081 Α
1573 3008 1830 3065 ALARDI
1867 3008 2098 3066 GAZIEI
2133 3008 2699 3066 COMMENTARIUS.
3595 3033 3603 3039 -
3740 3077 3745 3082 ‘

503 3103 723 3159 lamH°
753 3103 835 3158 Ex
860 3103 1142 3171 Cassiano,
1178 3102 1272 3171 qui
1302 3116 1406 3157 non
1442 3101 1616 3157 solum
1666 3104 1718 3156 in
1764 3102 1867 3157 hoc
1899 3101 2077 3170 capite
2102 3103 2150 3168 C
2180 3119 2284 3171 qua
2313 3104 2380 3157 de
2420 3118 2483 3171 re
2505 3101 2771 3157 videndus
2825 3101 2889 3157 Ι).
2938 3102 3201 3170 Thomas,
3242 3113 3298 3160 et
3343 3102 3613 3161 Navarrus
3669 3103 3766 3171 (S.

501 3174 764 3245 signiﬁcat
792 3175 1059 3245 Archeblo
1088 3175 1355 3245 propriam
1385 3173 1552 3245 fuisse
1581 3172 1829 3227 cellulam
1854 3215 1869 3239 ,

501 3244 679 3300 tamen
714 3250 952 3300 externis
981 3244 1390 3298 advenientibus
1419 3244 1648 3299 libenter
1688 3244 1949 3309 cedebat;
1983 3244 2081 3299 sed

500 3326 553 3371 et
579 3317 828 3385 superius
849 3315 917 3370 de
943 3316 1133 3369 abbate
1152 3314 1440 3369 Theodoro
1462 3314 1728 3385 loquens:
1759 3311 1888 3367 Cum
1911 3315 2082 3383 inopi-

499 3382 674 3458 natus,
699 3387 893 3458 inquit,
914 3389 981 3458 ad
997 3401 1161 3458 meam
1178 3385 1422 3458 cellulam
1446 3387 1658 3458 uenisset
1681 3382 1813 3458 (cap.
1828 3386 1927 3458 §5)
1942 3434 1951 3445 ,
1968 3382 2076 3441 etc.

499 3457 568 3511 Et
603 3459 723 3511 aliis
763 3454 1007 3525 pluribus
1052 3455 1181 3511 locis
1225 3456 1366 3510 idem
1416 3454 1704 3524 signiﬁcat;
1744 3454 1800 3510 5°
1826 3456 1907 3510 Ex
1955 3457 2080 3511 divo

499 3527 814 3591 Benedicto,
846 3529 976 3581 dum
1007 3534 1157 3580 vetat
1193 3541 1256 3580 ne
1297 3526 1456 3597 frater
1494 3527 1561 3578 ad
1591 3531 1804 3597 fratrem
1831 3530 1923 3594 ian
1963 3539 2082 3583 alur

500 3599 640 3651 horis
664 3598 1116 3651 incomnetentibus
1146 3597 1284 3651 (can.
1312 3599 1384 3651 48
1421 3596 1678 3651 Πισαίας).
1705 3596 1764 3651 6°
1799 3597 1877 3651 Ex
1916 3545 2079 3651 Jqusti-

500 3599 640 3653 horis
664 3598 1116 3664 incompetentibus
1146 3596 1384 3667 (βαρ.όὸ
1421 3596 1678 3667 Regulae).
1705 3596 1764 3651 6°
1799 3597 1877 3651 Ex
1916 3596 2079 3652 Justi-

498 3669 646 3724 niani
673 3668 883 3724 novella
908 3667 1095 3738 quinta
1128 3671 1195 3720 de
1223 3668 1523 3727 monachis,
1570 3683 1693 3736 qua:
1725 3669 1804 3722 sic
1853 3669 2016 3723 habet
2057 3686 2075 3723 :

497 3739 566 3794 Et
590 3739 856 3794 monachis
885 3739 1076 3793 scilicet
1099 3753 1204 3791 una
1229 3738 1435 3806 quidem
1458 3740 1526 3791 sit
1549 3740 1755 3801 domus,
1782 3755 1887 3793 una
1908 3756 2077 3793 cama-

499 3812 591 3878 tio,
620 3813 820 3864 diversa
867 3818 1032 3863 tamen
1066 3808 1302 3863 cubicula
1341 3808 1559 3880 (cuique
1598 3808 1852 3880 videlicet
1892 3811 2075 3879 suum)

497 3890 544 3935 et
572 3898 668 3935 sua
693 3881 872 3948 cuique
900 3882 1112 3933 exedra.
1141 3881 1197 3933 7'
1231 3881 1308 3933 Ex
1350 3879 1583 3935 coincilio
1630 3879 1935 3934 Turonensi
1984 3896 2074 3934 se—

498 3952 695 4016 cundo,
730 3951 875 4020 quod
902 3950 1046 4020 idem
1088 3950 1331 4004 decrevit
1373 3950 1460 4004 his
1496 3950 1675 4003 verbis
1701 3965 1717 3998 :
1763 3949 1875 4020 Nec
1917 3951 2075 4004 cellas

497 4023 567 4076 eis
594 4018 920 4094 (monachis)
948 4021 1097 4094 liceat
1130 4020 1314 4094 habere
1353 4036 1667 4085 communes,
1692 4020 1778 4073 ubi
1818 4018 1923 4074 bini
1963 4037 2074 4074 ma-

495 4090 676 4158 neunt,
700 4092 788 4144 sed
816 4090 1103 4162 singulares
1124 4093 1357 4162 jaceant.

569 4172 596 4200 λ
617 4162 858 4225 Solidus,
883 4159 974 4230 qui
1004 4172 1058 4215 et
1079 4159 1271 4226 st'ater,
1294 4161 1432 4230 apud
1458 4172 1668 4216 veteres
1695 4171 1805 4213 tum
1828 4159 2068 4226 Graecos,

497 4242 608 4288 tum
637 4232 879 4296 Latinos,
909 4245 1162 4286 nummus
1193 4239 1309 4285 erat
1332 4246 1560 4295 aureus;
1590 4232 1665 4285 ita
1695 4232 1899 4296 dictus,
1924 4232 2069 4301 quod

487 4304 639 4372 justo
678 4302 916 4373 pondere
958 4311 1078 4356 erat
1117 4316 1428 4371 percussus,
1476 4317 1581 4355 non
1621 4302 1927 4362 dimidiato,
1978 4312 2071 4357 aut

500 4372 776 4435 trientali,
828 4373 1281 4441 quemadmodum
1327 4373 1621 4441 semisses,
1686 4382 1741 4426 et
1793 4372 2070 4428 tremisses

496 4442 708 4512 (Cwlius
747 4442 974 4512 Rhedig.
1009 4444 1048 4495 l.
1078 4458 1114 4496 ι
1152 4442 1325 4512 Antiq.
1355 4445 1471 4498 lect.
1498 4460 1615 4509 cap.
1643 4443 1711 4509 2;
1742 4443 1965 4498 Budazus
2007 4445 2072 4499 de

1917 3188 2077 3244 quam

492 4487 991 4577 Ὰέἷέἆὶιῖῐῖοἳῗῖς
1009 4487 1117 4567 iis".
1147 4487 2070 4583 ὲῖἶὶὲάᾶἶῗσῖἶιίξεέιέἷῖἶῗὲιὲῖ
2096 4487 2148 4549 D

496 4583 718 4655 chielis).
752 4584 889 4638 Hinc
912 4582 1149 4639 Isidorus
1180 4602 1194 4638 :
1238 4582 1471 4651 Solidus,
1507 4585 1698 4653 inquit,
1745 4585 1884 4652 apud
1925 4585 2073 4640 Lati-

2235 3175 2375 3227 hom.
2402 3170 2518 3238 2-2,
2546 3190 2599 3242 q.
2633 3172 2757 3238 lOl,
2783 3190 2836 3227 a.
2864 3173 2931 3240 ις
2966 3172 3165 3229 Naaar.
3198 3184 3468 3231 comment.
3498 3176 3535 3230 3
3560 3175 3624 3229 de
3660 3170 3770 3233 Rc-

2183 3242 2402 3317 gular.).
2435 3243 2504 3317 Et
2532 3244 2745 3317 quidem
2776 3244 2832 3298 in
2858 3246 2961 3300 hoc
2987 3246 3236 3313 exemplo
3266 3244 3385 3317 duo
3414 3256 3539 3317 sunt
3565 3246 3769 3302 obser-

2183 3314 2371 3369 venda.
2394 3324 2451 3369 et
2494 3314 2747 3368 imitanda
2796 3332 2809 3368 :
2849 3318 3105 3386 primum;
3134 3315 3277 3386 quod
3315 3316 3608 3373 monachus
3647 3317 3765 3385 ille,

2181 3400 2278 3440 seu
2308 3386 2495 3457 abbas,
2542 3395 2599 3439 ut
2638 3386 2797 3439 matri
2841 3382 3059 3442 afﬂictae
3090 3382 3483 3454 succurreret,
3520 3382 3769 3457 propriis

2182 3456 2432 3511 manibus
2459 3456 2512 3509 in
2545 3457 2874 3527 monasterio
2897 3459 2970 3512 ita
3001 3472 3097 3526 per
3119 3459 3244 3518 anni
3276 3456 3766 3527 spatium’labora-

2180 3528 2281 3600 vit.
2304 3538 2362 3582 ut
2387 3536 2555 3600 totum
2579 3526 2711 3582 illud
2735 3528 2978 3600 debitum
3007 3526 3595 3593 exsolveret;alterum
3618 3530 3771 3600 quod

2179 3597 2234 3652 id
2264 3598 2451 3653 fecerit
2480 3599 2686 3662 absque
2715 3598 3001 3665 dispendio
3040 3615 3152 3655 suae
3178 3600 3554 3668 professionis,
3587 3597 3769 3658 etde—

2180 3669 2439 3724 trimento
2464 3669 2637 3722 solitae
2667 3671 3021 3735 austeritatis,
3052 3671 3160 3733 vel,
3193 3679 3251 3724 ut
3278 3670 3513 3739 loquitur
3549 3670 3771 3729 Cassia-

2178 3754 2301 3803 nus,
2335 3749 2391 3792 ut
2413 3739 2541 3792 nihil
2558 3739 2622 3792 de
2650 3740 2901 3811 propositi
2928 3740 3097 3811 rigore
3130 3740 3229 3810 pia:
3271 3743 3584 3795 necessitatis
3629 3759 3770 3810 prte-

2179 3818 2323 3865 textu
2364 3818 2619 3878 pateretur
2652 3810 2921 3864 imminui.
2971 3810 3236 3869 Caeterum
3277 3812 3365 3866 hic
3409 3813 3533 3867 vide
3577 3812 3768 3867 divum

2178 3879 2438 3935 Basilium
2485 3881 2555 3952 fin
2607 3879 2901 3935 Constitut.
2947 3881 3232 3952 monastic.
3281 3883 3458 3952 capite
3499 3884 3767 3952 vigesimo

2176 3953 2379 4020 primo,
2406 3951 2497 4005 ubi
2529 3951 2691 4005 docet
2725 3951 3000 4019 quomodo
3030 3967 3091 4008 se
3114 3968 3304 4020 gerere
3345 3951 3538 4008 debeat
3566 3951 3764 4009 mona-

2175 4021 2312 4076 chus
2366 4037 2492 4090 erga
2551 4032 2801 4092 parentes
2851 4035 2913 4077 ac
2967 4025 3298 4092 propinquos
3342 4026 3655 4089 saeculares,
3704 4035 3767 4080 et

2175 4107 2363 4146 eorum
2395 4090 2620 4146 nimiam
2650 4090 3090 4160 familiaritatem;
3122 4090 3309 4149 curam
3344 4105 3399 4149 et
3439 4094 3766 4153 sollicitudi-

2174 4177 2301 4218 nem
2330 4163 2625 4232 deponere.
2794 4220 2799 4226 ,

2251 4243 2273 4272 ο
2305 4233 2367 4289 ld
2397 4244 2479 4288 est
2525 4240 2729 4289 mutum
2774 4234 3238 4306 compensationis
3276 4244 3332 4290 et
3361 4235 3759 4303 retributionis,

2173 4303 2300 4358 dum
2345 4306 2441 4360 ille
2467 4320 2688 4375 operam
2732 4303 3021 4361 scribendo
3064 4316 3366 4375 prmstaret,
3408 4316 3464 4362 et
3497 4309 3761 4365 alimenta

2172 4375 2412 4446 vicissim
2445 4379 2769 4446 perciperet.
2817 4376 2971 4444 Quod
3002 4375 3232 4432 inferius
3256 4378 3389 4434 dicit
3419 4396 3432 4430 :
3478 4376 3631 4436 Velut
3666 4379 3761 4433 de-

2173 4445 2266 4505 biti
2284 4447 2454 4502 colore
2476 4448 2735 4519 mercaris
2756 4446 3043 4519 Dionysius
3087 4448 3271 4519 habet,
3318 4447 3641 4504 redditionis.
3675 4448 3761 4507 De

2174 4518 2561 4573 redhibitionis
2585 4517 2852 4574 vocabulo
2895 4517 3020 4576 vide
3047 4518 3203 4588 plura
3233 4518 3331 4575 lib.
3360 4535 3436 4586 tv,
3459 4532 3581 4589 cap.
3612 4521 3666 4586 4,
3698 4527 3763 4579 ει

2172 4588 2372 4644 Collat.
2394 4589 2460 4644 21
2487 4606 2537 4644 c.
2566 4588 2655 4644 55.

2219 4591 2372 4643 ollat.
2394 4591 2460 4644 21
2487 4606 2537 4644 c.
2566 4591 2655 4645 55.

2243 4656 2269 4696 ἀ
2295 4659 2542 4714 Libraria
2570 4672 2764 4714 manus
2798 4668 2881 4715 est
2910 4674 3102 4716 manus
3139 4659 3446 4721 scribendis
3479 4661 3633 4721 libris
3660 4676 3759 4723 as-

440 4681 469 4711 s
494 4672 610 4724 nos,
656 4655 764 4708 alio
796 4656 998 4707 nomine
1027 4657 1234 4725 sextula
1268 4656 1469 4717 dictus,
1490 4670 1546 4709 eo
1574 4655 1714 4725 quod
1758 4672 1848 4710 sea:
1889 4658 2071 4712 solidis

397 4714 468 4787 "7L"?
494 4714 651 4801 uncia
686 4725 1025 4801 compleatur.
1058 4724 1211 4801 lianc
1239 4736 1408 4801 autem
1434 4714 2068 4801 uulgussolidumtorat,
2169 4740 2467 4801 sueta,iaut
2502 4729 2775 4786 scribendi
2804 4714 3110 4800 perrita,vvel
3153 4714 3279 4801 ipsa
3296 4714 3570 4787 scribendi
3605 4714 3757 4801 peri-

402 4812 421 4843 ά
456 4825 466 4840 π
492 4798 605 4850 ideo
637 4797 760 4866 quia
782 4795 913 4848 nihil
936 4796 1015 4849 illi
1044 4796 1219 4849 deesse
1256 4798 1505 4867 videatur.
1525 4795 1773 4852 Solidum
1808 4798 1944 4850 enim
1974 4816 2070 4851 an-
2169 4803 2261 4854 tia.
2293 4800 2521 4855 Librarii
2555 4795 2819 4855 Romanis
2837 4795 3469 4867 dicebantur,'quilibros
3498 4805 3548 4856 in
3579 4795 3759 4861 lucem

436 4874 471 4940 ἐξ
491 4869 641 4940 liqui,
660 4868 915 4940 integrum
955 4866 1379 4940 dicebantnﬂmc
1425 4867 1743 4940 ille.ﬂl_’orro
1787 4867 1856 4923 de
1885 4870 2069 4924 valore
2168 4871 2406 4926 edendos
2431 4872 2680 4927 mercede
2707 4872 2823 4928 sive
2847 4874 3016 4940 pretio
3037 4866 3453 4927 describebant:
3482 4873 3539 4929 bi
3563 4873 3759 4933 Romae

492 4936 891 5019 solidija‘riant
916 4944 1188 4992 auctores.
1212 4937 1437 5019 Quidam
1468 4938 1697 5019 solidum
1725 4949 1780 4993 et
1805 4948 2065 5007 [Statcrem
2169 4941 2222 5019 in
2252 4941 2514 5019 Argilleto
2557 4936 2974 5019 euastabernas
2996 4944 3312 5019 habebant,
3341 4958 3462 5013 quae
3501 4954 3551 4999 et
3586 4944 3760 5001 libra-

416 5008 461 5073 ‘f’
489 5008 626 5061 siclo
658 5006 921 5063 Hebraico
944 5017 1251 5076 exaequant,
1283 5008 1375 5077 qui
1404 5018 1635 5076 quatuor
1658 5006 1907 5077 dragmas
1932 5024 2066 5077 pen-

490 5079 673 5149 debat,
700 5078 942 5149 testeAD.
988 5077 1342 5148 Hieronymo,
1376 5093 1513 5147 quas
1564 5080 1785 5149 HiSpani
1829 5081 2061 5148 regales,

488 5148 601 5201 Itali
631 5149 823 5215 Julios,
858 5147 961 5201 hoc
991 5156 1095 5212 est,
1126 5147 1362 5218 quinque
1380 5163 1532 5203 asses
1559 5147 1822 5217 Gallicos,
1846 5147 2059 5204 vocant.

486 5218 593 5271 Alii
620 5233 753 5273 vero
774 5218 1007 5271 solidum
1036 5220 1215 5289 quinis
1242 5219 1485 5285 ﬂorenis,
1512 5235 1606 5274 seu
1627 5219 1870 5275 Caroleis
1896 5218 2065 5274 Fran-

489 5291 569 5341 cis
600 5290 785 5343 valere
812 5298 1035 5342 censent
1062 5306 1077 5342 :
1103 5296 1205 5358 qua
1236 5290 1636 5345 existimatione
1657 5300 1872 5346 centum
1905 5291 2064 5345 solidi

491 5357 595 5429 500
627 5360 860 5413 liorenos
880 5357 1185 5415 efﬁcerent.
1216 5359 1312 5414 Est
1340 5369 1519 5414 autem
1546 5372 1600 5415 et
1630 5369 1918 5429 argenteus
1941 5362 2065 5415 soli-

492 5427 590 5501 dus
618 5430 937 5501 recentioris
962 5441 1218 5496 munetze,
1241 5431 1333 5501 qni
1357 5441 1411 5485 et
1433 5447 1512 5498 as,
1542 5431 1626 5485 vel
1656 5427 1815 5497 assis,
1841 5431 2059 5497 dicitur,

493 5494 778 5554 Germanis
802 5500 1039 5556 stuferus
1068 5494 1213 5555 satis
1234 5494 1415 5556 n'otus.

558 5566 588 5606 δ
610 5568 1001 5641 Hocexemplo
1023 5572 1282 5628 docemur
1318 5571 1600 5641 religiosos
1648 5586 1813 5641 posse
1858 5586 1927 5641 ac
1965 5571 2061 5627 de-

491 5637 623 5695 bere
656 5638 769 5693 suis
811 5637 1142 5709 parentibus,
1192 5644 1295 5697 hoc
1338 5637 1443 5708 est,
1496 5637 1739 5710 patri—et
1776 5640 1953 5707 matri,
2004 5643 2059 5698 in

493 5720 730 5784 extrema
757 5721 848 5764 aut
877 5716 1022 5780 gravi
1057 5716 1378 5769 necessitate
1410 5712 1721 5784 constitutis
1743 5713 2055 5784 subvenire,

495 5780 640 5837 salva
669 5791 848 5837 tamen
893 5784 974 5837 sui
1007 5791 1177 5838 status
1221 5793 1276 5838 et
1318 5782 1669 5853 professionis
1710 5780 2057 5843 substantiai

2168 5012 2265 5067 rite
2296 5012 2638 5067 dicebantur.
2671 5011 2827 5069 Unde
2851 5013 3114 5069 Martialis
3139 5015 3205 5068 ad
3231 5011 3428 5073 librum
3450 5030 3608 5071 suum
3637 5033 3652 5070 :

2293 5090 2627 5186 Argilletgnas
2647 5127 2805 5175 mavis
2822 5127 3046 5177 habitare
3064 5127 3299 5176 tabernas
3317 5142 3332 5186 ;

2386 5201 2468 5237 um
2489 5188 2594 5249 tibi,
2621 5201 2768 5251 parve
2792 5190 2941 5247 liber,
2976 5190 3156 5239 scrinia
3178 5196 3345 5239 nostra
3370 5196 3566 5241 vacent.

2165 5290 2622 5364 D_.AHieronymus
2646 5294 2699 5364 in
2726 5292 2955 5364 cpistola
2979 5292 3045 5346 ad
3070 5292 3418 5348 Heliodorum
3444 5292 3755 5363 (Ερὶειμη,

2164 5362 2254 5415 ubi
2273 5363 2389 5416 vide
2417 5362 2616 5417 scholia
2648 5362 2901 5434 Muciani)
2931 5379 3058 5418 suos
3083 5364 3331 5421 librarios
3365 5362 3545 5429 voeat,
3575 5364 3666 5433 qui
3697 5362 3760 5423 et

2163 5446 2522 5487 amanuenses
2566 5443 2658 5487 aut
2705 5434 2961 5489 tabularii
3004 5435 3279 5490 dicuntur.
3312 5435 3377 5489 Et
3421 5437 3487 5489 ad
3531 5436 3758 5491 Niceatn

2163 5502 2552 5558 subdiaconum
2599 5504 2669 5556 ita
2698 5504 2889 5559 scribit
2918 5523 2931 5557 :
2964 5504 3104 5560 Nam
3138 5507 3292 5561 rudes
3321 5506 3401 5559 illi
3436 5505 3611 5563 Italia:
3656 5506 3760 5561 lto-

2161 5571 2974 5650 t_t_ti_nes,_quos_Cascos_Ennitts
3014 5576 3274 5650 appellat,
3313 5577 3401 5648 qui
3437 5577 3553 5644 sibi,
3592 5585 3651 5650 ut
3695 5575 3758 5639 in

2162 5642 2455 5718 Rhetoricis
2482 5642 2661 5698 Cicero
2706 5647 2812 5718 ait,
2844 5648 2950 5701 ritu
2997 5642 3163 5718 ferino
3201 5642 3387 5701 victum
3429 5642 3752 5718 quw’rebant,

2161 5724 2284 5767 ante
2310 5715 2501 5769 chartae
2536 5724 2628 5769 aut
2654 5715 3063 5772 membranarum
3089 5735 3255 5782 usum,
3292 5727 3383 5771 aut
3411 5715 3465 5772 in
3492 5715 3754 5774 dedolatis

2162 5800 2189 5839 e
2214 5785 2353 5854 ligno
2394 5784 2679 5853 codicillis,
2728 5796 2818 5841 aut
2866 5788 2923 5843 in
2964 5790 3239 5843 corticibus
3285 5788 3527 5843 arborum
3567 5798 3756 5847 mutuo
