3986 6320
496 307 604 387 265

1824 299 2106 371 JOANNIS
2142 304 2456 373 CASSIANI

3656 305 3767 375 284

509 432 736 487 fratrem
764 426 967 486 militia:
992 430 1199 503 laqueis
1229 427 1549 499 obligatum,
1593 435 1650 484 et
1687 428 1936 498 apprime
1975 427 2081 482 La-
2110 430 2163 489 Α
2190 430 2388 483 nentia:
2421 430 2600 497 rigore
2625 426 2807 483 dicere
2830 426 3031 497 aliquid
3063 426 3457 498 proposuimus,
3479 425 3693 484 affectio
3711 434 3768 482 et

399 559 407 569 ι
453 572 463 581 .
499 523 629 579 tinis
674 524 1029 589 instructum,
1065 522 1151 577 cui
1192 521 1259 576 de
1289 520 1585 591 Scripturis
1632 520 1840 576 sanctis
1882 520 2085 591 aliquid

497 613 569 669 ad
598 615 885 685 legendum
913 612 1289 669 adilicationis
1314 612 1431 683 ejus
1458 613 1685 668 obtentu
1715 614 2085 669 transmittere

499 708 685 778 cupio.
734 706 923 777 Itaque
972 706 1227 762 Simeone
1274 704 1416 761 hanc
1461 705 1810 762 occasionem
1857 705 2007 760 velut
2054 720 2084 759 a

504 800 619 857 Deo
640 801 875 856 oblatam
909 800 1015 854 sibi
1041 807 1323 870 gratanter
1350 798 1681 869 suscipiente
1700 839 1717 867 ,
1749 814 1918 855 senex
1946 814 2084 869 quo-

499 908 605 963 que
651 892 913 958 colorem,
963 892 1117 962 cujus
1156 900 1424 961 praetextu
1469 891 1687 961 pietatis
1735 905 1873 960 Opus
1915 890 2086 946 libere

510 992 695 1053 posset
719 982 970 1053 implere,
1003 982 1260 1039 libentius
1305 983 1607 1052 amplexus,
1641 982 1935 1038 confestim
1978 997 2085 1036 non

508 1076 684 1131 solum
718 1077 998 1132 universas
1024 1078 1075 1132 ei
1101 1080 1459 1133 necessitates
1488 1077 1590 1132 sub
1626 1077 1852 1132 obtentu
1878 1091 2088 1132 merce-

508 1168 638 1223 dum
662 1170 828 1235 totius
859 1170 990 1223 anni
1011 1171 1285 1235 convexit,
1318 1184 1509 1224 verum
1539 1168 1704 1223 etiam
1741 1168 2087 1224 membranas

499 1270 554 1317 et
584 1262 858 1328 utensilia,
892 1276 1014 1333 qua:
1054 1260 1122 1317 ad
1166 1261 1515 1317 scribendum
1563 1262 1867 1316 necessaria
1910 1269 2085 1327 erant,

500 1364 879 1426 comportans,
927 1355 1133 1425 recepit
1169 1364 1296 1425 post
1338 1354 1580 1411 codicem
1622 1355 1885 1424 scriptum
1927 1353 2089 1409 nullis

498 1448 689 1502 usibus
717 1447 802 1503 vel
848 1446 1150 1502 commodis
1174 1447 1519 1516 profuturum
1551 1444 1772 1516 (quippe
1813 1444 2087 1500 universis

496 1540 553 1595 in
580 1540 673 1594 illa
702 1540 924 1610 regione
954 1539 1145 1594 notitia
1176 1538 1370 1607 lingua:
1393 1536 1554 1607 hujus
1583 1538 1797 1607 penitus
1828 1535 2084 1607 ignaris),

496 1642 702 1703 prmter
730 1633 784 1688 id
812 1631 954 1703 quod
981 1631 1083 1687 hac
1107 1631 1407 1687 subtilitate
1435 1638 1765 1701 sumptuque
1795 1630 2089 1697 prolixiore

496 1735 770 1782 mercatus
810 1734 924 1792 est;
966 1723 1428 1796 quemadmodum
1453 1733 1511 1779 et
1541 1724 1640 1779 ille
1665 1724 1783 1779 sine
1807 1721 2090 1779 confusio-

2186 536 2355 588 opera
2400 519 2680 575 charitatis
2705 520 2957 575 videntur
2989 521 3247 587 admixta,
3281 522 3491 576 rursum
3520 522 3587 575 ad
3627 536 3756 591 pro-

2186 614 2421 684 positum
2445 623 2802 685 revertentes,
2825 615 3093 685 quoddam
3124 631 3417 686 puerorum
3437 626 3618 686 aetate,
3651 632 3763 673 non

2189 719 2376 771 sensu,
2410 703 2610 760 factum
2635 707 2986 761 memorabile
3011 707 3269 777 opusculo
3290 707 3412 762 huic
3435 709 3760 765 inseremus.

2186 794 2321 851 Nam
2351 811 2472 851 cum
2498 797 2645 852 ultra
2673 808 2891 854 omnem
2916 799 3327 856 admirationem
3370 800 3501 856 ficus
3538 802 3760 872 quidam
3838 788 3839 791 η

2188 895 2217 923 ι
2246 887 2313 942 de
2351 888 2604 943 Mareotze
2643 889 2833 959 Libya:
2887 890 3151 960 partibus,
3178 892 3327 946 velut
3372 908 3489 947 rem
3527 903 3651 949 ante
3706 897 3766 951 in

2189 977 2310 1032 loco
2362 978 2457 1032 illo
2496 994 2604 1033 non
2658 979 3054 1045 visam,abbati
3099 980 3292 1037 Joanni
3325 997 3609 1040 mconomo
3646 984 3674 1023 δ
3709 986 3769 1040 in
3812 1024 3821 1033 .

2191 1084 2377 1125 eremo
2404 1072 2593 1143 Scythi
2638 1072 2938 1141 detulisset,
2969 1076 3059 1144 qui
3105 1075 3564 1144 diSpensationem
3597 1080 3775 1148 ipsius

2188 1164 2433 1219 ecclesia:
2465 1166 2801 1236 temporibus
2830 1177 2852 1206 ε
2887 1166 3030 1221 beati
3052 1166 3339 1238 Paphnutii
3370 1171 3674 1242 presbyteri
3700 1172 3780 1227 ab

2190 1256 2380 1311 eodem
2409 1257 2509 1313 sibi
2536 1259 2799 1315 creditam
2828 1261 3160 1332 gubernabat
3187 1278 3202 1317 :
3234 1262 3322 1317 hic
3346 1264 3636 1321 confestim
3676 1280 3779 1321 eas

2189 1348 2259 1404 ad
2287 1364 2472 1405 senem
2493 1352 2802 1422 quemdam,
2833 1354 2924 1424 qui
2947 1355 3000 1409 in
3028 1355 3375 1412 interioribus
3395 1356 3602 1415 deserti
3630 1360 3779 1415 mala

2194 1442 2505 1500 valetudine
2532 1444 2835 1512 laborabat,
2852 1462 2949 1517 per
2970 1448 3105 1502 duos
3125 1449 3560 1506 adolescentulos
3588 1451 3775 1506 misit:

2197 1534 2463 1606 siquidem
2507 1537 2697 1593 decem
2725 1550 2778 1594 et
2801 1549 2926 1594 octo
2970 1541 3205 1596 millibus
3234 1543 3394 1614 longe
3432 1544 3502 1599 ab
3537 1544 3781 1600 ecclesia

2193 1631 2592 1687 commanebat.
2624 1631 2727 1699 Qui
2754 1629 2781 1669 ά
2807 1634 2979 1703 pomis
2996 1636 3258 1706 acceptis,
3286 1652 3408 1692 cum
3433 1636 3503 1692 ad
3526 1637 3782 1707 prtedicti

2193 1722 2343 1778 senis
2388 1722 2674 1780 tenderent
2719 1725 2933 1791 cellam,
2994 1727 3141 1797 quod
3194 1728 3266 1784 ibi
3314 1729 3572 1799 perfacile
3627 1729 3783 1786 solet

498 1819 586 1873 nis
612 1819 961 1886 verecundia,
998 1818 1195 1873 merito
1240 1818 1447 1874 laboris
1474 1826 1529 1873 et
1555 1818 1736 1887 Operis
1779 1818 1867 1873 sui
1895 1832 2087 1873 neces-
2119 1839 2169 1899 Β
2193 1815 2356 1868 etiam
2383 1815 2695 1872 senioribus
2718 1818 2963 1884 evenire,
2989 1819 3165 1875 infusa
3194 1831 3421 1891 repente
3446 1821 3782 1879 densissima

497 1914 643 1967 saria
672 1912 851 1966 victus
876 1910 1131 1966 alimenta
1177 1912 1504 1981 perciperet,
1529 1922 1585 1967 et
1627 1912 1741 1982 ipse
1773 1912 2087 1967 muniﬁcen-

502 2007 593 2061 tia
632 2020 745 2061 sua:
777 2006 1033 2076 pietatem
1080 2016 1354 2076 tamquam
1383 2007 1551 2062 debiti
1588 2007 1914 2062 necessitate
1941 2022 2089 2062 com-

505 2097 715 2167 pleret:
742 2112 811 2153 eo
849 2097 1211 2153 abundantius
1241 2097 1552 2153 mercedem
1580 2098 1685 2153 sibi
1725 2097 2085 2166 conquirens,

498 2206 607 2262 quo
624 2191 831 2246 ambitu
853 2192 1059 2263 majore
1086 2194 1374 2263 peregrino
1404 2191 1556 2247 fratri
1583 2206 1691 2247 non
1714 2193 1890 2247 solum
1913 2193 2087 2255 victus

498 2287 827 2351 necessaria,
865 2301 1056 2341 verum
1081 2287 1251 2342 etiam
1280 2285 1463 2357 operis
1492 2287 1852 2342 instrumenta
1877 2295 1933 2342 et
1952 2300 2085 2356 ope-

496 2380 651 2434 randi
675 2380 1017 2436 occasionem
1045 2379 1251 2450 pariter
1280 2379 1623 2435 contulisset.

1098 2512 1325 2569 CAPUT
1382 2512 1496 2567 XL.

497 2630 576 2686 De
603 2632 777 2701 pueris
817 2632 907 2701 qui
955 2630 1241 2701 deferentes
1287 2628 1736 2701 admwgrotantem
1785 2625 1938 2695 ﬁcus,
1977 2640 2086 2680 non

641 2697 933 2774 degustatis
961 2697 1170 2767 eisdem,
1199 2700 1337 2770 fame
1361 2699 1415 2753 in
1432 2697 1600 2753 eremo
1620 2697 1940 2768 defecerunt.

567 2837 674 2894 Sed
702 2838 957 2908 quoniam
989 2836 1044 2892 in
1073 2839 1196 2891 loco
1224 2834 1317 2890 ubi
1357 2834 1426 2891 de
1451 2834 1780 2905 jejuniorum
1808 2842 1865 2889 et
1902 2832 2082 2889 conti-

2193 1907 2408 1974 nebula,
2431 1910 2701 1966 tramitem
2731 1912 2866 1967 recti
2893 1912 3104 1968 itineris
3126 1914 3492 1985 perdiderunt.
3526 1915 3781 1986 Cumque

2196 2009 2308 2054 tota
2332 2000 2422 2055 die
2449 2009 2505 2056 et
2527 2012 2689 2057 nocte
2719 2003 3093 2059 discurrentes
3122 2020 3219 2075 per
3244 2007 3420 2061 aviam
3449 2008 3618 2062 eremi
3649 2023 3784 2062 vas-

2195 2091 2429 2158 titatem,
2457 2108 2793 2165 nequaquam
2817 2096 3127 2166 potuissent
3172 2102 3483 2170 aegrotantis
3518 2102 3781 2157 cellulam
3816 2162 3829 2178 ,

2194 2185 2457 2255 reperire,
2489 2196 2598 2241 tam
2641 2187 2859 2243 itineris
2888 2189 3239 2256 lassitudine,
3266 2207 3427 2262 quam
3457 2193 3637 2249 inedia
3659 2195 3789 2249 siti-

2196 2292 2301 2347 que
2328 2277 2587 2345 confecti,
2619 2277 2740 2333 ﬁxis
2765 2279 3013 2349 genibus,
3038 2281 3092 2334 in
3118 2281 3382 2338 orationis
3407 2282 3589 2339 ofllcio
3614 2285 3789 2354 spiri-

2194 2378 2307 2424 tum
2330 2369 2561 2425 Domino
2599 2368 2975 2425 reddiderunt.
2998 2370 3098 2438 Qui
3132 2381 3253 2441 post
3282 2373 3400 2429 haec
3420 2374 3789 2445 vestigiorum

2195 2477 2424 2517 suorum
2454 2462 2668 2519 indiciis
2706 2454 3008 2519 diutissime
3035 2466 3345 2537 perquisiti,
3376 2481 3496 2537 quae
3537 2467 3595 2521 in
3641 2466 3791 2522 locis

2192 2555 2301 2611 illis
2330 2560 2575 2612 arenosis
2602 2564 2882 2627 tamquam
2922 2557 3143 2613 nivibus
3181 2560 3444 2630 impressa
3469 2560 3787 2629 signantur,

2190 2648 2364 2704 donec
2394 2664 2457 2704 ea
2479 2649 2569 2704 vel
2609 2650 2713 2705 levi
2747 2660 3036 2705 ventorum
3083 2649 3212 2707 ﬂatu
3260 2651 3441 2707 tenuis
3467 2665 3633 2706 arena
3661 2650 3791 2705 dis-

2188 2754 2415 2795 currens
2446 2755 2637 2796 rursus
2656 2742 2886 2811 operiat,
2908 2742 3112 2796 inventi
3143 2754 3271 2797 sunt
3299 2743 3435 2798 licus
3463 2744 3695 2797 intactas
3724 2753 3792 2800 ut

2156 2843 2511 2911 acceperant
2541 2848 2851 2891 reservasse
2884 2854 2897 2889 :
2925 2845 2948 2873 ο
2976 2835 3242 2909 eligentes
3281 2838 3497 2895 scilicet
3538 2838 3792 2895 animam

1580 2950 1841 3006 ALARDI
1878 2949 2115 3006 GAZIEI
2152 2948 2722 3006 COMMENTARIUS.

498 3048 629 3112 cisa,
656 3045 860 3117 reliqua
910 3060 1065 3100 carne
1105 3045 1161 3098 in
1212 3041 1478 3117 pulverem
1520 3042 1759 3117 redacta.
1808 3040 1937 3097 Haec
1969 3040 2086 3107 ille,

2196 3041 2389 3109 ralem)
2441 3056 2608 3111 quam
2648 3040 2807 3111 [idem
2852 3039 3105 3111 depositi,
3140 3054 3334 3111 nempe
3366 3040 3628 3098 fructuum
3674 3044 3793 3101 sibi

499 3110 704 3174 addens
734 3110 786 3172 in
816 3117 1187 3172 testimonium
1214 3110 1357 3169 tanti
1387 3114 1633 3167 miraculi
1667 3127 1885 3186 manum
1938 3126 2087 3167 eam-
2114 3113 2162 3178 C
2191 3114 2631 3186 commissorum,
2661 3110 2909 3181 perdere.
2930 3110 3006 3186 lla
3057 3111 3219 3186 enim,
3245 3110 3532 3186 legendum
3570 3113 3788 3186 potius,

500 3192 620 3245 dem
654 3203 826 3257 usque
855 3187 1017 3242 hodie
1040 3188 1093 3240 in
1124 3185 1455 3257 monasterio
1484 3184 1781 3239 asservari.

574 3270 601 3297 ι
629 3253 821 3330 Libya,
852 3259 933 3313 vel
965 3257 1151 3330 Libya:
1186 3254 1598 3330 regio/Egypt)
1637 3253 2089 3330 comermina,_et

500 3323 849 3386 Alexandriae
872 3323 1445 3392 vicina,'testePIinio
1472 3323 1616 3397 (Lib.
1652 3340 1683 3376 v
1711 3325 1854 3397 Hist.
1879 3365 1895 3389 ,
1930 3341 1977 3378 c.
2003 3323 2085 3397 ἐξ).

501 3401 671 3471 Hujus
720 3415 847 3471 pars
884 3411 968 3455 est
1012 3398 1182 3471 Libya
1239 3396 1518 3471 Mareotis,
1562 3397 1678 3451 sive
1718 3396 1986 3471 Mareota.
2017 3396 2084 3448 D.

501 3466 863 3541 Hieronymus
910 3470 1045 3525 duas
1091 3466 1289 3540 Libyas
1319 3466 1469 3541 facit,
1503 3483 1682 3541 unam_
1705 3466 2087 3541 erenaicam,

502 3544 571 3598 de
605 3536 724 3612 qua'
749 3541 954 3596 dictum
987 3550 1075 3595 est
1102 3536 1223 3594 Act.
1253 3554 1332 3612 1t:
1358 3536 1426 3612 Et
1448 3550 1623 3612 partes
1648 3536 1853 3612 Libym,
1883 3552 1998 3612 quin
2013 3546 2092 3590 est

502 3609 641 3667 circa
673 3611 965 3682 Cyrenem;
993 3612 1223 3665 alteram
1270 3609 1565 3682 Ethiopia;
1611 3609 1865 3682 vicinam,
1889 3609 1958 3682 de
1981 3622 2090 3682 qua

502 3677 787 3739 Hieremiae
811 3698 935 3738 xnvr
960 3692 1014 3737 et
1036 3682 1342 3737 Ezechielis
1366 3677 1479 3734 xxx
1508 3678 1605 3751 (υ.
1641 3677 1863 3734 Hieron.
1894 3679 1951 3731 in
1988 3677 2093 3731 Lo-

503 3758 575 3809 cis
600 3754 918 3822 Hebraicis).

572 3824 602 3864 ιι
635 3827 712 3880 De
735 3826 832 3878 hac
853 3817 1065 3887 eremo,
1095 3822 1217 3878 sive
1246 3821 1544 3877 solitudine
1562 3819 1776 3891 Scythi,
1806 3818 1894 3873 vel
1917 3817 2087 3885 Sceti,

505 3896 681 3965 deque
710 3895 994 3965 monachis
1020 3894 1132 3947 illic
1134 3892 1622 3965 _commorantjbus
1642 3890 1908 3965 frequens
1939 3904 2092 3944 men-

507 3960 750 4035 tio'apud
778 3964 1102 4029 Palladium,
1134 3962 1449 4035 Evagrium,
1476 3961 1819 4035 Cassianum,
1840 3960 2092 4015 Sozome-

506 4031 658 4100 num,
691 4036 1073 4103 Nicephorum,
1101 4043 1157 4087 et
1178 4031 1334 4087 alios.
1377 4032 1739 4103 Sozomenus
1764 4031 1861 4103 lib.
1892 4046 1933 4095 ι,
1966 4045 2086 4103 cap.

508 4108 598 4173 14,
628 4099 685 4161 et
731 4107 784 4158 iu
816 4099 1065 4159 Historia
1093 4103 1331 4170 'l‘ripart.
1366 4104 1460 4157 lib.
1489 4118 1505 4156 ι
1536 4117 1656 4170 cap.
1684 4102 1747 4155 11
1783 4101 1955 4154 lacum
1982 4099 2093 4173 Ma-

508 4172 654 4243 rcus,
687 4176 775 4230 vel
807 4176 1065 4238 Maream,
1093 4173 1337 4230 Scethim
1380 4184 1434 4227 et
1479 4173 1707 4227 Nitriam
1753 4172 2092 4226 contermina

507 4259 602 4302 aut
628 4247 805 4301 vicina
835 4247 950 4300 loca
980 4259 1102 4301 esse
1123 4243 1348 4298 indicat.

579 4326 602 4355 ε
640 4317 975 4384 Paphnutius
1030 4316 1116 4370 hic
1167 4315 1335 4368 abbas
1387 4322 1444 4369 et
1486 4312 1778 4384 presbyter
1825 4314 1878 4367 in
1907 4325 2095 4367 eremo

507 4388 785 4459 Scythica,
819 4388 906 4442 ubi
940 4386 1007 4459 ad
1029 4393 1329 4459 extremam
1355 4386 1757 4459 vixitAaetatem,
1790 4393 1845 4438 et
1874 4390 2095 4459 prepter

508 4456 823 4548 solitudinis
853 4458 1094 4548 studiutt‘n
1125 4457 1362 4538 Bubalus
1390 4466 1445 4548 et
1473 4456 1712 4548 (.J‘epbala
1740 4456 2096 4548 c‘ognomina«
2116 4488 2172 4548 Ι)

510 4541 599 4585 tus
629 4540 715 4584 est
740 4546 754 4584 :
778 4529 845 4583 de
875 4543 985 4598 quo
1028 4527 1324 4582 Cassianus
1362 4526 1615 4598 pluribus
1662 4525 1715 4579 in
1765 4525 1918 4598 locis,
1954 4539 2093 4598 prae-

509 4602 696 4656 sertim
735 4594 1030 4654 collatione
1079 4599 1261 4660 tertia,
1298 4594 1458 4667 quam
1508 4595 1685 4650 eidem
1734 4596 1981 4650 ascribit.
2016 4594 2094 4649 De

510 4673 702 4727 eodem
751 4670 1021 4726 Palladius
1069 4669 1328 4724 Lausiaca
1366 4668 1435 4722 6%
1466 4680 1521 4721 et
1568 4675 1820 4737 sequent.
1851 4667 2096 4737 Meminit

510 4744 751 4816 ejusdem
800 4742 1138 4816 Nicephorus
1181 4740 1274 4816 lib.
1313 4755 1385 4816 _ix
1431 4754 1550 4816 cap.
1592 4736 1659 4816 4t,
1676 4737 1800 4792 Fuit
1826 4739 1963 4791 alius
1991 4736 2095 4816 lfa-

511 4806 768 4884 pliiiutius
808 4806 980 4868 multo
1008 4811 1284 4884 antiquior
1307 4806 1587 4884 Cassiano,
1606 4809 1857 4878 idemque
1883 4806 2095 4884 confes:

510 4879 602 4939 sor
630 4884 878 4948 illustris,
913 4893 970 4938 et
989 4883 1288 4951 superioris
1331 4880 1624 4935 Thebaidis
1659 4886 1968 4949 episcopus,
2001 4879 2094 4948 qui

510 4957 610 5011 sub
635 4954 907 5010 Maximini
940 4954 1315 5023 persecutione
1339 4951 1534 5005 dextro
1572 4951 1797 5005 orbatus
1826 4954 2013 5013 oculo,
2038 4959 2095 5004 et

509 5029 684 5082 altero
715 5026 919 5095 poplite
943 5021 1201 5087 succiso,
1235 5021 1411 5095 adhuc
1446 5035 1746 5095 superstes,
1774 5037 1895 5076 cum
1925 5031 2093 5095 caue-

510 5101 585 5153 ris
615 5089 861 5154 interfuit
886 5095 1106 5150 Nicmno
1132 5093 1366 5149 concilio
1394 5089 1729 5160 temporibus
1760 5089 2095 5162 magniCon-

510 5170 738 5224 stantini
768 5170 1041 5237 imperat.,
1062 5182 1091 5218 a
1122 5181 1231 5235 quo
1258 5167 1421 5237 etiam
1453 5180 1649 5237 magno
1678 5166 1728 5217 in
1753 5163 1961 5237 honore
1990 5162 2094 5217 ha-

511 5242 654 5295 bitus
682 5248 787 5295 est.
817 5235 895 5293 De
920 5254 1027 5309 quo
1044 5238 1268 5291 Rufinus
1290 5235 1383 5290 lib.
1404 5251 1422 5290 1
1447 5235 1651 5309 llistor.
1684 5250 1806 5302 cap.
1830 5235 1891 5309 _4.

580 5310 606 5349 ἀ
636 5312 797 5367 Ficus
826 5303 967 5365 dixit
1002 5309 1250 5378 superius
1284 5324 1297 5360 :
1338 5322 1497 5375 poma
1538 5306 1651 5375 jam
1699 5306 1961 5378 nominat.
1997 5303 2097 5378 Est

507 5382 649 5439 enim
684 5397 901 5449 pomum
929 5375 1181 5452 generale
1213 5393 1415 5452 nomen
1437 5377 1677 5452 omnium
1706 5375 1977 5431 fructuum
2000 5377 2094 5452 qui

508 5472 573 5508 ex
627 5446 912 5509 arboribus
932 5446 1296 5522 'proveniunt.
1340 5448 1583 5522 Plinius,
1605 5447 1702 5522 lib.
1742 5462 1841 5501 xm
1880 5463 2001 5522 cap.
2036 5446 2091 5511 7,

511 5525 670 5578 [lcum
712 5516 965 5579 similiter
996 5537 1213 5591 pomum
1241 5520 1505 5591 nominat,
1535 5519 1626 5573 ubi
1648 5520 1724 5591 de
1759 5522 1863 5572 licu
1892 5516 2096 5591 (Egyp-

511 5596 645 5648 tiaea
678 5595 817 5648 mira
845 5590 1053 5660 narrat,
1081 5603 1135 5648 et
1164 5592 1232 5647 de
1267 5591 1369 5646 licu
1399 5590 1578 5645 Indica
1605 5590 1698 5644 lib.
1732 5606 1804 5644 xu
1830 5605 1882 5645 c.
1914 5590 1968 5645 5.

584 5676 607 5701 ε
641 5664 766 5720 Veri
794 5664 1071 5728 lsraelitae,
1098 5673 1153 5719 et
1173 5661 1290 5717 veri
1316 5662 1589 5725 monachi,
1623 5670 1681 5715 et
1710 5671 1768 5716 ut
1804 5661 2094 5715 Cassianus

511 5738 604 5801 ait,
638 5736 790 5808 pueri
820 5744 1002 5801 aetate,
1020 5751 1127 5808 non
1152 5747 1338 5808 sensu,
1361 5735 1447 5808 qui
1481 5748 1577 5797 pro
1604 5732 1803 5808 virtute
1830 5732 2092 5786 obedien-

2232 3198 2352 3236 uam
2378 3183 2643 3251 prodere;
2675 3189 2735 3235 ut
2772 3182 3098 3251 respondeat
3144 3183 3254 3237 illis
3295 3185 3497 3239 Christi
3546 3182 3788 3241 verbis:

2232 3198 2352 3236 nam
2378 3198 2643 3251 prouere;
2675 3198 2735 3235 nt
2772 3198 3098 3251 respondeat
3144 3198 3254 3237 llIlS
3295 3198 3497 3239 unrtsu
3546 3198 3741 3241 verbis
3770 3205 3788 3241 :

2192 3198 2295 3327 aui
2318 3253 2606 3327 perdiderit
2625 3254 3024 3327 animam_suam
3048 3265 3253 3327 prapter
3277 3271 3377 3321 me,
3401 3257 3599 3309 salvam
3622 3257 3792 3327 faciet

2188 3325 2337 3378 illam
2359 3323 2520 3395 (Mat.
2551 3341 2582 3378 x
2610 3331 2657 3377 et
2689 3340 2811 3386 xv'i;
2845 3322 3003 3378 Luca:
3034 3322 3419 3393 tx).7Animam
3447 3327 3592 3382 enim
3617 3322 3788 3383 suam

2189 3396 2367 3464 perdit
2396 3406 2616 3464 propter
2642 3395 2935 3456 Christum,
2957 3396 3048 3468 qui
3071 3396 3190 3463 ejus
3213 3410 3399 3451 amore
3422 3397 3602 3465 potius
3624 3400 3795 3468 eligit

2190 3476 2423 3521 mortem
2452 3474 2732 3536 oppetere,
2765 3480 2925 3535 quam
2952 3466 3038 3519 vel
3061 3468 3178 3535 ejus
3204 3477 3495 3537 praecepta,
3524 3469 3613 3523 vel
3640 3466 3791 3524 coii-

2191 3537 2313 3592 silia
2337 3538 2563 3591 violare.
2594 3537 2701 3592 Sed
2732 3539 2821 3605 qui
2852 3539 2932 3592 sic
2965 3538 3159 3605 perdit,
3190 3538 3592 3607 revera-potius
3620 3540 3795 3597 inve-

2192 3609 2273 3662 nit
2298 3618 2354 3664 et
2380 3616 2568 3663 servat
2590 3608 2645 3662 in
2672 3609 2836 3661 vitam
2862 3616 3121 3662 aeternam
3156 3618 3312 3675 teSIe,
3340 3609 3602 3665 Veritate.
3633 3612 3792 3676 Quin

2200 3681 2364 3734 etiam
2401 3679 2531 3732 mihi
2570 3678 2871 3749 persuadeo
2899 3678 3195 3733 secundum
3220 3678 3285 3732 D.
3320 3680 3546 3735 Thoma-
3575 3683 3796 3737 doctri-

2194 3767 2321 3804 nam
2352 3748 2577 3822 (Ξοῖνᾳέ
2612 3750 2735 3818 124,
2778 3759 2879 3803 art.
2926 3748 3321 3822 5),!martyres
3351 3751 3474 3806 illos
3514 3766 3643 3807 vere
3671 3754 3794 3809 dici

2195 3821 2447 3890 posseac
2479 3821 2697 3886 debere,
2725 3834 2848 3874 cum
2896 3834 3003 3874 non
3054 3823 3228 3875 solum
3278 3821 3432 3888 ﬁdes,
3468 3823 3562 3877 sed
3596 3827 3790 3880 omnis

2192 3889 2415 3963 virtutis
2434 3903 2586 3945 actus
2610 3906 2734 3945 cum
2762 3905 2887 3945 vera
2935 3889 3039 3963 fide
3078 3901 3132 3945 et
3150 3891 3422 3963 religione
3447 3894 3788 3963 coniunctus

2194 3961 2439 4033 martyrii
2472 3976 2632 4015 causa
2662 3975 2784 4033 esse
2816 3962 2991 4029 possit
3016 3980 3027 4013 :
3056 3962 3198 4017 unde
3219 3961 3563 4031 consequens
3578 3976 3686 4031 est,
3724 3976 3793 4022 ut

2195 4048 2293 4102 pro
2321 4031 2659 4102 quacumque
2685 4031 2885 4086 virtute
2914 4040 3143 4086 mortem
3174 4035 3293 4100 quis
3322 4036 3604 4100 sustineat,
3632 4053 3791 4092 mar-

2196 4114 2282 4173 tyr
2308 4103 2547 4173 omnino,
2573 4103 2881 4173 censendus
2919 4104 3008 4157 sit.
3041 4104 3195 4169 Quod
3224 4113 3279 4158 et
3308 4106 3501 4172 probat
3546 4107 3607 4160 ι).
3633 4108 3795 4163 Tho-

2197 4171 2592 4248 mas_ex_emplo
2624 4172 2686 4248 S._
2708 4171 2935 4228 Joannis
2979 4175 3257 4248 Baptistae,
3282 4171 3431 4248 cujus
3468 4180 3793 4248 martyrium

2194 4247 2250 4298 in
2291 4242 2528 4320 Ecclesia
2562 4243 2867 4320 celebratur,
2897 4246 3151 4320 quamvis,
3183 4242 3513 4320 inquit,_non
3559 4242 3654 4320 pro
3688 4266 3792 4303 ne-

2196 4315 2370 4386 ganda
2420 4314 2543 4386 ﬁde,
2570 4316 2660 4368 sed
2696 4331 2789 4386 pro
2821 4317 3215 4386 reprehensione
3268 4317 3515 4371 adulterii
3559 4314 3793 4374 mortem

2197 4385 2433 4459 subierit.
2468 4385 2532 4459 Et
2556 4386 2698 4459 apud
2739 4385 3136 4459 Theodoretum
3173 4386 3403 4457 (Histor.
3427 4388 3468 4442 ι.
3509 4404 3543 4442 v
3585 4406 3632 4444 c.
3664 4390 3788 4459 9.6;

2196 4458 2249 4509 in
2265 4456 2587 4530 Μονίμη-οιΑ
2613 4456 2882 4527 Januarii)
2901 4456 3197 4530 monachus
3220 4459 3565 4528 quidam,qui
3584 4456 3793 4530 gladia-

2198 4528 2404 4583 toribus
2422 4528 2862 4598 seinterponcns,
2879 4528 2948 4581 ab
2967 4529 3070 4583 illis
3092 4539 3315 4583 necatus
3332 4530 3451 4596 fuit,
3480 4532 3531 4584 in
3554 4528 3792 4589 numero

2199 4609 2495 4671 martyrum
2521 4598 2754 4671 ‘liali_i_tns
2781 4609 2884 4671 est.
2916 4600 2982 4671 Et
3008 4599 3072 4671 ι).
3103 4600 3523 4671 ChrySostomus
3557 4602 3609 4656 in
3643 4620 3789 4671 qua-

2196 4669 2318 4723 dam
2343 4658 2567 4723 humilia
2602 4668 2835 4740 (Ilomil.
2868 4670 2902 4724 3
2941 4670 2996 4722 in
3025 4670 3048 4723 Ι
3084 4670 3151 4723 ad
3190 4658 3391 4742 Thess.)
3421 4676 3619 4727 asserit
3649 4658 3792 4730 vere

2196 4750 2491 4809 martyrem
2523 4756 2643 4814 esse
2670 4754 2791 4793 eum
2817 4741 2905 4814 qui
2931 4754 3053 4794 cum
3081 4742 3252 4811 possit
3273 4741 3492 4814 magicis
3520 4746 3732 4799 artibus
3752 4758 3801 4801 δ’

2196 4814 2390 4865 morbo
2424 4813 2629 4883 curari,
2661 4811 2863 4883 mavult
2895 4819 3073 4865 tamen
3105 4813 3243 4867 mori
3285 4811 3446 4883 quam
3475 4816 3642 4869 Deum
3675 4817 3789 4872 hoc

2197 4892 2354 5005 Baete
2377 4880 2673 4935 olfendere.
2702 4880 2943 4951 Denique
2989 4884 3148 4936 etiam
3201 4880 3500 4948 martyrum
3532 4886 3655 4941 loco
3685 4887 3791 4942 lia-

2236 4952 2294 5005 iti
2323 4952 2596 5005 leguntur.
2625 4954 2713 5005 oui
2740 4964 2893 5005 ueste
2921 4953 3202 5005 alﬂictatis
3227 4958 3598 5005 ministrantes
3626 4974 3787 5005 mor-

2236 4952 2294 5005 iti
2323 4952 2596 5020 leguntur,
2625 4954 2713 5023 qui
2740 4964 2893 5021 peste
2921 4953 3202 5008 afﬂictatis
3227 4958 3598 5011 ministrantes
3626 4974 3787 5013 mor-

2200 5033 2305 5095 tem
2339 5024 2571 5077 libenter
2596 5027 2947 5091 Oppctivere;
2981 5027 3049 5079 de
3074 5026 3269 5095 quibus
3300 5028 3562 5082 Eusebius
3591 5029 3682 5082 lib.
3701 5047 3786 5087 vn

2197 5093 2338 5168 Hist.
2392 5094 2549 5168 Eccl.
2581 5109 2703 5164 cap.
2736 5095 2850 5168 16»;
2882 5093 3103 5162 Quidni
3135 5099 3297 5165 igitur
3349 5100 3626 5168 praeclaris
3670 5101 3788 5156 illis

2196 5165 3023 5241 aliolescentibus,_obedienti:e
3065 5168 3209 5241 ﬁliis,
3236 5170 3329 5238 qui
3353 5165 3493 5224 ’vita:
3531 5186 3643 5225 sua:
3682 5187 3787 5241 po-

2200 5236 2305 5311 tius
2326 5252 2490 5311 quam
2533 5238 3222 5311 obedientitedisneudiutn
3254 5236 3570 5310 “elegerunt,
3594 5250 3649 5297 et
3679 5236 3788 5311 pro

2197 5305 2299 5360 hac
2327 5307 2585 5361 inviolate
2625 5309 2906 5363 retinenda
2949 5321 3053 5363 tam
3105 5305 3379 5366 constanti
3421 5305 3601 5368 animo
3633 5305 3791 5369 nfor-

2196 5387 2306 5451 tetu
2334 5378 2972 5451 pertulerunttmartyrii
2998 5382 3213 5436 laudem
3261 5394 3315 5437 et
3343 5383 3574 5451 palmam
3607 5387 3790 5441 ascri-

2196 5450 2426 5526 bamus,
2444 5458 2497 5502 et
2538 5450 3015 5526 illud_Davidicu_m
3050 5450 3225 5522 (Psal.
3251 5450 3397 5526 ω)
3421 5456 3789 5525 grntulatoric

2196 5519 2623 5594 applaudamus:
2656 5518 2898 5594 Pr_etiosa
2949 5522 3003 5573 in
3026 5518 3326 5594 _conspectu
3359 5518 3592 5580 'Damini
3639 5545 3791 5582 mars

2195 5588 2493 5665 sanctorum
2507 5591 2652 5665 __ejus
2687 5588 2908 5665 (βαι-9η.
2938 5594 2991 5665 in
3015 5588 3289 5665 Martyrol.
3325 5597 3349 5652 l
3384 5594 3607 5651 Ianuar.
3632 5608 3679 5652 et
3702 5597 3788 5653 28

2197 5658 2461 5738 Februar1
2507 5658 2638 5738 _Vide
2658 5658 2780 5716 call.
2810 5662 2866 5728 2,
2892 5679 2940 5717 c.
2967 5663 3045 5738 6).
3072 5658 3338 5722 Caeterum
3372 5668 3530 5738 hujus
3552 5669 3629 5723 rei
3654 5684 3788 5723 cer-

2196 5742 2309 5787 tam
2360 5730 2746 5801 deﬁnitamque
2798 5730 3123 5794 sententiam
3179 5739 3239 5798 S.
3291 5730 3475 5799 Matris
3520 5738 3797 5802 Ecclesia

412 5840 419 5847 -
514 5809 600 5867 tiae
628 5802 910 5879 elegerunt
938 5806 1111 5879 magis
1154 5807 1365 5861 animas
1396 5804 1522 5878 (hoc
1548 5811 1654 5870 est,
1682 5803 1851 5860 vitam
1883 5813 2096 5874 tempo-
2133 5861 2140 5867 ,
2192 5802 2398 5877 judicio
2425 5803 2695 5877 relinquo.
