3986 6320
236 367 334 425 κε

689 363 782 422 DE
818 362 1296 423 C(ENOBIORUM
1333 363 1578 427 INS'I'I'I'.
1619 365 1747 424 LIB.
1787 363 1881 427 νι,
1908 395 1978 410 -·
2006 357 2097 423 DE
2135 361 2408 422 SPlRlTU
2446 361 2996 422 FORNICATIONIS.

239 480 398 550 magis
426 493 590 551 quam
639 478 800 536 fidem
829 480 1064 550 depositi
1109 479 1358 550 prodere,
1403 481 1682 552 vitamque
1711 495 1806 550 po-
1833 487 1882 546 Α
1910 495 2060 547 nare,
2093 489 2147 535 et
2172 480 2488 550 iujuriarum
2518 478 2792 542 oblivisci,
2829 479 3182 550 tristitiasque
3205 496 3496 552 respuere,

239 573 336 628 tius
378 571 640 627 amittere
680 573 1062 644 temporalem,
1112 587 1273 643 quam
1323 571 1557 628 senioris
1608 572 1816 629 violare

240 666 568 723 mandatum.

855 781 1084 840 CAPUT
1112 782 1244 840 XLI.

245 912 506 970 Sententia
547 911 751 968 abbatis
800 911 1043 981 Macarii,
1071 915 1134 968 de
1185 914 1507 970 observantia
1551 916 1813 984 monachi,

305 985 379 1108 zel
407 995 676 1067 tamquam
709 985 1000 1040 diutissime
1023 986 1226 1053 victuri,
1251 986 1328 1039 vel
1357 996 1616 1057 tamquam
1643 988 1816 1055 quoti-

339 1071 387 1108 te
407 1067 676 1108 morituri.

339 1071 387 1108 ιθ
407 1067 676 1110 morituri.

303 1214 490 1270 Adhuc
517 1230 689 1270 unum
717 1223 744 1252 ἰ
771 1215 915 1272 beati
946 1214 1163 1270 Macarii
1187 1215 1460 1284 profertur
1485 1215 1641 1270 nobis
1666 1213 1809 1270 salu-

243 1317 356 1364 tare
385 1308 722 1374 mandatum,
750 1324 858 1379 quo
907 1309 1146 1364 libellum
1175 1308 1503 1378 jejuniorum
1549 1317 1605 1365 et
1632 1309 1812 1364 conti-

243 1401 430 1455 nentia:
455 1402 587 1454 tanti
618 1401 718 1454 viri
751 1401 965 1455 claudat
985 1401 1274 1456 sententia.
1310 1401 1384 1454 Ita
1421 1401 1814 1471 inquitdebere

238 1491 559 1546 monachum
587 1491 811 1562 jejuniis
856 1507 1078 1561 Operam
1110 1493 1264 1558 dare,
1299 1503 1355 1548 ut
1395 1501 1612 1548 centum
1655 1495 1814 1549 annis

235 1583 289 1638 in
317 1599 548 1654 corpore
592 1593 1094 1650 commoraturum;
1128 1586 1198 1639 ita
1231 1594 1409 1640 motus
1436 1587 1603 1642 animi
1640 1586 1810 1642 refre-

1917 574 2134 629 dolores
2154 587 2366 643 quoque
2386 587 2448 626 ac
2469 573 2792 628 detrimenta
2819 581 3193 640 contemnere,
3219 584 3496 646 tamquam

1916 667 2159 738 quotidie
2199 667 2542 721 moriturum.
2566 665 2621 719 In
2664 666 2759 720 illo
2791 680 3022 735 namque
3073 665 3220 721 utilis
3259 675 3342 721 est
3374 683 3500 735 pru-

1916 761 2157 831 densque
2205 759 2482 825 discretio,
2530 758 2723 829 mquali
2773 759 3099 814 monachum
3149 759 3498 818 districtione

1917 853 2124 909 faciens
2164 867 2382 922 semper
2409 852 2683 919 incedere,
2718 868 2818 908 nec
2841 853 3164 922 permittens
3204 853 3305 907 sub
3335 869 3498 911 occa-

1917 948 2068 1000 sione
2093 943 2354 999 debilitati
2383 943 2625 1013 corporis
2646 943 2714 998 de
2741 943 2923 999 arduis
2949 945 3013 998 ad
3033 945 3496 1013 perniciosiSsima

1918 1045 2186 1106 prerupta
2216 1035 2429 1090 devolvi
2461 1051 2476 1092 :
2511 1036 2562 1089 in
2609 1034 2712 1090 hoc
2737 1052 2867 1091 vero
2899 1039 3316 1106 magnanimitas
3349 1037 3497 1093 salu-

1919 1129 2069 1194 taris,
2099 1141 2220 1196 qum
2250 1126 2426 1181 valeat
2455 1141 2560 1182 non
2591 1126 2764 1182 solum
2794 1143 2916 1198 qua:
2950 1129 3203 1183 videntur
3237 1144 3497 1198 prospera

1918 1219 2102 1274 mundi
2144 1220 2428 1289 praesentis
2463 1219 2768 1288 despicere,
2813 1235 2998 1274 verum
3041 1222 3204 1275 etiam
3253 1221 3500 1276 adversis

1920 1312 2273 1380 tristibusque
2307 1327 2410 1366 non
2445 1311 2638 1381 frangi,
2668 1321 2724 1368 et
2753 1328 2816 1366 ea
2844 1313 2991 1368 velut
3032 1329 3197 1382 parva
3241 1315 3501 1383 nullaque

1917 1403 2415 1470 contemnere,illic
2446 1403 2871 1473 habensjngiter
2899 1405 3132 1459 defixum
3163 1419 3274 1459 sua:
3305 1405 3502 1458 mentis

1916 1495 2193 1562 intuitum,
2225 1511 2330 1565 quo
2357 1494 2602 1564 quotidie
2639 1495 2970 1564 singulisque
3003 1496 3289 1550 momentis
3319 1507 3498 1548 accer~

1916 1587 2146 1643 sendum
2174 1603 2296 1644 esse
2325 1602 2384 1643 se
2409 1587 2602 1641 credit.

1303 1701 1563 1757 ALARDI
1601 1701 1830 1759 GAZEI
1867 1703 2437 1761 COMMENTARIUS.

302 1812 783 1902 epeosillacarios
800 1815 1084 1902 sanctitate
1099 1814 1348 1902 celebres
1373 1827 1428 1871 et
1448 1826 1830 1902 contetnpora-
1859 1823 1903 1882 Β
1931 1830 2006 1874 set
2054 1819 2638 1902 ngyptiq'pei-pmnia,
2675 1823 2731 1902 in.
2765 1820 2862 1902 hoc
2912 1823 3335 1902 variabat-quod
3382 1842 3508 1894 erga

237 1899 361 1939 neos
390 1896 790 1938 commemorat
819 1886 1070 1941 Socrates
1104 1885 1400 1940 historicus
1448 1888 1534 1941 his
1581 1885 1762 1944 verbis
1797 1908 1810 1943 :

238 1953 298 2008 Id
325 1959 571 2023 temporis
595 1957 730 2009 inter
754 1959 1032 2009 monachos
1056 1959 1266 2026 fuerunt
1291 1959 1393 2011 duo
1417 1960 1514 2012 viri
1546 1959 1652 2012 Deo
1669 1977 1816 2015 ama-

239 2027 372 2101 biles,
400 2027 609 2079 nomine
651 2027 1186 2101 uterquellacarius,
1215 2045 1350 2082 unus
1374 2045 1443 2101 ea:
1463 2028 1694 2101 Egypto
1729 2048 1820 2085 su-

237 2099 450 2165 periore,
481 2107 614 2150 atter
647 2095 1050 2162 Alexandrinus,
1081 2100 1232 2152 ambo
1273 2099 1450 2152 multis
1494 2095 1643 2154 rebus
1684 2104 1816 2155 insi-

239 2183 373 2237 gnes,
407 2176 624 2237 prapter
652 2167 1030 2231 abstinentiam,
1053 2171 1512 2237 conversationem,
1545 2188 1732 2239 mores,
1765 2183 1815 2227 et

239 2239 480 2313 miracula
536 2252 650 2313 qua:
689 2254 866 2292 eorum
913 2240 1148 2313 manibus
1195 2242 1497 2313 agebantur.
1529 2241 1818 2313 ngyptius

243 2307 369 2380 enim
411 2307 680 2380 Macarius
727 2319 928 2362 tantum
957 2307 1251 2364 morborum
1289 2312 1511 2380 depulit,
1544 2307 1817 2366 et'tantum

240 2379 522 2454 demonum
553 2377 820 2454 eﬂ'ugavit,
845 2390 897 2432 ut
931 2396 994 2433 ea:
1021 2384 1139 2454 ejus
1159 2377 1393 2449 aperibus
1412 2381 1543 2454 liber
1571 2385 1816 2454 praprius

239 2447 520 2523 expleatur:
546 2447 678 2501 Erai
689 2461 877 2523 ‘autem
899 2447 1224 2523 revefendui,
1250 2461 1298 2506 et
1323 2468 1443 2523 erga
1460 2447 1815 2522 delinquentes

239 2518 448 2574 severus.
479 2518 651 2573 Porro
677 2519 940 2575 Macarius
969 2522 1355 2576 Alexandrinus
1377 2518 1494 2576 cum
1519 2518 1708 2579 similis
1735 2542 1814 2579 es-

1931 1896 2258 1964 consulentes
2280 1891 2499 1964 hilarior
2520 1892 2822 1962 apparebat,
2847 1901 2894 1946 et
2912 1894 3047 1945 vultu
3075 1891 3278 1960 [arti/ica
3296 1891 3510 1964 juvenes

1923 1963 1992 2032 ad
2022 1962 2459 2015 conversationem
2516 1963 2808 2014 inducebat.
2850 1964 2973 2015 llzrc
3006 1964 3096 2016 ille
3129 1962 3358 2032 (Socriit.
3389 1968 3426 2020 l.
3457 1981 3510 2020 tv

1924 2031 2067 2085 Hist.
2093 2048 2140 2086 c.
2166 2033 2264 2091 l8:
2291 2043 2336 2085 et
2366 2032 2508 2086 Hist.
2537 2031 2762 2097 Tripart.
2786 2033 2822 2085 Ι.
2845 2049 2955 2091 vut.
2983 2050 3026 2085 c.
3061 2035 3108 2096 l;
3134 2031 3341 2088 Sozam.
3368 2038 3404 2088 Ι.
3428 2052 3510 2102 ιιι,

1924 2119 1969 2154 c.
2008 2105 2100 2166 i5;
2139 2102 2351 2156 Pallad.
2384 2105 2434 2155 in
2466 2102 2709 2156 Lausiac.
2738 2121 2782 2156 c.
2816 2104 2879 2158 l9
2911 2114 2954 2155 et
2983 2104 3080 2167 90;
3120 2105 3334 2167 Suidas,
3367 2107 3508 2160 t'erb.

1925 2172 2209 2244 Macarius,
2241 2175 2332 2244 ult.
2383 2182 2518 2244 part.
2551 2175 2587 2226 l.
2617 2189 2673 2226 ιιι
2702 2190 2748 2226 c.
2775 2173 2843 2236 2;
2879 2173 3105 2244 Ruﬁnus
3129 2177 3165 2227 ι.
3199 2191 3233 2228 tt
3269 2174 3412 2227 Hist.
3457 2194 3510 2233 c.

1923 2246 1977 2306 4,
2010 2255 2054 2296 et
2079 2242 2220 2296 Hist.
2257 2242 2481 2313 Tripurt.
2508 2245 2546 2297 ι.
2575 2259 2645 2297 vtt
2676 2261 2724 2295 c.
2756 2244 2868 2314 59).
2901 2243 3084 2314 Utrins
3125 2261 3253 2298 vero
3294 2245 3514 2300 Macarii

1926 2315 2090 2368 fuerit
2148 2315 2237 2368 illa
2288 2315 2577 2380 sententia,
2618 2330 2778 2382 quam
2832 2313 3004 2367 refert
3047 2313 3360 2380 Cassianus,
3387 2331 3513 2372 cum

1926 2386 2040 2451 ipse
2075 2400 2179 2438 non
2233 2385 2581 2453 expresserit,
2617 2385 2783 2437 nolim
2829 2394 3028 2438 temere
3060 2387 3355 2438 aftirmare.
3384 2388 3507 2441 Alia

1921 2454 2106 2525 itidem
2134 2455 2344 2510 abbatis
2374 2455 2589 2509 Macarii
2621 2455 2765 2509 t’icta
2797 2453 3108 2509 referuntur
3129 2456 3309 2509 collat.
3332 2457 3365 2510 5
3385 2471 3508 2525 cap.

1922 2524 2010 2593 12,
2042 2537 2096 2580 et
2121 2527 2302 2581 collat.
2327 2525 2396 2580 Ἡ
2420 2541 2542 2596 cap.
2575 2527 2661 2580 l5.

1263 2750 1747 2863 LIBER
1829 2749 2471 2859 SEXTUS.

1425 2931 1509 2983 DE
1541 2934 1793 2986 SPIRITU
1828 2934 2332 2988 FORNICATIONIS.

736 3172 964 3231 CAPUT
1004 3173 1294 3230 PRIMUM.

305 3276 330 3305 ⁸
358 3266 665 3324 Secundum
694 3267 875 3332 nobis,
904 3267 1053 3336 juxta
1083 3267 1427 3324 traditionem
1458 3267 1696 3332 Patrum,
1727 3267 1822 3322 ad-

1932 3189 2122 3230 versus
2143 3175 2389 3244 spiritum
2414 3176 2786 3232 fornicationis
2829 3185 3102 3234 certamen
3151 3189 3255 3245 est,
3301 3179 3518 3252 longum

1929 3282 2040 3338 prae
2068 3267 2284 3322 creteris
2317 3283 2380 3322 ac
2415 3269 2760 3336 diuturnum,
2785 3277 2842 3325 et
2884 3271 3168 3340 perpaucis
3220 3272 3286 3326 ad
3318 3288 3512 3343 purum

1309 3402 1565 3460 ALARDI
1605 3400 1830 3458 GAZEI
1871 3401 2426 3458 COMMENTARIUS.

309 3532 332 3559 ι
383 3519 519 3575 Cum
551 3519 694 3572 inter
725 3516 854 3570 vitia
893 3516 1137 3585 capitalia
1182 3515 1290 3570 duo
1340 3517 1449 3570 sint
1475 3515 1734 3577 carnalia,
1765 3524 1824 3569 ut
1849 3516 1894 3578 C
1929 3516 2057 3568 ritus
2083 3516 2463 3636 fornicationis,
2493 3517 2758 3585 accipitur
2786 3517 3073 3573 fornicatio
3097 3521 3392 3588 generatim
3420 3537 3520 3590 pro

309 3601 445 3636 dum
473 3599 556 3636 est
581 3603 645 3636 ex
681 3587 746 3636 D.
780 3587 1040 3636 Gregorio
1070 3587 1229 3636 (Vide
1260 3587 1437 3636 collat.
1472 3587 1506 3636 5
1525 3603 1642 3636 can.
1678 3587 1708 3636 4
1731 3586 1818 3636 lib.
1929 3588 2058 3636 vitio
2105 3592 2330 3636 uxurim-
2357 3587 2499 3636 (ιιιοά
2527 3589 2820 3636 onnnnitur
2841 3590 3101 3636 castitati-
3129 3602 3178 3636 et
3207 3600 3426 3636 minatur
3449 3593 3520 3636 ah

243 3593 445 3648 dictum
473 3599 556 3642 est
581 3603 645 3642 ex
681 3587 746 3641 Ι).
780 3587 1040 3655 Gregorio
1070 3587 1229 3657 (Vide
1260 3587 1437 3639 collat.
1472 3587 1642 3655 5cap.
1678 3586 1818 3657 Ηίό.

241 3677 272 3717 v
292 3681 336 3716 c.
355 3664 438 3732 1),
459 3661 596 3714 inter
612 3659 730 3712 haec
746 3659 982 3732 secundo
1006 3656 1360 3732 locopOnitur
1377 3656 1823 3732 luxtiria_,_ortline

241 3726 458 3801 quidem
490 3743 770 3801 congruo_:
804 3729 1262 3801 quandoquidem,
1296 3737 1440 3801 teste
1462 3726 1824 3801 D._iiierony-

242 3797 325 3859 lito
347 3804 514 3872 epist.
551 3797 843 3872 HG,__Gula
867 3799 1025 3868 fomes
1048 3799 1113 3852 sit
1146 3811 1191 3872 et
1212 3809 1375 3872 mater
1404 3799 1675 3872 libidinis,
1708 3813 1824 3850 ven-

243 3869 473 3944 tremque
509 3871 626 3944 cibo
667 3869 948 3944 distentum
992 3879 1036 3922 et
1066 3870 1170 3923 vini
1217 3870 1508 3944 potionibus
1553 3870 1824 3944 irrigatum

242 3939 484 4015 voluptas
513 3941 812 4015 genitalium
841 3950 1083 4015 sequatur
1103 3981 1119 4005 ,
1150 3951 1197 4015 et
1219 3939 1322 4015 pro
1357 3940 1545 4015 ordine
1572 3939 1827 4015 membro:

243 4008 599 4068 rum'ordo—sit
620 4011 878 4064 vitiorum.
910 4009 1062 4065 Unde
1079 4019 1134 4064 et
1153 4008 1441 4064 Cassianus
1459 4009 1584 4063 alibi
1610 4009 1765 4077 (Coll.
1791 4009 1825 4063 5

243 4101 285 4137 c.
332 4087 432 4150 lu)
489 4082 654 4143 dicit,
704 4081 1080 4150 gastrimargice
1133 4081 1524 4150 fornicationem
1577 4079 1827 4146 peculiari

245 4149 512 4208 consortio
543 4149 797 4219 foederari.
830 4149 970 4203 Nam
987 4149 1270 4219 sicut'gula
1300 4151 1508 4217 respicit
1532 4150 1716 4202 bonum
1748 4151 1827 4202 in-

245 4225 468 4286 diridui,
498 4226 584 4276 sed
605 4221 919 4284 inordinate,
943 4223 993 4274 in
1022 4224 1132 4274 cibo
1156 4233 1201 4273 et
1223 4234 1378 4290 pom;
1407 4222 1479 4274 sic
1504 4221 1713 4273 luxuria
1741 4220 1828 4272 bo-

247 4313 360 4348 num
392 4294 589 4363 specici
617 4293 908 4363 inordinate
933 4293 1259 4363 prosequitur
1284 4294 1334 4346 in
1357 4291 1830 4363 venereis_delecta-

247 4360 506 4423 tionibus.
548 4363 620 4416 ait
664 4363 721 4416 S.
763 4360 999 4433 Thomas
1043 4360 1182 4430 (17-2,
1219 4380 1273 4433 q.
1305 4364 1394 4433 84,
1435 4371 1536 4416 art.
1568 4360 1646 4428 4).
1693 4361 1829 4415 liinc

245 4433 527 4504 Scriptura
558 4434 752 4501 passim
786 4432 899 4485 hzrc
929 4433 1034 4504 duo
1059 4434 1181 4486 vitia
1231 4432 1530 4501 eonjuiigit.
1580 4435 1704 4504 use.
1726 4446 1825 4504 _tv:

247 4501 581 4566 Fornicatio,
611 4505 781 4555 vinum
821 4511 866 4555 et
909 4503 1123 4556 ebrietas
1171 4508 1414 4570 auferunt
1463 4518 1570 4555 cor.
1617 4501 1826 4555 Eccles.

247 4591 328 4630 xtx
363 4596 376 4630 :
438 4573 629 4626 Vinum
655 4573 968 4644 et‘mulieres
1006 4585 1296 4644 apostatare
1335 4573 1529 4636 faciunt
1553 4572 1827 4644 sapientes.

247 4644 518 4700 Proverh.
549 4659 617 4696 xx
644 4663 655 4695 :
689 4641 978 4696 Luxuriosa
1009 4639 1088 4696 res
1115 4645 1308 4696 vinum.
1344 4644 1540 4711 Ephes.
1565 4658 1621 4694 v:
1654 4639 1830 4695 Nolite

245 4715 499 4770 inebriari
519 4715 632 4767 vino
659 4716 711 4766 in
737 4730 836 4782 quo
857 4725 928 4766 est
956 4712 1184 4766 luxuria.
1222 4713 1482 4780 Spiritum
1516 4713 1823 4765 fornicatio~

249 4788 326 4840 nis
380 4794 546 4840 voeat
593 4791 792 4838 Auctor
837 4783 1016 4852 phrasi
1068 4783 1385 4854 Scripturze,
1435 4798 1556 4852 qua:
1583 4783 1828 4854 spiritum

247 4858 391 4912 varia
421 4854 817 4925 signiﬁcatione
842 4855 999 4908 modo
1028 4858 1079 4908 in
1107 4853 1322 4920 bonam,
1355 4855 1517 4908 modo
1554 4855 1604 4925 in
1636 4853 1830 4925 malam

1929 3588 2058 3638 vitio
2084 3587 2330 3650 luxuriae,
2357 3587 2499 3652 quod
2527 3589 2820 3655 Opponitur
2841 3587 3178 3653 castitati,’et
3207 3587 3430 3645 vocatur
3449 3593 3520 3648 ab

1925 3655 2458 3731 hp_n.s_tnln,_adGal.
2491 3673 2546 3731 v,
2584 3658 2844 3731 ἀσέλγεια,
2874 3659 3014 3731 quod
3045 3661 3519 3731 intemperantiam

1927 3725 2162 3779 libidinis
2192 3727 2472 3794 significat.
2504 3730 2633 3781 Esse
2663 3725 2840 3782 autem
2885 3725 2986 3781 hnc
3019 3725 3262 3783 viliume
3290 3747 3519 3787 numero

1926 3796 2255 3865 capatalinm,
2285 3796 2351 3850 de
2377 3812 2605 3866 quorum
2637 3799 2832 3860 causis,
2865 3797 3147 3852 affectibus
3177 3808 3230 3853 et
3263 3803 3521 3858 remediis

1926 3870 2034 3936 agit
2056 3865 2107 3919 in
2135 3867 2222 3939 his
2240 3865 2405 3939 libris
2421 3867 2729 3933 Cassianus,
2764 3870 2922 3923 docet
2943 3872 3103 3922 etiam
3131 3869 3193 3922 Ι).
3224 3870 3522 3939 Gregorius

1929 3939 2024 3992 lib.
2055 3952 2178 3990 xxxt
2209 3937 2395 3991 Moral.
2427 3953 2474 3991 c.
2503 3939 2594 4002 51,
2639 3947 2693 3992 et
2738 3941 2878 3993 ratio
2907 3941 3202 4004 eonvincit,
3238 3937 3360 3994 cum
3389 3958 3523 3998 con-

1928 4019 2033 4062 stet
2056 4024 2120 4059 ex
2149 4006 2358 4078 luxuria
2383 4016 2653 4077 tamquam
2684 4024 2748 4063 ex
2778 4009 2923 4064 fonte
2953 4011 3100 4078 plura
3121 4011 3224 4064 alia
3249 4011 3374 4067 vitia
3408 4029 3523 4068 ma-

1929 4094 2060 4132 nare
2101 4077 2185 4145 (S.
2211 4077 2393 4149 Thom.
2429 4079 2551 4139 2-2.
2584 4096 2636 4149 q.
2661 4078 2798 4149 ⁸155,
2830 4090 2930 4133 art.
2956 4077 3050 4144 ’4).
3093 4080 3250 4136 Unde
3298 4097 3524 4139 enume-

1931 4161 2116 4203 rantur
2145 4165 2173 4202 a
2193 4148 2317 4201 divo
2341 4147 2603 4217 Gregorio
2628 4147 2755 4219 (Ubi
2785 4151 2966 4220 supra)
2985 4160 3096 4204 octo
3125 4153 3246 4209 ﬁlice
3270 4153 3519 4220 luxuria',

1932 4220 2196 4292 nimirum,
2229 4221 2428 4273 caecitas
2449 4221 2651 4283 mentis,
2682 4222 3058 4292 prtecipitutio,
3093 4224 3303 4276 inconsii
3321 4226 3520 4292 leratio,

1931 4290 2295 4362 inconstantia,
2321 4305 2467 4342 amor
2497 4292 2601 4353 sui,
2645 4292 2820 4344 odium
2848 4290 2966 4353 Dei,
2997 4291 3210 4358 a/fectus
3250 4290 3520 4362 pra’sentis

1930 4361 2129 4424 swculi,
2152 4370 2198 4413 et
2229 4359 2410 4413 horror
2434 4363 2619 4429 futuri,
2647 4376 2868 4428 quarum
2901 4363 3160 4415 rationem
3189 4359 3522 4420 et'n‘dinem

1931 4432 2152 4502 exponit
2175 4430 2237 4483 D.
2270 4430 2504 4484 Thomas
2525 4431 2768 4502 (Art.£>).
2803 4431 2972 4485 Porro
3001 4443 3248 4487 naturam
3276 4433 3390 4488 v'tii
3421 4435 3523 4489 hu-

1929 4501 2015 4568 jus
2065 4501 2288 4569 ejusque
2338 4501 2678 4570 expugnandi
2728 4502 2946 4554 modum
2997 4502 3222 4570 pulchre
3264 4503 3524 4559 describit

1933 4571 2074 4624 idem
2125 4572 2416 4641 Greuorius
2446 4569 2596 4641 (Lib.
2623 4586 2672 4624 vt
2703 4573 2756 4624 in
2786 4571 2826 4625 ll
2856 4569 3060 4641 Regsc.
3093 4579 3208 4639 xv),
3242 4574 3523 4641 explicans

1935 4641 2067 4695 illttd
2097 4641 2238 4709 quod
2268 4640 2337 4710 de
2367 4640 2619 4694 Amalech
2650 4643 2716 4694 ad
2744 4640 3000 4710 populum
3040 4640 3392 4698 Israeliticnm
3440 4646 3522 4698 di-

1935 4721 2077 4783 ctuut
2107 4719 2190 4764 est
2214 4728 2226 4763 :
2251 4709 2370 4783 Non
2397 4727 2579 4783 parcas
2607 4713 2676 4775 ei,
2707 4723 2756 4765 et
2779 4709 2877 4766 non
2906 4717 3237 4783 concupiscas
3259 4714 3401 4765 illius
3421 4716 3528 4767 ali-

1934 4782 2060 4851 quid
2086 4797 2105 4845 ;
2138 4783 2225 4834 sed
2256 4782 2486 4850 interﬁce
2511 4798 2539 4833 α
2569 4783 2673 4835 viro
2703 4799 2861 4850 usque
2883 4786 2952 4836 ad
2985 4782 3270 4846 mulierem,
3303 4793 3346 4835 et
3390 4801 3520 4852 par-

1936 4854 2130 4916 vulum,
2163 4861 2210 4904 ct
2241 4852 2530 4916 lactentem,
2558 4862 2607 4905 et
2639 4855 2830 4914 bovem,
2864 4864 2912 4908 et
2952 4855 3175 4916 asinum,
3204 4863 3252 4906 et
3280 4868 3440 4915 orent,
3477 4864 3528 4907 et

248 4939 461 4994 partem
480 4921 708 4992 vaccipit,
743 4937 795 4979 ct
825 4934 931 4994 tam
961 4926 1247 4978 virtutibus
1277 4941 1433 4992 quam
1459 4923 1603 4976 vitiis
1633 4921 1829 4990 passim
1859 4926 1911 4984 D
1937 4925 2209 4994 camelum.
2244 4922 2371 4987 Quis
2403 4933 2475 4976 est
2505 4932 2696 4987 autem,
2730 4925 2922 4993 inquit,
2947 4925 3036 4994 qui
3061 4924 3224 4986 parcit
3248 4922 3521 4984 Amalech,

251 4993 346 5052 hoc
374 4998 704 5052 vocabulum
736 4993 942 5049 tribuit.
975 4995 1106 5048 Nam
1137 4996 1274 5049 dona
1301 4995 1535 5062 Spiritus
1563 4995 1730 5048 sancti
1762 4993 1830 5045 ab

249 5066 382 5122 Isaia
416 5077 628 5134 septem
674 5065 893 5133 spiritus
920 5075 1387 5132 enutneranturet
1418 5063 1833 5118 denominantni‘

251 5137 347 5208 (ιε.
387 5138 470 5209 ιι)
501 5155 512 5188 :
542 5147 596 5192 et
622 5140 674 5190 in
701 5137 1031 5209 Apocalypsi
1065 5136 1319 5209 dicuntur
1339 5181 1352 5204 ,
1371 5135 1592 5209 Septem
1622 5135 1834 5209 spiritus

249 5203 392 5263 missi
426 5203 483 5262 iit
510 5222 711 5260 omnem
757 5203 947 5259 terram
975 5207 1212 5277 (Apocal.
1249 5207 1326 5269 v).
1358 5203 1487 5277 om
1537 5203 1745 5277 Daniel_
1778 5203 1831 5257 in

248 5283 441 5346 spiritu
478 5277 798 5332 humilitatis
828 5287 882 5330 et
911 5274 1093 5330 animo
1119 5280 1370 5331 contrito.
1402 5276 1584 5329 Daniel
1611 5291 1688 5329 Ill.
1717 5274 1837 5343 Spi-

249 5351 413 5403 ritum
471 5350 632 5402 etiam
680 5347 1106 5402 mansuetudinis
1134 5356 1188 5401 et
1216 5348 1449 5401 lenitatis
1499 5347 1839 5400 commendat

248 5419 552 5487 Apostolus
581 5418 868 5472 ICorinth.
917 5435 986 5482 tv,
1021 5418 1087 5470 ad
1115 5417 1292 5473 Galat.
1322 5433 1393 5470 vr.
1427 5417 1468 5470 Ε
1505 5418 1838 5487 diverso,_et

250 5485 412 5544 veluti
450 5506 546 5555 per
585 5489 874 5558 quamdam
911 5489 1226 5542 antithesim
1255 5498 1308 5543 et
1331 5488 1720 5558 antonymiam,
1750 5485 1835 5539 di-

248 5562 388 5614 t'itur
415 5560 648 5628 Spiritus
679 5559 942 5625 superbiw,
972 5559 1195 5612 Zacltar.
1233 5575 1283 5612 tv
1309 5575 1323 5624 ;
1355 5559 1586 5624 Spiritus
1615 5558 1840 5625 fornica-

249 5634 431 5692 tionis,
459 5635 582 5684 Usc.
621 5645 675 5684 tv
704 5642 753 5682 et
783 5646 843 5696 v;
895 5630 1120 5698 Spiritus
1147 5631 1366 5698 soporis,
1400 5629 1449 5682 id
1491 5639 1592 5695 est,
1623 5640 1841 5698 sntnnof

250 5703 458 5764 lentim,
491 5717 585 5755 seu
613 5701 835 5762 acediae,
869 5696 968 5753 lsa.
1015 5715 1172 5765 xxtx;
1207 5696 1446 5770 Spiritus
1475 5698 1754 5770 vertiginis,
1787 5696 1839 5749 id

250 5785 352 5837 est,
388 5770 620 5833 erroris,
646 5770 750 5823 lsa.
777 5787 896 5834 xtx;
929 5771 1157 5837 Spiritus
1184 5769 1470 5841 zelatypite,
1500 5785 1610 5841 seu
1629 5769 1838 5841 iracun-

252 5843 380 5910 diae,
411 5841 499 5898 vel
529 5841 770 5907 invidias,
801 5841 1023 5899 Numer.
1052 5857 1104 5896 v.
1138 5839 1468 5898 Porro'cum
1509 5839 1704 5895 dicitur
1733 5839 1844 5910 spi-

542 5937 816 5999 Pnnot.
867 5933 1078 5999 XLIX

1933 4993 2150 5072 nisigui
2168 5002 2260 5076 qut
2280 4994 2343 5076 in
2373 4994 2698 5076 cogitatione,
2721 4996 2896 5076 autin.
2917 4993 3025 5054 ore,
3059 5005 3146 5074 aut
3172 4995 3409 5076 infame
3439 4995 3520 5046 In.

1934 5063 2105 5115 sciviw
2126 5063 2326 5132 aliquid
2352 5063 2571 5134 retinet?
2599 5063 2739 5116 Nam
2764 5064 3340 5134 pleriqueturpitudinis
3366 5079 3526 5127 opera

1937 5149 2036 5186 non
2064 5142 2318 5196 exercent,
2349 5133 2440 5186 sed
2468 5133 2696 5203 linguam
2723 5133 2925 5202 aiturpi
2954 5133 3215 5187 locutione
3246 5149 3344 5184 non
3379 5135 3528 5186 cohi-

1939 5203 2054 5255 bent
2079 5220 2097 5268 ;
2123 5205 2350 5272 plerique
2377 5221 2466 5269 per
2487 5220 2617 5274 opus
2639 5203 2900 5258 luxuriam
2931 5206 3109 5270 vitant,
3141 5219 3230 5272 per
3250 5203 3528 5272 cogitatio-

1941 5290 2053 5326 nem
2069 5291 2170 5328 non
2188 5275 2350 5327 vitant
2366 5289 2385 5337 ,'
2401 5275 2616 5344 quidam
2633 5276 2765 5328 nihil
2780 5286 2928 5344 turpe
2941 5285 3122 5344 agunt,
3142 5274 3230 5326 sed
3246 5275 3527 5344 quodactu

1941 5345 2227 5416 refugiunt,
2258 5343 2419 5398 corde
2434 5347 2821 5416 concupiscunt.
2849 5343 3022 5416 Parcit
3050 5345 3223 5416 itaque
3249 5343 3522 5408 Amalech,

1943 5416 2030 5484 qui
2058 5415 2408 5468 blandimenta
2437 5414 2658 5469 lascivia:
2684 5427 2770 5467 aut
2815 5416 2866 5468 in
2901 5414 3176 5484 locutione,
3211 5423 3307 5484 aut
3321 5431 3410 5484 per
3440 5416 3524 5467 in-

1946 5487 2242 5552 tentionem,
2272 5495 2358 5537 aut
2388 5502 2477 5553 per
2499 5487 2853 5554 cogitationem
2881 5494 3026 5537 tenet.
3066 5483 3235 5537 Dicit:
3263 5483 3384 5536 Nan
3407 5503 3530 5551 par-

1947 5571 2033 5609 cas
2053 5559 2118 5622 ei,
2155 5558 2276 5623 quia
2302 5557 2365 5609 de
2390 5566 2493 5608 tant
2519 5556 2826 5621 nequissimo
2847 5556 2967 5607 vitio
2986 5555 3114 5607 nihil
3143 5555 3355 5608 accendi
3382 5557 3530 5610 debet

1948 5627 2001 5678 in
2030 5636 2212 5688 mente,
2237 5627 2368 5696 nihil
2399 5626 2623 5692 permitti
2648 5625 2832 5677 ardere
2860 5627 2910 5676 in
2937 5641 3105 5694 opere.
3134 5623 3256 5678 Non
3282 5627 3529 5696 concupii-

1911 5743 1914 5748 .
1948 5712 2055 5750 sces
2081 5697 2246 5764 ipsius
2275 5695 2491 5764 aliquid,
2516 5705 2570 5746 ut
2593 5696 2790 5763 penitus
2819 5695 3108 5748 eradicetur
3136 5713 3168 5748 a
3195 5695 3525 5763 cogitatione.

1952 5765 2052 5833 Qui
2077 5778 2192 5818 sunt
2218 5767 2313 5819 viri
2339 5765 2698 5834 interﬁciendi,
2733 5765 2833 5818 nisi
2858 5765 3132 5819 suadentes
3160 5775 3328 5819 motus
3359 5767 3530 5834 turpi-

1947 5837 2178 5892 tudinis?
2211 5835 2322 5890 Viri
2341 5836 2525 5890 etenim
2545 5844 2687 5904 sunt,
2715 5835 2836 5921 quia
2881 5838 3122 5890 violenter
3145 5844 3448 5906 suggerunt,
3481 5843 3544 5916 et.

2935 5930 2976 5998 9
