3986 6320
404 378 506 439 271

1724 364 1945 422 JOANN
1949 362 2010 423 IS
2045 360 2362 422 CASSIANI

3577 363 3693 422 272

404 504 547 552 stum
570 532 586 558 ,
616 498 672 548 et
694 534 710 560 ,
750 495 810 545 ut
837 488 912 545 ita
937 484 1114 544 dicam
1134 527 1151 555 ,
1193 483 1249 539 in
1277 481 1526 540 affectum
1552 481 1876 551 integritatis
1903 481 1992 537 vel
2018 487 2074 546 Α
2096 495 2248 537 cesse
2275 487 2359 536 est
2386 480 2530 535 enim
2562 494 2999 554 unumquemque
3038 479 3092 538 in
3122 481 3509 540 colluctatione
3538 485 3692 554 posi-

405 583 829 654 incorruptionis
877 580 1140 645 transire,
1179 587 1206 616 λ
1241 577 1387 648 quod
1429 576 1624 630 dicitur
1651 573 1798 648 ἁγνὸν
1828 592 1841 628 :
1874 589 1995 644 quae

407 679 580 733 virtus
609 676 717 731 illis
747 675 879 730 solis
911 671 1162 728 tribuitur
1191 669 1432 724 maxime
1451 710 1466 736 ,
1495 667 1590 738 qui
1621 667 1878 736 virgines,
1907 667 1994 722 vel

408 779 613 834 mente,
643 767 728 823 vel
757 780 918 822 carne
946 763 1262 834 perdurant,
1287 759 1318 800 1³
1344 770 1401 817 ιιι
1425 758 1916 839 ιιιθιηυθιςιυεηηθε
1939 757 1993 813 in

404 879 553 918 novo
573 862 948 924 Testamento;
975 869 997 897 ο
1023 857 1076 912 in
1100 856 1266 912 veteri
1286 869 1498 925 quoque
1519 853 1686 918 Eli-as,
1709 850 1993 916 Jeremias,

401 954 594 1010 Daniel
621 954 788 1008 fuisse
814 959 1133 1006 noscuntur.
1161 949 1222 1005 In
1247 961 1480 1018 quorum
1508 944 1676 1015 gradu
1705 943 1760 998 hi
1785 957 1998 1014 quoque

406 1062 515 1101 non
563 1045 834 1099 immerito
868 1042 1291 1113 reputabuntur,
1331 1038 1423 1108 qui
1464 1047 1584 1108 post
1621 1035 1996 1106 experimenta

407 1135 770 1206 corruptionis
792 1134 860 1190 ad
881 1134 1113 1190 similem
1137 1131 1390 1202 puritatis
1411 1137 1607 1185 statum
1635 1142 1730 1197 per
1756 1125 1998 1181 laborem

411 1228 629 1297 longum
658 1236 713 1282 et
757 1225 1077 1280 industriam
1116 1223 1427 1292 integritate
1468 1220 1669 1275 mentis
1709 1226 1764 1272 et
1809 1231 2001 1286 corpo-

409 1321 489 1376 ris
518 1327 902 1390 pervenerunt,
931 1327 987 1373 et
1010 1315 1230 1371 aculeos
1255 1314 1436 1370 carnis
1459 1328 1566 1367 non
1594 1323 1700 1365 tam
1721 1313 2000 1379 impugna-

396 1412 560 1476 tione
601 1408 1060 1480 concupiscentiae
1092 1407 1284 1476 turpis,
1326 1419 1488 1476 quam
1518 1410 1724 1457 naturae
1756 1411 1998 1458 tantum-

408 1505 574 1560 modo
603 1514 755 1560 motu
784 1503 1044 1559 sentiunt.
1089 1501 1258 1568 Quem
1289 1507 1489 1554 statum
1521 1496 1752 1551 dicimus
1781 1494 2000 1549 difﬁcil-

408 1597 539 1652 lime
559 1611 716 1665 posse
737 1597 879 1651 inter
901 1594 1185 1650 hominum
1210 1592 1396 1647 turbas
1423 1587 1789 1660 apprehendi;
1822 1596 2000 1642 utrum

410 1706 540 1746 vero
562 1699 617 1746 et
643 1689 988 1760 impossibile
1009 1687 1099 1753 sit,
1125 1687 1493 1756 unusquisque
1525 1699 1632 1739 non
1663 1691 1847 1737 nostra
1875 1695 2003 1736 sen-

411 1784 578 1840 tentia
607 1791 886 1854 exspectet
913 1795 1242 1853 agnoscere,
1274 1779 1369 1835 sed
1407 1779 1757 1834 conscientia:
1784 1790 1896 1830 suae
1923 1774 2001 1828 ri-

2099 583 2249 641 tum,
2301 573 2544 645 quamvis
2593 575 2905 646 lrequenter
2962 576 3334 634 adversarium
3392 581 3574 636 vincat
3622 595 3690 636 ac

2096 675 2332 738 superet,
2365 675 2421 722 et
2444 668 2618 737 ipsum
2648 675 2824 724 tamen
2852 668 3143 740 aliquando
3176 671 3406 727 turbari.

2725 777 2954 837 CAPUT
2994 781 3058 837 V.

2102 871 2253 939 Quod
2298 871 2622 944 impugnatio
2667 873 3024 957 fornicationis
3083 875 3194 957 uolo
3249 875 3475 931 humano
3517 877 3694 932 studio

2598 961 2701 998 non
2748 955 2910 1016 ροδεη
2936 955 3009 999 evt‘
3017 955 3096 999 nci
3105 986 3118 1000 .

2172 1035 2514 1108 Quapropter
2551 1037 2596 1092 si
2629 1037 2786 1092 nobis
2827 1036 2981 1092 cordi
3017 1044 3105 1093 est
3132 1051 3362 1108 agonem
3391 1039 3694 1109 spiritalem

2101 1145 2226 1186 cum
2270 1132 2532 1200 Apostolo
2566 1130 2804 1200 legitime
2842 1129 3126 1186 decertare
3164 1129 3208 1201 (l
3233 1130 3366 1186 Tim.
3397 1133 3505 1202 tv).
3549 1131 3699 1188 hunc

2103 1222 2590 1279 immundissimum
2621 1223 2870 1292 spiritum
2908 1237 3168 1293 superare
3195 1224 3344 1278 omni
3373 1226 3580 1280 mentis
3614 1227 3697 1281 in-

2104 1314 2372 1379 tentione,
2393 1309 2420 1350 ἀ
2445 1328 2550 1369 non
2580 1313 2782 1368 nostris
2806 1312 3010 1369 viribus
3037 1313 3374 1369 conﬁdentes
3401 1313 3526 1387 (hoc
3547 1317 3696 1370 enim

2103 1406 2369 1462 industria
2396 1407 2628 1461 humana
2661 1408 2922 1476 perlicere
2953 1421 3062 1461 non
3095 1407 3410 1478 praevalet),
3454 1407 3549 1462 sed
3579 1408 3704 1477 opi—

2104 1501 2362 1557 tulatione
2401 1500 2618 1556 Domini
2655 1500 2993 1555 festinemus.
3043 1500 3267 1555 Tamdiu
3314 1515 3547 1571 namque
3596 1501 3702 1557 hoc

2104 1592 2236 1647 vitio
2258 1593 2494 1646 animam
2519 1605 2744 1647 necesse
2765 1601 2850 1648 est
2873 1591 3197 1661 impugnari,
3222 1592 3393 1647 donec
3414 1607 3473 1648 se
3494 1593 3698 1648 bellum

2103 1699 2294 1753 gerere
2321 1699 2484 1753 supra
2514 1684 2660 1739 vires
2686 1699 2814 1739 suas
2845 1693 3138 1754 agnoscat;
3182 1693 3205 1721 θ
3244 1698 3344 1740 nec
3373 1684 3578 1751 labore,
3609 1688 3702 1742 vel

2107 1775 2283 1830 studio
2312 1777 2533 1845 proprio
2563 1776 2846 1830 victoriam
2876 1775 3124 1830 obtinere
3159 1789 3219 1829 se
3247 1790 3430 1844 posse,
3464 1777 3569 1833 nisi
3594 1778 3704 1832 Do-

413 1887 591 1930 metur
612 1876 882 1930 examine.
901 1874 1166 1930 Cteterum
1183 1873 1523 1928 continentes
1541 1869 1740 1924 multos
1758 1868 1994 1923 existere
2023 1877 2072 1938 Β
2096 1870 2226 1924 mini
2254 1868 2422 1926 fuerit
2443 1869 2645 1924 auxilio
2671 1884 2735 1924 ac
2771 1869 3107 1937 protectione
3135 1868 3376 1924 suﬂulta.

414 1983 523 2024 non
566 1968 877 2023 dubitamus
903 2011 916 2035 ,
963 1967 1054 2036 qui
1102 1965 1559 2035 impugnationem
1591 1961 1788 2026 carnis,
1817 1974 2001 2028 quam,

415 2061 501 2114 vel
527 2074 671 2124 raro,
703 2059 788 2113 vel
814 2057 1076 2128 quotidie,
1103 2058 1392 2118 sustinent,
1421 2069 1517 2110 seu
1541 2062 1685 2108 metu
1714 2051 1999 2122 gehennae,

413 2168 511 2210 seu
540 2151 812 2207 desiderio
835 2152 984 2220 regni
1008 2151 1270 2206 caelorum
1296 2148 1644 2219 exstinguunt
1669 2154 1830 2215 atque
1855 2159 2005 2200 com-

375 2288 396 2313 .
418 2252 666 2314 pcscunt.
696 2244 844 2308 Quos
870 2241 1136 2309 seniores,
1166 2243 1308 2296 sicut
1336 2241 1682 2311 pronuntiant
1709 2255 1868 2308 posse
1898 2254 2006 2294 non

416 2337 631 2406 penitus
668 2335 954 2390 incentivis
984 2334 1142 2389 obrui
1168 2335 1420 2388 vitiorum
1441 2375 1455 2399 ,
1488 2335 1560 2387 ita
1591 2347 1812 2387 securos
1839 2341 1896 2387 et
1925 2332 2009 2386 in-

414 2431 685 2485 sauciatos
717 2441 931 2495 semper
958 2427 1193 2482 existere
1230 2442 1337 2481 non
1372 2440 1532 2496 posse
1569 2425 1855 2481 deﬁniunt.
1903 2423 2008 2479 Ne-

2708 1980 2938 2038 CAPUT
2983 1981 3072 2037 VI.

2106 2076 2184 2131 De
2225 2076 2477 2148 peculiari
2518 2076 2686 2147 gratia
2734 2075 2832 2128 Dei
2877 2077 2946 2129 ad
2988 2076 3243 2158 castitatis
3289 2077 3705 2134 consecutionem

2758 2163 3067 2200 necessaria.

2179 2238 2250 2293 Et
2287 2253 2479 2294 revera
2523 2252 2645 2293 cum
2675 2238 2729 2293 in
2761 2237 3010 2293 omnibus
3039 2239 3296 2294 virtutum
3341 2238 3699 2307 profectibus,

2109 2342 2164 2388 et
2185 2340 2501 2386 cunctorum
2525 2334 2920 2401 expugnatione
2941 2332 3215 2395 vitiorum,
3245 2332 3458 2388 Domini
3487 2336 3556 2389 sit
3578 2351 3706 2404 gra-

2110 2425 2180 2479 tia
2204 2433 2365 2494 atque
2390 2423 2639 2488 victoria,
2669 2425 2721 2478 in
2749 2423 2852 2479 hoc
2877 2425 3151 2494 praecipue
3178 2423 3198 2463 τ
3234 2426 3505 2494 peculiare
3533 2428 3704 2485 bene-

1489 2549 1742 2606 ALARDI
1780 2547 2014 2604 GAZ/El
2050 2547 2615 2606 COMMENTARIUS.

488 2675 517 2706 ι
549 2666 733 2738 ’Δγ-νὸς.
759 2673 958 2738 castus,
991 2678 1178 2738 purus,
1200 2663 1575 2738 intemeratus,
1606 2675 1702 2730 pro
1717 2662 1834 2738 :q_uo
1863 2658 2000 2738 Cuy-

416 2737 570 2792 cbius
601 2733 758 2791 liabet
789 2734 950 2799 ἆκιον,
991 2735 1169 2796 idest,
1199 2735 1564 2801 incorruptum
1598 2749 1611 2784 :
1639 2733 1729 2786 sed
1758 2735 1858 2789 hoc
1882 2733 1992 2802 epi-

416 2808 600 2862 theton
630 2807 795 2876 magis
819 2807 962 2875 ligno
985 2802 1411 2876 congruitquam
1439 2804 1663 2876 homini,
1687 2805 1732 2858 si
1760 2805 1996 2859 nominis

416 2873 739 2950 etymologia
760 2947 766 2950 Δ
782 2873 1078 2950 spectetur.
1102 2873 1311 2950 foder
1347 2890 1480 2950 _v_ero
1509 2874 1828 2950 _Busiliensi_s
1857 2877 1990 2950 ᾁκόν,

417 2944 724 3001 mendosius
749 2945 909 3018 (Vide
942 2944 1163 3018 collsi?
1190 2961 1307 3018 cap.
1330 2945 1438 3018 ili
1485 2945 1640 2998 Arist.
1674 2961 1746 3018 vti
1776 2945 1950 3018 Ethic.
1977 2963 1996 3012 ;

418 3017 478 3073 S.
521 3019 706 3072 Thom.
745 3014 873 3076 ‘2-2.
904 3034 952 3083 q.
993 3016 1124 3082 l55,
1158 3024 1260 3070 art.
1291 3014 1366 3085 l).
1415 3016 1583 3069 Porro
1612 3017 1751 3085 quod
1785 3017 1851 3070 ad
1884 3034 1994 3072 rem

415 3091 629 3154 attinet,
653 3087 930 3157 distinguit
955 3086 1041 3140 hic
1061 3086 1516 3157 Cassianusinter
1539 3088 1920 3141 continentiam
1945 3098 1998 3143 et

416 3161 741 3225 castitatem,
773 3155 841 3213 et'
857 3159 1050 3211 multos
1079 3155 1291 3224 quidem
1324 3156 1454 3210 dicit
1483 3171 1602 3211 esse
1630 3157 1994 3224 continentes,

415 3245 713 3297 perpaucos
753 3244 882 3284 vero
912 3237 1089 3297 castos
1115 3268 1128 3290 ,
1172 3228 1510 3296 incorruptos
1535 3271 1548 3290 ,
1583 3243 1677 3281 seu
1727 3229 1996 3297 virgines;

417 3296 920 3371 ubicmttittenliatu
940 3338 959 3371 ,Α
988 3296 1101 3351 sive
1129 3298 1424 3371 ἐγκράτειαν
1459 3298 1682 3371 accipit,
1714 3296 1998 3371 sicutPhi-

417 3372 674 3438 losnpltus
708 3369 761 3424 in
791 3367 1014 3430 Ethicis,
1066 3367 1167 3436 pro
1207 3367 1456 3423 t‘irmitate
1492 3369 1690 3432 animi,
1723 3385 1815 3424 seu
1845 3370 1999 3426 firmo

417 3443 693 3510 proposito
719 3482 733 3505 ,
774 3453 880 3508 quo
909 3440 1030 3509 quis
1063 3455 1122 3493 se
1169 3440 1411 3494 continet
1461 3439 1527 3510 in,
1557 3440 1996 3510 bonorationis,

419 3509 606 3566 eontra
640 3513 898 3578 impulsus
929 3510 1410 3580 concupiscentia},
1442 3509 1635 3579 quibtts
1664 3509 1730 3564 ad
1759 3513 2001 3580 volupta-

419 3593 499 3636 tes
521 3577 777 3637 venereas
796 3579 1106 3646 impellitur.
1125 3577 1275 3635 Unde
1293 3589 1346 3633 et
1361 3577 1700 3635 continentes
1719 3577 1996 3651 desrribit,

417 3655 506 3722 qui
528 3653 960 3722 impugnationem
983 3651 1175 3723 carnis,
1207 3665 1359 3721 quam
1385 3652 1461 3723 vel
1494 3667 1636 3713 raro.
1668 3654 1745 3705 vel
1772 3654 2001 3723 quotidie

421 3720 687 3782 sustinent;
721 3740 809 3776 seu
835 3731 967 3774 metu
988 3720 1251 3792 gehennte,
1279 3737 1368 3774 seu
1392 3721 1648 3776 desiderio
1669 3720 1812 3793 regni
1842 3725 1999 3779 caelo-

419 3812 533 3848 rum
562 3795 889 3864 exstinguunt
929 3800 1078 3858 atque
1117 3800 1464 3864 compescunt.
1509 3794 1821 3848 Castitatem
1871 3811 2000 3850 vero

418 3866 636 3933 exponit
682 3863 1044 3932 integritatem
1085 3872 1140 3916 et
1177 3863 1627 3933 incorruptionem
1675 3882 1686 3915 :
1729 3873 1776 3917 et
1803 3876 1999 3920 castum

418 3932 548 3998 esse,
569 3936 624 3988 in
646 3933 887 3999 affectum
911 3932 1221 4003 integritatis
1245 3944 1292 3986 et
1320 3935 1715 4003 incorruptionis
1743 3938 1999 4003 transire;

419 4021 536 4075 qua:
561 4006 738 4068 virtus,
767 4003 958 4072 inquit,
989 4002 1093 4075 illis
1125 4003 1258 4075 solis;
1276 4002 1537 4075 tribuitur,
1565 4005 1650 4072 qui
1679 4005 1896 4075 virgines
1925 4002 2002 4061 vel

419 4071 574 4128 carne
601 4075 679 4128 vel
706 4071 868 4126 mente
897 4073 1193 4140 perdurant.
1227 4071 1431 4140 Quibus
1459 4071 1640 4128 verbis
1671 4071 1871 4130 indicat
1899 4077 1999 4132 sub

421 4145 683 4200 castitatis
708 4144 924 4198 nomine
950 4152 1004 4196 et
1027 4151 1169 4196 statu
1194 4142 1576 4210 comprehendi
1597 4144 1702 4198 duo
1724 4145 1997 4202 hominum

420 4230 648 4284 genera,
679 4215 908 4284 alterum
928 4227 1123 4284 eorum
1153 4214 1243 4281 qui
1281 4221 1460 4266 mente
1485 4223 1538 4266 et
1565 4229 1793 4282 corpore
1826 4217 2000 4273 incor.

421 4282 585 4358 rupti,
611 4285 861 4358 nullaque
885 4282 1105 4358 libidine
1125 4293 1247 4336 sunt
1273 4284 1650 4358 contaminati,
1672 4287 1759 4355 qui
1786 4290 2000 4358 proprie

423 4356 673 4428 dicuntur
700 4356 965 4428 virgines;
999 4354 1227 4428 alterum
1256 4368 1443 4408 eorum
1473 4354 1585 4428 qui,
1619 4354 1741 4411 licet
1764 4354 1996 4428 aliquam

420 4426 822 4500 corruptionis,
868 4439 984 4500 seu
1007 4423 1243 4500 libidinis
1268 4465 1282 4490 ,
1323 4426 1586 4500 maculam
1617 4428 1725 4482 sint
1761 4423 1996 4500 experti,

421 4489 637 4575 tamen,
670 4489 842 4564 inquit
865 4489 896 4575 ,ς
916 4495 984 4575 ad
1019 4493 1237 4575 sintilem
1269 4497 1508 4563 puritatis
1537 4506 1724 4551 statum
1763 4489 1852 4575 per
1879 4489 2000 4556 lon;
2027 4516 2077 4575 Ῑ)

420 4584 540 4637 gum
562 4567 785 4620 laborem
807 4578 852 4621 et
874 4565 1180 4619 industriam
1201 4577 1554 4635 pervenerunt,
1584 4578 1631 4621 et
1655 4565 1858 4626 aculeos
1879 4588 1999 4626 car-

421 4639 500 4690 nis
529 4654 630 4691 non
661 4647 766 4689 tam
802 4637 1181 4712 impugnatione
1209 4640 1630 4712 concupiscentiis
1655 4642 1821 4712 turpis
1847 4659 2002 4712 quam

420 4718 622 4762 natura:
650 4708 1000 4781 tantummodo
1026 4708 1439 4781 motuuseutiunt.
1472 4709 1564 4766 Sic
1587 4711 1700 4780 ipse
1732 4708 1891 4781 (Vide
1917 4715 2000 4768 in-

422 4781 510 4859 fra
532 4780 599 4859 ad
627 4794 674 4859 ε..
705 4778 776 4859 l8_
801 4778 958 4848 hujus
982 4777 1206 4859 uallat).
1235 4778 1404 4859 Quam
1434 4781 1506 4835 ob
1532 4777 1752 4859 causam
1769 4800 1897 4859 usus
1919 4795 2004 4859 est

420 4849 511 4921 illa
534 4849 886 4921 distinctione
914 4850 992 4901 vel
1015 4864 1184 4911 carne,
1217 4849 1294 4904 vel
1326 4861 1488 4904 mente
1517 4853 1755 4921 virgines.
1786 4855 1916 4908 Nam
1947 4855 2002 4910 hi

420 4919 636 4993 quidem
669 4920 801 4993 casti
831 4920 1186 4993 dicuntur,‘et
1207 4932 1386 4993 tuente
1408 4919 1662 4993 virgines,
1694 4924 1816 4993 quia
1849 4941 2001 4982 men-

422 4990 490 5043 tis
540 4991 799 5044 rnaculam
840 4989 1152 5058 paenitentia
1193 4989 1466 5046 diluerunt
1498 4989 1570 5046 et
1613 4989 1998 5051 deterserunt:

421 5074 530 5113 non
561 5068 738 5133 tamen
770 5061 986 5129 proprie
1023 5060 1288 5133 virgines.
1339 5061 1462 5131 quia
1491 5064 1767 5133 virginitas
1801 5067 2004 5133 perfec-

421 5141 530 5183 tam
559 5131 832 5206 mentiset
857 5130 1100 5206 corporis
1113 5130 1490 5206 integritatem
1523 5130 2004 5206 incorruptionem-

421 5215 526 5270 que
555 5202 809 5270 supponit
837 5216 902 5255 ac
927 5201 1173 5270 requirit,
1203 5212 1260 5255 ttt
1287 5203 1423 5257 infra
1456 5205 1682 5260 dicetur.

490 5269 518 5348 ιζ
575 5269 901 5348 Deloanne
946 5269 1183 5348 Baptista
1234 5288 1392 5329 nemo
1436 5276 1728 5330 catholicus
1773 5277 1998 5348 dubitat,

420 5341 549 5406 quin
575 5343 732 5418 _virg_o
774 5342 1132 5418 permanserit
1158 5384 1173 5408 ,
1197 5358 1575 5418 _cuniiconSIet
1607 5363 1670 5402 ex
1711 5341 2002 5418 Evangelia

421 5426 542 5463 cum
575 5411 628 5464 in
675 5411 890 5486 deserto
919 5411 987 5465 ab
1021 5412 1244 5468 infantia
1291 5417 1354 5469 ad
1403 5417 1558 5470 linem
1592 5433 1761 5486 usque
1791 5411 1916 5473 vitis.-
1947 5422 2001 5477 in

421 5494 630 5560 summa
681 5483 1002 5560 austeritate
1039 5486 1487 5560 et_sanctimonia
1527 5483 1726 5544 vixisse
1772 5491 2002 5560 (Matth.

421 5564 513 5611 ltl;
547 5548 671 5603 Luc.
706 5549 763 5620 t).
802 5551 955 5607 Unde
989 5553 1044 5607 in
1080 5555 1198 5622 ejus
1225 5554 1436 5610 laudem
1467 5559 1610 5613 canit
1641 5548 1880 5615 Ecclesia
1917 5581 1930 5614 :

611 5649 650 5718 ρ
679 5651 824 5718 nimis
845 5651 988 5718 felix,
1013 5656 1278 5718 meritique
1308 5656 1448 5718 celsi,

607 5710 848 5762 Nesciens
873 5710 1034 5765 labem
1060 5710 1432 5780 uivei'pudoris.

489 5801 753 5900 Joannem
799 5807 964 5863 etiam
995 5813 1387 5883 evangelistam
1417 5815 1682 5892 virginem
1725 5819 1888 5881 fuisse
1927 5832 2008 5882 te-

2107 2667 2320 2734 stantur
2348 2659 2410 2712 D.
2444 2659 2821 2734 Hieronymus
2847 2662 2942 2716 lib.
2985 2679 3024 2717 ll
3066 2665 3116 2718 in
3157 2664 3520 2734 Jovinianum,
3545 2679 3600 2724 et
3630 2669 3701 2725 D.

2096 2729 2429 2797 Augustinus
2477 2729 2773 2788 tr.ict.'ult.
2810 2733 2863 2786 in
2894 2733 3158 2789 Joannem
3182 2777 3196 2800 ,
3243 2738 3330 2790 ubi
3363 2729 3596 2793 dicit'ea
3628 2741 3704 2795 de

2098 2815 2258 2854 causa
2283 2802 2544 2877 Joannem
2574 2818 2603 2854 a
2632 2801 2844 2857 Christo
2868 2818 2978 2873 prie
3000 2809 3222 2877 czeteris
3250 2810 3509 2877 apostolis
3530 2810 3704 2865 dilec-

2099 2871 2440 2944 tum,7quod
2486 2887 2662 2944 neque
2713 2871 2933 2928 uxorem
2981 2875 3238 2944 duxerit,
3285 2871 3442 2935 etab
3473 2883 3702 2936 ineunte

2103 2943 2329 3010 pueritia
2363 2943 2704 2996 castissimus
2732 2945 2947 3000 vixerit.

2175 3022 2196 3092 ς
2231 3012 2521 3092 DenElia“,
2562 3013 2796 3092 Jeremia
2847 3015 3070 3092 etmaliis
3093 3018 3188 3092 sic
3230 3019 3704 3092 D._Hieronymus

2102 3084 2261 3163 epist.
2288 3081 2446 3164 223d
2473 3083 2823 3164 Eustuchium
2852 3104 2864 3137 :
2902 3085 3061 3164 Virgo
3085 3086 3510 3164 Elias,_uEAlis(eu_s_
3530 3081 3699 3164 uirgo,

2102 3152 2324 3222 virgines
2349 3151 2446 3221 ﬁlii
2467 3155 2863 3222 praphetarum;
2891 3168 2938 3210 et
2966 3151 3204 3212 Ieremia:
3230 3151 3441 3223 dicitur,
3465 3161 3532 3215 Et
3554 3151 3704 3218 (nunc

2101 3223 2329 3286 accipias
2366 3239 2573 3298 uxorem
2613 3224 2916 3298 (Jer._xvt).
2946 3227 3033 3298 iEt
3071 3231 3291 3298 prologo
3321 3231 3373 3284 in
3405 3232 3700 3289 Jeremiam

2105 3301 2334 3366 testatur
2362 3294 2610 3348 eumdem
2640 3294 2902 3366 virginem
2935 3294 3121 3353 fuisse.
3181 3294 3254 3354 De
3281 3301 3501 3356 Dmiele
3529 3305 3702 3359 Joan-

2103 3378 2198 3436 nes
2232 3364 2590 3436 Damascenus
2620 3364 2858 3420 afﬁrmat
2888 3382 3111 3436 propter
3139 3373 3500 3428 excellentem
3529 3379 3670 3430 casti

2103 3435 2227 3487 tatis
2269 3435 2562 3508 virtutem,
2596 3446 2649 3489 et
2680 3437 2852 3506 ipsum
2892 3455 2923 3492 a
2956 3435 3174 3494 leonum
3201 3444 3409 3496 smvitia
3437 3485 3452 3508 ,
3487 3455 3544 3498 et
3587 3459 3701 3501 tres

2103 3505 2584 3584 puerosluisse
2612 3505 2863 3563 incendio
2887 3509 3226 3566 inviolabiles
3257 3512 3394 3584 (Lib.
3419 3505 3471 3568 1v
3505 3514 3702 3570 Ortho-

2102 3572 2387 3646 doauFid.
2422 3591 2466 3628 ε.
2499 3574 2614 3646 25).

2170 3643 2199 3682 ά
2227 3645 2329 3726 -Pie
2359 3655 2411 3699 et
2439 3643 2707 3726 cathblice
2737 3649 2792 3703 in
2820 3648 2926 3704 hoc
2948 3654 3273 3726 e_t__sequenti
3305 3655 3481 3722 capite
3513 3657 3698 3726 loqui-

2104 3725 2188 3769 tur
2214 3718 2415 3770 Auctor
2445 3716 2734 3792 dehgratire
2763 3729 2816 3792 et
2841 3720 3029 3792 auxilii
3057 3716 3228 3778 divini
3262 3716 3605 3792 necessitate,
3643 3739 3702 3783 et

2102 3796 2308 3866 natura:
2357 3801 2452 3841 seu
2496 3788 2646 3842 liberi
2697 3790 2907 3866 arbitrii
2954 3791 3331 3866 imbecillitate
3371 3798 3438 3850 ad
3468 3788 3695 3866 compa-

2101 3857 2323 3910 randam
2361 3868 2415 3931 et
2453 3860 2876 3931 conservandam
2922 3864 3274 3919 continentiae
3321 3857 3606 3931 virtutem,"
3641 3879 3700 3924 et

2101 3928 2438 4000 superandas
2459 3929 2637 3984 carnis
2668 3933 3098 4000 impugnationes
3140 3935 3303 3994 (Vide
3332 3936 3422 3990 lib.
3451 3953 3523 3992 xit
3553 3928 3695 3992 Inst.

2101 4013 2148 4050 c.
2181 3998 2246 4080 9,.
2265 4007 2309 4050 et
2337 3998 2532 4080 aliquot
2562 3999 2717 4070 seq.).
2747 3998 2900 4056 Unde
2928 4013 3156 4070 apparet
3176 4022 3299 4060 eum
3334 4010 3504 4062 sicubi
3535 4011 3699 4064 aliter

2101 4071 2341 4146 sensisse
2373 4071 2642 4146 videatur,
2680 4086 2785 4125 non
2815 4081 3018 4146 tamex
3048 4089 3140 4146 sua
3165 4093 3331 4146 quam
3367 4095 3433 4133 ex
3461 4080 3698 4135 aliorum

2101 4138 2354 4214 opinione
2383 4143 2797 4214 esseulocutum.
2837 4142 2905 4214 lu
2928 4142 3013 4198 his
3041 4138 3308 4214 siquidem
3336 4149 3700 4204 InstitutiOui-

2103 4209 2202 4262 bus
2241 4210 2552 4264 monasticis
2577 4255 2590 4274 ,
2621 4213 2761 4266 sicut
2798 4221 2854 4266 et
2894 4213 2946 4267 in
3001 4209 3158 4271 libris
3199 4220 3266 4273 de
3315 4217 3699 4277 lucartiatione

2103 4278 2288 4352 Verbi,
2315 4281 2584 4348 propriam
2614 4283 2935 4336 sententiam
2975 4289 3244 4352 exposuit.
3284 4290 3335 4341 In
3367 4290 3698 4346 Collationi-

2104 4348 2203 4432 bus
2241 4361 2459 4432 autem,
2507 4352 2719 4432 illorum
2753 4353 2968 4432 Pa_trum
3003 4348 3164 4432 refert
3194 4359 3478 4427 opiniones
3505 4405 3518 4425 ,
3549 4379 3692 4432 quos

2103 4419 2390 4496 [liquentes
2428 4420 2762 4496 introduxit.
2812 4425 2889 4478 lta
2935 4428 3148 4495 quidem
3191 4419 3439 4496 opinatus
3477 4419 3692 4488 est'Do.

2104 4489 2395 4566 Quychius.
2425 4491 2526 4566 Sed
2559 4508 2636 4566 an_
2653 4509 2840 4566 revera
2873 4489 3077 4565 ita'sit,
3109 4513 3172 4553 ex
3205 4489 3336 4566 ipsis
3367 4502 3696 4557 Collationi-

2108 4559 2308 4636 bus,‘et
2336 4577 2401 4636 ex
2436 4561 2576 4616 libro
2610 4564 2672 4617 D.
2706 4565 2954 4632 Prnsperi
2999 4559 3182 4622 eontra
3212 4559 3562 4636 Collatorem,
3596 4589 3696 4628 ex-

2106 4631 2458 4710 pendeudum-
2483 4643 2538 4687 et
2577 4631 2993 4710 examinandum
3034 4640 3281 4710 relinquo
3329 4646 3346 4710 (
3378 4641 3507 4696 Vide
3532 4631 3694 4698 etiam

2104 4710 2280 4775 notata
2302 4703 2374 4775 uad
2403 4702 2490 4755 lib.
2522 4720 2615 4766 xu,
2645 4721 2690 4756 c.
2728 4707 2838 4775 14).

2179 4781 2202 4808 ο
2263 4772 2314 4826 ld
2354 4775 2517 4826 etiam
2568 4772 2808 4842 pluribus
2854 4778 3090 4833 inculcat
3143 4781 3312 4837 abbas
3360 4782 3689 4840 Chaeremon

2104 4841 2288 4925 (Bullati.
2321 4843 2384 4924 i2
2418 4856 2535 4925 cup.
2564 4841 2617 4896 4.
2647 4845 2724 4925 Et
2752 4847 2987 4925 Joannes
3018 4849 3288 4925 Climacus
3314 4852 3517 4920 (Gradu
3549 4855 3638 4925 15)
3675 4873 3691 4910 :

2106 4910 2292 4992 Nemu,
2321 4913 2518 4992 inquit,
2550 4930 2614 4992 es
2637 4914 2717 4970 Itis
2743 4919 2831 4984 qni
2858 4912 3102 4975 sestudio
3145 4910 3396 4976 castitatis
3427 4910 3691 4989 exercent,

2103 4983 2213 5035 suis
2243 4983 2669 5064 hancnluboribus
2711 4983 2801 5041 aut
2828 4992 3084 5064 industria
3110 5008 3162 5046 se
3197 4996 3472 5063 acquisisse
3512 4983 3695 5064 putet}

2103 5067 2222 5104 nam
2251 5055 2494 5130 possibile
2517 5072 2616 5109 non
2646 5067 2718 5111 est
2754 5069 2810 5112 ut
2845 5061 3102 5130 quispiam
3136 5055 3373 5118 naturam
3405 5055 3552 5118 suain
3579 5055 3695 5118 vin;

2105 5133 2193 5208 cat
2213 5141 2232 5180 :
2260 5123 2347 5176 ubi
2374 5127 2590 5208 denique
2615 5141 2800 5208 nutura
2821 5123 3062 5208 superata
3093 5144 3191 5208 est,
3216 5135 3324 5188 illic
3353 5137 3395 5189 is
3419 5138 3508 5208 qui
3530 5153 3694 5204 supra

2105 5201 2343 5276 uaturam
2366 5205 2461 5276 est,
2491 5198 3112 5276 aduenissecognoscitur.
3139 5204 3279 5259 Nam
3302 5209 3414 5260 sine
3433 5198 3541 5260 ulla
3566 5198 3696 5260 con-

2105 5268 2430 5343 troyegiaid
2450 5269 2588 5336 quod
2616 5268 2932 5343 deterius—est
2956 5291 2986 5325 a
3014 5278 3292 5343 potentiore
3313 5279 3614 5331 destruitur.

2181 5330 2202 5371 ί
2251 5333 2326 5389 De
2356 5330 2936 5414 hoc'peculiaridnno,
2968 5330 3030 5398 δὲ
3059 5349 3281 5413 speciali
3323 5330 3416 5402 Dei
3457 5347 3689 5414 auxilio,

2105 5418 2212 5473 quo
2242 5415 2387 5483 recte
2417 5409 2771 5483 et_catholice
2807 5409 3138 5483 (intelligatur
3161 5458 3177 5480 ,
3227 5429 3352 5472 sunt
3393 5421 3508 5473 ιιειοο
3546 5409 3692 5474 scitu

2107 5479 2433 5556 necessaria.
2467 5477 3061 5556 Pri_rno_continentiam
3093 5477 3382 5542 et'donum
3417 5489 3512 5543 Dei
3538 5503 3688 5556 esse,

2106 5555 2163 5599 et
2191 5553 2362 5601 tamen
2394 5549 2448 5629 in
2489 5550 2713 5604 arbitrio
2747 5560 2800 5629 et
2836 5563 3119 5629 potestate
3141 5559 3372 5615 hominis
3403 5560 3641 5629 positum
3671 5549 3687 5615 Ξ

2106 5629 2334 5684 quorum
2353 5618 2785 5700 alterum_nostri
2813 5618 3068 5700 tetuporis
3105 5626 3343 5685 haeretici
3381 5618 3688 5700 afﬁrmant,

2108 5701 2300 5769 nempe
2334 5688 2537 5769 donum
2578 5690 2669 5744 Dei
2701 5707 2861 5769 esse;
2912 5688 3140 5753 alterum
3185 5711 3382 5769 negant
3413 5717 3429 5754 :
3463 5702 3606 5757 unde
3629 5688 3692 5761 εἰ

2106 5755 2363 5842 colligunt
2427 5775 2696 5842 neminem
2721 5834 2732 5842 _
2761 5755 2959 5842 debere
3013 5784 3224 5842 vovere,
3255 5755 3689 5842 continentiam;

2105 5830 2228 5913 quia
2251 5841 2409 5886 nemo
2431 5830 2532 5888 scit
2554 5846 2622 5910 an
2647 5832 2847 5893 habeat
2865 5835 3064 5896 donum
3085 5841 3432 5902 continentia:
3457 5830 3687 5918 (Bauer:
