3986 6320
281 245 384 305 I73

754 241 852 297 DE
885 237 1365 299 C(ENOBIORUI
1403 238 1652 298 lNS'l'l'l‘.
1689 239 1820 298 LIB.
1861 241 1952 300 Vl.
1981 273 2053 289 -
2082 204 2173 302 Dii
2211 235 2483 302 SPIRITU
2523 243 3071 305 FORNICATIONIS.

3452 255 3566 312 376

287 336 461 422 ﬁcium
481 361 584 419 Del
609 375 677 417 ac
695 361 936 418 speciale
956 360 1190 428 donum,
1218 366 1275 416 et
1299 366 1328 398 ι
1352 356 1578 414 Patrum
1608 357 1877 415 sententia
1903 365 1955 428 Α
1982 369 2039 418 et
2085 361 2458 432 experimento
2509 361 2852 432 purgationis
2898 361 3070 434 ipsius
3122 363 3566 426 manifestissime

1358 474 1619 532 ALARDI
1657 473 1886 532 GAZEI
1923 473 2469 533 COMMENTARIUS

293 575 375 631 lib.
400 589 441 629 ιι
465 588 532 626 ae
560 571 819 627 Monach.
844 589 890 627 c.
915 571 1026 644 5i).
1059 570 1309 628 Secundo
1331 570 1474 625 dona
1498 569 1613 636 Dei,
1636 568 1788 644 quod
1815 567 1881 624 ad

295 644 622 717 propositum
651 645 873 717 attinet,
899 639 1190 717 _in_'dupl_ici
1220 657 1341 696 esse
1367 655 1584 717 genere.
1624 639 1881 717 Quaedam

294 709 432 772 enim
476 715 676 796 dantur
706 714 910 796 homini
947 709 1616 796 sipe'ejuscooperatione
1649 710 1882 796 :‘qualia

295 797 414 842 sunt
443 788 635 848 robur.
666 786 895 848 sanitas,
924 781 1268 852 pulchritudo
1287 828 1302 851 ,
1331 783 1652 852 prophetiae,
1675 781 1885 851 lingua-

296 871 407 914 rum
437 866 490 910 et
534 851 935 910 miraculorum
953 856 1126 926 gratia
1149 896 1163 920 ,
1209 863 1266 910 et
1293 851 1482 908 omnes
1509 851 1722 907 habitus
1749 866 1883 922 quos

296 930 436 982 Deus
461 927 700 981 infundit
726 945 740 979 :
767 925 1068 993 cujusmodi
1097 925 1259 990 dona,
1283 936 1493 979 certum
1519 933 1602 978 est
1626 939 1733 978 non
1762 937 1883 978 esse

296 999 345 1053 in
377 1008 562 1052 nostra
596 1006 887 1066 potestate,
920 1012 1020 1052 nec
1045 997 1278 1065 pendere
1303 995 1374 1050 ab
1403 995 1632 1048 humana
1661 994 1883 1066 electio-

297 1083 382 1132 ne,
407 1079 465 1123 ut
488 1065 666 1137 possit
693 1084 755 1122 ea
793 1068 992 1122 habere
1011 1067 1336 1138 quicumque
1361 1067 1507 1121 velit.
1537 1065 1692 1138 Aliud
1713 1078 1883 1135 genus

297 1139 562 1193 donorum
613 1139 864 1194 consistit
913 1141 964 1192 in
1018 1137 1221 1192 auxilio
1250 1137 1468 1202 divino,
1513 1150 1621 1206 quo
1663 1137 1883 1204 juvante

297 1224 582 1280 possumus
629 1218 688 1264 et
728 1210 976 1263 volumus
1021 1209 1218 1280 bonum
1245 1247 1261 1267 .
1309 1208 1451 1278 quod
1482 1208 1598 1260 sine
1631 1207 1751 1280 ipso
1776 1220 1880 1260 non

297 1277 603 1350 possumus.
633 1281 724 1334 Sic
747 1280 888 1335 enim
911 1278 1158 1350 credere,
1185 1277 1426 1345 sperare,
1446 1279 1669 1346 diligere
1690 1277 1878 1345 Deum,

299 1349 690 1420 perSeverare,
735 1349 1060 1405 tentationcs
1103 1351 1322 1404 vincere
1362 1349 1633 1420 dicuntur,
1667 1355 1722 1402 et
1759 1357 1884 1402 sunt

299 1419 578 1477 verissima
613 1421 705 1474 Dei
760 1421 923 1484 dona,
968 1421 1092 1490 quia
1143 1420 1243 1474 nisi
1289 1420 1431 1474 Deus
1462 1419 1754 1490 gratiaisua
1785 1433 1883 1474 nos

301 1493 625 1562 praeveniret
652 1492 940 1546 excitando
961 1489 1000 1552 ,ί
1020 1501 1071 1545 et
1101 1491 1382 1562 adjuvaret
1411 1489 1722 1558 dirigendo,
1758 1503 1884 1558 pro-

303 1561 528 1633 tegendo
557 1571 612 1616 et
651 1562 1012 1630 cooperando,
1047 1561 1181 1616 nihil
1211 1563 1438 1633 istorum
1470 1571 1731 1633 praestare
1760 1574 1884 1633 pos-

299 1630 474 1688 semus
505 1651 518 1685 :
547 1642 602 1688 et
628 1639 808 1687 tamen
840 1633 939 1686 ista
970 1633 1084 1700 ipsa
1108 1647 1272 1698 opera
1304 1631 1542 1701 pendent
1567 1631 1634 1685 ab
1665 1630 1880 1685 electio-

301 1721 362 1759 ne
390 1704 629 1758 humana
652 1743 668 1768 ,
711 1712 760 1757 et
791 1711 916 1758 sunt
945 1704 997 1758 in
1027 1712 1291 1772 potestate
1317 1713 1531 1767 nostra;
1577 1701 1700 1770 quia
1743 1701 1884 1772 Deus

301 1776 410 1830 haec
441 1791 548 1828 non
578 1784 834 1843 operatur
861 1773 912 1827 in
941 1771 1132 1839 nobis,
1167 1774 1270 1828 nisi
1309 1773 1462 1828 nobis
1493 1771 1882 1827 consentienti-

300 1847 393 1901 bus
425 1854 480 1900 et
509 1845 936 1912 cooperantibus
964 1862 977 1897 :
1009 1855 1062 1898 et
1092 1845 1333 1912 quamvis
1355 1851 1532 1912 jnvet,
1567 1857 1671 1896 non
1705 1853 1879 1896 tamen

301 1919 438 1986 cogit
463 1925 561 1971 aut
609 1916 934 1980 necessitat;
985 1924 1042 1970 et
1079 1929 1146 1969 ex
1193 1925 1344 1983 parte
1390 1930 1495 1986 sua
1543 1927 1757 1983 semper
1802 1921 1888 1966 est

303 1985 516 2056 paratus
557 1986 773 2055 juvare.
817 1986 898 2039 Ad
930 1987 1030 2040 hoc
1077 1986 1236 2054 igitur
1272 2000 1442 2056 genus
1467 1985 1731 2040 donorum
1750 1997 1886 2056 con-

305 2053 584 2111 iinentiatn
666 2061 936 2124 pertinere
1002 2053 1296 2110 dicimusf
1329 2055 1534 2112 Tertio.
1565 2053 1883 2117 notandum,

303 2129 436 2197 quod
478 2129 626 2182 sicut
668 2128 813 2182 circa
863 2127 1016 2180 fidem
1045 2167 1059 2191 ,
1099 2128 1501 2195 paenitentiam,
1539 2139 1888 2194 perseveran-

306 2200 450 2266 tiam,
479 2199 728 2266 aliosque
753 2208 903 2252 actus
929 2199 1120 2259 bonos,
1155 2199 1225 2250 ita
1254 2198 1413 2252 etiam
1445 2198 1584 2250 circa
1607 2197 1884 2266 continen-

306 2265 656 2336 tiam'duples
701 2269 896 2337 gratia,
926 2270 1039 2322 sive
1079 2269 1332 2322 auxilium
1379 2266 1630 2335 distingui
1677 2265 1882 2320 debet:

304 2353 460 2393 unum
506 2338 806 2404 sufﬁciens,
843 2338 986 2408 quod
1033 2338 1282 2392 omnibus
1332 2338 1511 2401 datur,
1556 2338 1744 2390 saltem
1788 2349 1886 2405 pro

305 2411 420 2464 loco
448 2419 504 2463 et
530 2420 774 2477 tempore
795 2451 809 2470 .
855 2407 908 2463 et
940 2411 1040 2463 hoc
1069 2410 1265 2464 dicitur
1308 2409 1505 2461 donum
1536 2407 1885 2462 continentiae.

308 2485 356 2534 in
381 2490 500 2535 actu
527 2481 732 2546 primo;
771 2479 911 2533 aliud
941 2493 1118 2534 autem
1148 2489 1229 2532 est
1255 2480 1505 2534 auxilium
1536 2480 1749 2542 efficax,
1777 2493 1886 2547 quo

307 2552 362 2606 fit
386 2562 442 2605 ut
479 2553 659 2619 reipsa
692 2553 1096 2616 contineamus,
1142 2560 1195 2603 et
1236 2549 1339 2603 hoc
1367 2561 1449 2604 est
1480 2549 1678 2602 donum
1704 2550 1888 2617 singu-

307 2623 432 2682 lare,
457 2638 555 2675 seu
593 2622 854 2689 Speciale,
889 2621 1028 2686 quod
1058 2636 1160 2674 non
1189 2623 1437 2673 omnibus
1467 2619 1646 2684 datur,
1676 2630 1726 2674 et
1753 2619 1888 2674 dici-

313 2703 390 2745 tur
411 2692 610 2746 donum
651 2694 768 2744 sive
796 2691 1050 2745 auxilium
1078 2691 1352 2745 sufﬁciens
1382 2693 1432 2745 in
1470 2701 1593 2744 actu
1623 2691 1883 2745 secundo.

314 2762 433 2817 Nam
455 2764 595 2817 sicut
623 2762 725 2816 soli
755 2762 826 2816 illi
855 2763 1051 2816 donum
1077 2763 1198 2815 fidei
1231 2762 1424 2815 habent
1448 2766 1534 2829 qui
1567 2761 1742 2829 reipsa
1767 2775 1885 2816 cre-

310 2833 466 2895 dunt;
522 2833 626 2887 soli
690 2834 768 2885 illi
825 2833 1023 2886 donum
1074 2835 1492 2902 perseverantia:
1544 2831 1884 2902 habentqui

309 2905 477 2972 reipsa
518 2913 867 2970 perseverant
893 2921 904 2954 :
934 2902 1005 2957 ita
1033 2901 1197 2956 etiam
1229 2903 1327 2956 soli
1353 2902 1426 2956 illi
1455 2903 1653 2954 donum
1686 2901 1886 2956 habent

305 2976 672 3036 continentia,
716 2977 805 3043 qui
857 2973 1032 3042 reipsa
1082 2977 1394 3036 continent;
1440 2972 1627 3042 quales
1675 2982 1882 3043 certum

306 3056 380 3099 est
406 3061 510 3100 noo
545 3042 746 3098 multos
775 3059 914 3098 esse.
949 3044 1144 3097 nedum
1175 3058 1364 3097 omnes
1391 3060 1402 3095 :
1432 3053 1482 3096 et
1509 3043 1575 3095 de
1617 3044 1716 3095 hoc
1749 3042 1886 3096 dici-

309 3127 387 3167 tur
409 3133 431 3186 :V
449 3114 570 3186 Non
597 3132 774 3168 omnes
794 3115 1002 3186 capiunt
1023 3115 1226 3186 uerbum
1247 3113 1364 3179 hoc,
1387 3113 1478 3168 sed
1499 3113 1680 3179 quibus
1703 3113 1884 3167 datum

307 3185 565 3254 est(Matt.
582 3187 719 3253 XIX).
740 3185 1162 3238 Etniltilominus
1185 3200 1372 3237 verum
1397 3195 1481 3238 est
1509 3199 1700 3237 omnes
1725 3199 1883 3251 posse

1988 570 2353 649 magnamalde
2377 571 2729 649 misericordia
2753 580 2864 649 tua.
2902 572 2990 649 Da
3018 575 3346 649 quod_jubes,
3375 585 3420 630 et
3437 578 3566 649 jube

1986 639 2122 718 quod
2141 642 2232 718 vis.
2259 639 2494 718 Imperas
2539 642 2682 696 nobis
2707 639 3097 699 continentiam.
3130 639 3199 699 Et
3223 639 3343 700 cum
3359 639 3563 718 scifem,

1986 712 2060 782 ait
2086 710 2318 782 quidam,
2349 713 2471 782 quia
2495 729 2642 767 nemo
2668 724 2832 777 potest
2856 732 2965 770 esse
2990 717 3272 781 continens,
3304 718 3403 771 nisi
3424 710 3567 773 Deus

1987 781 2093 858 det,
2123 793 2170 837 et
2197 781 2296 858 hoc
2325 781 2495 858 ipsum
2521 794 2630 858 epat
2666 787 2953 858 sapientia,
2977 786 3126 858 scire
3145 791 3291 858 cujus
3321 797 3446 858 esset
3472 791 3568 843 hoc

1987 853 2185 930 danunt
2202 851 2355 930 (Sap.
2375 854 2515 930 viti).
2539 853 2641 907 Per
2662 857 3024 930 continentiam
3044 851 3229 930 quippe
3247 856 3565 930 colligimur,

1987 923 2359 997 et__redigimur
2401 923 2678 989 inuitum,
2724 943 2756 978 a
2803 943 2902 997 quo
2948 927 3003 980 in
3039 923 3201 980 multa
3231 923 3564 997 deﬂuiimus.

1988 992 2164 1048 Minus
2192 992 2330 1048 enim
2376 1005 2424 1049 te
2461 1005 2623 1060 amat,
2655 998 2743 1068 qui
2787 992 2951 1051 tecum
2992 998 3188 1068 aliquid
3235 992 3398 1062 amat,
3430 1002 3568 1067 quod

1987 1081 2088 1118 non
2131 1076 2341 1135 prapter
2385 1077 2437 1139 te
2457 1076 2624 1139 amat.
2658 1070 2703 1139 ο
2731 1083 2897 1139 amor.
2946 1070 3034 1139 qui
3082 1085 3277 1139 semper
3323 1073 3474 1123 ardes
3519 1080 3568 1125 et

1987 1151 2268 1206 numquam
2309 1136 2650 1206 exstingueris
2675 1137 2695 1190 !
2722 1137 2961 1192 Charitas
2985 1137 3126 1192 Deus
3157 1136 3298 1192 meus
3324 1143 3566 1196 accende.

1987 1204 2366 1281 {Jontinentiam
2389 1204 2562 1281 jub_es.
2593 1207 2676 1261 Da
2698 1209 2835 1281 quod
2855 1209 3025 1281 jubes.
3059 1217 3108 1262 et
3129 1210 3254 1279 jube
3291 1212 3430 1280 quod
3470 1215 3564 1268 vis.

1988 1275 2062 1356 Ita
2099 1275 2446 1356 Augustinus.
2478 1279 2647 1333 Porro
2675 1275 2779 1334 sub
2816 1275 3062 1356 oi'atione
3088 1275 3567 1356 comprehenng

1986 1347 2147 1418 etiam
2180 1349 2676 1415 Sacramentorum,
2719 1351 3017 1418 praesertim
3062 1351 3415 1406 sanctissimae
3458 1347 3567 1407 ea-

1986 1416 2276 1485 charistize,
2313 1435 2469 1485 usus;
2496 1421 2595 1473 hoc
2623 1416 2766 1474 enim
2797 1431 2878 1474 est
2904 1419 3244 1475 Frumentum
3265 1424 3562 1490 electorum,

1987 1490 2237 1565 et_pirtuiit
2253 1491 2557 1565 germinans
2570 1492 2820 1565 pirgines.
2847 1491 3072 1565 Z‘acliar.
3100 1507 3172 1565 ix.
3198 1493 3334 1565 Hinc
3355 1493 3422 1565 _D.
3453 1494 3567 1565 Cy-

1987 1558 2149 1633 rillus
2171 1562 2221 1633 in
2244 1559 2508 1633 Joannem
2534 1558 2673 1628 (Lib;
2695 1578 2745 1615 tv
2774 1578 2818 1614 c.
2847 1563 2944 1633 Π)
2971 1580 2984 1615 :
3015 1564 3194 1628 Sedat,
3225 1563 3418 1630 inquit,
3446 1558 3567 1618 cum

1987 1630 2040 1682 in
2064 1631 2208 1683 nobis
2228 1641 2393 1684 manet
2411 1630 2669 1695 Christus,
2689 1630 2974 1686 servientem
2997 1635 3342 1687 membrorum
3361 1644 3568 1688 nostro-

1987 1700 2314 1775 rum_lege_m,
2335 1701 2580 1775 pietatem
2608 1704 2937 1768 corroborat,
2968 1705 3375 1775 perturbationes
3401 1706 3566 1759 animi

1986 1772 2303 1842 exstinguit:
2335 1772 2402 1825 Et
2446 1772 2506 1826 S.
2546 1773 2852 1828 Bernartius
2898 1772 2978 1828 in'
3004 1789 3254 1829 sermone
3299 1774 3366 1828 de
3409 1791 3566 1830 caena

1992 1840 2201 1896 Domini
2229 1860 2241 1894 :
2279 1841 2395 1895 Duo
2423 1844 2555 1897 illud
2583 1844 2972 1899 Sacramentum
3000 1849 3015 1911 (
3035 1846 3414 1912 Eucltaristiat)
3445 1863 3567 1912 ope-

1989 1921 2136 1964 ratur
2167 1915 2216 1966 in
2249 1913 2418 1978 nobis,
2442 1926 2494 1967 ut
2521 1916 2753 1968 videlicet
2782 1926 2828 1969 et
2861 1933 3067 1970 sensum
3105 1917 3302 1969 minuat
3331 1917 3382 1968 in
3413 1917 3567 1970 mini-

1987 1983 2103 2053 mis,
2123 1993 2170 2038 et
2193 1985 2243 2036 in
2263 1987 2576 2053 gravioribus
2600 1987 2820 2052 peccatis
2844 1988 2988 2040 tollat
3011 1988 3216 2039 omnino
3237 2003 3562 2043 consensum.

1987 2051 2048 2106 Si
2075 2055 2186 2120 quis
2212 2051 2435 2126 vestrum
2464 2073 2565 2109 non
2595 2051 2701 2108 tam
2731 2074 2867 2126 sirpe
2889 2058 3066 2118 modo,
3101 2073 3201 2109 non
3232 2067 3335 2110 tam
3359 2059 3567 2113 acerbos

1985 2126 2171 2176 sentiat
2199 2125 2483 2179 iracundiw
2507 2139 2705 2190 motus,
2748 2129 2972 2190 invidiae,
3014 2128 3259 2194 luxuria,
3290 2139 3378 2181 aut
3415 2139 3564 2182 aete-

1985 2209 2161 2270 rprum
2189 2195 2523 2270 huiusmodi;
2570 2199 2787 2270 gratias,
2813 2209 2934 2270 agat
2980 2201 3186 2270 corpori
3231 2208 3278 2250 et
3323 2201 3568 2268 sanguini

1988 2262 2232 2339 Domini;
2256 2262 2517 2339 quoniam
2561 2262 2721 2339 virtus
2755 2262 3080 2323 SaEramenti
3122 2277 3367 2339 aperatur
3398 2262 3450 2321 in
3481 2286 3564 2322 eo.

1986 2332 2185 2408 Contra
2229 2332 2523 2408 secundum
2565 2338 2846 2408 castigatio
2895 2332 3284 2405 corporis'per
3324 2340 3565 2407 jejunia,

1989 2405 2220 2474 vigilias,
2245 2407 2438 2471 cilicia,
2465 2405 2876 2476 ﬂagellationes,
2902 2410 3112 2477 aliaque
3137 2408 3188 2462 id
3210 2405 3402 2476 genus,
3419 2405 3564 2464 sem;

1988 2491 2084 2542 per
2103 2492 2132 2529 a
2155 2479 2353 2530 sanctis
2377 2487 2431 2531 et
2454 2480 2720 2546 religiosis
2742 2491 2995 2546 usurpata
3014 2521 3027 2541 ,
3049 2479 3296 2546 exetnplo
3321 2482 3565 2546 Apostoli

1987 2545 2215 2620 dicentis
2243 2546 2486 2620 :‘Castigo
2511 2545 2696 2620 corpus
2724 2545 2909 2612 meum,
2935 2558 2982 2602 et
3007 2545 3565 2620 inAservitutemrcdigo

1987 2615 2032 2686 (ι
2054 2617 2173 2670 (lor.
2189 2617 2309 2688 _tx).
2325 2615 2437 2672 lloc
2450 2619 2774 2686 antidotum,
2803 2631 2943 2675 teste
2966 2620 3024 2673 Β.
3049 2618 3314 2688 Gregorio
3337 2615 3566 2674 Nazian-

1987 2703 2123 2740 leno
2150 2686 2450 2760 (De'lpaud.
2485 2689 2546 2745 S.
2588 2688 2886 2760 Cyprium),
2920 2686 3198 2758 usurpavit
3247 2692 3406 2744 etiam
3447 2701 3566 2758 post

1986 2773 2178 2832 preces
2194 2759 2262 2832 li.
2287 2758 2516 2832 Justina,
2547 2758 2667 2814 cum
2693 2778 2720 2814 a
2750 2760 3019 2832 Cypriane
3043 2775 3196 2830 mago
3221 2762 3566 2825 polliceretur

1986 2828 2051 2882 ad
2081 2829 2354 2896 libidinem
2385 2848 2397 2883 :
2431 2829 2646 2899 Jejunii,
2693 2828 2887 2902 inquit,
2918 2841 3072 2901 atque
3101 2828 3242 2883 humi
3281 2834 3566 2887 cubationis

1985 2902 2267 2969 pharmaco
2296 2918 2404 2954 sese
2427 2903 2749 2966 communiit,
2783 2914 2835 2955 ut
2868 2903 3046 2972 forma:
3066 2911 3400 2968 venustatem,
3436 2914 3567 2956 tant-

1984 2987 2139 3038 quam
2167 2972 2468 3042 insidiosam
2497 2974 2809 3038 obscuraret,
2835 2973 3006 3042 sicque
3032 2974 3258 3042 ﬂammae
3293 2975 3564 3026 materiam

1985 3040 2325 3111 subtraheret,
2371 3059 2431 3094 ac
2471 3043 2700 3096 libidinis
2741 3040 3267 3108 facem—absumeret;
3294 3046 3479 3111 partim
3511 3054 3567 3097 ut

1984 3110 2274 3184 humilitate
2302 3130 2398 3166 sua
2418 3115 2698 3184 propitium
2724 3116 2819 3167 sibi
2843 3113 3010 3167 Deum
3033 3124 3078 3168 et
3105 3110 3416 3168 exorabilem
3445 3116 3568 3167 red-

1986 3181 2357 3255 deret.rNeque
2389 3181 2586 3238 ulla‘re
2624 3186 3022 3255 perindeatque
3051 3186 3279 3250 corporis
3309 3186 3565 3255 animique

1495 3235 1879 3332 continendum
1907 3235 1952 3297 Ο
1986 3235 2602 3332 afflictione'conciliatur
2624 3235 2806 3332 rDeus,
2841 3235 3564 3332 laciymisquremisericordia

306 3336 358 3380 et
382 3328 444 3380 ad
471 3327 703 3395 gratiam
729 3327 1120 3395 impetrandam
1145 3325 1277 3380 nulli
1301 3325 1614 3395 denegatur.
1646 3324 1882 3380 Proinde

309 3397 356 3450 in
388 3406 657 3463 potestate
692 3407 874 3450 nostra
923 3406 1004 3450 est
1042 3396 1243 3450 habere
1283 3395 1484 3450 donum
1531 3397 1883 3451 continentiae

305 3467 511 3530 efﬁcax,
540 3469 583 3521 si
617 3484 683 3522 ex
717 3479 866 3534 parte
897 3475 1078 3520 nostra
1102 3467 1440 3534 collaborare
1469 3474 1523 3520 et
1547 3467 1738 3520 idonea
1765 3482 1882 3521 me-

304 3537 405 3603 dia,
421 3554 516 3591 seu
531 3539 794 3600 remedia,
811 3537 1069 3592 adhibere
1085 3538 1332 3605 velimus,
1357 3548 1414 3590 ut
1433 3537 1591 3592 docet
1613 3537 1676 3590 D.
1697 3537 1884 3591 Hiero-

304 3624 490 3677 nymus
535 3609 588 3661 in
621 3623 741 3678 cap.
771 3624 859 3662 XIX
893 3609 1146 3678 Mattlttei.
1186 3606 1304 3673 His,
1341 3609 1541 3676 inquit,
1589 3610 1762 3678 datum
1806 3619 1882 3661 est

302 3680 384 3747 qui
408 3677 699 3749 petierunt,
722 3680 811 3747 qui
837 3677 1127 3745 voluerunt,
1151 3679 1237 3748 qui
1264 3689 1320 3730 ut
1349 3679 1632 3746 acciperent
1672 3677 1880 3732 labora-

301 3763 496 3819 verunt.
527 3751 698 3804 Porro
731 3750 968 3803 remedia
996 3764 1116 3817 qua:
1144 3765 1207 3802 ex
1235 3759 1388 3819 parte
1411 3758 1592 3802 nostra
1623 3750 1882 3804 adhibere

301 3817 576 3888 debemus,
609 3819 944 3886 potissimum
977 3831 1102 3874 sunt
1131 3817 1254 3880 tria,
1288 3819 1479 3882 oratio,
1509 3821 1794 3886 jejunium,
1827 3829 1882 3875 et

306 3890 582 3946 mulierum
609 3890 729 3958 fuga
751 3934 764 3957 ,
794 3905 889 3944 seu
913 3890 1191 3944 devitatio.
1221 3889 1353 3944 Cum
1383 3891 1524 3944 enim
1555 3890 1880 3945 tentationcs

303 3962 477 4016 carnis
504 3963 776 4027 oriantur,
820 3961 907 4015 vel
939 3975 1004 4014 ex
1035 3962 1378 4030 suggestione
1410 3959 1642 4026 diaboli,
1687 3961 1772 4013 vel
1813 3977 1880 4016 ex

299 4029 630 4086 abundantia
659 4031 766 4086 cibi
800 4040 851 4084 et
883 4039 1060 4098 potus,
1097 4029 1183 4084 vel
1215 4047 1282 4084 ex
1311 4031 1632 4085 feminarum
1657 4039 1878 4100 aspectu

299 4109 357 4172 et
379 4101 807 4165 consuetudine;
838 4111 1023 4155 contra
1054 4103 1284 4172 primum
1318 4100 1618 4155 adhibenda
1644 4113 1726 4155 est
1750 4118 1877 4172 ora-

303 4170 391 4223 tio.
430 4172 561 4227 Nam
594 4188 716 4226 cum
747 4185 894 4225 nemo
932 4170 1198 4225 continens
1234 4187 1340 4224 esse
1376 4173 1566 4240 possit,
1613 4171 1880 4227 nisiDeus

299 4241 382 4293 det
406 4242 726 4312 (Sap.vnt),
761 4241 1004 4310 profecto
1037 4241 1302 4310 rogandus
1331 4252 1413 4296 est
1439 4252 1496 4296 ut
1525 4241 1627 4296 hoc
1652 4243 1766 4296 det.
1790 4243 1881 4298 Sic

299 4312 590 4380 Apostolus
629 4313 890 4366 adversus
925 4312 1198 4366 stimulum
1243 4313 1451 4376 carnis,
1493 4321 1548 4366 et
1596 4313 1877 4367 Dominum

300 4385 529 4452 rogavit,
557 4394 610 4438 et
634 4397 951 4452 responsum
966 4384 1172 4452 accepit
1197 4399 1210 4436 :
1236 4382 1446 4450 Sufﬁcit
1467 4384 1558 4436 tibi
1581 4384 1747 4452 gratia
1767 4399 1880 4437 mea

300 4397 529 4504 rogavit,
557 4397 610 4438 et
634 4397 951 4452 responsum
966 4397 1172 4452 accepit
1197 4399 1210 4436 :
1236 4397 1446 4450 sul/icit
1467 4397 1556 4436 tibi
1581 4397 1747 4452 grana
1767 4399 1880 4437 mea

300 4451 347 4519 (Ι
405 4452 527 4508 Cor.
551 4453 681 4522 xit);
717 4465 774 4506 ut
801 4453 1050 4507 videlicet
1078 4468 1294 4523 semper
1325 4469 1353 4507 a
1383 4455 1492 4508 Deo
1523 4453 1800 4522 penderet,
1826 4463 1882 4508 et

297 4524 531 4578 orationi
565 4540 785 4591 semper
808 4523 1160 4578 incumberet.
1191 4523 1325 4578 Hinc.
1352 4524 1588 4578 Ecclesia
1617 4523 1876 4594 peculiari

1985 3323 2207 3396 vicissim
2232 3324 2615 3396 rependisolet.
2642 3325 2705 3378 D.
2736 3323 3285 3396 llierOnyutus'epist.
3320 3327 3561 3379 decima:

1983 3392 2244 3466 Ardentes
2267 3395 2457 3447 diaboli
2487 3396 2707 3466 sagittae,
2729 3392 3057 3465 jejunidrum
3081 3405 3125 3447 et
3159 3392 3454 3464 uigiliarum
3489 3399 3564 3450 ri-

1981 3479 2103 3536 gore
2126 3465 2503 3534 restinguenda:
2529 3465 2668 3521 sunt.
2697 3468 2762 3520 Et
2789 3477 2908 3536 po.~t
2934 3483 2946 3518 :
2982 3466 3118 3530 Quid
3148 3481 3347 3519 necesse
3367 3477 3440 3520 est
3468 3482 3563 3521 nos

1973 3534 2178 3602 jactare
2202 3536 2529 3600 pudicitiam,
2558 3552 2674 3604 qua:
2713 3534 2823 3590 sine
2849 3536 3113 3589 comitibus
3151 3545 3196 3588 et
3241 3538 3562 3604 appendiciis

1981 3605 2113 3678 suis,
2139 3606 2451 3678 continentia
2481 3617 2527 3658 et
2556 3608 2826 3672 parcitate,
2853 3606 3008 3676 [idem
3036 3606 3120 3658 sui
3147 3607 3316 3675 facere
3341 3622 3441 3658 non
3463 3624 3562 3678 po-

1983 3683 2074 3726 test
2091 3675 2116 3726 ?
2139 3674 2417 3744 Apostolus
2441 3686 2660 3729 macerat
2681 3674 2867 3740 corpus
2886 3692 3055 3740 suum,
3079 3685 3123 3728 et
3145 3674 3328 3729 anima:
3351 3674 3561 3744 subj'icit

1980 3745 2219 3817 imperio,
2247 3747 2464 3817 nequod
2491 3745 2608 3798 aliis
2632 3749 2862 3817 praecipit
2885 3748 2992 3815 ipse
3012 3762 3111 3798 non
3138 3755 3332 3809 servet;
3361 3756 3408 3798 et
3431 3749 3560 3800 ado-

1983 3816 2262 3868 lescentulo
2289 3816 2510 3884 fervente
2530 3817 2656 3870 cibis
2681 3816 2897 3886 corpore
2920 3817 2982 3869 de
2999 3818 3231 3869 castitate
3251 3831 3429 3869 secura
3451 3822 3562 3874 est?

1986 3886 2220 3956 Denique
2249 3897 2435 3940 contra
2489 3889 2706 3941 tertium
2750 3888 3001 3941 vitandus
3031 3897 3283 3956 aspectus
3315 3896 3367 3940 ct
3395 3889 3561 3944 nimia

1982 3953 2316 4028 familiaritas
2371 3956 2716 4028 feminarum.
2760 3959 2834 4013 De
2879 3973 2979 4028 qua
3013 3953 3456 4025 DXAmbrosius,
3489 3960 3562 4016 ita

1983 4027 2226 4097 scribens
2257 4028 2323 4080 de
2354 4027 2472 4097 fuga
2513 4027 2712 4096 J‘oseph
2755 4027 3115 4097 patriarchae:
3150 4028 3277 4082 Cum
3314 4028 3375 4080 ab
3404 4045 3564 4085 uxore

1983 4096 2178 4170 domini
2195 4096 2565 4167 conveniretur,
2586 4101 2744 4152 teneri
2759 4096 2898 4154 veste
2920 4099 3106 4170 potuit,
3126 4100 3299 4152 animo
3321 4102 3436 4170 capi
3457 4117 3564 4155 non

1982 4169 2183 4234 patuit;
2209 4184 2270 4221 ac
2299 4186 2359 4223 ne
2389 4171 2501 4238 ipsa
2530 4171 2734 4236 quidem
2757 4167 3020 4224 verba'diu
3038 4185 3224 4239 passus
3249 4181 3343 4223 est.
3373 4167 3564 4224 Conta-

1981 4239 2122 4310 giunt
2152 4241 2288 4292 enim
2308 4242 2586 4310 judicavit,
2615 4256 2677 4294 ne
2709 4257 2798 4310 per
2834 4256 3018 4294 manus
3055 4241 3305 4294 adultera!
3331 4241 3563 4296 libidinis

1981 4309 2236 4362 incentiva
2268 4309 2564 4364 transirent.
2597 4309 2717 4365 Alia
2748 4311 2988 4365 remedia
3022 4311 3150 4363 alibi
3180 4311 3560 4376 indicavimus,

1982 4379 2070 4431 ubi
2098 4380 2164 4434 de
2188 4382 2439 4435 obscenis
2480 4382 2901 4449 cogitationibus
2925 4382 3107 4435 statim
3134 4383 3557 4450 supprimendis,

1980 4459 2074 4502 aut
2102 4451 2236 4522 patri
2269 4452 2540 4519 spirituali
2571 4451 2984 4506 manifestandis
3018 4451 3248 4519 egimus.
3276 4451 3369 4505 llis
3397 4452 3563 4522 igitur

1983 4531 2038 4573 et
2088 4521 2395 4589 ltujusutodi
2447 4522 2702 4576 remediis
2747 4538 2813 4576 ex
2856 4531 3014 4592 parte
3056 4533 3238 4575 nostra
3281 4521 3559 4589 adhibitis,

298 4593 472 4646 studio
497 4608 561 4648 ac.
582 4597 870 4664 devotione
893 4593 1050 4648 docet
1071 4608 1167 4648 nos
1189 4609 1345 4664 orare
1368 4595 1422 4648 in
1444 4592 1640 4648 litaniis
1666 4611 1678 4645 :
1707 4594 1752 4646 A
1775 4595 1881 4664 spi-
1903 4601 1958 4662 ι)
1986 4604 2090 4644 non
2118 4592 2308 4664 deerit
2338 4592 2496 4664 illud
2519 4593 2799 4660 peculiare
2837 4594 3099 4647 auxilium
3125 4592 3259 4664 Dei,
3301 4603 3354 4647 et
3382 4595 3563 4647 conti-

298 4663 396 4715 ritu
435 4665 799 4730 fornicationis
841 4663 1000 4717 libera
1043 4679 1165 4732 nos,
1212 4662 1459 4732 Domine.
1507 4666 1676 4718 Monet
1720 4662 1872 4718 suam

299 4732 548 4788 Sabinam
585 4736 646 4788 Ι).
684 4735 1040 4805 Hieronymus
1066 4735 1150 4788 his
1178 4735 1360 4788 verbis
1386 4752 1398 4786 :
1429 4731 1632 4788 Crebra:
1660 4735 1762 4786 sint
1784 4735 1878 4788 tibi

297 4805 571 4875 orationes,
603 4815 657 4858 ut
689 4821 864 4858 omnes
886 4804 1500 4875 cogitationumsagittw,
1529 4805 1712 4875 quibus
1745 4804 1877 4859 ado-

301 4874 538 4946 lescentia
567 4876 770 4944 percuti
796 4874 960 4938 solet,
996 4874 1293 4946 huiusmodi
1327 4876 1505 4945 clypeo
1535 4874 1870 4946 repellantur.

299 4941 360 4994 D.
408 4941 742 5013 Augustinus
791 4947 843 4998 in
891 4945 1042 4998 libris
1093 4941 1522 5009 Confessionum,
1560 4941 1648 4999 ubi
1696 4946 1874 5000 varias

298 5017 620 5069 tentationcs
647 5016 842 5082 quibus
872 5024 995 5070 ante
1019 5016 1427 5070 conversionem
1457 5029 1603 5069 suam
1633 5015 1872 5083 agitaba-

298 5092 398 5147 tur.
431 5102 614 5140 coram
650 5087 760 5140 Deo
795 5101 1092 5153 exponens,
1122 5085 1266 5140 inter
1286 5087 1389 5140 alia
1429 5085 1620 5141 scribit
1646 5085 1790 5154 (Lib.
1826 5101 1878 5139 v1

295 5167 340 5206 c.
371 5157 460 5223 Η)
484 5175 496 5209 :
525 5155 841 5210 Medicinam
864 5156 1225 5210 misericordia
1248 5165 1351 5210 tute
1371 5158 1439 5210 ad
1465 5155 1701 5211 eamdem
1731 5156 1880 5225 inﬁr-

295 5225 514 5298 mitatem
563 5225 1037 5298 (incontinentiae)
1085 5227 1374 5298 sanandam
1421 5243 1521 5280 non
1569 5227 1874 5295 cogitabam,

295 5297 409 5368 quia
438 5306 684 5365 expertus
711 5313 812 5349 non
843 5313 1005 5361 cram,
1036 5305 1082 5350 et
1116 5297 1446 5368 propriarum
1476 5298 1659 5350 virium
1689 5297 1872 5351 crede-

295 5362 406 5418 bam
423 5362 530 5422 esse
548 5368 938 5432 continentiam,
956 5362 1176 5434 quarum
1191 5367 1317 5420 mihi
1340 5383 1440 5420 non
1461 5385 1599 5420 erant
1615 5370 1871 5434 conscius,

295 5449 400 5488 cum
429 5448 532 5490 tant
563 5437 758 5492 stultus
808 5453 987 5499 essem,
1035 5448 1088 5490 ut
1134 5442 1398 5504 nescirem,
1449 5442 1580 5490 sicut
1625 5439 1873 5504 scriptum

292 5515 386 5571 est,
415 5508 670 5561 neminem
696 5524 847 5580 posse
887 5524 992 5561 esse
1019 5513 1380 5573 continentem,
1413 5510 1512 5560 nisi
1549 5517 1602 5560 tu
1633 5507 1834 5561 dederis
1856 5525 1876 5563 .'

291 5583 338 5627 et
370 5581 541 5648 utique
569 5581 744 5643 dares,
777 5581 816 5630 si
841 5582 1026 5648 gemitu
1053 5580 1252 5631 interno
1275 5580 1530 5648 pulsarem
1560 5594 1710 5631 aures
1737 5589 1872 5645 tuas,

292 5654 346 5719 et
381 5649 478 5714 ﬁde
523 5651 696 5719 solida
743 5650 798 5702 in
843 5661 890 5700 te
923 5651 1178 5719 jactaregn
1217 5666 1393 5701 curam
1438 5666 1619 5702 meum.
1653 5649 1718 5702 Et
1745 5649 1873 5704 alibi

295 5713 428 5779 (Lib.
454 5736 484 5774 x
513 5717 758 5790 Confess.
791 5713 1025 5788 capflll)
1058 5738 1069 5771 :
1105 5713 1232 5772 Tota
1264 5737 1375 5785 spes
1419 5737 1531 5773 mea
1559 5736 1658 5775 non
1692 5721 1790 5772 nisi
1821 5721 1876 5775 in

1985 4662 2181 4715 neutia‘.
2203 4662 2437 4729 Speciale
2467 4657 2691 4729 donum,
2717 4679 2822 4732 quo
2851 4663 3009 4718 facile
3037 4671 3092 4717 et
3117 4657 3354 4732 jucunde
3382 4663 3560 4717 conti-

1978 4733 2214 4802 nentiam
2243 4747 2543 4795 servemus,
2575 4744 2630 4785 ut
2661 4749 2726 4788 ex
2758 4733 2919 4788 dictis
2945 4743 3110 4802 patet.

2050 4809 2086 4873 ιθ
2107 4801 2347 4872 Dionysii
2372 4805 2718 4873 paraphrasis
2768 4801 3009 4859 nonnihil
3057 4804 3192 4858 lucis
3235 4802 3440 4867 adfert,
3473 4804 3562 4860 his

1975 4872 2192 4944 verbis:
2219 4872 2382 4927 Sicuti
2400 4876 2699 4928 declaratur
2727 4883 2774 4929 et
2821 4876 3142 4944 apertissime
3175 4875 3449 4927 innotescit
3480 4876 3563 4929 his

1975 4943 2062 5016 q_ui
2105 4945 2389 4998 castitatem
2436 4947 2696 5016 possidere
2737 4943 3171 5016 promeruerunt,
3203 4959 3266 4998 ea;
3307 4948 3563 5000 sententia

1981 5012 2288 5088 Patrumret
2333 5012 2684 5088 experimento
2715 5012 2831 5088 suae
2874 5015 3223 5088 purgationis,
3256 5030 3452 5084 nempe
3494 5019 3564 5071 ab

1980 5087 2128 5156 omni
2160 5085 2279 5140 labe
2305 5096 2358 5141 et
2387 5086 2641 5156 contagio
2671 5087 2911 5142 libidinis
2935 5103 2950 5144 :
2976 5085 3144 5154 quam
3183 5089 3561 5154 purgationem

1979 5155 2156 5224 quivis
2181 5159 2429 5212 castitate
2461 5155 2726 5226 praeditus
2750 5157 2862 5212 suis
2888 5173 2947 5210 se
2977 5156 3181 5211 viribus
3205 5159 3420 5226 assequi
3454 5171 3563 5212 non

1982 5227 2246 5297 potuisse,
2279 5243 2378 5282 nec
2419 5225 2596 5297 posse,
2635 5237 2894 5297 expertus
2923 5237 3040 5292 est,
3072 5236 3125 5280 et
3169 5227 3221 5297 in
3255 5225 3370 5280 dies
3398 5242 3564 5296 expe-

1978 5296 2139 5350 ritur.
2163 5295 2271 5351 Cur
2301 5294 2480 5354 autem
2508 5299 2681 5366 major
2703 5294 2874 5368 gratia
2902 5308 2955 5350 et
2987 5294 3277 5368 specialius
3303 5294 3562 5352 auxilium

1978 5370 2286 5435 requiratur
2303 5371 2369 5422 ad
2393 5367 2719 5423 evincendas
2741 5368 2922 5422 carnis
2947 5367 3290 5430 tentationcs,
3317 5377 3369 5421 vl
3389 5370 3562 5421 conti-

1979 5440 2223 5509 nentiam
2251 5439 2656 5508 acquirendam,
2690 5453 2850 5506 quam
2881 5437 2949 5509 ad
2981 5438 3113 5490 alias
3141 5437 3370 5509 virtutes
3392 5439 3561 5509 (quod

1979 5506 2069 5563 hic
2099 5524 2193 5576 per
2223 5506 2685 5577 comparationem
2730 5507 2983 5578 dicitur),
3018 5524 3083 5561 ex
3122 5507 3368 5578 allegatis
3398 5506 3558 5574 Supe-

1979 5580 2089 5632 rius
2117 5580 2216 5634 SS.
2253 5581 2468 5633 Patrum
2501 5579 2764 5645 exemplis
2790 5588 2845 5630 et
2875 5579 3230 5646 testimoniis,
3262 5588 3318 5634 et
3344 5595 3413 5634 ex
3448 5586 3560 5634 toto

1979 5649 2138 5705 huius
2177 5651 2297 5704 libri
2330 5651 2562 5705 decursu
2597 5649 2756 5716 plane
2786 5649 3130 5722 intelligitur.
