3986 6320
661 185 700 230 Ι

323 275 422 332 277

819 275 909 332 DE
943 271 1422 332 C(ENOBIORUM
1463 271 1708 330 INSTIT.
1749 273 1878 328 LIB.
1917 269 2098 326 \‘l.—
2122 271 2208 326 DE
2247 271 2516 330 SPIRITU
2559 272 3104 334 FORNICATIONIS.

3460 233 3474 244 ρ

323 401 570 444 somnum
625 395 890 442 nocturna
940 385 1114 442 delusi
1159 385 1406 452 fallacia,
1465 387 1607 442 vires
1660 385 2202 456 minuantAperibit
2229 401 2412 442 coram
2457 388 2702 444 Domino.
2738 389 3007 458 Quantum
3053 391 3214 464 igitur
3263 395 3594 466 integritatis

325 479 488 536 multo
542 487 794 549 tempore
857 479 1232 549 conquisitas,
1285 487 1312 516 ει
1363 479 1579 534 laminis
1637 479 1906 550 plumbeis

327 583 510 627 renum
561 579 862 642 contegunt
897 572 1038 638 loca,
1085 585 1194 640 quo
1245 569 1448 626 scilicet
1495 571 1700 628 metalli
1731 571 1908 642 rigore

327 659 651 730 genitalibus
689 660 946 715 membris
988 660 1282 730 applicito,
1327 661 1590 717 obscenos
1653 661 1908 716 humores

271 751 282 812 ἶ
331 755 536 808 valeant
565 753 818 810 inhibere
853 771 866 806 :
901 753 1265 824 intelligentes
1298 769 1358 810 se
1387 753 1746 826 proculdubio
1785 769 1908 810 esse

329 846 660 914 vincendos,
719 861 820 904 nec
863 847 976 918 jam
1033 861 1194 918 posse
1245 849 1582 920 propositum
1632 855 1904 904 certamen

331 938 558 1008 demptis
603 939 810 996 viribus
855 939 1188 1010 adimplere,
1236 941 1282 996 si
1317 940 1586 1010 provisam
1637 939 1907 1010 pudicitia:

333 1029 658 1086 soliditatem
705 1029 870 1086 fallax
919 1031 1096 1086 noxiae
1139 1031 1432 1102 voluptatis
1479 1031 1657 1104 imago
1713 1045 1902 1088 corru-

245 1127 278 1192 αζ,
334 1123 481 1192 perit.

913 1215 1140 1274 CAPUT
1180 1216 1316 1276 Vill.

333 1303 404 1362 De
441 1305 834 1377 comparatione
867 1308 1463 1382 puriﬁcatiouisieorum
1499 1311 1590 1382 qui
1623 1309 1676 1366 in
1706 1319 1906 1366 terreno

682 1393 848 1449 agone
877 1387 1128 1434 certamen
1157 1381 1378 1434 habituri
1407 1391 1547 1436 sunt.

397 1490 582 1563 Itaque
621 1493 670 1548 si
711 1494 902 1564 agonis
929 1493 1218 1550 mundialis
1265 1494 1632 1551 intelleximus
1673 1495 1908 1570 discipli-

331 1601 468 1654 nam,
513 1587 674 1658 cujus
718 1589 966 1658 exemplo
1013 1589 1205 1646 beatus
1251 1590 1542 1658 Apostolus
1589 1605 1686 1646 nos
1733 1591 1906 1646 Voluit

328 1682 562 1750 erudire,
587 1681 798 1738 docens
821 1691 1018 1753 quanta
1049 1682 1106 1738 in
1129 1683 1220 1738 illa
1247 1685 1322 1738 sit
1345 1683 1674 1752 observatio,
1705 1693 1902 1755 quanta

2013 487 2096 534 est
2125 495 2354 548 munus,
2388 481 2506 536 sine
2535 497 2638 552 qua
2680 483 2842 538 etiam
2873 483 2950 540 illi
2981 483 3071 554 qui
3102 495 3256 540 erant
3298 487 3400 544 sub
3426 489 3600 546 veteri

2011 579 2352 638 testamento,
2373 569 2654 630 sacrificiis
2677 577 2874 647 typicis
2896 593 3002 632 non
3025 587 3275 648 poterant
3299 577 3598 649 interesse;

2007 675 2064 722 et
2093 667 2184 738 qui
2213 666 2372 738 hujus
2406 669 2590 724 mundi
2619 671 3028 740 corruptibilem
3069 687 3328 730 coronam
3366 674 3592 744 cupiunt

2007 759 2252 830 adipisci,
2283 772 2554 832 nequeunt
2581 763 2838 820 coronari
2863 765 2876 818 l

2607 877 2838 934 CAPUT
2875 878 2966 934 IX.

2011 969 2274 1037 Quantam
2303 985 2506 1042 semper
2543 971 2714 1024 cordis
2752 971 3026 1042 puritatem
3061 989 3252 1042 parare
3286 989 3462 1030 coram
3501 973 3602 1031 Dei

2543 1043 2705 1094 oculis
2753 1041 3052 1098 debeamus.

2079 1131 2270 1200 Itaque
2299 1132 2446 1186 omni
2485 1131 2732 1186 custodia
2761 1133 2942 1186 cordis
2989 1133 3162 1188 nostri
3205 1143 3332 1190 sunt
3367 1135 3596 1192 latebrae

2007 1226 2258 1296 primitus
2285 1221 2588 1296 expiandae.
2623 1223 2774 1290 Quod
2807 1225 2950 1280 enim
2981 1227 3054 1280 illi
3089 1227 3142 1282 in
3173 1229 3418 1298 corporis
3447 1229 3598 1298 puri-

2009 1327 2116 1376 tate
2157 1319 2384 1388 cupiunt
2407 1317 2656 1386 assequi,
2691 1331 2790 1372 nos
2817 1317 3078 1374 debemus
3105 1319 3266 1374 etiam
3299 1321 3352 1374 in
3377 1319 3592 1376 arcanis

2007 1411 2356 1466 conscientiae
2403 1409 2682 1481 possidere
2725 1427 2738 1462 ε
2785 1411 2838 1464 in
2880 1427 2984 1478 qua
3025 1411 3286 1466 Dominus
3328 1409 3356 1448 ἀ
3387 1412 3596 1466 arbiter

2008 1513 2168 1576 atque
2192 1501 2521 1576 agonothcta
2551 1503 2818 1572 residens,
2853 1517 3085 1572 pugnam
3113 1517 3304 1558 cursus
3335 1511 3388 1559 et
3417 1513 3596 1558 certa-

2012 1595 2174 1652 minis
2207 1595 2378 1650 nostri
2405 1595 2608 1666 jugiter
2637 1603 2914 1663 exspectat
2947 1593 3220 1668 [spectat],
3267 1605 3323 1650 ut
3361 1611 3422 1651 ea
3471 1613 3594 1666 quae

2009 1687 2062 1741 in
2119 1687 2410 1757 prepatulo
2441 1687 2726 1741 horremus
2771 1687 3094 1750 admittere,
3147 1701 3218 1742 ne
3263 1687 3594 1744 intrinsecus

327 1775 628 1846 diligentia,
683 1783 888 1847 quanta
939 1775 1184 1831 custodia
1225 1793 1238 1828 :
1291 1776 1419 1846 quid
1465 1791 1566 1832 nos
1617 1779 1902 1834 conveniet
1933 1779 2226 1850 Bqnidem
2270 1778 2584 1834 coalescere
2611 1779 2826 1832 incauta
2857 1777 3182 1848 cogitatione
3213 1779 3511 1848 patiamur;
3539 1787 3596 1835 et

327 1865 532 1937 facere,
566 1883 672 1940 qua
701 1869 936 1938 puritate
964 1868 1234 1940 Oportebit
1274 1868 1548 1926 custodire
1580 1871 1750 1928 nostri
1779 1885 1900 1926 coro

327 1963 468 2034 poris
493 1972 660 2034 atque
699 1963 896 2018 anima:
941 1965 1270 2030 castitatem,
1314 1960 1342 2002 δ
1385 1977 1522 2032 quos
1565 1979 1792 2020 necesse
1819 1972 1902 2020 est

317 2045 560 2128 'quotidie
612 2054 974 2111 sacrosanctis
1029 2055 1168 2124 Agnl
1219 2056 1470 2112 carnibus
1523 2057 1708 2124 vesci,
1767 2071 1900 2128 quas

323 2149 592 2204 neminem
623 2147 960 2204 immundum
992 2149 1308 2220 contingere
1334 2149 1494 2204 etiam
1539 2149 1736 2206 veteris
1767 2149 1900 2222 legis

323 2251 586 2314 praecepta
617 2243 976 2313 permittunt!
1002 2253 1024 2282 ο
1055 2243 1114 2298 In
1141 2243 1380 2300 Levitico
1405 2259 1636 2314 namque
1661 2245 1732 2300 ita
1761 2260 1900 2316 pra:-

322 2339 512 2408 cipitnr
561 2354 578 2392 :
629 2337 820 2394 Omnis
869 2337 1102 2393 mundus
1155 2337 1500 2392 manducabit
1545 2353 1758 2393 carnes.
1809 2337 1896 2406 Et,

325 2427 505 2484 Anima
535 2443 888 2500 quacumque
925 2429 1225 2484 comederit
1250 2429 1318 2484 de
1361 2429 1612 2484 carnibus
1651 2427 1902 2490 sacriﬁcii

324 2519 566 2574 salutaris
607 2519 752 2590 quod
784 2528 866 2574 est
897 2519 1143 2590 Domini,
1184 2519 1238 2576 in
1280 2534 1382 2590 qua
1411 2529 1488 2574 est
1539 2519 1900 2587 immunditia,

2011 1871 2062 1928 in
2095 1871 2288 1942 quibus
2329 1871 2564 1926 humana
2607 1871 2914 1940 cognitione
2945 1869 3328 1928 confundimur
3349 1913 3364 1938 ,
3398 1887 3466 1928 ne
3495 1887 3592 1928 oc-

2007 1967 2150 2022 culta
2175 1967 2396 2035 quidem
2413 1965 2758 2022 conniventia
2785 1965 3108 2034 polluamur.
3131 1965 3401 2032 Quzelicet
3423 1965 3594 2034 possit

2007 2057 2286 2114 hominum
2319 2059 2600 2128 praeterire
2631 2057 2906 2122 notitiam,
2939 2059 3251 2112 Sanctorum
3285 2065 3468 2111 tamen
3497 2071 3594 2112 an-

2003 2151 2270 2222 gelorum,
2331 2151 2614 2220 ipsiusque
2679 2151 3066 2220 omnipotentis
3129 2151 3220 2206 Dei
3280 2151 3590 2216 scientiam,

2003 2257 2164 2312 quam
2187 2241 2334 2296 nulla
2359 2241 2764 2310 subterfugiunt
2781 2251 3014 2308 secreta,
3039 2242 3210 2298 latere
3237 2257 3346 2298 non
3371 2242 3592 2312 poterit.

2513 2329 2518 2344 ⁴
2629 2333 2858 2388 CAPUT
2901 2335 2966 2388 Χ.

2077 2427 2230 2494 Quod
2255 2427 2320 2481 sit
2349 2427 2602 2480 indicium
2641 2431 2884 2498 perfecta:
2920 2435 2968 2480 et
3009 2427 3221 2496 integrte
3249 2429 3517 2498 puritatis.

2079 2530 2100 2558 ε
2131 2519 2298 2590 Cujus
2351 2521 2604 2590 puritatis
2648 2521 2756 2576 hoc
2797 2521 2902 2576 erit
2937 2519 3164 2576 evidens
3207 2519 3496 2588 indicium,
3525 2529 3591 2576 ac

1377 2633 1632 2692 ALABDI
1670 2635 1904 2692 GAZA‘II
1943 2633 2510 2692 COMMENTARIUS.

390 2737 414 2798 tl
441 2727 520 2784 De
545 2727 716 2782 variis
755 2727 1074 2784 athletarum
1117 2727 1324 2796 legibus
1369 2738 1424 2786 et
1451 2731 1714 2798 moribus,
1747 2729 1894 2794 vide,

331 2797 372 2868 si
397 2797 556 2864 lubet,
591 2799 962 2854 Alexandrum
993 2802 1060 2854 ab
1089 2801 1414 2866 Alexandro,
1443 2811 1500 2856 et
1549 2803 1712 2856 multa
1757 2801 1897 2868 apud

325 2865 568 2938 liudazum
605 2869 660 2924 in
693 2869 950 2926 Pandect.
983 2869 1058 2926 De
1085 2871 1288 2938 plumbi
1341 2865 1438 2926 usu
1483 2881 1536 2926 et
1564 2865 1806 2926 allii-acia
1831 2871 1900 2924 ad

323 2935 540 2994 Veneris
565 2943 798 3008 impetus
823 2952 876 2995 et
901 2935 1454 3006 ﬂuxus-cohibendos,
1485 2953 1672 2996 auctor
1693 2941 1900 2996 Plinius

321 3011 542 3082 natural.
577 3011 716 3066 Hist.
747 3011 840 3066 lib.
877 3028 1060 3070 xxxrv.
1094 3013 1270 3078 capite
1295 3013 1508 3068 decimo
1537 3022 1726 3068 octavo
1759 3011 1896 3082 (Lib.

321 3080 608 3154 uicenial.
657 3099 774 3154 cap.
823 3081 879 3148 9,
929 3089 978 3136 et
1027 3083 1120 3136 lib.
1160 3097 1338 3154 νεαρ.
1373 3085 1436 3150 8;
1467 3081 1656 3138 Cwlius
1705 3080 1900 3152 Redig.

319 3147 656 3222 Lectaantiq.
688 3147 778 3208 lib.
807 3147 874 3206 xv
903 3169 1018 3220 cap.
1057 3155 1134 3220 6).

381 3221 410 3260 ιι
437 3221 555 3276 Non
591 3221 916 3294 necessitate
943 3225 1108 3278 credo
1137 3223 1404 3292 absoluta,
1429 3225 1526 3280 sed
1549 3227 1894 3294 congruenti,

319 3295 526 3366 ratione
569 3293 736 3348 ofﬁcii
761 3303 816 3348 et
843 3294 1168 3364 praelatum.
1195 3295 1332 3350 Cum
1365 3297 1508 3352 enirn
1548 3297 1598 3350 id
1634 3293 1892 3366 temporis

319 3363 564 3434 plerique
599 3363 882 3430 monachi,
919 3374 1146 3432 excepto
1165 3367 1382 3430 abbate,
1414 3377 1598 3420 essent
1629 3363 1770 3428 laici,
1804 3375 1896 3420 aut

317 3435 464 3507 pauci
497 3446 650 3490 certe
678 3450 744 3490 ex
777 3435 838 3490 iis
869 3436 1248 3490 ordinarentur
1281 3438 1616 3507 presbyteri,
1659 3447 1720 3492 ut
1761 3438 1897 3492 alias

319 3505 516 3560 dictum
545 3513 654 3568 est,
685 3517 1106 3560 consentaneum
1155 3508 1254 3560 fuit
1288 3505 1345 3560 ut
1387 3505 1474 3576 qui
1505 3507 1626 3562 aliis
1669 3519 1896 3576 praeerat

317 3577 502 3640 abbas,
533 3577 776 3646 quotidie
801 3591 984 3630 coram
1027 3575 1278 3632 fratribus
1313 3575 1600 3632 Missurum
1631 3579 1894 3634 solemnia

319 3647 641 3716 celebraret,
673 3655 730 3702 et
759 3646 862 3702 hoc
891 3647 1161 3716 praecipuo
1183 3649 1460 3716 religionis
1487 3649 1667 3704 ofﬁcio
1701 3651 1752 3704 in
1783 3665 1897 3704 mo-

321 3721 554 3772 nasterio
585 3715 905 3786 fungeretur
939 3735 953 3772 :
987 3715 1088 3784 qua
1117 3719 1182 3770 de
1209 3735 1266 3772 re
1292 3715 1458 3782 plura
1503 3720 1628 3774 alibi
1668 3719 1894 3774 dicenda

321 3798 440 3844 sunt
471 3791 488 3858 (
519 3787 645 3841 Vide
675 3789 854 3842 collat.
881 3787 952 3844 25
979 3805 1098 3854 cap.
1131 3789 1260 3858 9.0).
1289 3789 1442 3844 Unde
1467 3791 1662 3856 colligo
1683 3799 1736 3844 et
1767 3793 1896 3844 Cas-

319 3861 524 3914 sianum
559 3859 938 3930 presbyterum
970 3859 1268 3922 exstitisse.
1321 3859 1461 3930 quod
1491 3873 1546 3914 et
1587 3859 1897 3916 Gennadius

319 3940 370 4000 et
387 3927 1068 4000 Trithemius'attestantur
1085 3945 1100 3994 ;
1120 3939 1174 3984 et
1195 3927 1592 3998 quotidianum,
1613 3941 1674 3986 ut
1691 3933 1892 4000 decuit,

319 3999 494 4056 Missae
521 3999 848 4070 sacriﬁcium
876 4001 1200 4064 celebrasse,
1231 4001 1284 4054 in
1315 4017 1420 4070 quo
1449 4005 1634 4070 Agnus
1669 4003 1760 4058 ille
1793 4007 1894 4056 itu-

317 4073 618 4126 maculatus
659 4069 905 4133 offertur,
955 4071 1286 4136 immolatur,
1319 4081 1375 4126 et
1417 4069 1666 4126 suntitur.
1699 4073 1898 4140 Quam-

317 4157 471 4212 quam
516 4141 822 4212 existimem
867 4141 1040 4210 ipsum
1073 4157 1176 4196 non
1209 4143 1260 4196 in
1303 4157 1400 4198 sua
1433 4151 1636 4197 tantum
1669 4157 1894 4212 persona

317 4209 386 4266 ita
415 4213 676 4274 locutum,
711 4209 806 4266 sed
833 4209 1062 4266 aliorum
1103 4213 1266 4266 etiam
1297 4209 1682 4276 sacerdotum,
1702 4215 1897 4280 quibus

315 4298 380 4338 ex
424 4283 602 4354 olﬁcio
637 4281 726 4354 vel
773 4291 900 4336 Voto
945 4283 1280 4354 incumberet
1335 4285 1576 4354 qumidie
1603 4299 1894 4338 sacrosan-

317 4355 415 4408 ctis
443 4353 584 4422 Agni
611 4353 850 4410 ctelestis
873 4353 1130 4408 carnibus
1161 4355 1330 4420 vesci,
1357 4353 1510 4424 quod
1553 4356 1686 4410 litin
1721 4357 1895 4410 Missa:

315 4426 602 4478 sacriﬁcio.

387 4493 660 4550 ειεξνίιίοἰ
713 4509 810 4558 vn,
853 4493 1147 4550 secundum
1205 4493 1368 4550 LXX.
1427 4495 1892 4562 Quemadmodum

317 4565 650 4620 citatrursus
693 4563 943 4618 eumdem
991 4567 1168 4620 locum
1197 4567 1380 4620 collat.
1411 4569 1502 4630 722,
1533 4581 1656 4632 cap.
1689 4565 1742 4620 5.
1779 4567 1899 4622 Vul-

313 4646 468 4708 gatus
519 4644 702 4708 textus
720 4635 1252 4708 nonniliildiversus
1284 4637 1508 4690 :Anima
1533 4637 1749 4708 polluta,
1785 4655 1900 4708 qua:

314 4705 470 4776 ederit
492 4707 554 4760 de
581 4706 822 4776 carnibus
856 4707 1038 4762 hostia:
1079 4707 1430 4776 paciﬁcorum,
1473 4723 1587 4772 qtae
1617 4705 1898 4762 oblata-est

313 4775 556 4850 _Domino,
589 4775 774 4850 peribit
815 4779 878 4832 de
903 4775 1108 4846 populis
1143 4775 1247 4832 suis
1267 4817 1282 4846 ,
1327 4787 1432 4834 etc.
1467 4777 1568 4834 Ubi
1593 4781 1770 4834 anima
1799 4795 1898 4850 pro

313 4845 530 4902 homine
551 4845 836 4914 accipitur.

379 4915 408 4953 ἀ
429 4917 822 4990 Agpnotlictes,
847 4919 963 4974 sive
985 4919 1333 4989 agonotlteta,
1365 4929 1448 4976 est
1466 4921 1556 4990 qui
1580 4921 1760 4990 agoni,
1789 4921 1895 4976 hoc

311 4999 418 5052 est,
449 4987 732 5062 certamini
775 4987 1120 5062 praeestfvel
1163 4991 1252 5059 qui
1294 4987 1637 5046 certantibus"
1672 4993 1892 5062 prtemia

311 5062 582 5127 proponit.
619 5060 776 5114 llunc
800 5063 1014 5114 titulum
1041 5060 1262 5116 Christo
1288 5062 1472 5116 tribuit
1495 5063 1656 5116 etiam
1673 5060 1744 5118 ἶ).
1775 5063 1894 5118 Ilie-

311 5142 572 5202 ronymus
618 5127 761 5202 (Lib:
801 5145 818 5184 ι
850 5147 896 5184 c.
925 5129 1002 5199 7).
1035 5146 1203 5201 agens
1233 5131 1302 5186 de
1347 5132 1654 5198 virginitate
1703 5141 1892 5188 contra

309 5197 660 5272 dovinianum
687 5218 700 5252 :
723 5197 1000 5270 Proponit,
1025 5197 1218 5270 inquit,
1241 5197 1574 5272 agonothetes
1601 5207 1890 5269 precarium,

308 5269 576 5346 inuitat‘ad
595 5265 846 5346 cursum,
863 5265 996 5346 tenet
1019 5273 1072 5326 in
1099 5265 1609 5346 manu'rt'rginitatis
1625 5265 1890 5342 bravium,

307 5343 526 5414 ostendit
577 5343 914 5414 purissimum
953 5344 1167 5412 fontem,
1213 5355 1262 5398 et
1307 5343 1578 5400 clamitat:
1611 5347 1714 5410 Qui
1753 5349 1888 5410 sitit,

305 5413 474 5486 genitu
503 5425 550 5467 et
578 5413 742 5486 bibat.
777 5414 878 5480 Qui
917 5424 1078 5486 potest
1106 5432 1310 5484 capere,
1347 5419 1516 5486 capiat
1539 5415 1718 5486 (Matt.
1751 5421 1886 5482 χιι).

307 5479 510 5538 Eodem
531 5479 1076 5558 respexitApostolus
1091 5479 1208 5540 loco
1229 5479 1568 5558 pranall'egato
1584 5485 1738 5558 (Heu.
1765 5479 1858 5558 im)
1873 5529 1888 5552 ,

305 5565 534 5627 monens
557 5563 620 5608 ut
643 5557 960 5622 aspiciamus
981 5557 1036 5610 in
1065 5569 1330 5611 auctorem
1350 5557 1468 5627 ﬁdei
1492 5569 1538 5610 et
1566 5557 1890 5613 censumma-

306 5631 466 5696 torem
485 5624 692 5686 Jesum,
711 5639 906 5694 nempe
929 5635 1202 5696 tamquam
1223 5624 1533 5682 certaiminis
1557 5631 1724 5682 nostri
1752 5643 1888 5696 prte-

305 5692 476 5749 sidem
510 5711 574 5752 ac
623 5692 1072 5766 prmmia'toremf
1105 5701 1246 5754 sicut
1275 5699 1450 5754 solent
1497 5692 1776 5754 currentes
1825 5715 1888 5756 ac

305 5775 582 5824 certantes
621 5767 676 5824 in
719 5767 898 5826 stadio
925 5771 1198 5840 respicere
1231 5771 1298 5826 ad
1329 5771 1640 5842 prait'ectum
1669 5781 1726 5828 et
1759 5785 1887 5842 ago-

1923 4529 1976 4590 D

2005 2729 2280 2784 notttetam
2311 2771 2324 2794 ,
2379 2729 2470 2796 qui
2499 2743 2738 2796 praesens
2769 2739 2980 2798 spectat
3011 2769 3028 2794 ,
3075 2737 3132 2784 ct
3157 2728 3366 2782 animos
3405 2729 3586 2798 addit,

2005 2802 2228 2866 prmmio
2259 2801 2536 2866 propesito
2571 2818 2584 2852 :
2623 2801 2776 2866 cujus
2809 2800 2884 2854 rei
2919 2799 3132 2856 illustre
3158 2801 3462 2862 exernplum
3493 2801 3590 2856 ha-

2003 2869 2158 2924 betur
2179 2871 2230 2924 in
2257 2869 2372 2924 Vita
2392 2869 2451 2924 S.
2484 2869 2704 2924 Antonii
2731 2871 2798 2922 ab
2823 2871 3119 2924 Athanasio
3137 2871 3432 2937 descripta.
3455 2871 3590 2928 Cum

2003 2943 2146 2994 enim
2195 2943 2252 2994 ὃ.
2287 2943 2556 2994 Antonius
2581 2940 2672 2994 diu
2703 2957 2824 2996 cum
2865 2941 3204 2994 dzemonibus
3240 2941 3586 3008 colluctatus,

2005 3017 2062 3066 et
2089 3013 2322 3076 graviter
2349 3013 2416 3064 ab
2437 3013 2515 3066 eis
2537 3021 2760 3066 vexatus
2789 3011 2998 3072 fttiSset,
3035 3013 3250 3065 tandem
3277 3014 3426 3064 radio
3453 3015 3587 3068 lucis

2007 3079 2300 3152 aﬁulgeute
2323 3093 2598 3136 recreatus
2627 3083 2970 3150 pranenliam
2999 3082 3206 3136 Dr-mini
3232 3083 3512 3144 intellexit,
3538 3095 3592 3140 ct

1931 3139 1978 3204 C
2007 3165 2072 3206 ex
2105 3139 2292 3206 uinum
2327 3165 2544 3216 peetore
2577 3139 2732 3222 longa
2765 3153 2986 3206 trahens
3013 3153 3278 3216 suspiria,
3309 3154 3376 3222 ad
3423 3139 3588 3208 νὶμίο-

2001 3238 2146 3288 nem,
2179 3239 2296 3292 qure
2319 3225 2366 3276 ci
2389 3221 2728 3292 apparuerat.
2751 3225 3066 3292 loquebatur
3092 3223 3277 3276 dicens
3300 3242 3310 3275 :
3337 3221 3436 3278 Ubi
3453 3241 3586 3288 eras,

2001 3293 2128 3347 bone
2155 3291 2320 3348 Iesu?
2351 3295 2434 3348 ubi
2457 3291 2605 3348 iras?
2635 3295 2805 3364 Quare
2828 3291 2932 3348 non
2953 3311 2986 3346 a
3005 3293 3260 3364 principio
3285 3295 3502 3360 affuisti,
3535 3308 3590 3348 ut

2001 3381 2212 3418 sanam
2245 3365 2454 3418 vulnera
2481 3367 2628 3418 mea?
2655 3363 2722 3416 Et
2751 3382 2848 3420 eoa:
2874 3363 3014 3432 facta
3041 3377 3110 3418 cst
3133 3363 3200 3418 ad
3225 3381 3340 3418 eum
3367 3367 3546 3418 dicens
3568 3381 3588 3418 :

1999 3433 2214 3502 Antoni,
2265 3435 2348 3488 hic
2379 3452 2553 3500 eram;
2601 3435 2688 3488 sed
2727 3435 3089 3502 expectabam
3133 3437 3304 3488 videre
3334 3447 3588 3490 certantem

1999 3515 2142 3558 tuum
2173 3523 2190 3558 :
2227 3523 2364 3560 nunc
2407 3517 2576 3558 autent
2603 3507 2727 3574 quia
2767 3507 3076 3558 dccertando
3103 3507 3315 3558 viriliter
3344 3523 3444 3558 non
3476 3521 3590 3560 ces-

1997 3577 2141 3647 sisti,
2174 3593 2372 3647 semper
2401 3577 2693 3628 an.riliabor
2733 3575 2846 3630 tibi.
2879 3575 2944 3628 Ει
2975 3591 3106 3644 qua
3143 3577 3216 3630 ibi
3265 3587 3586 3645 sequuntur.

2002 3645 2198 3717 (Verba
2226 3645 2346 3718 sunt
2379 3647 2600 3718 Athan.)

2075 3726 2096 3754 ί·
2131 3719 2276 3770 llanc
2307 3715 2608 3770 doctrinam
2651 3715 2896 3782 pluribus
2925 3717 2975 3771 in
3015 3715 3148 3770 locis
3179 3715 3420 3768 inculcat
3447 3717 3586 3770 Cas-

1999 3787 2220 3848 sianus,
2263 3797 2316 3840 Ill.
2363 3803 2480 3856 Cap.
2512 3787 2582 3840 20
2627 3787 2782 3854 hujus
2825 3789 2978 3852 libri,
3015 3787 3104 3840 ubi
3139 3787 3214 3838 sic
3262 3789 3534 3840 concludit
3569 3807 3582 3839 :

2001 3855 2180 3924 Ita-tne
2209 3859 2290 3910 hic
2321 3869 2390 3910 est
2429 3855 2738 3927 integritatis
2761 3857 2910 3924 ﬁnis,
2949 3873 3009 3908 oc
3051 3859 3288 3927 perfecta,
3315 3859 3548 3920 probatio
3567 3901 3582 3924 ,

1997 3930 2042 3982 si
2069 3929 2442 3996 quiescentibus
2468 3925 2612 3982 nobis
2637 3925 2868 4000 titillatio
2893 3925 3168 4000 t'oluptatis
3201 3925 3342 4000 nulla
3362 3929 3587 4000 subrep-

1997 4001 2158 4060 serit,
2203 4011 2332 4064 ctc.;
2375 4009 2429 4052 et
2467 4015 2586 4066 cap.
2628 3997 2700 4052 2‘2
2744 4016 2755 4052 :
2793 3997 3073 4068 fluensque
3115 3997 3460 4064 [estt'nundum
3506 4007 3586 4052 est

1999 4071 2164 4136 nobis,
2192 4083 2236 4124 et
2256 4087 2312 4123 eo
2338 4087 2494 4136 usque
2523 4071 2765 4122 adversus
2796 4071 2952 4122 animi
2975 4079 3160 4134 metus,
3193 4069 3268 4120 vel
3299 4071 3470 4120 carnis
3501 4071 3586 4121 in-

1999 4143 2194 4194 centiva
2235 4141 2590 4211 pugnandum,
2625 4142 2786 4194 donec
2813 4141 2912 4192 ista
2943 4141 3110 4211 carnis
3137 4139 3362 4192 conditio
3381 4154 3586 4211 _ueces-

1997 4213 2200 4266 sitatem
2223 4208 2422 4264 nat—ura’
2436 4211 2660 4280 expleat,
2687 4227 2786 4264 non
2801 4211 3010 4264 suscitet
3029 4209 3360 4276 voluptatem.
3379 4208 3586 4263 Rursus

2001 4283 2292 4336 collatione
2317 4283 2382 4336 12
2407 4297 2528 4350 cap.
2558 4281 2612 4344 7,
2643 4282 2729 4334 ubi
2755 4283 2950 4350 gradus
2966 4281 3230 4334 castitatis
3255 4293 3580 4334 recensens:

2000 4351 2222 4416 Tertius,
2254 4353 2447 4422 inquit,
2479 4368 2542 4404 ue
2577 4353 2794 4422 femineo
2817 4353 2892 4404 vel
2914 4351 3089 4404 leritzr
3113 4353 3180 4402 ad
3203 4351 3584 4422 concupiscen-

2001 4423 2122 4476 tiam
2151 4421 2411 4477 morentur
2433 4421 2676 4492 aspectu;
2717 4433 2964 4492 quartus,
2998 4439 3060 4474 ne
3101 4423 3320 4490 vigilans
3355 4423 3432 4472 vel
3461 4421 3586 4472 sim-

2001 4495 2184 4564 ptiCem
2215 4495 2384 4546 curuis
2411 4493 2631 4561 perferat
2661 4509 2880 4556 morum;
2911 4495 3138 4564 quintus,
3168 4509 3228 4544 ue
3249 4506 3586 4564 carnulenta:

2002 4559 2136 4616 riam
2175 4559 2513 4630 grueratioitis
2557 4571 2827 4624 Itunnmar.
2877 4559 2954 4616 vel
2983 4573 3230 4618 tractatus
3283 4561 3418 4616 ratio
3444 4599 3459 4624 ,
3503 4559 3585 4613 rel

2005 4637 2278 4688 necessitas
2326 4634 2558 4686 lectionis
2609 4635 2904 4702 ingesserit,
2951 4635 3312 4686 subtilissimus
3360 4639 3584 4702 ruentem

2003 4705 2302 4770 voluptaria:
2321 4705 2540 4758 actionis
2567 4700 2876 4774 peritringat
2895 4720 3156 4767 assensus,
3181 4703 3269 4754 scd
3291 4700 3582 4774 t'elut_0pus

1999 4775 2258 4845 quoddam
2287 4777 2534 4842 simplex,
2565 4771 2625 4826 ac
2652 4771 2994 4827 ministerium
3029 4774 3251 4826 humano
3277 4771 3448 4845 generi
3487 4783 3582 4822 ne-

2001 4841 2220 4900 cessarie
2253 4841 2626 4910 contributum,
2682 4845 2960 4912 tranquillo
3003 4861 3063 4896 ac
3091 4859 3221 4911 puro
3269 4841 3435 4912 cordis
3467 4855 3586 4894 con-

2001 4919 2276 4988 templetur
2303 4919 2530 4988 intuitu,
2557 4909 2686 4980 etc.;
2723 4909 2893 4988 sextus
2921 4909 3234 4988 castimonitr
3257 4909 3448 4988 gradus
3479 4919 3576 4988 est,

2001 5005 2064 5042 ne
2105 4981 2426 5042 illecebrosis
2475 4985 2920 5056 plnuttusmatibus
2971 4987 3282 5054 ['eniinarum
3333 4981 3408 5034 vel
3456 4981 3584 5033 dor-

1998 5061 2160 5114 miens
2181 5056 3077 5118 illudatur.‘llartenus(lipsi-inus,
3107 5063 3214 5108 tum
3239 5069 3302 5106 ex
3327 5065 3446 5120 Sua,
3467 5061 3580 5105 tum

1919 5127 1930 5140 ’
1998 5146 2062 5184 ex
2087 5132 2314 5186 aliorum
2346 5128 2636 5184 sententia.
2669 5127 2868 5184 Verum
2895 5127 2976 5180 liis
3001 5133 3058 5178 et
3087 5122 3392 5190 liuju.-nmdi
3417 5121 3581 5176 dictis

1995 5215 2300 5269 repugnare
2345 5201 2560 5252 videtur
2601 5200 2650 5252 in
2685 5199 2870 5266 primis
2919 5193 3462 5269 sententiaﬁpostoli
3497 5191 3582 5269 tli-

1994 5263 2167 5326 centis
2199 5272 2262 5342 (ll
2287 5271 2486 5324 Corint.
2521 5269 2619 5340 X11)
2657 5263 2868 5323 {Datus
2897 5275 2968 5342 est
2995 5263 3121 5342 mitti
3143 5265 3384 5342 stinntlus
3407 5263 3580 5342 carnis

1999 5359 2142 5406 metu,
2171 5334 2386 5412 angelus
2408 5334 2636 5404 Summe,
2664 5343 2750 5410 qui
2766 5355 2851 5412 me
2875 5337 3178 5412 colapltt'zet.
3201 5334 3427 5412 Propter
3442 5335 3580 5412 quod

1993 5424 2068 5466 tor
2097 5405 2372 5466 Dominum
2403 5413 2582 5476 rogavi
2601 5457 2612 5476 ,
2639 5405 2692 5463 ut
2721 5411 2996 5462 discederet
3025 5423 3054 5456 α
3082 5423 3178 5468 me,
3212 5415 3316 5460 etc.
3355 5407 3421 5460 Et
3449 5405 3578 5456 alibi
3619 5451 3626 5458 .
3677 5455 3690 5472 ,

1995 5501 2182 5538 rttrsus
2209 5472 2728 5552 hujus-modi‘tnotus
2757 5481 2932 5532 carnis
2955 5477 3169 5552 rationi
3191 5486 3574 5552 repugnantes,

1991 5567 2082 5610 aut
2117 5571 2234 5610 eam
2263 5547 3131 5624 praeveniente-5,_|_atnentn_ltiliter
3159 5549 3210 5604 in
3242 5563 3298 5624 se
3328 5547 3576 5624 deplorat

1993 5627 2076 5680 his
2107 5613 2284 5680 verbis
2312 5625 2490 5690 (Rom.
2521 5624 2614 5690 vtt)
2645 5613 2677 5672 τ’
2699 5621 2856 5674 Video
2883 5619 3040 5672 aliam
3068 5619 3223 5689 legem
3255 5623 3308 5671 in
3339 5613 3576 5670 membris

1992 5699 2116 5752 meis
2153 5707 2519 5768 t‘t’pttgtttmlept
2546 5694 2644 5768 legi
2673 5693 2854 5768 mentis
2881 5707 3030 5768 ruere,
3065 5701 3109 5768 et
3139 5691 3577 5768 captivantem"?

1989 5773 2042 5824 in
2069 5769 2176 5838 lege
2203 5754 2420 5836 imit-an.
2455 5754 2656 5833 Infelix
2685 5780 2776 5834 ego
2805 5763 2992 5819 homo!
3016 5762 3132 5834 quis
3157 5754 3234 5816 me
3253 5755 3484 5814 liberabit
3507 5754 3575 5818 de
