  <div class='ocr_page' id='page_1' title='image "/cluster/home/n/w/nwhite01/storage/ocr_20150623/49/hvd.32044015471543/145.png"; bbox 0 0 3986 6320; ppageno 0'>
   <div class='ocr_carea' id='block_1_1' title="bbox 322 3698 659 3762">
    <p class='ocr_par' dir='ltr' id='par_1_1' title="bbox 322 3698 659 3762">
     <span class='ocr_line' id='line_1_1' title="bbox 322 3698 659 3762; baseline 0.012 -15"><span class='ocrx_word' id='word_1_1' title='bbox 322 3720 323 3723; x_wconf 56' lang='grc' dir='ltr'><strong>η</strong></span> <span class='ocrx_word' id='word_1_2' title='bbox 419 3698 659 3762; x_wconf 89' lang='lat' dir='ltr'><strong>primum</strong></span> 
     </span>
    </p>
   </div>
   <div class='ocr_carea' id='block_1_2' title="bbox 384 463 1971 538">
    <p class='ocr_par' dir='ltr' id='par_1_2' title="bbox 384 463 1971 538">
     <span class='ocr_line' id='line_1_2' title="bbox 384 463 1971 538; baseline -0.006 -10"><span class='ocrx_word' id='word_1_3' title='bbox 384 470 642 528; x_wconf 90' lang='lat' dir='ltr'><strong>centibus</strong></span> <span class='ocrx_word' id='word_1_4' title='bbox 662 469 851 536; x_wconf 88' lang='lat' dir='ltr'><strong>nobis,</strong></span> <span class='ocrx_word' id='word_1_5' title='bbox 880 477 939 525; x_wconf 90' lang='lat' dir='ltr'><strong>et</strong></span> <span class='ocrx_word' id='word_1_6' title='bbox 967 470 1020 524; x_wconf 92' lang='lat' dir='ltr'><strong>in</strong></span> <span class='ocrx_word' id='word_1_7' title='bbox 1051 482 1304 538; x_wconf 87' lang='lat' dir='ltr'><strong>soporem</strong></span> <span class='ocrx_word' id='word_1_8' title='bbox 1341 466 1539 521; x_wconf 80' lang='lat' dir='ltr'><strong>laxatis</strong></span> <span class='ocrx_word' id='word_1_9' title='bbox 1574 472 1855 529; x_wconf 76' lang='lat' dir='ltr'><strong>occurrat,</strong></span> <span class='ocrx_word' id='word_1_10' title='bbox 1884 463 1971 518; x_wconf 93' lang='lat' dir='ltr'><strong>vel</strong></span> 
     </span>
    </p>
   </div>
   <div class='ocr_carea' id='block_1_3' title="bbox 390 558 1975 633">
    <p class='ocr_par' dir='ltr' id='par_1_3' title="bbox 390 558 1975 633">
     <span class='ocr_line' id='line_1_3' title="bbox 390 558 1975 633; baseline -0.006 -12"><span class='ocrx_word' id='word_1_11' title='bbox 390 572 545 621; x_wconf 88' lang='lat' dir='ltr'><strong>certe</strong></span> <span class='ocrx_word' id='word_1_12' title='bbox 568 563 920 633; x_wconf 79' lang='lat' dir='ltr'><strong>interpellans</strong></span> <span class='ocrx_word' id='word_1_13' title='bbox 940 562 1119 617; x_wconf 92' lang='lat' dir='ltr'><strong>nullos</strong></span> <span class='ocrx_word' id='word_1_14' title='bbox 1130 561 1583 631; x_wconf 65' lang='lat' dir='ltr'><strong>concupiscentiae</strong></span> <span class='ocrx_word' id='word_1_15' title='bbox 1596 568 1774 615; x_wconf 88' lang='lat' dir='ltr'><strong>motus</strong></span> <span class='ocrx_word' id='word_1_16' title='bbox 1795 558 1975 613; x_wconf 84' lang='lat' dir='ltr'><strong>valeat</strong></span> 
     </span>
    </p>
   </div>
   <div class='ocr_carea' id='block_1_4' title="bbox 389 650 1974 722">
    <p class='ocr_par' dir='ltr' id='par_1_4' title="bbox 389 650 1974 722">
     <span class='ocr_line' id='line_1_4' title="bbox 389 650 1974 722; baseline -0.003 -11"><span class='ocrx_word' id='word_1_17' title='bbox 389 655 653 712; x_wconf 86' lang='lat' dir='ltr'><strong>excitare.</strong></span> <span class='ocrx_word' id='word_1_18' title='bbox 683 662 712 692; x_wconf 78' lang='grc' dir='ltr'>ι</span> <span class='ocrx_word' id='word_1_19' title='bbox 733 653 887 709; x_wconf 86' lang='lat' dir='ltr'><strong>Licet</strong></span> <span class='ocrx_word' id='word_1_20' title='bbox 906 653 1049 709; x_wconf 89' lang='lat' dir='ltr'><strong>enim</strong></span> <span class='ocrx_word' id='word_1_21' title='bbox 1074 652 1140 707; x_wconf 87' lang='lat' dir='ltr'><strong>ad</strong></span> <span class='ocrx_word' id='word_1_22' title='bbox 1161 650 1605 722; x_wconf 89' lang='lat' dir='ltr'><strong>plenam.peccati</strong></span> <span class='ocrx_word' id='word_1_23' title='bbox 1631 665 1824 705; x_wconf 81' lang='lat' dir='ltr'><strong>noxam</strong></span> <span class='ocrx_word' id='word_1_24' title='bbox 1852 650 1974 706; x_wconf 87' lang='lat' dir='ltr'><strong>talis</strong></span> 
     </span>
    </p>
   </div>
   <div class='ocr_carea' id='block_1_5' title="bbox 388 741 1977 815">
    <p class='ocr_par' dir='ltr' id='par_1_5' title="bbox 388 741 1977 815">
     <span class='ocr_line' id='line_1_5' title="bbox 388 741 1977 815; baseline -0.004 -11"><span class='ocrx_word' id='word_1_25' title='bbox 388 747 690 804; x_wconf 84' lang='lat' dir='ltr'><strong>commotio</strong></span> <span class='ocrx_word' id='word_1_26' title='bbox 716 746 941 801; x_wconf 91' lang='lat' dir='ltr'><strong>minime</strong></span> <span class='ocrx_word' id='word_1_27' title='bbox 967 753 1278 815; x_wconf 90' lang='lat' dir='ltr'><strong>reputetur;</strong></span> <span class='ocrx_word' id='word_1_28' title='bbox 1304 752 1486 799; x_wconf 87' lang='lat' dir='ltr'><strong>tamen</strong></span> <span class='ocrx_word' id='word_1_29' title='bbox 1513 743 1742 801; x_wconf 86' lang='lat' dir='ltr'><strong>necdum</strong></span> <span class='ocrx_word' id='word_1_30' title='bbox 1767 741 1977 813; x_wconf 85' lang='lat' dir='ltr'><strong>periec-</strong></span> 
     </span>
    </p>
   </div>
   <div class='ocr_carea' id='block_1_6' title="bbox 388 834 1974 905">
    <p class='ocr_par' dir='ltr' id='par_1_6' title="bbox 388 834 1974 905">
     <span class='ocr_line' id='line_1_6' title="bbox 388 834 1974 905; baseline -0.004 -10"><span class='ocrx_word' id='word_1_31' title='bbox 388 847 461 895; x_wconf 67' lang='lat' dir='ltr'><strong>ta</strong></span> <span class='ocrx_word' id='word_1_32' title='bbox 483 838 687 895; x_wconf 87' lang='lat' dir='ltr'><strong>mentis</strong></span> <span class='ocrx_word' id='word_1_33' title='bbox 714 837 973 892; x_wconf 90' lang='lat' dir='ltr'><strong>indicium</strong></span> <span class='ocrx_word' id='word_1_34' title='bbox 1016 842 1130 903; x_wconf 91' lang='lat' dir='ltr'><strong>est,</strong></span> <span class='ocrx_word' id='word_1_35' title='bbox 1162 850 1262 891; x_wconf 92' lang='lat' dir='ltr'><strong>nec</strong></span> <span class='ocrx_word' id='word_1_36' title='bbox 1282 835 1349 890; x_wconf 91' lang='lat' dir='ltr'><strong>ad</strong></span> <span class='ocrx_word' id='word_1_37' title='bbox 1382 850 1574 905; x_wconf 90' lang='lat' dir='ltr'><strong>purum</strong></span> <span class='ocrx_word' id='word_1_38' title='bbox 1612 835 1833 900; x_wconf 82' lang='lat' dir='ltr'><strong>excocti</strong></span> <span class='ocrx_word' id='word_1_39' title='bbox 1857 834 1974 890; x_wconf 80' lang='lat' dir='ltr'><strong>vitii</strong></span> 
     </span>
    </p>
   </div>
   <div class='ocr_carea' id='block_1_7' title="bbox 393 926 1975 999">
    <p class='ocr_par' dir='ltr' id='par_1_7' title="bbox 393 926 1975 999">
     <span class='ocr_line' id='line_1_7' title="bbox 393 926 1975 999; baseline -0.001 -15"><span class='ocrx_word' id='word_1_40' title='bbox 393 929 762 986; x_wconf 85' lang='lat' dir='ltr'><strong>manilestatio</strong></span> <span class='ocrx_word' id='word_1_41' title='bbox 785 970 801 995; x_wconf 94' lang='lat'><strong>,</strong></span> <span class='ocrx_word' id='word_1_42' title='bbox 833 943 957 984; x_wconf 88' lang='lat' dir='ltr'><strong>cum</strong></span> <span class='ocrx_word' id='word_1_43' title='bbox 987 941 1085 999; x_wconf 88' lang='lat' dir='ltr'><strong>per</strong></span> <span class='ocrx_word' id='word_1_44' title='bbox 1106 927 1329 983; x_wconf 73' lang='lat' dir='ltr'><strong>fallaces</strong></span> <span class='ocrx_word' id='word_1_45' title='bbox 1368 926 1634 998; x_wconf 76' lang='lat' dir='ltr'><strong>imagines</strong></span> <span class='ocrx_word' id='word_1_46' title='bbox 1661 926 1975 998; x_wconf 89' lang='lat' dir='ltr'><strong>bujusmodi</strong></span> 
     </span>
    </p>
   </div>
   <div class='ocr_carea' id='block_1_8' title="bbox 390 1019 884 1093">
    <p class='ocr_par' dir='ltr' id='par_1_8' title="bbox 390 1019 884 1093">
     <span class='ocr_line' id='line_1_8' title="bbox 390 1019 884 1093; baseline -0.006 -15"><span class='ocrx_word' id='word_1_47' title='bbox 390 1029 649 1093; x_wconf 83' lang='lat' dir='ltr'><strong>cperatur</strong></span> <span class='ocrx_word' id='word_1_48' title='bbox 676 1019 884 1077; x_wconf 89' lang='lat' dir='ltr'><strong>illusio.</strong></span> 
     </span>
    </p>
   </div>
   <div class='ocr_carea' id='block_1_9' title="bbox 1729 250 2358 313">
    <p class='ocr_par' dir='ltr' id='par_1_9' title="bbox 1729 250 2358 313">
     <span class='ocr_line' id='line_1_9' title="bbox 1729 250 2358 313; baseline -0.005 0"><span class='ocrx_word' id='word_1_49' title='bbox 1729 252 2008 313; x_wconf 78' lang='lat' dir='ltr'><strong>JOANNIS</strong></span> <span class='ocrx_word' id='word_1_50' title='bbox 2040 250 2358 312; x_wconf 77' lang='lat' dir='ltr'><strong>CASSIANI</strong></span> 
     </span>
    </p>
   </div>
   <div class='ocr_carea' id='block_1_10' title="bbox 383 370 2050 453">
    <p class='ocr_par' dir='ltr' id='par_1_10' title="bbox 383 370 2050 453">
     <span class='ocr_line' id='line_1_10' title="bbox 383 370 2050 453; baseline -0.002 -17"><span class='ocrx_word' id='word_1_51' title='bbox 383 378 545 453; x_wconf 85' lang='lat' dir='ltr'><strong>plena</strong></span> <span class='ocrx_word' id='word_1_52' title='bbox 570 377 851 450; x_wconf 83' lang='lat' dir='ltr'><strong>probatio,</strong></span> <span class='ocrx_word' id='word_1_53' title='bbox 883 378 929 434; x_wconf 90' lang='lat' dir='ltr'><strong>si</strong></span> <span class='ocrx_word' id='word_1_54' title='bbox 969 377 1056 433; x_wconf 88' lang='lat' dir='ltr'><strong>vel</strong></span> <span class='ocrx_word' id='word_1_55' title='bbox 1096 375 1245 432; x_wconf 87' lang='lat' dir='ltr'><strong>nulla</strong></span> <span class='ocrx_word' id='word_1_56' title='bbox 1274 374 1454 446; x_wconf 87' lang='lat' dir='ltr'><strong>imago</strong></span> <span class='ocrx_word' id='word_1_57' title='bbox 1477 373 1757 442; x_wconf 89' lang='lat' dir='ltr'><strong>decipiens</strong></span> <span class='ocrx_word' id='word_1_58' title='bbox 1783 370 1968 443; x_wconf 89' lang='lat' dir='ltr'><strong>quies-</strong></span> <span class='ocrx_word' id='word_1_59' title='bbox 1989 372 2050 432; x_wconf 79' lang='grc' dir='ltr'><strong>Δ</strong></span> 
     </span>
    </p>
   </div>
   <div class='ocr_carea' id='block_1_11' title="bbox 2683 367 3044 427">
    <p class='ocr_par' dir='ltr' id='par_1_11' title="bbox 2683 367 3044 427">
     <span class='ocr_line' id='line_1_11' title="bbox 2683 367 3044 427; baseline 0 -2"><span class='ocrx_word' id='word_1_60' title='bbox 2683 367 2912 427; x_wconf 77' lang='lat' dir='ltr'><strong>CAPUT</strong></span> <span class='ocrx_word' id='word_1_61' title='bbox 2947 367 3044 426; x_wconf 77' lang='lat' dir='ltr'><strong>XI.</strong></span> 
     </span>
    </p>
   </div>
   <div class='ocr_carea' id='block_1_12' title="bbox 2341 549 3385 623">
    <p class='ocr_par' dir='ltr' id='par_1_12' title="bbox 2341 549 3385 623">
     <span class='ocr_line' id='line_1_12' title="bbox 2341 549 3385 623; baseline 0.006 -20"><span class='ocrx_word' id='word_1_62' title='bbox 2341 549 2460 618; x_wconf 83' lang='lat' dir='ltr'><strong>Quo</strong></span> <span class='ocrx_word' id='word_1_63' title='bbox 2484 549 2608 604; x_wconf 85' lang='lat' dir='ltr'><strong>vitio</strong></span> <span class='ocrx_word' id='word_1_64' title='bbox 2629 549 2805 605; x_wconf 89' lang='lat' dir='ltr'><strong>illusio</strong></span> <span class='ocrx_word' id='word_1_65' title='bbox 2833 558 3089 606; x_wconf 86' lang='lat' dir='ltr'><strong>nocturna</strong></span> <span class='ocrx_word' id='word_1_66' title='bbox 3119 554 3385 623; x_wconf 78' lang='lat' dir='ltr'><strong>procedat.</strong></span> 
     </span>
    </p>
   </div>
   <div class='ocr_carea' id='block_1_13' title="bbox 2153 746 3664 820">
    <p class='ocr_par' dir='ltr' id='par_1_13' title="bbox 2153 746 3664 820">
     <span class='ocr_line' id='line_1_13' title="bbox 2153 746 3664 820; baseline 0.005 -19"><span class='ocrx_word' id='word_1_67' title='bbox 2153 746 2181 787; x_wconf 73' lang='grc' dir='ltr'><strong>ι’</strong></span> <span class='ocrx_word' id='word_1_68' title='bbox 2207 748 2450 817; x_wconf 79' lang='lat' dir='ltr'><strong>Qualitas</strong></span> <span class='ocrx_word' id='word_1_69' title='bbox 2479 749 2622 804; x_wconf 89' lang='lat' dir='ltr'><strong>enim</strong></span> <span class='ocrx_word' id='word_1_70' title='bbox 2647 749 3060 818; x_wconf 73' lang='lat' dir='ltr'><strong>cogitationum,</strong></span> <span class='ocrx_word' id='word_1_71' title='bbox 3087 765 3209 820; x_wconf 72' lang='lat' dir='ltr'><strong>quae</strong></span> <span class='ocrx_word' id='word_1_72' title='bbox 3233 750 3664 808; x_wconf 84' lang='lat' dir='ltr'><strong>distentionibus</strong></span> 
     </span>
    </p>
   </div>
   <div class='ocr_carea' id='block_1_14' title="bbox 2080 838 3669 911">
    <p class='ocr_par' dir='ltr' id='par_1_14' title="bbox 2080 838 3669 911">
     <span class='ocr_line' id='line_1_14' title="bbox 2080 838 3669 911; baseline 0.003 -17"><span class='ocrx_word' id='word_1_73' title='bbox 2080 838 2186 895; x_wconf 91' lang='lat' dir='ltr'><strong>diei</strong></span> <span class='ocrx_word' id='word_1_74' title='bbox 2217 839 2576 911; x_wconf 72' lang='lat' dir='ltr'><strong>negligentiae</strong></span> <span class='ocrx_word' id='word_1_75' title='bbox 2615 839 2950 908; x_wconf 85' lang='lat' dir='ltr'><strong>custoditur,</strong></span> <span class='ocrx_word' id='word_1_76' title='bbox 3010 842 3271 909; x_wconf 88' lang='lat' dir='ltr'><strong>probatur</strong></span> <span class='ocrx_word' id='word_1_77' title='bbox 3298 842 3479 911; x_wconf 86' lang='lat' dir='ltr'><strong>quiete</strong></span> <span class='ocrx_word' id='word_1_78' title='bbox 3524 856 3669 898; x_wconf 86' lang='lat' dir='ltr'><strong>noc-</strong></span> 
     </span>
    </p>
   </div>
   <div class='ocr_carea' id='block_1_15' title="bbox 2082 930 3671 1003">
    <p class='ocr_par' dir='ltr' id='par_1_15' title="bbox 2082 930 3671 1003">
     <span class='ocr_line' id='line_1_15' title="bbox 2082 930 3671 1003; baseline 0.002 -19"><span class='ocrx_word' id='word_1_79' title='bbox 2082 937 2259 997; x_wconf 87' lang='lat' dir='ltr'><strong>turna,</strong></span> <span class='ocrx_word' id='word_1_80' title='bbox 2291 937 2347 986; x_wconf 89' lang='lat' dir='ltr'><strong>et</strong></span> <span class='ocrx_word' id='word_1_81' title='bbox 2386 931 2589 986; x_wconf 91' lang='lat' dir='ltr'><strong>idcirco</strong></span> <span class='ocrx_word' id='word_1_82' title='bbox 2618 940 2641 970; x_wconf 71' lang='grc' dir='ltr'>ε</span> <span class='ocrx_word' id='word_1_83' title='bbox 2671 945 2792 985; x_wconf 91' lang='lat' dir='ltr'><strong>cum</strong></span> <span class='ocrx_word' id='word_1_84' title='bbox 2833 930 3206 987; x_wconf 87' lang='lat' dir='ltr'><strong>intercesserit</strong></span> <span class='ocrx_word' id='word_1_85' title='bbox 3228 933 3404 1003; x_wconf 90' lang='lat' dir='ltr'><strong>aliqua</strong></span> <span class='ocrx_word' id='word_1_86' title='bbox 3437 932 3561 989; x_wconf 87' lang='lat' dir='ltr'><strong>talis</strong></span> <span class='ocrx_word' id='word_1_87' title='bbox 3601 931 3671 988; x_wconf 85' lang='lat' dir='ltr'><strong>il-</strong></span> 
     </span>
    </p>
   </div>
   <div class='ocr_carea' id='block_1_16' title="bbox 2085 1021 3669 1095">
    <p class='ocr_par' dir='ltr' id='par_1_16' title="bbox 2085 1021 3669 1095">
     <span class='ocr_line' id='line_1_16' title="bbox 2085 1021 3669 1095; baseline 0.002 -18"><span class='ocrx_word' id='word_1_88' title='bbox 2085 1021 2249 1089; x_wconf 85' lang='lat' dir='ltr'><strong>lusio,</strong></span> <span class='ocrx_word' id='word_1_89' title='bbox 2278 1037 2386 1077; x_wconf 89' lang='lat' dir='ltr'><strong>non</strong></span> <span class='ocrx_word' id='word_1_90' title='bbox 2415 1022 2571 1092; x_wconf 88' lang='lat' dir='ltr'><strong>culpa</strong></span> <span class='ocrx_word' id='word_1_91' title='bbox 2601 1022 2779 1078; x_wconf 84' lang='lat' dir='ltr'><strong>somni</strong></span> <span class='ocrx_word' id='word_1_92' title='bbox 2806 1022 3081 1080; x_wconf 89' lang='lat' dir='ltr'><strong>credenda</strong></span> <span class='ocrx_word' id='word_1_93' title='bbox 3110 1033 3214 1094; x_wconf 87' lang='lat' dir='ltr'><strong>est,</strong></span> <span class='ocrx_word' id='word_1_94' title='bbox 3256 1023 3353 1080; x_wconf 89' lang='lat' dir='ltr'><strong>sed</strong></span> <span class='ocrx_word' id='word_1_95' title='bbox 3382 1025 3669 1095; x_wconf 86' lang='lat' dir='ltr'><strong>negligen-</strong></span> 
     </span>
    </p>
   </div>
   <div class='ocr_carea' id='block_1_17' title="bbox 1466 1130 2589 1191">
    <p class='ocr_par' dir='ltr' id='par_1_17' title="bbox 1466 1130 2589 1191">
     <span class='ocr_line' id='line_1_17' title="bbox 1466 1130 2589 1191; baseline 0.001 -4"><span class='ocrx_word' id='word_1_96' title='bbox 1466 1130 1721 1188; x_wconf 79' lang='lat' dir='ltr'><strong>ALARDI</strong></span> <span class='ocrx_word' id='word_1_97' title='bbox 1759 1130 1988 1188; x_wconf 64' lang='lat' dir='ltr'><strong>GAZIEI</strong></span> <span class='ocrx_word' id='word_1_98' title='bbox 2027 1130 2589 1191; x_wconf 82' lang='lat' dir='ltr'><strong>COMMENTARIUS.</strong></span> 
     </span>
    </p>
   </div>
   <div class='ocr_carea' id='block_1_18' title="bbox 395 1230 1978 1304">
    <p class='ocr_par' dir='ltr' id='par_1_18' title="bbox 395 1230 1978 1304">
     <span class='ocr_line' id='line_1_18' title="bbox 395 1230 1978 1304; baseline -0.004 -15"><span class='ocrx_word' id='word_1_99' title='bbox 395 1249 608 1303; x_wconf 81' lang='lat' dir='ltr'><strong>corpore</strong></span> <span class='ocrx_word' id='word_1_100' title='bbox 634 1232 810 1304; x_wconf 83' lang='lat' dir='ltr'><strong>mortis</strong></span> <span class='ocrx_word' id='word_1_101' title='bbox 840 1232 1033 1304; x_wconf 80' lang='lat' dir='ltr'><strong>hujus?</strong></span> <span class='ocrx_word' id='word_1_102' title='bbox 1057 1232 1114 1288; x_wconf 90' lang='lat' dir='ltr'><strong>ld</strong></span> <span class='ocrx_word' id='word_1_103' title='bbox 1144 1239 1260 1296; x_wconf 87' lang='lat' dir='ltr'><strong>est,</strong></span> <span class='ocrx_word' id='word_1_104' title='bbox 1289 1231 1361 1304; x_wconf 72' lang='lat' dir='ltr'><strong>de</strong></span> <span class='ocrx_word' id='word_1_105' title='bbox 1392 1243 1620 1297; x_wconf 91' lang='lat' dir='ltr'><strong>corpore</strong></span> <span class='ocrx_word' id='word_1_106' title='bbox 1641 1270 1682 1304; x_wconf 87' lang='lat'><strong>,_</strong></span> <span class='ocrx_word' id='word_1_107' title='bbox 1719 1230 1887 1304; x_wconf 77' lang='lat' dir='ltr'><strong>morti</strong></span> <span class='ocrx_word' id='word_1_108' title='bbox 1920 1237 1978 1284; x_wconf 90' lang='lat' dir='ltr'><strong>et</strong></span> 
     </span>
    </p>
   </div>
   <div class='ocr_carea' id='block_1_19' title="bbox 394 1299 1973 1376">
    <p class='ocr_par' dir='ltr' id='par_1_19' title="bbox 394 1299 1973 1376">
     <span class='ocr_line' id='line_1_19' title="bbox 394 1299 1973 1376; baseline -0.005 -14"><span class='ocrx_word' id='word_1_109' title='bbox 394 1299 659 1376; x_wconf 84' lang='lat' dir='ltr'><strong>peccandi</strong></span> <span class='ocrx_word' id='word_1_110' title='bbox 686 1299 970 1359; x_wconf 77' lang='lat' dir='ltr'><strong>affectibus</strong></span> <span class='ocrx_word' id='word_1_111' title='bbox 996 1304 1251 1376; x_wconf 80' lang='lat' dir='ltr'><strong>obnoxio.</strong></span> <span class='ocrx_word' id='word_1_112' title='bbox 1288 1303 1353 1356; x_wconf 90' lang='lat' dir='ltr'><strong>Et</strong></span> <span class='ocrx_word' id='word_1_113' title='bbox 1383 1311 1563 1376; x_wconf 83' lang='lat' dir='ltr'><strong>tamen</strong></span> <span class='ocrx_word' id='word_1_114' title='bbox 1597 1299 1715 1376; x_wconf 81' lang='lat' dir='ltr'><strong>quis</strong></span> <span class='ocrx_word' id='word_1_115' title='bbox 1763 1299 1973 1376; x_wconf 79' lang='lat' dir='ltr'><strong>dubitet</strong></span> 
     </span>
    </p>
   </div>
   <div class='ocr_carea' id='block_1_20' title="bbox 396 1370 1970 1443">
    <p class='ocr_par' dir='ltr' id='par_1_20' title="bbox 396 1370 1970 1443">
     <span class='ocr_line' id='line_1_20' title="bbox 396 1370 1970 1443; baseline -0.006 -11"><span class='ocrx_word' id='word_1_116' title='bbox 396 1370 604 1432; x_wconf 76' lang='lat' dir='ltr'><strong>iantum</strong></span> <span class='ocrx_word' id='word_1_117' title='bbox 646 1375 966 1442; x_wconf 85' lang='lat' dir='ltr'><strong>Apostolum</strong></span> <span class='ocrx_word' id='word_1_118' title='bbox 1002 1374 1401 1443; x_wconf 14' lang='lat' dir='ltr'><strong>perfectionem,</strong></span> <span class='ocrx_word' id='word_1_119' title='bbox 1434 1370 1684 1442; x_wconf 83' lang='lat' dir='ltr'><strong>puritatis</strong></span> <span class='ocrx_word' id='word_1_120' title='bbox 1714 1380 1769 1425; x_wconf 93' lang='lat' dir='ltr'><strong>et</strong></span> <span class='ocrx_word' id='word_1_121' title='bbox 1805 1370 1970 1443; x_wconf 85' lang='lat' dir='ltr'><strong>casti-</strong></span> 
     </span>
    </p>
   </div>
   <div class='ocr_carea' id='block_1_21' title="bbox 397 1441 1971 1510">
    <p class='ocr_par' dir='ltr' id='par_1_21' title="bbox 397 1441 1971 1510">
     <span class='ocr_line' id='line_1_21' title="bbox 397 1441 1971 1510; baseline -0.004 -10"><span class='ocrx_word' id='word_1_122' title='bbox 397 1446 598 1500; x_wconf 66' lang='lat' dir='ltr'><strong>moniae</strong></span> <span class='ocrx_word' id='word_1_123' title='bbox 626 1441 792 1499; x_wconf 81' lang='lat' dir='ltr'><strong>fuisse</strong></span> <span class='ocrx_word' id='word_1_124' title='bbox 831 1441 1173 1500; x_wconf 83' lang='lat' dir='ltr'><strong>assecutum?</strong></span> <span class='ocrx_word' id='word_1_125' title='bbox 1196 1441 1443 1499; x_wconf 89' lang='lat' dir='ltr'><strong>Secundo</strong></span> <span class='ocrx_word' id='word_1_126' title='bbox 1475 1454 1777 1510; x_wconf 89' lang='lat' dir='ltr'><strong>repugnare</strong></span> <span class='ocrx_word' id='word_1_127' title='bbox 1812 1441 1971 1495; x_wconf 87' lang='lat' dir='ltr'><strong>etiam</strong></span> 
     </span>
    </p>
   </div>
   <div class='ocr_carea' id='block_1_22' title="bbox 396 1510 1976 1585">
    <p class='ocr_par' dir='ltr' id='par_1_22' title="bbox 396 1510 1976 1585">
     <span class='ocr_line' id='line_1_22' title="bbox 396 1510 1976 1585; baseline -0.003 -14"><span class='ocrx_word' id='word_1_128' title='bbox 396 1516 651 1571; x_wconf 89' lang='lat' dir='ltr'><strong>videntur</strong></span> <span class='ocrx_word' id='word_1_129' title='bbox 679 1515 1011 1585; x_wconf 66' lang='lat' dir='ltr'><strong>gravissimae</strong></span> <span class='ocrx_word' id='word_1_130' title='bbox 1036 1516 1135 1571; x_wconf 91' lang='lat' dir='ltr'><strong>SS.</strong></span> <span class='ocrx_word' id='word_1_131' title='bbox 1163 1515 1411 1585; x_wconf 81' lang='lat' dir='ltr'><strong>Patrum,</strong></span> <span class='ocrx_word' id='word_1_132' title='bbox 1436 1510 1719 1585; x_wconf 81' lang='lat' dir='ltr'><strong>Augustini</strong></span> <span class='ocrx_word' id='word_1_133' title='bbox 1749 1525 1976 1585; x_wconf 67' lang='lat' dir='ltr'><strong>praeser-</strong></span> 
     </span>
    </p>
   </div>
   <div class='ocr_carea' id='block_1_23' title="bbox 399 1582 1977 1654">
    <p class='ocr_par' dir='ltr' id='par_1_23' title="bbox 399 1582 1977 1654">
     <span class='ocr_line' id='line_1_23' title="bbox 399 1582 1977 1654; baseline -0.003 -13"><span class='ocrx_word' id='word_1_134' title='bbox 399 1589 499 1641; x_wconf 92' lang='lat' dir='ltr'><strong>tim</strong></span> <span class='ocrx_word' id='word_1_135' title='bbox 523 1626 539 1652; x_wconf 97' lang='lat'><strong>,</strong></span> <span class='ocrx_word' id='word_1_136' title='bbox 571 1582 924 1640; x_wconf 66' lang='lat' dir='ltr'><strong>auctoritates</strong></span> <span class='ocrx_word' id='word_1_137' title='bbox 961 1601 1024 1641; x_wconf 91' lang='lat' dir='ltr'><strong>ac</strong></span> <span class='ocrx_word' id='word_1_138' title='bbox 1054 1583 1383 1650; x_wconf 87' lang='lat' dir='ltr'><strong>testimonia,</strong></span> <span class='ocrx_word' id='word_1_139' title='bbox 1408 1583 1603 1654; x_wconf 83' lang='lat' dir='ltr'><strong>quibus</strong></span> <span class='ocrx_word' id='word_1_140' title='bbox 1645 1582 1842 1651; x_wconf 86' lang='lat' dir='ltr'><strong>passim</strong></span> <span class='ocrx_word' id='word_1_141' title='bbox 1872 1596 1977 1654; x_wconf 9' lang='lat' dir='ltr'><strong>Vas-</strong></span> 
     </span>
    </p>
   </div>
   <div class='ocr_carea' id='block_1_24' title="bbox 399 1653 1976 1722">
    <p class='ocr_par' dir='ltr' id='par_1_24' title="bbox 399 1653 1976 1722">
     <span class='ocr_line' id='line_1_24' title="bbox 399 1653 1976 1722; baseline -0.004 -10"><span class='ocrx_word' id='word_1_142' title='bbox 399 1663 589 1712; x_wconf 85' lang='lat' dir='ltr'><strong>serunt</strong></span> <span class='ocrx_word' id='word_1_143' title='bbox 626 1665 803 1711; x_wconf 92' lang='lat' dir='ltr'><strong>motus</strong></span> <span class='ocrx_word' id='word_1_144' title='bbox 835 1657 1014 1711; x_wconf 88' lang='lat' dir='ltr'><strong>carnis</strong></span> <span class='ocrx_word' id='word_1_145' title='bbox 1061 1657 1112 1710; x_wconf 93' lang='lat' dir='ltr'><strong>in</strong></span> <span class='ocrx_word' id='word_1_146' title='bbox 1155 1656 1255 1709; x_wconf 90' lang='lat' dir='ltr'><strong>hac</strong></span> <span class='ocrx_word' id='word_1_147' title='bbox 1282 1656 1389 1709; x_wconf 87' lang='lat' dir='ltr'><strong>vita</strong></span> <span class='ocrx_word' id='word_1_148' title='bbox 1420 1653 1525 1710; x_wconf 90' lang='lat' dir='ltr'><strong>non</strong></span> <span class='ocrx_word' id='word_1_149' title='bbox 1558 1667 1717 1722; x_wconf 90' lang='lat' dir='ltr'><strong>posse</strong></span> <span class='ocrx_word' id='word_1_150' title='bbox 1762 1653 1976 1718; x_wconf 87' lang='lat' dir='ltr'><strong>penitus</strong></span> 
     </span>
    </p>
   </div>
   <div class='ocr_carea' id='block_1_25' title="bbox 2080 1229 3672 1301">
    <p class='ocr_par' dir='ltr' id='par_1_25' title="bbox 2080 1229 3672 1301">
     <span class='ocr_line' id='line_1_25' title="bbox 2080 1229 3672 1301; baseline 0.003 -17"><span class='ocrx_word' id='word_1_151' title='bbox 2080 1229 2346 1295; x_wconf 84' lang='lat' dir='ltr'><strong>membra;</strong></span> <span class='ocrx_word' id='word_1_152' title='bbox 2380 1229 2495 1284; x_wconf 91' lang='lat' dir='ltr'><strong>licet</strong></span> <span class='ocrx_word' id='word_1_153' title='bbox 2523 1229 2655 1285; x_wconf 89' lang='lat' dir='ltr'><strong>veris</strong></span> <span class='ocrx_word' id='word_1_154' title='bbox 2688 1232 3029 1301; x_wconf 72' lang='lat' dir='ltr'><strong>sectatoribus</strong></span> <span class='ocrx_word' id='word_1_155' title='bbox 3058 1232 3298 1301; x_wconf 80' lang='lat' dir='ltr'><strong>puritatis</strong></span> <span class='ocrx_word' id='word_1_156' title='bbox 3334 1234 3404 1288; x_wconf 90' lang='lat' dir='ltr'><strong>ad</strong></span> <span class='ocrx_word' id='word_1_157' title='bbox 3434 1235 3672 1289; x_wconf 87' lang='lat' dir='ltr'><strong>obtinen-</strong></span> 
     </span>
    </p>
   </div>
   <div class='ocr_carea' id='block_1_26' title="bbox 2075 1300 3671 1373">
    <p class='ocr_par' dir='ltr' id='par_1_26' title="bbox 2075 1300 3671 1373">
     <span class='ocr_line' id='line_1_26' title="bbox 2075 1300 3671 1373; baseline 0.005 -20"><span class='ocrx_word' id='word_1_158' title='bbox 2075 1301 2195 1373; x_wconf 85' lang='lat' dir='ltr'><strong>dam</strong></span> <span class='ocrx_word' id='word_1_159' title='bbox 2223 1317 2333 1355; x_wconf 91' lang='lat' dir='ltr'><strong>eam</strong></span> <span class='ocrx_word' id='word_1_160' title='bbox 2373 1301 2507 1373; x_wconf 79' lang='lat' dir='ltr'><strong>nihil</strong></span> <span class='ocrx_word' id='word_1_161' title='bbox 2540 1300 2849 1373; x_wconf 10' lang='lat' dir='ltr'><strong>prrtejudicet</strong></span> <span class='ocrx_word' id='word_1_162' title='bbox 2877 1303 2976 1357; x_wconf 90' lang='lat' dir='ltr'><strong>ista</strong></span> <span class='ocrx_word' id='word_1_163' title='bbox 3010 1300 3281 1357; x_wconf 87' lang='lat' dir='ltr'><strong>commotio</strong></span> <span class='ocrx_word' id='word_1_164' title='bbox 3305 1345 3321 1371; x_wconf 93' lang='lat'><strong>,</strong></span> <span class='ocrx_word' id='word_1_165' title='bbox 3367 1322 3517 1373; x_wconf 89' lang='lat' dir='ltr'><strong>quam</strong></span> <span class='ocrx_word' id='word_1_166' title='bbox 3554 1304 3671 1361; x_wconf 66' lang='lat' dir='ltr'><strong>lues</strong></span> 
     </span>
    </p>
   </div>
   <div class='ocr_carea' id='block_1_27' title="bbox 2073 1371 3671 1443">
    <p class='ocr_par' dir='ltr' id='par_1_27' title="bbox 2073 1371 3671 1443">
     <span class='ocr_line' id='line_1_27' title="bbox 2073 1371 3671 1443; baseline 0.003 -17"><span class='ocrx_word' id='word_1_167' title='bbox 2073 1371 2204 1426; x_wconf 91' lang='lat' dir='ltr'><strong>solet</strong></span> <span class='ocrx_word' id='word_1_168' title='bbox 2228 1372 2488 1443; x_wconf 84' lang='lat' dir='ltr'><strong>interdum</strong></span> <span class='ocrx_word' id='word_1_169' title='bbox 2515 1371 2670 1425; x_wconf 82' lang='lat' dir='ltr'><strong>etiam</strong></span> <span class='ocrx_word' id='word_1_170' title='bbox 2696 1388 2785 1442; x_wconf 87' lang='lat' dir='ltr'><strong>per</strong></span> <span class='ocrx_word' id='word_1_171' title='bbox 2808 1389 3047 1443; x_wconf 88' lang='lat' dir='ltr'><strong>soporem</strong></span> <span class='ocrx_word' id='word_1_172' title='bbox 3085 1377 3362 1429; x_wconf 83' lang='lat' dir='ltr'><strong>necessitas</strong></span> <span class='ocrx_word' id='word_1_173' title='bbox 3380 1371 3627 1431; x_wconf 71' lang='lat' dir='ltr'><strong>excitare</strong></span> <span class='ocrx_word' id='word_1_174' title='bbox 3652 1416 3671 1442; x_wconf 91' lang='lat'><strong>,</strong></span> 
     </span>
    </p>
   </div>
   <div class='ocr_carea' id='block_1_28' title="bbox 2075 1441 3670 1513">
    <p class='ocr_par' dir='ltr' id='par_1_28' title="bbox 2075 1441 3670 1513">
     <span class='ocr_line' id='line_1_28' title="bbox 2075 1441 3670 1513; baseline 0.003 -17"><span class='ocrx_word' id='word_1_175' title='bbox 2075 1441 2339 1496; x_wconf 89' lang='lat' dir='ltr'><strong>sciendum</strong></span> <span class='ocrx_word' id='word_1_176' title='bbox 2394 1450 2573 1513; x_wconf 12' lang='lat' dir='ltr'><strong>tamen,</strong></span> <span class='ocrx_word' id='word_1_177' title='bbox 2612 1441 2725 1511; x_wconf 81' lang='lat' dir='ltr'><strong>est,</strong></span> <span class='ocrx_word' id='word_1_178' title='bbox 2776 1441 2917 1509; x_wconf 87' lang='lat' dir='ltr'><strong>quod</strong></span> <span class='ocrx_word' id='word_1_179' title='bbox 2954 1444 3031 1496; x_wconf 90' lang='lat' dir='ltr'><strong>ita</strong></span> <span class='ocrx_word' id='word_1_180' title='bbox 3074 1444 3120 1497; x_wconf 91' lang='lat' dir='ltr'><strong>si</strong></span> <span class='ocrx_word' id='word_1_181' title='bbox 3168 1456 3419 1500; x_wconf 89' lang='lat' dir='ltr'><strong>commota</strong></span> <span class='ocrx_word' id='word_1_182' title='bbox 3467 1441 3670 1513; x_wconf 78' lang='lat' dir='ltr'><strong>fuerint</strong></span> 
     </span>
    </p>
   </div>
   <div class='ocr_carea' id='block_1_29' title="bbox 2076 1512 3671 1582">
    <p class='ocr_par' dir='ltr' id='par_1_29' title="bbox 2076 1512 3671 1582">
     <span class='ocr_line' id='line_1_29' title="bbox 2076 1512 3671 1582; baseline 0.004 -18"><span class='ocrx_word' id='word_1_183' title='bbox 2076 1513 2331 1579; x_wconf 89' lang='lat' dir='ltr'><strong>membra,</strong></span> <span class='ocrx_word' id='word_1_184' title='bbox 2372 1512 2442 1565; x_wconf 91' lang='lat' dir='ltr'><strong>ad</strong></span> <span class='ocrx_word' id='word_1_185' title='bbox 2486 1512 2705 1582; x_wconf 84' lang='lat' dir='ltr'><strong>quietem</strong></span> <span class='ocrx_word' id='word_1_186' title='bbox 2746 1515 3008 1581; x_wconf 84' lang='lat' dir='ltr'><strong>propriam</strong></span> <span class='ocrx_word' id='word_1_187' title='bbox 3050 1513 3366 1568; x_wconf 85' lang='lat' dir='ltr'><strong>reducantur</strong></span> <span class='ocrx_word' id='word_1_188' title='bbox 3404 1512 3671 1571; x_wconf 79' lang='lat' dir='ltr'><strong>castitatis</strong></span> 
     </span>
    </p>
   </div>
   <div class='ocr_carea' id='block_1_30' title="bbox 2076 1582 3671 1654">
    <p class='ocr_par' dir='ltr' id='par_1_30' title="bbox 2076 1582 3671 1654">
     <span class='ocr_line' id='line_1_30' title="bbox 2076 1582 3671 1654; baseline 0.003 -19"><span class='ocrx_word' id='word_1_189' title='bbox 2076 1582 2315 1653; x_wconf 89' lang='lat' dir='ltr'><strong>imperio,</strong></span> <span class='ocrx_word' id='word_1_190' title='bbox 2343 1593 2401 1637; x_wconf 89' lang='lat' dir='ltr'><strong>ut</strong></span> <span class='ocrx_word' id='word_1_191' title='bbox 2427 1598 2530 1654; x_wconf 84' lang='lat' dir='ltr'><strong>non</strong></span> <span class='ocrx_word' id='word_1_192' title='bbox 2568 1583 2722 1654; x_wconf 89' lang='lat' dir='ltr'><strong>modo</strong></span> <span class='ocrx_word' id='word_1_193' title='bbox 2756 1598 2874 1636; x_wconf 90' lang='lat' dir='ltr'><strong>cum</strong></span> <span class='ocrx_word' id='word_1_194' title='bbox 2903 1583 3046 1636; x_wconf 88' lang='lat' dir='ltr'><strong>nullo</strong></span> <span class='ocrx_word' id='word_1_195' title='bbox 3074 1586 3310 1654; x_wconf 86' lang='lat' dir='ltr'><strong>pruritu,</strong></span> <span class='ocrx_word' id='word_1_196' title='bbox 3348 1587 3439 1639; x_wconf 92' lang='lat' dir='ltr'><strong>sed</strong></span> <span class='ocrx_word' id='word_1_197' title='bbox 3461 1603 3524 1641; x_wconf 90' lang='lat' dir='ltr'><strong>ne</strong></span> <span class='ocrx_word' id='word_1_198' title='bbox 3550 1603 3671 1640; x_wconf 89' lang='lat' dir='ltr'><strong>cum</strong></span> 
     </span>
    </p>
   </div>
   <div class='ocr_carea' id='block_1_31' title="bbox 2084 1652 3675 1721">
    <p class='ocr_par' dir='ltr' id='par_1_31' title="bbox 2084 1652 3675 1721">
     <span class='ocr_line' id='line_1_31' title="bbox 2084 1652 3675 1721; baseline 0.004 -16"><span class='ocrx_word' id='word_1_199' title='bbox 2084 1652 2297 1707; x_wconf 86' lang='lat' dir='ltr'><strong>minimo</strong></span> <span class='ocrx_word' id='word_1_200' title='bbox 2348 1652 2555 1721; x_wconf 82' lang='lat' dir='ltr'><strong>quidem</strong></span> <span class='ocrx_word' id='word_1_201' title='bbox 2599 1653 2827 1707; x_wconf 81' lang='lat' dir='ltr'><strong>libidinis</strong></span> <span class='ocrx_word' id='word_1_202' title='bbox 2882 1652 3238 1709; x_wconf 85' lang='lat' dir='ltr'><strong>recordatione</strong></span> <span class='ocrx_word' id='word_1_203' title='bbox 3280 1656 3544 1711; x_wconf 89' lang='lat' dir='ltr'><strong>sedentur.</strong></span> <span class='ocrx_word' id='word_1_204' title='bbox 3598 1657 3675 1712; x_wconf 82' lang='lat' dir='ltr'><strong>Et</strong></span> 
     </span>
    </p>
   </div>
   <div class='ocr_carea' id='block_1_32' title="bbox 400 1712 3677 1797">
    <p class='ocr_par' dir='ltr' id='par_1_32' title="bbox 400 1712 3677 1797">
     <span class='ocr_line' id='line_1_32' title="bbox 400 1712 3677 1797; baseline -0 -15"><span class='ocrx_word' id='word_1_205' title='bbox 400 1728 810 1797; x_wconf 29' lang='lat' dir='ltr'><strong>exstinguiaSic</strong></span> <span class='ocrx_word' id='word_1_206' title='bbox 833 1728 978 1781; x_wconf 89' lang='lat' dir='ltr'><strong>enim</strong></span> <span class='ocrx_word' id='word_1_207' title='bbox 1009 1726 1345 1796; x_wconf 84' lang='lat' dir='ltr'><strong>Augustinus</strong></span> <span class='ocrx_word' id='word_1_208' title='bbox 1373 1725 1465 1780; x_wconf 87' lang='lat' dir='ltr'><strong>lib.</strong></span> <span class='ocrx_word' id='word_1_209' title='bbox 1492 1712 1979 1797; x_wconf 70' lang='lat' dir='ltr'><strong>contralulianum</strong></span> <span class='ocrx_word' id='word_1_210' title='bbox 2011 1712 2060 1772; x_wconf 88' lang='lat' dir='ltr'><strong>B</strong></span> <span class='ocrx_word' id='word_1_211' title='bbox 2088 1738 2276 1778; x_wconf 88' lang='lat' dir='ltr'><strong>rursus</strong></span> <span class='ocrx_word' id='word_1_212' title='bbox 2306 1712 2372 1777; x_wconf 59' lang='lat' dir='ltr'><strong>in&#39;</strong></span> <span class='ocrx_word' id='word_1_213' title='bbox 2392 1725 2497 1777; x_wconf 88' lang='lat' dir='ltr'><strong>line</strong></span> <span class='ocrx_word' id='word_1_214' title='bbox 2525 1723 2767 1797; x_wconf 84' lang='lat' dir='ltr'><strong>ejusdem</strong></span> <span class='ocrx_word' id='word_1_215' title='bbox 2796 1724 3104 1797; x_wconf 90' lang='lat' dir='ltr'><strong>collationis</strong></span> <span class='ocrx_word' id='word_1_216' title='bbox 3135 1724 3301 1797; x_wconf 83' lang='lat' dir='ltr'><strong>(Cap.</strong></span> <span class='ocrx_word' id='word_1_217' title='bbox 3352 1726 3444 1793; x_wconf 82' lang='grc'><strong>16)</strong></span> <span class='ocrx_word' id='word_1_218' title='bbox 3482 1746 3497 1781; x_wconf 72' lang='grc' dir='ltr'>ε</span> <span class='ocrx_word' id='word_1_219' title='bbox 3546 1726 3677 1781; x_wconf 67' lang='lat' dir='ltr'><strong>Herc</strong></span> 
     </span>
    </p>
   </div>
   <div class='ocr_carea' id='block_1_33' title="bbox 400 1794 1982 1868">
    <p class='ocr_par' dir='ltr' id='par_1_33' title="bbox 400 1794 1982 1868">
     <span class='ocr_line' id='line_1_33' title="bbox 400 1794 1982 1868; baseline -0.005 -14"><span class='ocrx_word' id='word_1_220' title='bbox 400 1813 521 1866; x_wconf 89' lang='lat' dir='ltr'><strong>cap.</strong></span> <span class='ocrx_word' id='word_1_221' title='bbox 550 1794 643 1851; x_wconf 44' lang='lat'><strong>5&#39;:</strong></span> <span class='ocrx_word' id='word_1_222' title='bbox 674 1794 1178 1868; x_wconf 78' lang='lat' dir='ltr'><strong>Concupiscentiam,</strong></span> <span class='ocrx_word' id='word_1_223' title='bbox 1211 1798 1403 1868; x_wconf 76' lang='lat' dir='ltr'><strong>inquit,</strong></span> <span class='ocrx_word' id='word_1_224' title='bbox 1435 1796 1550 1864; x_wconf 90' lang='lat' dir='ltr'><strong>quis</strong></span> <span class='ocrx_word' id='word_1_225' title='bbox 1570 1794 1794 1868; x_wconf 81' lang='lat' dir='ltr'><strong>ambigat</strong></span> <span class='ocrx_word' id='word_1_226' title='bbox 1819 1809 1982 1868; x_wconf 82' lang='lat' dir='ltr'><strong>posse</strong></span> 
     </span>
    </p>
   </div>
   <div class='ocr_carea' id='block_1_34' title="bbox 403 1866 1980 1934">
    <p class='ocr_par' dir='ltr' id='par_1_34' title="bbox 403 1866 1980 1934">
     <span class='ocr_line' id='line_1_34' title="bbox 403 1866 1980 1934; baseline -0.002 -14"><span class='ocrx_word' id='word_1_227' title='bbox 403 1869 588 1930; x_wconf 85' lang='lat' dir='ltr'><strong>minui.</strong></span> <span class='ocrx_word' id='word_1_228' title='bbox 612 1884 711 1921; x_wconf 90' lang='lat' dir='ltr'><strong>non</strong></span> <span class='ocrx_word' id='word_1_229' title='bbox 735 1866 882 1934; x_wconf 81' lang='lat' dir='ltr'><strong>posse</strong></span> <span class='ocrx_word' id='word_1_230' title='bbox 908 1871 1139 1921; x_wconf 87' lang='lat' dir='ltr'><strong>consumi</strong></span> <span class='ocrx_word' id='word_1_231' title='bbox 1155 1869 1248 1921; x_wconf 85' lang='lat' dir='ltr'><strong>?et</strong></span> <span class='ocrx_word' id='word_1_232' title='bbox 1265 1868 1330 1921; x_wconf 90' lang='lat' dir='ltr'><strong>D.</strong></span> <span class='ocrx_word' id='word_1_233' title='bbox 1356 1866 1651 1934; x_wconf 77' lang='lat' dir='ltr'><strong>Gregorius</strong></span> <span class='ocrx_word' id='word_1_234' title='bbox 1673 1867 1723 1917; x_wconf 88' lang='lat' dir='ltr'><strong>in</strong></span> <span class='ocrx_word' id='word_1_235' title='bbox 1750 1867 1980 1932; x_wconf 90' lang='lat' dir='ltr'><strong>primum</strong></span> 
     </span>
    </p>
   </div>
   <div class='ocr_carea' id='block_1_35' title="bbox 405 1885 1983 2008">
    <p class='ocr_par' dir='ltr' id='par_1_35' title="bbox 405 1885 1983 2008">
     <span class='ocr_line' id='line_1_35' title="bbox 405 1885 1980 1934; baseline -0.002 -14"><span class='ocrx_word' id='word_1_236' title='bbox 405 1885 588 1930; x_wconf 76' lang='lat' dir='ltr'><strong>minus.</strong></span> <span class='ocrx_word' id='word_1_237' title='bbox 612 1885 711 1921; x_wconf 90' lang='lat' dir='ltr'><strong>non</strong></span> <span class='ocrx_word' id='word_1_238' title='bbox 772 1885 882 1921; x_wconf 88' lang='lat' dir='ltr'><strong>osse</strong></span> <span class='ocrx_word' id='word_1_239' title='bbox 908 1885 1137 1921; x_wconf 80' lang='lat' dir='ltr'><strong>consumi</strong></span> <span class='ocrx_word' id='word_1_240' title='bbox 1155 1885 1248 1921; x_wconf 70' lang='grc' dir='ltr'><strong>τει</strong></span> <span class='ocrx_word' id='word_1_241' title='bbox 1266 1885 1330 1921; x_wconf 88' lang='grc' dir='ltr'><strong>υ.</strong></span> <span class='ocrx_word' id='word_1_242' title='bbox 1356 1885 1651 1934; x_wconf 77' lang='lat' dir='ltr'><strong>urcgortus</strong></span> <span class='ocrx_word' id='word_1_243' title='bbox 1673 1885 1723 1917; x_wconf 87' lang='grc' dir='ltr'><strong>ιιι</strong></span> <span class='ocrx_word' id='word_1_244' title='bbox 1751 1885 1980 1932; x_wconf 87' lang='lat' dir='ltr'><strong>prunum</strong></span> 
     </span>
     <span class='ocr_line' id='line_1_36' title="bbox 405 1885 1983 2008; baseline -0.003 -15"><span class='ocrx_word' id='word_1_245' title='bbox 405 1937 609 2008; x_wconf 78' lang='lat' dir='ltr'><strong>Regum</strong></span> <span class='ocrx_word' id='word_1_246' title='bbox 635 1885 775 2007; x_wconf 49' lang='lat' dir='ltr'><strong>(Lit.</strong></span> <span class='ocrx_word' id='word_1_247' title='bbox 808 1954 840 1991; x_wconf 90' lang='lat' dir='ltr'><strong>v</strong></span> <span class='ocrx_word' id='word_1_248' title='bbox 866 1952 980 2004; x_wconf 89' lang='lat' dir='ltr'><strong>cap.</strong></span> <span class='ocrx_word' id='word_1_249' title='bbox 1011 1939 1100 2003; x_wconf 82' lang='lat' dir='ltr'><strong>H,</strong></span> <span class='ocrx_word' id='word_1_250' title='bbox 1124 1948 1173 1992; x_wconf 91' lang='lat' dir='ltr'><strong>et</strong></span> <span class='ocrx_word' id='word_1_251' title='bbox 1196 1937 1286 1992; x_wconf 90' lang='lat' dir='ltr'><strong>lib.</strong></span> <span class='ocrx_word' id='word_1_252' title='bbox 1318 1952 1370 1991; x_wconf 84' lang='lat' dir='ltr'><strong>v1</strong></span> <span class='ocrx_word' id='word_1_253' title='bbox 1402 1935 1589 1989; x_wconf 77' lang='lat' dir='ltr'><strong>Moral.</strong></span> <span class='ocrx_word' id='word_1_254' title='bbox 1622 1952 1669 1989; x_wconf 90' lang='lat' dir='ltr'><strong>c.</strong></span> <span class='ocrx_word' id='word_1_255' title='bbox 1699 1934 1792 2008; x_wconf 74' lang='lat'><strong>27)</strong></span> <span class='ocrx_word' id='word_1_256' title='bbox 1819 1953 1831 1987; x_wconf 87' lang='lat'>:</span> <span class='ocrx_word' id='word_1_257' title='bbox 1863 1934 1983 1989; x_wconf 84' lang='lat' dir='ltr'><strong>Non</strong></span> 
     </span>
    </p>
   </div>
   <div class='ocr_carea' id='block_1_36' title="bbox 403 2006 1984 2079">
    <p class='ocr_par' dir='ltr' id='par_1_36' title="bbox 403 2006 1984 2079">
     <span class='ocr_line' id='line_1_37' title="bbox 403 2006 1984 2079; baseline -0.001 -18"><span class='ocrx_word' id='word_1_258' title='bbox 403 2006 609 2079; x_wconf 82' lang='lat' dir='ltr'><strong>quidem</strong></span> <span class='ocrx_word' id='word_1_259' title='bbox 641 2006 754 2061; x_wconf 90' lang='lat' dir='ltr'><strong>tolli</strong></span> <span class='ocrx_word' id='word_1_260' title='bbox 783 2018 945 2079; x_wconf 82' lang='lat' dir='ltr'><strong>potest</strong></span> <span class='ocrx_word' id='word_1_261' title='bbox 967 2011 1130 2077; x_wconf 83' lang='lat' dir='ltr'><strong>carni,</strong></span> <span class='ocrx_word' id='word_1_262' title='bbox 1155 2010 1291 2079; x_wconf 89' lang='lat' dir='ltr'><strong>quod</strong></span> <span class='ocrx_word' id='word_1_263' title='bbox 1316 2008 1400 2061; x_wconf 68' lang='lat' dir='ltr'><strong>lex</strong></span> <span class='ocrx_word' id='word_1_264' title='bbox 1426 2008 1602 2079; x_wconf 87' lang='lat' dir='ltr'><strong>carnis</strong></span> <span class='ocrx_word' id='word_1_265' title='bbox 1622 2006 1855 2079; x_wconf 81' lang='lat' dir='ltr'><strong>membra</strong></span> <span class='ocrx_word' id='word_1_266' title='bbox 1883 2022 1984 2059; x_wconf 79' lang='lat' dir='ltr'><strong>non</strong></span> 
     </span>
    </p>
   </div>
   <div class='ocr_carea' id='block_1_37' title="bbox 405 2077 1983 2146">
    <p class='ocr_par' dir='ltr' id='par_1_37' title="bbox 405 2077 1983 2146">
     <span class='ocr_line' id='line_1_38' title="bbox 405 2077 1983 2146; baseline 0 -16"><span class='ocrx_word' id='word_1_267' title='bbox 405 2077 637 2144; x_wconf 84' lang='lat' dir='ltr'><strong>moveat;</strong></span> <span class='ocrx_word' id='word_1_268' title='bbox 672 2078 761 2132; x_wconf 89' lang='lat' dir='ltr'><strong>sed</strong></span> <span class='ocrx_word' id='word_1_269' title='bbox 784 2077 959 2132; x_wconf 79' lang='lat' dir='ltr'><strong>tamen</strong></span> <span class='ocrx_word' id='word_1_270' title='bbox 986 2079 1102 2133; x_wconf 91' lang='lat' dir='ltr'><strong>tolli</strong></span> <span class='ocrx_word' id='word_1_271' title='bbox 1148 2077 1313 2146; x_wconf 82' lang='lat' dir='ltr'><strong>potest</strong></span> <span class='ocrx_word' id='word_1_272' title='bbox 1343 2078 1491 2131; x_wconf 88' lang='lat' dir='ltr'><strong>carni</strong></span> <span class='ocrx_word' id='word_1_273' title='bbox 1526 2077 1767 2130; x_wconf 87' lang='lat' dir='ltr'><strong>violentia</strong></span> <span class='ocrx_word' id='word_1_274' title='bbox 1798 2079 1983 2130; x_wconf 79' lang='lat' dir='ltr'><strong>motio-</strong></span> 
     </span>
    </p>
   </div>
   <div class='ocr_carea' id='block_1_38' title="bbox 408 2147 1985 2219">
    <p class='ocr_par' dir='ltr' id='par_1_38' title="bbox 408 2147 1985 2219">
     <span class='ocr_line' id='line_1_39' title="bbox 408 2147 1985 2219; baseline -0.001 -17"><span class='ocrx_word' id='word_1_275' title='bbox 408 2150 521 2219; x_wconf 81' lang='lat' dir='ltr'><strong>nis,</strong></span> <span class='ocrx_word' id='word_1_276' title='bbox 568 2160 622 2201; x_wconf 86' lang='lat' dir='ltr'><strong>ut</strong></span> <span class='ocrx_word' id='word_1_277' title='bbox 650 2150 971 2219; x_wconf 84' lang='lat' dir='ltr'><strong>relinquatur</strong></span> <span class='ocrx_word' id='word_1_278' title='bbox 992 2152 1039 2203; x_wconf 92' lang='lat' dir='ltr'><strong>ei</strong></span> <span class='ocrx_word' id='word_1_279' title='bbox 1067 2161 1232 2203; x_wconf 87' lang='lat' dir='ltr'><strong>motus</strong></span> <span class='ocrx_word' id='word_1_280' title='bbox 1251 2190 1267 2216; x_wconf 91' lang='lat'><strong>,</strong></span> <span class='ocrx_word' id='word_1_281' title='bbox 1296 2151 1386 2202; x_wconf 82' lang='lat' dir='ltr'><strong>sed</strong></span> <span class='ocrx_word' id='word_1_282' title='bbox 1419 2147 1580 2202; x_wconf 89' lang='lat' dir='ltr'><strong>eidem</strong></span> <span class='ocrx_word' id='word_1_283' title='bbox 1599 2149 1777 2219; x_wconf 18' lang='lat' dir='ltr'><strong>Amotui</strong></span> <span class='ocrx_word' id='word_1_284' title='bbox 1818 2147 1985 2202; x_wconf 89' lang='lat' dir='ltr'><strong>omnis</strong></span> 
     </span>
    </p>
   </div>
   <div class='ocr_carea' id='block_1_39' title="bbox 409 2217 1986 2289">
    <p class='ocr_par' dir='ltr' id='par_1_39' title="bbox 409 2217 1986 2289">
     <span class='ocr_line' id='line_1_40' title="bbox 409 2217 1986 2289; baseline 0.001 -18"><span class='ocrx_word' id='word_1_285' title='bbox 409 2218 760 2289; x_wconf 82' lang='lat' dir='ltr'><strong>delectationis</strong></span> <span class='ocrx_word' id='word_1_286' title='bbox 795 2217 1085 2273; x_wconf 80' lang='lat' dir='ltr'><strong>obscenitas</strong></span> <span class='ocrx_word' id='word_1_287' title='bbox 1131 2225 1424 2289; x_wconf 79' lang='lat' dir='ltr'><strong>auferatur,</strong></span> <span class='ocrx_word' id='word_1_288' title='bbox 1467 2227 1516 2271; x_wconf 92' lang='lat' dir='ltr'><strong>et</strong></span> <span class='ocrx_word' id='word_1_289' title='bbox 1562 2217 1777 2289; x_wconf 75' lang='lat' dir='ltr'><strong>simplex</strong></span> <span class='ocrx_word' id='word_1_290' title='bbox 1819 2228 1986 2289; x_wconf 67' lang='lat' dir='ltr'><strong>motus</strong></span> 
     </span>
    </p>
   </div>
   <div class='ocr_carea' id='block_1_40' title="bbox 407 2287 1988 2359">
    <p class='ocr_par' dir='ltr' id='par_1_40' title="bbox 407 2287 1988 2359">
     <span class='ocr_line' id='line_1_41' title="bbox 407 2287 1988 2359; baseline 0 -18"><span class='ocrx_word' id='word_1_291' title='bbox 407 2288 500 2344; x_wconf 91' lang='lat' dir='ltr'><strong>ille</strong></span> <span class='ocrx_word' id='word_1_292' title='bbox 527 2290 593 2344; x_wconf 89' lang='lat' dir='ltr'><strong>sit</strong></span> <span class='ocrx_word' id='word_1_293' title='bbox 608 2330 635 2359; x_wconf 23' lang='grc' dir='ltr'><strong>,γ</strong></span> <span class='ocrx_word' id='word_1_294' title='bbox 668 2289 721 2342; x_wconf 90' lang='lat' dir='ltr'><strong>in</strong></span> <span class='ocrx_word' id='word_1_295' title='bbox 751 2306 852 2359; x_wconf 90' lang='lat' dir='ltr'><strong>quo</strong></span> <span class='ocrx_word' id='word_1_296' title='bbox 876 2292 1055 2359; x_wconf 86' lang='lat' dir='ltr'><strong>aliqua</strong></span> <span class='ocrx_word' id='word_1_297' title='bbox 1090 2287 1316 2344; x_wconf 84' lang='lat' dir='ltr'><strong>libidinis</strong></span> <span class='ocrx_word' id='word_1_298' title='bbox 1341 2287 1611 2359; x_wconf 84' lang='lat' dir='ltr'><strong>turpitudo</strong></span> <span class='ocrx_word' id='word_1_299' title='bbox 1662 2303 1764 2340; x_wconf 88' lang='lat' dir='ltr'><strong>non</strong></span> <span class='ocrx_word' id='word_1_300' title='bbox 1793 2288 1885 2359; x_wconf 76' lang='lat' dir='ltr'><strong>sit.</strong></span> <span class='ocrx_word' id='word_1_301' title='bbox 1920 2287 1988 2341; x_wconf 84' lang='lat' dir='ltr'><strong>Et</strong></span> 
     </span>
    </p>
   </div>
   <div class='ocr_carea' id='block_1_41' title="bbox 408 2358 1989 2431">
    <p class='ocr_par' dir='ltr' id='par_1_41' title="bbox 408 2358 1989 2431">
     <span class='ocr_line' id='line_1_42' title="bbox 408 2358 1989 2431; baseline -0.001 -18"><span class='ocrx_word' id='word_1_302' title='bbox 408 2368 567 2428; x_wconf 87' lang='lat' dir='ltr'><strong>post:</strong></span> <span class='ocrx_word' id='word_1_303' title='bbox 599 2358 727 2413; x_wconf 90' lang='lat' dir='ltr'><strong>Cum</strong></span> <span class='ocrx_word' id='word_1_304' title='bbox 755 2358 1065 2415; x_wconf 84' lang='lat' dir='ltr'><strong>abstinentes</strong></span> <span class='ocrx_word' id='word_1_305' title='bbox 1096 2377 1323 2431; x_wconf 85' lang='lat' dir='ltr'><strong>quosque</strong></span> <span class='ocrx_word' id='word_1_306' title='bbox 1351 2360 1531 2431; x_wconf 81' lang='lat' dir='ltr'><strong>divina</strong></span> <span class='ocrx_word' id='word_1_307' title='bbox 1565 2359 1736 2431; x_wconf 83' lang='lat' dir='ltr'><strong>gratia</strong></span> <span class='ocrx_word' id='word_1_308' title='bbox 1757 2358 1989 2431; x_wconf 74' lang='lat' dir='ltr'><strong>perfecte</strong></span> 
     </span>
    </p>
   </div>
   <div class='ocr_carea' id='block_1_42' title="bbox 408 2428 1988 2499">
    <p class='ocr_par' dir='ltr' id='par_1_42' title="bbox 408 2428 1988 2499">
     <span class='ocr_line' id='line_1_43' title="bbox 408 2428 1988 2499; baseline -0.001 -16"><span class='ocrx_word' id='word_1_309' title='bbox 408 2438 721 2499; x_wconf 84' lang='lat' dir='ltr'><strong>remunerat,</strong></span> <span class='ocrx_word' id='word_1_310' title='bbox 752 2446 782 2482; x_wconf 91' lang='lat' dir='ltr'><strong>a</strong></span> <span class='ocrx_word' id='word_1_311' title='bbox 802 2428 1160 2499; x_wconf 80' lang='lat' dir='ltr'><strong>corporalibus</strong></span> <span class='ocrx_word' id='word_1_312' title='bbox 1182 2428 1357 2485; x_wconf 83' lang='lat' dir='ltr'><strong>eorum</strong></span> <span class='ocrx_word' id='word_1_313' title='bbox 1388 2428 1605 2493; x_wconf 74' lang='lat' dir='ltr'><strong>motibus</strong></span> <span class='ocrx_word' id='word_1_314' title='bbox 1628 2429 1852 2481; x_wconf 90' lang='lat' dir='ltr'><strong>omnium</strong></span> <span class='ocrx_word' id='word_1_315' title='bbox 1875 2428 1988 2482; x_wconf 90' lang='lat' dir='ltr'><strong>obs-</strong></span> 
     </span>
    </p>
   </div>
   <div class='ocr_carea' id='block_1_43' title="bbox 410 2499 1989 2567">
    <p class='ocr_par' dir='ltr' id='par_1_43' title="bbox 410 2499 1989 2567">
     <span class='ocr_line' id='line_1_44' title="bbox 410 2499 1989 2567; baseline -0.001 -13"><span class='ocrx_word' id='word_1_316' title='bbox 410 2503 690 2566; x_wconf 82' lang='lat' dir='ltr'><strong>cenitatum</strong></span> <span class='ocrx_word' id='word_1_317' title='bbox 712 2502 919 2554; x_wconf 85' lang='lat' dir='ltr'><strong>aculeos</strong></span> <span class='ocrx_word' id='word_1_318' title='bbox 945 2502 1119 2567; x_wconf 88' lang='lat' dir='ltr'><strong>tollit;</strong></span> <span class='ocrx_word' id='word_1_319' title='bbox 1150 2503 1239 2555; x_wconf 88' lang='lat' dir='ltr'><strong>sed</strong></span> <span class='ocrx_word' id='word_1_320' title='bbox 1266 2504 1336 2554; x_wconf 83' lang='lat' dir='ltr'><strong>eis</strong></span> <span class='ocrx_word' id='word_1_321' title='bbox 1370 2501 1513 2567; x_wconf 88' lang='lat' dir='ltr'><strong>ipsos</strong></span> <span class='ocrx_word' id='word_1_322' title='bbox 1534 2510 1702 2552; x_wconf 88' lang='lat' dir='ltr'><strong>motus</strong></span> <span class='ocrx_word' id='word_1_323' title='bbox 1722 2499 1989 2553; x_wconf 86' lang='lat' dir='ltr'><strong>naturales</strong></span> 
     </span>
    </p>
   </div>
   <div class='ocr_carea' id='block_1_44' title="bbox 411 2570 1989 2640">
    <p class='ocr_par' dir='ltr' id='par_1_44' title="bbox 411 2570 1989 2640">
     <span class='ocr_line' id='line_1_45' title="bbox 411 2570 1989 2640; baseline -0.001 -16"><span class='ocrx_word' id='word_1_324' title='bbox 411 2570 630 2639; x_wconf 86' lang='lat' dir='ltr'><strong>deserit,</strong></span> <span class='ocrx_word' id='word_1_325' title='bbox 668 2583 721 2623; x_wconf 92' lang='lat' dir='ltr'><strong>ut</strong></span> <span class='ocrx_word' id='word_1_326' title='bbox 766 2573 955 2624; x_wconf 88' lang='lat' dir='ltr'><strong>tentari</strong></span> <span class='ocrx_word' id='word_1_327' title='bbox 997 2589 1195 2639; x_wconf 81' lang='lat' dir='ltr'><strong>semper</strong></span> <span class='ocrx_word' id='word_1_328' title='bbox 1241 2573 1473 2640; x_wconf 76' lang='lat' dir='ltr'><strong>possint,</strong></span> <span class='ocrx_word' id='word_1_329' title='bbox 1529 2570 1664 2640; x_wconf 87' lang='lat' dir='ltr'><strong>vinci</strong></span> <span class='ocrx_word' id='word_1_330' title='bbox 1714 2585 1989 2640; x_wconf 88' lang='lat' dir='ltr'><strong>numquam</strong></span> 
     </span>
    </p>
   </div>
   <div class='ocr_carea' id='block_1_45' title="bbox 411 2639 1990 2711">
    <p class='ocr_par' dir='ltr' id='par_1_45' title="bbox 411 2639 1990 2711">
     <span class='ocr_line' id='line_1_46' title="bbox 411 2639 1990 2711; baseline -0.002 -16"><span class='ocrx_word' id='word_1_331' title='bbox 411 2641 631 2711; x_wconf 87' lang='lat' dir='ltr'><strong>possint,</strong></span> <span class='ocrx_word' id='word_1_332' title='bbox 656 2640 778 2694; x_wconf 87' lang='lat' dir='ltr'><strong>dum</strong></span> <span class='ocrx_word' id='word_1_333' title='bbox 799 2641 854 2694; x_wconf 92' lang='lat' dir='ltr'><strong>id</strong></span> <span class='ocrx_word' id='word_1_334' title='bbox 877 2642 1065 2695; x_wconf 86' lang='lat' dir='ltr'><strong>deserit</strong></span> <span class='ocrx_word' id='word_1_335' title='bbox 1088 2643 1223 2711; x_wconf 90' lang='lat' dir='ltr'><strong>quod</strong></span> <span class='ocrx_word' id='word_1_336' title='bbox 1242 2639 1317 2694; x_wconf 83' lang='lat' dir='ltr'><strong>eis</strong></span> <span class='ocrx_word' id='word_1_337' title='bbox 1338 2641 1485 2695; x_wconf 83' lang='lat' dir='ltr'><strong>valde</strong></span> <span class='ocrx_word' id='word_1_338' title='bbox 1508 2639 1780 2711; x_wconf 86' lang='lat' dir='ltr'><strong>displicet;</strong></span> <span class='ocrx_word' id='word_1_339' title='bbox 1807 2639 1895 2693; x_wconf 88' lang='lat' dir='ltr'><strong>sed</strong></span> <span class='ocrx_word' id='word_1_340' title='bbox 1916 2641 1990 2693; x_wconf 87' lang='lat' dir='ltr'><strong>sic</strong></span> 
     </span>
    </p>
   </div>
   <div class='ocr_carea' id='block_1_46' title="bbox 394 2710 1991 2782">
    <p class='ocr_par' dir='ltr' id='par_1_46' title="bbox 394 2710 1991 2782">
     <span class='ocr_line' id='line_1_47' title="bbox 394 2710 1991 2782; baseline -0.001 -19"><span class='ocrx_word' id='word_1_341' title='bbox 394 2710 646 2764; x_wconf 81' lang='lat' dir='ltr'><strong>&#39;debilitat</strong></span> <span class='ocrx_word' id='word_1_342' title='bbox 671 2713 810 2782; x_wconf 86' lang='lat' dir='ltr'><strong>quod</strong></span> <span class='ocrx_word' id='word_1_343' title='bbox 832 2711 1041 2779; x_wconf 87' lang='lat' dir='ltr'><strong>deserit,</strong></span> <span class='ocrx_word' id='word_1_344' title='bbox 1072 2710 1125 2766; x_wconf 87' lang='lat' dir='ltr'><strong>ut</strong></span> <span class='ocrx_word' id='word_1_345' title='bbox 1148 2711 1423 2781; x_wconf 68' lang='lat' dir='ltr'><strong>praevalere</strong></span> <span class='ocrx_word' id='word_1_346' title='bbox 1447 2710 1724 2782; x_wconf 84' lang='lat' dir='ltr'><strong>victoribus</strong></span> <span class='ocrx_word' id='word_1_347' title='bbox 1746 2726 1847 2762; x_wconf 89' lang='lat' dir='ltr'><strong>non</strong></span> <span class='ocrx_word' id='word_1_348' title='bbox 1876 2725 1991 2782; x_wconf 51' lang='lat' dir='ltr'><strong>per-3</strong></span> 
     </span>
    </p>
   </div>
   <div class='ocr_carea' id='block_1_47' title="bbox 412 2780 1991 2849">
    <p class='ocr_par' dir='ltr' id='par_1_47' title="bbox 412 2780 1991 2849">
     <span class='ocr_line' id='line_1_48' title="bbox 412 2780 1991 2849; baseline 0 -15"><span class='ocrx_word' id='word_1_349' title='bbox 412 2784 602 2834; x_wconf 83' lang='lat' dir='ltr'><strong>mittat.</strong></span> <span class='ocrx_word' id='word_1_350' title='bbox 649 2780 738 2838; x_wconf 84' lang='lat' dir='ltr'><strong>Sic</strong></span> <span class='ocrx_word' id='word_1_351' title='bbox 765 2782 1081 2849; x_wconf 80' lang='lat' dir='ltr'><strong>Gregorius.</strong></span> <span class='ocrx_word' id='word_1_352' title='bbox 1116 2783 1210 2837; x_wconf 86' lang='lat' dir='ltr'><strong>His</strong></span> <span class='ocrx_word' id='word_1_353' title='bbox 1247 2782 1457 2836; x_wconf 88' lang='lat' dir='ltr'><strong>accedit</strong></span> <span class='ocrx_word' id='word_1_354' title='bbox 1489 2781 1733 2835; x_wconf 84' lang='lat' dir='ltr'><strong>deﬁnitio</strong></span> <span class='ocrx_word' id='word_1_355' title='bbox 1777 2780 1991 2835; x_wconf 87' lang='lat' dir='ltr'><strong>concilii</strong></span> 
     </span>
    </p>
   </div>
   <div class='ocr_carea' id='block_1_48' title="bbox 413 2849 1991 2923">
    <p class='ocr_par' dir='ltr' id='par_1_48' title="bbox 413 2849 1991 2923">
     <span class='ocr_line' id='line_1_49' title="bbox 413 2849 1991 2923; baseline 0 -19"><span class='ocrx_word' id='word_1_356' title='bbox 413 2849 721 2923; x_wconf 76' lang='lat' dir='ltr'><strong>Tridentini</strong></span> <span class='ocrx_word' id='word_1_357' title='bbox 780 2851 947 2921; x_wconf 89' lang='lat' dir='ltr'><strong>(Sess.</strong></span> <span class='ocrx_word' id='word_1_358' title='bbox 990 2852 1068 2922; x_wconf 90' lang='lat' dir='ltr'><strong>v),</strong></span> <span class='ocrx_word' id='word_1_359' title='bbox 1116 2869 1220 2923; x_wconf 90' lang='lat' dir='ltr'><strong>qua</strong></span> <span class='ocrx_word' id='word_1_360' title='bbox 1249 2851 1448 2906; x_wconf 90' lang='lat' dir='ltr'><strong>dicitur</strong></span> <span class='ocrx_word' id='word_1_361' title='bbox 1492 2867 1698 2905; x_wconf 91' lang='lat' dir='ltr'><strong>manere</strong></span> <span class='ocrx_word' id='word_1_362' title='bbox 1740 2853 1891 2923; x_wconf 81' lang='lat' dir='ltr'><strong>etiam</strong></span> <span class='ocrx_word' id='word_1_363' title='bbox 1938 2852 1991 2904; x_wconf 93' lang='lat' dir='ltr'><strong>in</strong></span> 
     </span>
    </p>
   </div>
   <div class='ocr_carea' id='block_1_49' title="bbox 418 2920 1990 2992">
    <p class='ocr_par' dir='ltr' id='par_1_49' title="bbox 418 2920 1990 2992">
     <span class='ocr_line' id='line_1_50' title="bbox 418 2920 1990 2992; baseline 0.001 -18"><span class='ocrx_word' id='word_1_364' title='bbox 418 2920 688 2992; x_wconf 77' lang='lat' dir='ltr'><strong>baptizatis</strong></span> <span class='ocrx_word' id='word_1_365' title='bbox 712 2920 1201 2992; x_wconf 80' lang='lat' dir='ltr'><strong>concupiscentiam,</strong></span> <span class='ocrx_word' id='word_1_366' title='bbox 1232 2939 1443 2992; x_wconf 87' lang='lat' dir='ltr'><strong>eamque</strong></span> <span class='ocrx_word' id='word_1_367' title='bbox 1461 2923 1529 2974; x_wconf 92' lang='lat' dir='ltr'><strong>ad</strong></span> <span class='ocrx_word' id='word_1_368' title='bbox 1550 2938 1784 2990; x_wconf 88' lang='lat' dir='ltr'><strong>agonem,</strong></span> <span class='ocrx_word' id='word_1_369' title='bbox 1813 2921 1861 2974; x_wconf 93' lang='lat' dir='ltr'><strong>id</strong></span> <span class='ocrx_word' id='word_1_370' title='bbox 1886 2931 1990 2988; x_wconf 88' lang='lat' dir='ltr'><strong>est,</strong></span> 
     </span>
    </p>
   </div>
   <div class='ocr_carea' id='block_1_50' title="bbox 416 2992 1992 3060">
    <p class='ocr_par' dir='ltr' id='par_1_50' title="bbox 416 2992 1992 3060">
     <span class='ocr_line' id='line_1_51' title="bbox 416 2992 1992 3060; baseline 0 -16"><span class='ocrx_word' id='word_1_371' title='bbox 416 3000 714 3060; x_wconf 88' lang='lat' dir='ltr'><strong>certamen,</strong></span> <span class='ocrx_word' id='word_1_372' title='bbox 730 2994 785 3045; x_wconf 88' lang='lat' dir='ltr'><strong>in</strong></span> <span class='ocrx_word' id='word_1_373' title='bbox 814 2992 957 3046; x_wconf 88' lang='lat' dir='ltr'><strong>nobis</strong></span> <span class='ocrx_word' id='word_1_374' title='bbox 974 2994 1227 3057; x_wconf 84' lang='lat' dir='ltr'><strong>relictam,</strong></span> <span class='ocrx_word' id='word_1_375' title='bbox 1258 2995 1332 3047; x_wconf 89' lang='lat' dir='ltr'><strong>sic</strong></span> <span class='ocrx_word' id='word_1_376' title='bbox 1357 3004 1547 3055; x_wconf 85' lang='lat' dir='ltr'><strong>tamen,</strong></span> <span class='ocrx_word' id='word_1_377' title='bbox 1568 3001 1624 3043; x_wconf 88' lang='lat' dir='ltr'><strong>ut</strong></span> <span class='ocrx_word' id='word_1_378' title='bbox 1654 3008 1754 3045; x_wconf 91' lang='lat' dir='ltr'><strong>non</strong></span> <span class='ocrx_word' id='word_1_379' title='bbox 1775 3008 1992 3045; x_wconf 86' lang='lat' dir='ltr'><strong>consen-</strong></span> 
     </span>
    </p>
   </div>
   <div class='ocr_carea' id='block_1_51' title="bbox 417 3060 2064 3145">
    <p class='ocr_par' dir='ltr' id='par_1_51' title="bbox 417 3060 2064 3145">
     <span class='ocr_line' id='line_1_52' title="bbox 417 3060 2064 3145; baseline 0.001 -31"><span class='ocrx_word' id='word_1_380' title='bbox 417 3061 679 3145; x_wconf 78' lang='lat' dir='ltr'><strong>tientibus,</strong></span> <span class='ocrx_word' id='word_1_381' title='bbox 697 3064 788 3116; x_wconf 88' lang='lat' dir='ltr'><strong>sed</strong></span> <span class='ocrx_word' id='word_1_382' title='bbox 796 3079 887 3133; x_wconf 90' lang='lat' dir='ltr'><strong>per</strong></span> <span class='ocrx_word' id='word_1_383' title='bbox 901 3065 1121 3145; x_wconf 78' lang='lat' dir='ltr'><strong>gratiam</strong></span> <span class='ocrx_word' id='word_1_384' title='bbox 1136 3064 1323 3145; x_wconf 67' lang='lat' dir='ltr'><strong>Citristi</strong></span> <span class='ocrx_word' id='word_1_385' title='bbox 1334 3060 1460 3117; x_wconf 76' lang='lat' dir='ltr'><strong>Iesu</strong></span> <span class='ocrx_word' id='word_1_386' title='bbox 1473 3063 1684 3145; x_wconf 67' lang='lat' dir='ltr'><strong>viriliter</strong></span> <span class='ocrx_word' id='word_1_387' title='bbox 1697 3078 1992 3145; x_wconf 75' lang='lat' dir='ltr'><strong>repugnan-</strong></span> <span class='ocrx_word' id='word_1_388' title='bbox 2018 3084 2064 3145; x_wconf 67' lang='grc' dir='ltr'><strong>ρ</strong></span> 
     </span>
    </p>
   </div>
   <div class='ocr_carea' id='block_1_52' title="bbox 420 3134 1993 3204">
    <p class='ocr_par' dir='ltr' id='par_1_52' title="bbox 420 3134 1993 3204">
     <span class='ocr_line' id='line_1_53' title="bbox 420 3134 1993 3204; baseline 0.002 -21"><span class='ocrx_word' id='word_1_389' title='bbox 420 3134 553 3185; x_wconf 90' lang='lat' dir='ltr'><strong>tibus</strong></span> <span class='ocrx_word' id='word_1_390' title='bbox 576 3138 759 3187; x_wconf 87' lang='lat' dir='ltr'><strong>nocere</strong></span> <span class='ocrx_word' id='word_1_391' title='bbox 781 3150 884 3187; x_wconf 90' lang='lat' dir='ltr'><strong>non</strong></span> <span class='ocrx_word' id='word_1_392' title='bbox 907 3136 1098 3197; x_wconf 87' lang='lat' dir='ltr'><strong>valeat,</strong></span> <span class='ocrx_word' id='word_1_393' title='bbox 1115 3135 1238 3204; x_wconf 88' lang='lat' dir='ltr'><strong>quin</strong></span> <span class='ocrx_word' id='word_1_394' title='bbox 1251 3136 1403 3187; x_wconf 88' lang='lat' dir='ltr'><strong>immo</strong></span> <span class='ocrx_word' id='word_1_395' title='bbox 1429 3134 1497 3186; x_wconf 91' lang='lat' dir='ltr'><strong>ad</strong></span> <span class='ocrx_word' id='word_1_396' title='bbox 1516 3149 1761 3186; x_wconf 89' lang='lat' dir='ltr'><strong>coronam</strong></span> <span class='ocrx_word' id='word_1_397' title='bbox 1777 3134 1993 3186; x_wconf 86' lang='lat' dir='ltr'><strong>multum</strong></span> 
     </span>
    </p>
   </div>
   <div class='ocr_carea' id='block_1_53' title="bbox 418 3203 1993 3274">
    <p class='ocr_par' dir='ltr' id='par_1_53' title="bbox 418 3203 1993 3274">
     <span class='ocr_line' id='line_1_54' title="bbox 418 3203 1993 3274; baseline 0.003 -21"><span class='ocrx_word' id='word_1_398' title='bbox 418 3204 606 3274; x_wconf 79' lang='lat' dir='ltr'><strong>prosit.</strong></span> <span class='ocrx_word' id='word_1_399' title='bbox 647 3203 724 3258; x_wconf 90' lang='lat' dir='ltr'><strong>De</strong></span> <span class='ocrx_word' id='word_1_400' title='bbox 753 3220 857 3274; x_wconf 92' lang='lat' dir='ltr'><strong>qua</strong></span> <span class='ocrx_word' id='word_1_401' title='bbox 886 3203 1069 3258; x_wconf 87' lang='lat' dir='ltr'><strong>itidem</strong></span> <span class='ocrx_word' id='word_1_402' title='bbox 1097 3203 1277 3259; x_wconf 85' lang='lat' dir='ltr'><strong>carnis</strong></span> <span class='ocrx_word' id='word_1_403' title='bbox 1314 3213 1369 3259; x_wconf 88' lang='lat' dir='ltr'><strong>et</strong></span> <span class='ocrx_word' id='word_1_404' title='bbox 1395 3203 1615 3274; x_wconf 88' lang='lat' dir='ltr'><strong>spiritus</strong></span> <span class='ocrx_word' id='word_1_405' title='bbox 1644 3205 1993 3272; x_wconf 72' lang='lat' dir='ltr'><strong>repugnantia</strong></span> 
     </span>
    </p>
   </div>
   <div class='ocr_carea' id='block_1_54' title="bbox 420 3272 1994 3345">
    <p class='ocr_par' dir='ltr' id='par_1_54' title="bbox 420 3272 1994 3345">
     <span class='ocr_line' id='line_1_55' title="bbox 420 3272 1994 3345; baseline 0.002 -20"><span class='ocrx_word' id='word_1_406' title='bbox 420 3272 531 3345; x_wconf 81' lang='lat' dir='ltr'><strong>late</strong></span> <span class='ocrx_word' id='word_1_407' title='bbox 552 3282 607 3327; x_wconf 92' lang='lat' dir='ltr'><strong>et</strong></span> <span class='ocrx_word' id='word_1_408' title='bbox 629 3289 694 3328; x_wconf 85' lang='lat' dir='ltr'><strong>ex</strong></span> <span class='ocrx_word' id='word_1_409' title='bbox 716 3272 968 3343; x_wconf 77' lang='lat' dir='ltr'><strong>professo</strong></span> <span class='ocrx_word' id='word_1_410' title='bbox 989 3275 1097 3345; x_wconf 86' lang='lat' dir='ltr'><strong>agit</strong></span> <span class='ocrx_word' id='word_1_411' title='bbox 1112 3276 1312 3329; x_wconf 89' lang='lat' dir='ltr'><strong>Auctor</strong></span> <span class='ocrx_word' id='word_1_412' title='bbox 1332 3272 1623 3345; x_wconf 84' lang='lat' dir='ltr'><strong>collatione</strong></span> <span class='ocrx_word' id='word_1_413' title='bbox 1642 3284 1853 3345; x_wconf 88' lang='lat' dir='ltr'><strong>quarta,</strong></span> <span class='ocrx_word' id='word_1_414' title='bbox 1877 3290 1994 3342; x_wconf 65' lang='lat' dir='ltr'><strong>quae</strong></span> 
     </span>
    </p>
   </div>
   <div class='ocr_carea' id='block_1_55' title="bbox 421 3343 1998 3413">
    <p class='ocr_par' dir='ltr' id='par_1_55' title="bbox 421 3343 1998 3413">
     <span class='ocr_line' id='line_1_56' title="bbox 421 3343 1998 3413; baseline 0.003 -18"><span class='ocrx_word' id='word_1_415' title='bbox 421 3343 484 3395; x_wconf 89' lang='lat' dir='ltr'><strong>de</strong></span> <span class='ocrx_word' id='word_1_416' title='bbox 529 3345 950 3413; x_wconf 88' lang='lat' dir='ltr'><strong>concupiscentia</strong></span> <span class='ocrx_word' id='word_1_417' title='bbox 981 3343 1150 3399; x_wconf 85' lang='lat' dir='ltr'><strong>carnis</strong></span> <span class='ocrx_word' id='word_1_418' title='bbox 1196 3356 1243 3400; x_wconf 88' lang='lat' dir='ltr'><strong>et</strong></span> <span class='ocrx_word' id='word_1_419' title='bbox 1284 3347 1502 3413; x_wconf 85' lang='lat' dir='ltr'><strong>spiritus</strong></span> <span class='ocrx_word' id='word_1_420' title='bbox 1549 3343 1891 3409; x_wconf 77' lang='lat' dir='ltr'><strong>inscribitur;</strong></span> <span class='ocrx_word' id='word_1_421' title='bbox 1940 3354 1998 3399; x_wconf 84' lang='lat' dir='ltr'><strong>et</strong></span> 
     </span>
    </p>
   </div>
   <div class='ocr_carea' id='block_1_56' title="bbox 421 3414 1998 3487">
    <p class='ocr_par' dir='ltr' id='par_1_56' title="bbox 421 3414 1998 3487">
     <span class='ocr_line' id='line_1_57' title="bbox 421 3414 1998 3487; baseline 0.001 -20"><span class='ocrx_word' id='word_1_422' title='bbox 421 3414 710 3487; x_wconf 78' lang='lat' dir='ltr'><strong>collatione</strong></span> <span class='ocrx_word' id='word_1_423' title='bbox 734 3414 824 3479; x_wconf 70' lang='lat'><strong>25,</strong></span> <span class='ocrx_word' id='word_1_424' title='bbox 853 3416 917 3469; x_wconf 91' lang='lat' dir='ltr'><strong>de</strong></span> <span class='ocrx_word' id='word_1_425' title='bbox 944 3432 1004 3470; x_wconf 91' lang='lat' dir='ltr'><strong>eo</strong></span> <span class='ocrx_word' id='word_1_426' title='bbox 1034 3416 1174 3487; x_wconf 87' lang='lat' dir='ltr'><strong>quod</strong></span> <span class='ocrx_word' id='word_1_427' title='bbox 1204 3417 1330 3487; x_wconf 85' lang='lat' dir='ltr'><strong>dicit</strong></span> <span class='ocrx_word' id='word_1_428' title='bbox 1356 3416 1632 3485; x_wconf 80' lang='lat' dir='ltr'><strong>Apostolus</strong></span> <span class='ocrx_word' id='word_1_429' title='bbox 1663 3431 1681 3468; x_wconf 92' lang='lat'><strong><em>:</em></strong></span> <span class='ocrx_word' id='word_1_430' title='bbox 1711 3414 1832 3487; x_wconf 85' lang='lat' dir='ltr'><strong>Non</strong></span> <span class='ocrx_word' id='word_1_431' title='bbox 1861 3415 1998 3485; x_wconf 88' lang='lat' dir='ltr'><strong>quod</strong></span> 
     </span>
    </p>
   </div>
   <div class='ocr_carea' id='block_1_57' title="bbox 421 3484 1994 3557">
    <p class='ocr_par' dir='ltr' id='par_1_57' title="bbox 421 3484 1994 3557">
     <span class='ocr_line' id='line_1_58' title="bbox 421 3484 1994 3557; baseline 0.003 -21"><span class='ocrx_word' id='word_1_432' title='bbox 421 3484 534 3557; x_wconf 85' lang='lat' dir='ltr'><strong>volo</strong></span> <span class='ocrx_word' id='word_1_433' title='bbox 548 3485 753 3557; x_wconf 77' lang='lat' dir='ltr'><strong>bonum,</strong></span> <span class='ocrx_word' id='word_1_434' title='bbox 780 3487 875 3539; x_wconf 88' lang='lat' dir='ltr'><strong>Itoc</strong></span> <span class='ocrx_word' id='word_1_435' title='bbox 890 3484 1054 3557; x_wconf 80' lang='lat' dir='ltr'><strong>facio,</strong></span> <span class='ocrx_word' id='word_1_436' title='bbox 1080 3496 1188 3541; x_wconf 89' lang='lat' dir='ltr'><strong>etc.</strong></span> <span class='ocrx_word' id='word_1_437' title='bbox 1215 3486 1283 3542; x_wconf 91' lang='lat' dir='ltr'><strong>Ut</strong></span> <span class='ocrx_word' id='word_1_438' title='bbox 1304 3484 1463 3556; x_wconf 84' lang='lat' dir='ltr'><strong>igitur</strong></span> <span class='ocrx_word' id='word_1_439' title='bbox 1485 3489 1597 3539; x_wconf 64' lang='lat' dir='ltr'><strong>haec</strong></span> <span class='ocrx_word' id='word_1_440' title='bbox 1619 3484 1994 3557; x_wconf 74' lang='lat' dir='ltr'><strong>concilientur,</strong></span> 
     </span>
    </p>
   </div>
   <div class='ocr_carea' id='block_1_58' title="bbox 420 3554 2000 3631">
    <p class='ocr_par' dir='ltr' id='par_1_58' title="bbox 420 3554 2000 3631">
     <span class='ocr_line' id='line_1_59' title="bbox 420 3554 2000 3631; baseline 0.002 -25"><span class='ocrx_word' id='word_1_441' title='bbox 420 3554 536 3620; x_wconf 83' lang='lat' dir='ltr'><strong>pie,</strong></span> <span class='ocrx_word' id='word_1_442' title='bbox 564 3556 739 3631; x_wconf 82' lang='lat' dir='ltr'><strong>quoad</strong></span> <span class='ocrx_word' id='word_1_443' title='bbox 767 3554 1035 3631; x_wconf 75' lang='lat' dir='ltr'><strong>ejusﬁeri</strong></span> <span class='ocrx_word' id='word_1_444' title='bbox 1061 3566 1264 3631; x_wconf 87' lang='lat' dir='ltr'><strong>potest,</strong></span> <span class='ocrx_word' id='word_1_445' title='bbox 1298 3554 1649 3631; x_wconf 74' lang='lat' dir='ltr'><strong>exponendus</strong></span> <span class='ocrx_word' id='word_1_446' title='bbox 1678 3566 1759 3609; x_wconf 89' lang='lat' dir='ltr'><strong>est</strong></span> <span class='ocrx_word' id='word_1_447' title='bbox 1786 3555 2000 3631; x_wconf 77' lang='lat' dir='ltr'><strong>cassia-</strong></span> 
     </span>
    </p>
   </div>
   <div class='ocr_carea' id='block_1_59' title="bbox 420 3626 1995 3695">
    <p class='ocr_par' dir='ltr' id='par_1_59' title="bbox 420 3626 1995 3695">
     <span class='ocr_line' id='line_1_60' title="bbox 420 3626 1995 3695; baseline 0.003 -18"><span class='ocrx_word' id='word_1_448' title='bbox 420 3639 546 3687; x_wconf 88' lang='lat' dir='ltr'><strong>nus,</strong></span> <span class='ocrx_word' id='word_1_449' title='bbox 571 3628 662 3695; x_wconf 91' lang='lat' dir='ltr'><strong>qui</strong></span> <span class='ocrx_word' id='word_1_450' title='bbox 690 3628 874 3695; x_wconf 89' lang='lat' dir='ltr'><strong>pietati</strong></span> <span class='ocrx_word' id='word_1_451' title='bbox 905 3642 1027 3682; x_wconf 92' lang='lat' dir='ltr'><strong>cum</strong></span> <span class='ocrx_word' id='word_1_452' title='bbox 1078 3628 1266 3694; x_wconf 89' lang='lat' dir='ltr'><strong>primis</strong></span> <span class='ocrx_word' id='word_1_453' title='bbox 1311 3626 1581 3682; x_wconf 72' lang='lat' dir='ltr'><strong>studuisse</strong></span> <span class='ocrx_word' id='word_1_454' title='bbox 1606 3626 1953 3695; x_wconf 82' lang='lat' dir='ltr'><strong>cognoscitur</strong></span> <span class='ocrx_word' id='word_1_455' title='bbox 1979 3643 1995 3682; x_wconf 88' lang='lat'><strong>:</strong></span> 
     </span>
    </p>
   </div>
   <div class='ocr_carea' id='block_1_60' title="bbox 731 3696 2000 3765">
    <p class='ocr_par' dir='ltr' id='par_1_60' title="bbox 731 3696 2000 3765">
     <span class='ocr_line' id='line_1_61' title="bbox 731 3696 2000 3765; baseline 0.001 -17"><span class='ocrx_word' id='word_1_456' title='bbox 731 3697 907 3752; x_wconf 90' lang='lat' dir='ltr'><strong>uidem</strong></span> <span class='ocrx_word' id='word_1_457' title='bbox 932 3738 947 3760; x_wconf 93' lang='lat'><strong>,</strong></span> <span class='ocrx_word' id='word_1_458' title='bbox 984 3707 1041 3751; x_wconf 94' lang='lat' dir='ltr'><strong>ut</strong></span> <span class='ocrx_word' id='word_1_459' title='bbox 1071 3697 1125 3752; x_wconf 91' lang='lat' dir='ltr'><strong>id</strong></span> <span class='ocrx_word' id='word_1_460' title='bbox 1151 3698 1284 3752; x_wconf 85' lang='lat' dir='ltr'><strong>velit</strong></span> <span class='ocrx_word' id='word_1_461' title='bbox 1309 3697 1521 3763; x_wconf 88' lang='lat' dir='ltr'><strong>dicere,</strong></span> <span class='ocrx_word' id='word_1_462' title='bbox 1574 3699 1870 3765; x_wconf 84' lang='lat' dir='ltr'><strong>perlectum</strong></span> <span class='ocrx_word' id='word_1_463' title='bbox 1902 3696 2000 3750; x_wconf 88' lang='lat' dir='ltr'><strong>ho-</strong></span> 
     </span>
    </p>
   </div>
   <div class='ocr_carea' id='block_1_61' title="bbox 422 3767 2000 3837">
    <p class='ocr_par' dir='ltr' id='par_1_61' title="bbox 422 3767 2000 3837">
     <span class='ocr_line' id='line_1_62' title="bbox 422 3767 2000 3837; baseline 0.003 -18"><span class='ocrx_word' id='word_1_464' title='bbox 422 3767 657 3831; x_wconf 89' lang='lat' dir='ltr'><strong>minem,</strong></span> <span class='ocrx_word' id='word_1_465' title='bbox 710 3767 806 3821; x_wconf 87' lang='lat' dir='ltr'><strong>Dei</strong></span> <span class='ocrx_word' id='word_1_466' title='bbox 852 3769 1023 3837; x_wconf 89' lang='lat' dir='ltr'><strong>gratia</strong></span> <span class='ocrx_word' id='word_1_467' title='bbox 1074 3768 1127 3822; x_wconf 92' lang='lat' dir='ltr'><strong>id</strong></span> <span class='ocrx_word' id='word_1_468' title='bbox 1161 3767 1427 3835; x_wconf 79' lang='lat' dir='ltr'><strong>faciente,</strong></span> <span class='ocrx_word' id='word_1_469' title='bbox 1472 3769 1539 3821; x_wconf 90' lang='lat' dir='ltr'><strong>ad</strong></span> <span class='ocrx_word' id='word_1_470' title='bbox 1567 3782 1689 3820; x_wconf 90' lang='lat' dir='ltr'><strong>eum</strong></span> <span class='ocrx_word' id='word_1_471' title='bbox 1737 3767 2000 3823; x_wconf 88' lang='lat' dir='ltr'><strong>castitatis</strong></span> 
     </span>
    </p>
   </div>
   <div class='ocr_carea' id='block_1_62' title="bbox 422 3836 1999 3908">
    <p class='ocr_par' dir='ltr' id='par_1_62' title="bbox 422 3836 1999 3908">
     <span class='ocr_line' id='line_1_63' title="bbox 422 3836 1999 3908; baseline 0.002 -19"><span class='ocrx_word' id='word_1_472' title='bbox 422 3837 647 3908; x_wconf 83' lang='lat' dir='ltr'><strong>gradum</strong></span> <span class='ocrx_word' id='word_1_473' title='bbox 678 3853 842 3907; x_wconf 85' lang='lat' dir='ltr'><strong>posse</strong></span> <span class='ocrx_word' id='word_1_474' title='bbox 862 3836 1197 3907; x_wconf 84' lang='lat' dir='ltr'><strong>pertingere,</strong></span> <span class='ocrx_word' id='word_1_475' title='bbox 1225 3839 1279 3891; x_wconf 90' lang='lat' dir='ltr'><strong>in</strong></span> <span class='ocrx_word' id='word_1_476' title='bbox 1310 3836 1420 3908; x_wconf 83' lang='lat' dir='ltr'><strong>quo</strong></span> <span class='ocrx_word' id='word_1_477' title='bbox 1440 3838 1764 3893; x_wconf 90' lang='lat' dir='ltr'><strong>constitutus</strong></span> <span class='ocrx_word' id='word_1_478' title='bbox 1790 3851 1999 3892; x_wconf 87' lang='lat' dir='ltr'><strong>concu-</strong></span> 
     </span>
    </p>
   </div>
   <div class='ocr_carea' id='block_1_63' title="bbox 421 3905 1996 3977">
    <p class='ocr_par' dir='ltr' id='par_1_63' title="bbox 421 3905 1996 3977">
     <span class='ocr_line' id='line_1_64' title="bbox 421 3905 1996 3977; baseline 0.003 -20"><span class='ocrx_word' id='word_1_479' title='bbox 421 3905 706 3973; x_wconf 71' lang='lat' dir='ltr'><strong>piscentia:</strong></span> <span class='ocrx_word' id='word_1_480' title='bbox 735 3905 983 3962; x_wconf 81' lang='lat' dir='ltr'><strong>stimulos</strong></span> <span class='ocrx_word' id='word_1_481' title='bbox 1032 3905 1119 3962; x_wconf 73' lang='lat' dir='ltr'><strong>vix</strong></span> <span class='ocrx_word' id='word_1_482' title='bbox 1167 3923 1230 3962; x_wconf 88' lang='lat' dir='ltr'><strong>ac</strong></span> <span class='ocrx_word' id='word_1_483' title='bbox 1260 3905 1340 3964; x_wconf 45' lang='lat' dir='ltr'><strong>ne&#39;</strong></span> <span class='ocrx_word' id='word_1_484' title='bbox 1373 3910 1461 3962; x_wconf 83' lang='lat' dir='ltr'><strong>vix</strong></span> <span class='ocrx_word' id='word_1_485' title='bbox 1507 3908 1721 3977; x_wconf 85' lang='lat' dir='ltr'><strong>quidem</strong></span> <span class='ocrx_word' id='word_1_486' title='bbox 1770 3909 1996 3972; x_wconf 88' lang='lat' dir='ltr'><strong>sentiat,</strong></span> 
     </span>
    </p>
   </div>
   <div class='ocr_carea' id='block_1_64' title="bbox 420 3977 1996 4046">
    <p class='ocr_par' dir='ltr' id='par_1_64' title="bbox 420 3977 1996 4046">
     <span class='ocr_line' id='line_1_65' title="bbox 420 3977 1996 4046; baseline 0.001 -17"><span class='ocrx_word' id='word_1_487' title='bbox 420 3978 651 4042; x_wconf 83' lang='lat' dir='ltr'><strong>perinde</strong></span> <span class='ocrx_word' id='word_1_488' title='bbox 673 3992 735 4030; x_wconf 89' lang='lat' dir='ltr'><strong>ac</strong></span> <span class='ocrx_word' id='word_1_489' title='bbox 758 3980 800 4031; x_wconf 90' lang='lat' dir='ltr'><strong>si</strong></span> <span class='ocrx_word' id='word_1_490' title='bbox 824 3977 941 4046; x_wconf 91' lang='lat' dir='ltr'><strong>ejus</strong></span> <span class='ocrx_word' id='word_1_491' title='bbox 965 3978 1233 4032; x_wconf 89' lang='lat' dir='ltr'><strong>incentiva</strong></span> <span class='ocrx_word' id='word_1_492' title='bbox 1255 3979 1477 4032; x_wconf 90' lang='lat' dir='ltr'><strong>omnino</strong></span> <span class='ocrx_word' id='word_1_493' title='bbox 1503 3987 1684 4031; x_wconf 89' lang='lat' dir='ltr'><strong>essent</strong></span> <span class='ocrx_word' id='word_1_494' title='bbox 1701 3980 1996 4046; x_wconf 84' lang='lat' dir='ltr'><strong>exstincta;</strong></span> 
     </span>
    </p>
   </div>
   <div class='ocr_carea' id='block_1_65' title="bbox 425 4045 2000 4118">
    <p class='ocr_par' dir='ltr' id='par_1_65' title="bbox 425 4045 2000 4118">
     <span class='ocr_line' id='line_1_66' title="bbox 425 4045 2000 4118; baseline 0.003 -20"><span class='ocrx_word' id='word_1_495' title='bbox 425 4047 571 4115; x_wconf 89' lang='lat' dir='ltr'><strong>quod</strong></span> <span class='ocrx_word' id='word_1_496' title='bbox 592 4045 1102 4118; x_wconf 27' lang='lat' dir='ltr'><strong>alibasAChaaremon</strong></span> <span class='ocrx_word' id='word_1_497' title='bbox 1125 4049 1389 4118; x_wconf 80' lang='lat' dir='ltr'><strong>signiﬁcat</strong></span> <span class='ocrx_word' id='word_1_498' title='bbox 1414 4046 1637 4118; x_wconf 78' lang='lat' dir='ltr'><strong>(Collat.</strong></span> <span class='ocrx_word' id='word_1_499' title='bbox 1655 4045 1723 4118; x_wconf 75' lang='lat' dir='ltr'><strong>l2</strong></span> <span class='ocrx_word' id='word_1_500' title='bbox 1742 4063 1857 4117; x_wconf 86' lang='lat' dir='ltr'><strong>cap.</strong></span> <span class='ocrx_word' id='word_1_501' title='bbox 1886 4048 2000 4118; x_wconf 73' lang='grc'><strong>12),</strong></span> 
     </span>
    </p>
   </div>
   <div class='ocr_carea' id='block_1_66' title="bbox 426 4064 1996 4188">
    <p class='ocr_par' dir='ltr' id='par_1_66' title="bbox 426 4064 1996 4188">
     <span class='ocr_line' id='line_1_67' title="bbox 426 4064 1996 4118; baseline 0.003 -20"><span class='ocrx_word' id='word_1_502' title='bbox 426 4064 571 4115; x_wconf 88' lang='lat' dir='ltr'><strong>quoa</strong></span> <span class='ocrx_word' id='word_1_503' title='bbox 592 4064 763 4101; x_wconf 84' lang='lat' dir='ltr'><strong>annas</strong></span> <span class='ocrx_word' id='word_1_504' title='bbox 784 4064 1102 4102; x_wconf 65' lang='lat' dir='ltr'><strong>unaeremon</strong></span> <span class='ocrx_word' id='word_1_505' title='bbox 1125 4064 1165 4101; x_wconf 74' lang='grc' dir='ltr'>ει</span> <span class='ocrx_word' id='word_1_506' title='bbox 1209 4064 1389 4103; x_wconf 88' lang='lat' dir='ltr'><strong>nmcat</strong></span> <span class='ocrx_word' id='word_1_507' title='bbox 1414 4064 1624 4117; x_wconf 60' lang='lat' dir='ltr'><strong>(ponat.</strong></span> <span class='ocrx_word' id='word_1_508' title='bbox 1655 4064 1723 4101; x_wconf 70' lang='grc' dir='ltr'><strong><em>η</em></strong></span> <span class='ocrx_word' id='word_1_509' title='bbox 1742 4064 1857 4117; x_wconf 86' lang='lat' dir='ltr'><strong>cap.</strong></span> <span class='ocrx_word' id='word_1_510' title='bbox 1886 4064 1996 4118; x_wconf 74' lang='lat'><strong>12),</strong></span> 
     </span>
     <span class='ocr_line' id='line_1_68' title="bbox 426 4064 1996 4188; baseline 0.001 -19"><span class='ocrx_word' id='word_1_511' title='bbox 426 4132 547 4169; x_wconf 83' lang='lat' dir='ltr'><strong>cum</strong></span> <span class='ocrx_word' id='word_1_512' title='bbox 568 4119 651 4188; x_wconf 82' lang='lat' dir='ltr'><strong>ait</strong></span> <span class='ocrx_word' id='word_1_513' title='bbox 679 4135 692 4169; x_wconf 89' lang='lat'><strong>:</strong></span> <span class='ocrx_word' id='word_1_514' title='bbox 725 4116 919 4188; x_wconf 75' lang='lat' dir='ltr'><strong>Magna</strong></span> <span class='ocrx_word' id='word_1_515' title='bbox 948 4134 1008 4171; x_wconf 90' lang='lat' dir='ltr'><strong>ac</strong></span> <span class='ocrx_word' id='word_1_516' title='bbox 1035 4064 1254 4186; x_wconf 67' lang='lat' dir='ltr'><strong>miriﬁBca</strong></span> <span class='ocrx_word' id='word_1_517' title='bbox 1282 4128 1421 4179; x_wconf 89' lang='lat' dir='ltr'><strong>sunt.</strong></span> <span class='ocrx_word' id='word_1_518' title='bbox 1451 4133 1544 4171; x_wconf 87' lang='lat' dir='ltr'><strong>nec</strong></span> <span class='ocrx_word' id='word_1_519' title='bbox 1565 4117 1659 4170; x_wconf 87' lang='lat' dir='ltr'><strong>ulli</strong></span> <span class='ocrx_word' id='word_1_520' title='bbox 1699 4116 1996 4188; x_wconf 73' lang='lat' dir='ltr'><strong>hominum,</strong></span> 
     </span>
    </p>
   </div>
   <div class='ocr_carea' id='block_1_67' title="bbox 428 4186 2001 4257">
    <p class='ocr_par' dir='ltr' id='par_1_67' title="bbox 428 4186 2001 4257">
     <span class='ocr_line' id='line_1_69' title="bbox 428 4186 2001 4257; baseline 0.003 -19"><span class='ocrx_word' id='word_1_521' title='bbox 428 4188 532 4239; x_wconf 85' lang='lat' dir='ltr'><strong>nisi</strong></span> <span class='ocrx_word' id='word_1_522' title='bbox 556 4186 636 4241; x_wconf 80' lang='lat' dir='ltr'><strong>his</strong></span> <span class='ocrx_word' id='word_1_523' title='bbox 666 4186 865 4240; x_wconf 84' lang='lat' dir='ltr'><strong>tantum</strong></span> <span class='ocrx_word' id='word_1_524' title='bbox 892 4190 982 4257; x_wconf 91' lang='lat' dir='ltr'><strong>qui</strong></span> <span class='ocrx_word' id='word_1_525' title='bbox 1009 4190 1208 4256; x_wconf 70' lang='lat' dir='ltr'><strong>experti</strong></span> <span class='ocrx_word' id='word_1_526' title='bbox 1234 4199 1374 4252; x_wconf 89' lang='lat' dir='ltr'><strong>sunt,</strong></span> <span class='ocrx_word' id='word_1_527' title='bbox 1403 4198 1529 4242; x_wconf 90' lang='lat' dir='ltr'><strong>nota</strong></span> <span class='ocrx_word' id='word_1_528' title='bbox 1550 4228 1564 4252; x_wconf 97' lang='lat'><strong>,</strong></span> <span class='ocrx_word' id='word_1_529' title='bbox 1605 4204 1716 4257; x_wconf 78' lang='lat' dir='ltr'><strong>qua:</strong></span> <span class='ocrx_word' id='word_1_530' title='bbox 1750 4186 2001 4244; x_wconf 83' lang='lat' dir='ltr'><strong>Dominus</strong></span> 
     </span>
    </p>
   </div>
   <div class='ocr_carea' id='block_1_68' title="bbox 427 4257 2003 4341">
    <p class='ocr_par' dir='ltr' id='par_1_68' title="bbox 427 4257 2003 4341">
     <span class='ocr_line' id='line_1_70' title="bbox 427 4257 2003 4341; baseline 0.002 -32"><span class='ocrx_word' id='word_1_531' title='bbox 427 4257 668 4341; x_wconf 70' lang='lat' dir='ltr'><strong>ﬁdelibus</strong></span> <span class='ocrx_word' id='word_1_532' title='bbox 691 4260 796 4341; x_wconf 59' lang='lat' dir='ltr'><strong>agis</strong></span> <span class='ocrx_word' id='word_1_533' title='bbox 816 4258 987 4341; x_wconf 43' lang='lat' dir='ltr'><strong>titul-bind</strong></span> <span class='ocrx_word' id='word_1_534' title='bbox 1012 4259 1187 4341; x_wconf 43' lang='lat' dir='ltr'><strong>inlisto</strong></span> <span class='ocrx_word' id='word_1_535' title='bbox 1212 4257 1787 4341; x_wconf 43' lang='lat' dir='ltr'><strong>corruptionisnvascullo</strong></span> <span class='ocrx_word' id='word_1_536' title='bbox 1812 4261 2003 4341; x_wconf 43' lang='lat' dir='ltr'><strong>cogisti-</strong></span> 
     </span>
    </p>
   </div>
   <div class='ocr_carea' id='block_1_69' title="bbox 427 4327 1999 4401">
    <p class='ocr_par' dir='ltr' id='par_1_69' title="bbox 427 4327 1999 4401">
     <span class='ocr_line' id='line_1_71' title="bbox 427 4327 1999 4401; baseline 0.004 -23"><span class='ocrx_word' id='word_1_537' title='bbox 427 4329 587 4401; x_wconf 81' lang='lat' dir='ltr'><strong>tutis,</strong></span> <span class='ocrx_word' id='word_1_538' title='bbox 619 4327 869 4401; x_wconf 62' lang='lat' dir='ltr'><strong>inf/rabili</strong></span> <span class='ocrx_word' id='word_1_539' title='bbox 909 4327 1489 4401; x_wconf 71' lang='lat' dir='ltr'><strong>liberalitatelargitur.</strong></span> <span class='ocrx_word' id='word_1_540' title='bbox 1539 4328 1616 4384; x_wconf 86' lang='lat' dir='ltr'><strong>De</strong></span> <span class='ocrx_word' id='word_1_541' title='bbox 1657 4329 1835 4398; x_wconf 90' lang='lat' dir='ltr'><strong>quibus</strong></span> <span class='ocrx_word' id='word_1_542' title='bbox 1866 4328 1999 4384; x_wconf 86' lang='lat' dir='ltr'><strong>Pro-</strong></span> 
     </span>
    </p>
   </div>
   <div class='ocr_carea' id='block_1_70' title="bbox 428 4397 2002 4471">
    <p class='ocr_par' dir='ltr' id='par_1_70' title="bbox 428 4397 2002 4471">
     <span class='ocr_line' id='line_1_72' title="bbox 428 4397 2002 4471; baseline 0.003 -21"><span class='ocrx_word' id='word_1_543' title='bbox 428 4399 582 4469; x_wconf 87' lang='lat' dir='ltr'><strong>pheta</strong></span> <span class='ocrx_word' id='word_1_544' title='bbox 633 4397 805 4471; x_wconf 86' lang='lat' dir='ltr'><strong>(Psal.</strong></span> <span class='ocrx_word' id='word_1_545' title='bbox 856 4397 1119 4471; x_wconf 81' lang='lat' dir='ltr'><strong>cxxxvnt)</strong></span> <span class='ocrx_word' id='word_1_546' title='bbox 1154 4417 1167 4452; x_wconf 88' lang='lat'><strong>:</strong></span> <span class='ocrx_word' id='word_1_547' title='bbox 1219 4397 1360 4453; x_wconf 80' lang='lat' dir='ltr'><strong>Mira</strong></span> <span class='ocrx_word' id='word_1_548' title='bbox 1382 4416 1541 4469; x_wconf 89' lang='lat' dir='ltr'><strong>opera</strong></span> <span class='ocrx_word' id='word_1_549' title='bbox 1582 4397 1694 4471; x_wconf 76' lang='lat' dir='ltr'><strong>tua.</strong></span> <span class='ocrx_word' id='word_1_550' title='bbox 1737 4401 1801 4455; x_wconf 87' lang='lat' dir='ltr'><strong>Et</strong></span> <span class='ocrx_word' id='word_1_551' title='bbox 1843 4404 2002 4471; x_wconf 73' lang='lat' dir='ltr'><strong>paulo</strong></span> 
     </span>
    </p>
   </div>
   <div class='ocr_carea' id='block_1_71' title="bbox 2086 1794 3676 1866">
    <p class='ocr_par' dir='ltr' id='par_1_71' title="bbox 2086 1794 3676 1866">
     <span class='ocr_line' id='line_1_73' title="bbox 2086 1794 3676 1866; baseline 0.003 -20"><span class='ocrx_word' id='word_1_552' title='bbox 2086 1803 2170 1866; x_wconf 77' lang='lat' dir='ltr'><strong>est</strong></span> <span class='ocrx_word' id='word_1_553' title='bbox 2202 1795 2572 1866; x_wconf 79' lang='lat' dir='ltr'><strong>consummatio</strong></span> <span class='ocrx_word' id='word_1_554' title='bbox 2602 1795 2855 1866; x_wconf 82' lang='lat' dir='ltr'><strong>castitatis</strong></span> <span class='ocrx_word' id='word_1_555' title='bbox 2877 1836 2890 1858; x_wconf 91' lang='lat'><strong>,</strong></span> <span class='ocrx_word' id='word_1_556' title='bbox 2936 1806 2994 1849; x_wconf 85' lang='lat' dir='ltr'><strong>ut</strong></span> <span class='ocrx_word' id='word_1_557' title='bbox 3021 1794 3318 1866; x_wconf 77' lang='lat' dir='ltr'><strong>vigilantem</strong></span> <span class='ocrx_word' id='word_1_558' title='bbox 3360 1798 3676 1851; x_wconf 80' lang='lat' dir='ltr'><strong>monachum</strong></span> 
     </span>
    </p>
   </div>
   <div class='ocr_carea' id='block_1_72' title="bbox 2086 1863 3675 1948">
    <p class='ocr_par' dir='ltr' id='par_1_72' title="bbox 2086 1863 3675 1948">
     <span class='ocr_line' id='line_1_74' title="bbox 2086 1863 3675 1948; baseline 0.002 -31"><span class='ocrx_word' id='word_1_559' title='bbox 2086 1863 2359 1947; x_wconf 75' lang='lat' dir='ltr'><strong>oblectatio</strong></span> <span class='ocrx_word' id='word_1_560' title='bbox 2404 1864 2656 1948; x_wconf 44' lang='lat' dir='ltr'><strong>libidinis.</strong></span> <span class='ocrx_word' id='word_1_561' title='bbox 2679 1863 2826 1948; x_wconf 60' lang='lat' dir='ltr'><strong>nulla</strong></span> <span class='ocrx_word' id='word_1_562' title='bbox 2870 1863 3221 1948; x_wconf 68' lang='lat' dir='ltr'><strong>perstringat,</strong></span> <span class='ocrx_word' id='word_1_563' title='bbox 3251 1876 3301 1948; x_wconf 42' lang='lat' dir='ltr'><strong>e-t</strong></span> <span class='ocrx_word' id='word_1_564' title='bbox 3329 1869 3675 1948; x_wconf 76' lang='lat' dir='ltr'><strong>quiescentem</strong></span> 
     </span>
    </p>
   </div>
   <div class='ocr_carea' id='block_1_73' title="bbox 2086 1935 3677 2005">
    <p class='ocr_par' dir='ltr' id='par_1_73' title="bbox 2086 1935 3677 2005">
     <span class='ocr_line' id='line_1_75' title="bbox 2086 1935 3677 2005; baseline 0.003 -18"><span class='ocrx_word' id='word_1_565' title='bbox 2086 1936 2403 1989; x_wconf 86' lang='lat' dir='ltr'><strong>somniorum</strong></span> <span class='ocrx_word' id='word_1_566' title='bbox 2435 1951 2537 1988; x_wconf 89' lang='lat' dir='ltr'><strong>non</strong></span> <span class='ocrx_word' id='word_1_567' title='bbox 2561 1935 2714 2005; x_wconf 76' lang='lat' dir='ltr'><strong>fallat</strong></span> <span class='ocrx_word' id='word_1_568' title='bbox 2741 1935 2918 1989; x_wconf 85' lang='lat' dir='ltr'><strong>illusio</strong></span> <span class='ocrx_word' id='word_1_569' title='bbox 2950 1952 2969 1990; x_wconf 90' lang='lat'><strong><em>:</em></strong></span> <span class='ocrx_word' id='word_1_570' title='bbox 2996 1937 3085 1990; x_wconf 91' lang='lat' dir='ltr'><strong>sed</strong></span> <span class='ocrx_word' id='word_1_571' title='bbox 3100 1935 3222 1990; x_wconf 80' lang='lat' dir='ltr'><strong>cum</strong></span> <span class='ocrx_word' id='word_1_572' title='bbox 3252 1935 3530 1992; x_wconf 80' lang='lat' dir='ltr'><strong>dormienti</strong></span> <span class='ocrx_word' id='word_1_573' title='bbox 3552 1946 3677 1991; x_wconf 83' lang='lat' dir='ltr'><strong>tan-</strong></span> 
     </span>
    </p>
   </div>
   <div class='ocr_carea' id='block_1_74' title="bbox 2087 2006 3679 2077">
    <p class='ocr_par' dir='ltr' id='par_1_74' title="bbox 2087 2006 3679 2077">
     <span class='ocr_line' id='line_1_76' title="bbox 2087 2006 3679 2077; baseline 0.004 -20"><span class='ocrx_word' id='word_1_574' title='bbox 2087 2014 2197 2058; x_wconf 89' lang='lat' dir='ltr'><strong>tum</strong></span> <span class='ocrx_word' id='word_1_575' title='bbox 2217 2021 2305 2073; x_wconf 90' lang='lat' dir='ltr'><strong>per</strong></span> <span class='ocrx_word' id='word_1_576' title='bbox 2329 2008 2506 2077; x_wconf 69' lang='lat' dir='ltr'><strong>sopita:</strong></span> <span class='ocrx_word' id='word_1_577' title='bbox 2524 2006 2708 2077; x_wconf 88' lang='lat' dir='ltr'><strong>mentis</strong></span> <span class='ocrx_word' id='word_1_578' title='bbox 2728 2006 2983 2059; x_wconf 86' lang='lat' dir='ltr'><strong>incuriam</strong></span> <span class='ocrx_word' id='word_1_579' title='bbox 3022 2010 3292 2061; x_wconf 86' lang='lat' dir='ltr'><strong>commotio</strong></span> <span class='ocrx_word' id='word_1_580' title='bbox 3314 2010 3485 2062; x_wconf 87' lang='lat' dir='ltr'><strong>carnis</strong></span> <span class='ocrx_word' id='word_1_581' title='bbox 3526 2009 3679 2063; x_wconf 87' lang='lat' dir='ltr'><strong>obre-</strong></span> 
     </span>
    </p>
   </div>
   <div class='ocr_carea' id='block_1_75' title="bbox 2042 2076 3680 2149">
    <p class='ocr_par' dir='ltr' id='par_1_75' title="bbox 2042 2076 3680 2149">
     <span class='ocr_line' id='line_1_77' title="bbox 2042 2076 3680 2149; baseline 0.004 -21"><span class='ocrx_word' id='word_1_582' title='bbox 2042 2077 2268 2149; x_wconf 73' lang='lat' dir='ltr'><strong>~pserit,</strong></span> <span class='ocrx_word' id='word_1_583' title='bbox 2312 2076 2750 2149; x_wconf 80' lang='lat' dir='ltr'><strong>quemadmodum</strong></span> <span class='ocrx_word' id='word_1_584' title='bbox 2777 2078 2890 2131; x_wconf 89' lang='lat' dir='ltr'><strong>sine</strong></span> <span class='ocrx_word' id='word_1_585' title='bbox 2933 2077 3045 2149; x_wconf 91' lang='lat' dir='ltr'><strong>ulla</strong></span> <span class='ocrx_word' id='word_1_586' title='bbox 3073 2078 3371 2133; x_wconf 86' lang='lat' dir='ltr'><strong>titillatione</strong></span> <span class='ocrx_word' id='word_1_587' title='bbox 3394 2079 3680 2149; x_wconf 86' lang='lat' dir='ltr'><strong>voluptatis</strong></span> 
     </span>
    </p>
   </div>
   <div class='ocr_carea' id='block_1_76' title="bbox 2086 2148 3679 2219">
    <p class='ocr_par' dir='ltr' id='par_1_76' title="bbox 2086 2148 3679 2219">
     <span class='ocr_line' id='line_1_78' title="bbox 2086 2148 3679 2219; baseline 0.003 -20"><span class='ocrx_word' id='word_1_588' title='bbox 2086 2148 2307 2200; x_wconf 69' lang='lat' dir='ltr'><strong>excitata</strong></span> <span class='ocrx_word' id='word_1_589' title='bbox 2351 2156 2448 2219; x_wconf 78' lang='lat' dir='ltr'><strong>est,</strong></span> <span class='ocrx_word' id='word_1_590' title='bbox 2474 2148 2550 2200; x_wconf 87' lang='lat' dir='ltr'><strong>ita</strong></span> <span class='ocrx_word' id='word_1_591' title='bbox 2586 2148 2747 2219; x_wconf 77' lang='lat' dir='ltr'><strong>etiam</strong></span> <span class='ocrx_word' id='word_1_592' title='bbox 2767 2149 2878 2219; x_wconf 81' lang='lat' dir='ltr'><strong>sine</strong></span> <span class='ocrx_word' id='word_1_593' title='bbox 2898 2148 3009 2219; x_wconf 74' lang='lat' dir='ltr'><strong>ullo</strong></span> <span class='ocrx_word' id='word_1_594' title='bbox 3051 2149 3256 2217; x_wconf 90' lang='lat' dir='ltr'><strong>pruritu</strong></span> <span class='ocrx_word' id='word_1_595' title='bbox 3285 2151 3516 2219; x_wconf 85' lang='lat' dir='ltr'><strong>corporis</strong></span> <span class='ocrx_word' id='word_1_596' title='bbox 3547 2165 3679 2203; x_wconf 90' lang='lat' dir='ltr'><strong>con-</strong></span> 
     </span>
    </p>
   </div>
   <div class='ocr_carea' id='block_1_77' title="bbox 2086 2216 3682 2287">
    <p class='ocr_par' dir='ltr' id='par_1_77' title="bbox 2086 2216 3682 2287">
     <span class='ocr_line' id='line_1_79' title="bbox 2086 2216 3682 2287; baseline 0.003 -17"><span class='ocrx_word' id='word_1_597' title='bbox 2086 2219 2339 2286; x_wconf 85' lang='lat' dir='ltr'><strong>quiescat.</strong></span> <span class='ocrx_word' id='word_1_598' title='bbox 2374 2218 2664 2284; x_wconf 80' lang='lat' dir='ltr'><strong>Hucusque</strong></span> <span class='ocrx_word' id='word_1_599' title='bbox 2701 2217 2869 2271; x_wconf 84' lang='lat' dir='ltr'><strong>abbas</strong></span> <span class='ocrx_word' id='word_1_600' title='bbox 2897 2216 3219 2273; x_wconf 66' lang='lat' dir='ltr'><strong>Chaeremon</strong></span> <span class='ocrx_word' id='word_1_601' title='bbox 3242 2259 3257 2285; x_wconf 94' lang='lat'><strong>,</strong></span> <span class='ocrx_word' id='word_1_602' title='bbox 3291 2216 3385 2274; x_wconf 83' lang='lat' dir='ltr'><strong>vel</strong></span> <span class='ocrx_word' id='word_1_603' title='bbox 3433 2221 3531 2274; x_wconf 88' lang='lat' dir='ltr'><strong>sub</strong></span> <span class='ocrx_word' id='word_1_604' title='bbox 3559 2221 3682 2287; x_wconf 83' lang='lat' dir='ltr'><strong>ejus</strong></span> 
     </span>
    </p>
   </div>
   <div class='ocr_carea' id='block_1_78' title="bbox 2090 2288 3674 2358">
    <p class='ocr_par' dir='ltr' id='par_1_78' title="bbox 2090 2288 3674 2358">
     <span class='ocr_line' id='line_1_80' title="bbox 2090 2288 3674 2358; baseline 0.003 -18"><span class='ocrx_word' id='word_1_605' title='bbox 2090 2302 2318 2356; x_wconf 87' lang='lat' dir='ltr'><strong>persona</strong></span> <span class='ocrx_word' id='word_1_606' title='bbox 2364 2288 2671 2358; x_wconf 77' lang='lat' dir='ltr'><strong>Cassianus.</strong></span> <span class='ocrx_word' id='word_1_607' title='bbox 2722 2288 2979 2358; x_wconf 87' lang='lat' dir='ltr'><strong>Agnoscit</strong></span> <span class='ocrx_word' id='word_1_608' title='bbox 3028 2288 3193 2357; x_wconf 83' lang='lat' dir='ltr'><strong>igitur</strong></span> <span class='ocrx_word' id='word_1_609' title='bbox 3240 2293 3400 2343; x_wconf 88' lang='lat' dir='ltr'><strong>etiam</strong></span> <span class='ocrx_word' id='word_1_610' title='bbox 3433 2290 3487 2343; x_wconf 91' lang='lat' dir='ltr'><strong>in</strong></span> <span class='ocrx_word' id='word_1_611' title='bbox 3538 2291 3674 2344; x_wconf 90' lang='lat' dir='ltr'><strong>viris</strong></span> 
     </span>
    </p>
   </div>
   <div class='ocr_carea' id='block_1_79' title="bbox 2091 2357 3678 2427">
    <p class='ocr_par' dir='ltr' id='par_1_79' title="bbox 2091 2357 3678 2427">
     <span class='ocr_line' id='line_1_81' title="bbox 2091 2357 3678 2427; baseline 0.001 -15"><span class='ocrx_word' id='word_1_612' title='bbox 2091 2357 2366 2426; x_wconf 83' lang='lat' dir='ltr'><strong>perlectis,</strong></span> <span class='ocrx_word' id='word_1_613' title='bbox 2402 2359 2515 2413; x_wconf 87' lang='lat' dir='ltr'><strong>sive</strong></span> <span class='ocrx_word' id='word_1_614' title='bbox 2545 2357 2916 2427; x_wconf 87' lang='lat' dir='ltr'><strong>vigilantibus,</strong></span> <span class='ocrx_word' id='word_1_615' title='bbox 2947 2360 3067 2415; x_wconf 84' lang='lat' dir='ltr'><strong>sive</strong></span> <span class='ocrx_word' id='word_1_616' title='bbox 3093 2358 3517 2425; x_wconf 85' lang='lat' dir='ltr'><strong>dormientibus,</strong></span> <span class='ocrx_word' id='word_1_617' title='bbox 3552 2376 3678 2414; x_wconf 86' lang='lat' dir='ltr'><strong>mo-</strong></span> 
     </span>
    </p>
   </div>
   <div class='ocr_carea' id='block_1_80' title="bbox 2092 2428 3681 2495">
    <p class='ocr_par' dir='ltr' id='par_1_80' title="bbox 2092 2428 3681 2495">
     <span class='ocr_line' id='line_1_82' title="bbox 2092 2428 3681 2495; baseline 0.003 -14"><span class='ocrx_word' id='word_1_618' title='bbox 2092 2437 2205 2482; x_wconf 90' lang='lat' dir='ltr'><strong>tum</strong></span> <span class='ocrx_word' id='word_1_619' title='bbox 2232 2429 2412 2483; x_wconf 88' lang='lat' dir='ltr'><strong>carnis</strong></span> <span class='ocrx_word' id='word_1_620' title='bbox 2445 2437 2501 2484; x_wconf 92' lang='lat' dir='ltr'><strong>et</strong></span> <span class='ocrx_word' id='word_1_621' title='bbox 2529 2428 2928 2495; x_wconf 88' lang='lat' dir='ltr'><strong>membrorum,</strong></span> <span class='ocrx_word' id='word_1_622' title='bbox 2956 2430 3050 2484; x_wconf 90' lang='lat' dir='ltr'><strong>sed</strong></span> <span class='ocrx_word' id='word_1_623' title='bbox 3083 2438 3310 2484; x_wconf 88' lang='lat' dir='ltr'><strong>exutum</strong></span> <span class='ocrx_word' id='word_1_624' title='bbox 3345 2441 3399 2486; x_wconf 93' lang='lat' dir='ltr'><strong>et</strong></span> <span class='ocrx_word' id='word_1_625' title='bbox 3443 2446 3681 2486; x_wconf 90' lang='lat' dir='ltr'><strong>vacuum</strong></span> 
     </span>
    </p>
   </div>
   <div class='ocr_carea' id='block_1_81' title="bbox 2090 2498 3144 2568">
    <p class='ocr_par' dir='ltr' id='par_1_81' title="bbox 2090 2498 3144 2568">
     <span class='ocr_line' id='line_1_83' title="bbox 2090 2498 3144 2568; baseline 0 -15"><span class='ocrx_word' id='word_1_626' title='bbox 2090 2498 2484 2566; x_wconf 84' lang='lat' dir='ltr'><strong>oblectatione,</strong></span> <span class='ocrx_word' id='word_1_627' title='bbox 2520 2500 2819 2568; x_wconf 85' lang='lat' dir='ltr'><strong>voluptate,</strong></span> <span class='ocrx_word' id='word_1_628' title='bbox 2855 2514 3144 2555; x_wconf 90' lang='lat' dir='ltr'><strong>consensu.</strong></span> 
     </span>
    </p>
   </div>
   <div class='ocr_carea' id='block_1_82' title="bbox 2164 2568 3684 2639">
    <p class='ocr_par' dir='ltr' id='par_1_82' title="bbox 2164 2568 3684 2639">
     <span class='ocr_line' id='line_1_84' title="bbox 2164 2568 3684 2639; baseline 0.003 -18"><span class='ocrx_word' id='word_1_629' title='bbox 2164 2577 2191 2604; x_wconf 77' lang='grc' dir='ltr'>ιι</span> <span class='ocrx_word' id='word_1_630' title='bbox 2222 2568 2611 2637; x_wconf 89' lang='lat' dir='ltr'><strong>Paraphrastes</strong></span> <span class='ocrx_word' id='word_1_631' title='bbox 2643 2586 2657 2623; x_wconf 92' lang='lat'><strong>:</strong></span> <span class='ocrx_word' id='word_1_632' title='bbox 2692 2568 2945 2634; x_wconf 83' lang='lat' dir='ltr'><strong>Quamvis</strong></span> <span class='ocrx_word' id='word_1_633' title='bbox 2981 2569 3103 2625; x_wconf 89' lang='lat' dir='ltr'><strong>talis</strong></span> <span class='ocrx_word' id='word_1_634' title='bbox 3130 2571 3406 2624; x_wconf 82' lang='lat' dir='ltr'><strong>commotio</strong></span> <span class='ocrx_word' id='word_1_635' title='bbox 3438 2571 3684 2639; x_wconf 83' lang='lat' dir='ltr'><strong>(genita-</strong></span> 
     </span>
    </p>
   </div>
   <div class='ocr_carea' id='block_1_83' title="bbox 2092 2638 3687 2712">
    <p class='ocr_par' dir='ltr' id='par_1_83' title="bbox 2092 2638 3687 2712">
     <span class='ocr_line' id='line_1_85' title="bbox 2092 2638 3687 2712; baseline 0.003 -20"><span class='ocrx_word' id='word_1_636' title='bbox 2092 2638 2225 2693; x_wconf 86' lang='lat' dir='ltr'><strong>lium</strong></span> <span class='ocrx_word' id='word_1_637' title='bbox 2266 2639 2557 2712; x_wconf 87' lang='lat' dir='ltr'><strong>scilicetin</strong></span> <span class='ocrx_word' id='word_1_638' title='bbox 2601 2642 2826 2712; x_wconf 83' lang='lat' dir='ltr'><strong>somnis)</strong></span> <span class='ocrx_word' id='word_1_639' title='bbox 2860 2650 3260 2712; x_wconf 79' lang='lat' dir='ltr'><strong>nonreputetur</strong></span> <span class='ocrx_word' id='word_1_640' title='bbox 3289 2642 3438 2709; x_wconf 88' lang='lat' dir='ltr'><strong>plene</strong></span> <span class='ocrx_word' id='word_1_641' title='bbox 3465 2638 3516 2694; x_wconf 88' lang='lat' dir='ltr'><strong>in</strong></span> <span class='ocrx_word' id='word_1_642' title='bbox 3564 2643 3687 2696; x_wconf 66' lang='lat' dir='ltr'><strong>cut.</strong></span> 
     </span>
    </p>
   </div>
   <div class='ocr_carea' id='block_1_84' title="bbox 2091 2710 3684 2781">
    <p class='ocr_par' dir='ltr' id='par_1_84' title="bbox 2091 2710 3684 2781">
     <span class='ocr_line' id='line_1_86' title="bbox 2091 2710 3684 2781; baseline 0.004 -20"><span class='ocrx_word' id='word_1_643' title='bbox 2091 2725 2234 2781; x_wconf 85' lang='lat' dir='ltr'><strong>pam,</strong></span> <span class='ocrx_word' id='word_1_644' title='bbox 2262 2718 2373 2764; x_wconf 90' lang='lat' dir='ltr'><strong>etc.</strong></span> <span class='ocrx_word' id='word_1_645' title='bbox 2400 2711 2587 2778; x_wconf 88' lang='lat' dir='ltr'><strong>Agitur</strong></span> <span class='ocrx_word' id='word_1_646' title='bbox 2608 2712 2748 2765; x_wconf 87' lang='lat' dir='ltr'><strong>enim</strong></span> <span class='ocrx_word' id='word_1_647' title='bbox 2774 2711 2859 2766; x_wconf 89' lang='lat' dir='ltr'><strong>hic</strong></span> <span class='ocrx_word' id='word_1_648' title='bbox 2879 2710 2947 2764; x_wconf 92' lang='lat' dir='ltr'><strong>de</strong></span> <span class='ocrx_word' id='word_1_649' title='bbox 2972 2710 3275 2780; x_wconf 86' lang='lat' dir='ltr'><strong>hujnsmodi</strong></span> <span class='ocrx_word' id='word_1_650' title='bbox 3296 2712 3553 2775; x_wconf 70' lang='lat' dir='ltr'><strong>motibus,</strong></span> <span class='ocrx_word' id='word_1_651' title='bbox 3578 2727 3684 2767; x_wconf 87' lang='lat' dir='ltr'><strong>seu</strong></span> 
     </span>
    </p>
   </div>
   <div class='ocr_carea' id='block_1_85' title="bbox 2093 2781 3685 2849">
    <p class='ocr_par' dir='ltr' id='par_1_85' title="bbox 2093 2781 3685 2849">
     <span class='ocr_line' id='line_1_87' title="bbox 2093 2781 3685 2849; baseline 0.001 -16"><span class='ocrx_word' id='word_1_652' title='bbox 2093 2781 2444 2845; x_wconf 86' lang='lat' dir='ltr'><strong>motionibus,</strong></span> <span class='ocrx_word' id='word_1_653' title='bbox 2469 2796 2592 2849; x_wconf 64' lang='lat' dir='ltr'><strong>qua:</strong></span> <span class='ocrx_word' id='word_1_654' title='bbox 2622 2781 3029 2849; x_wconf 86' lang='lat' dir='ltr'><strong>quiescentibus</strong></span> <span class='ocrx_word' id='word_1_655' title='bbox 3050 2826 3063 2849; x_wconf 90' lang='lat'><strong>,</strong></span> <span class='ocrx_word' id='word_1_656' title='bbox 3112 2781 3164 2835; x_wconf 92' lang='lat' dir='ltr'><strong>id</strong></span> <span class='ocrx_word' id='word_1_657' title='bbox 3199 2794 3276 2837; x_wconf 86' lang='lat' dir='ltr'><strong>est</strong></span> <span class='ocrx_word' id='word_1_658' title='bbox 3297 2822 3313 2847; x_wconf 93' lang='lat'><strong>,</strong></span> <span class='ocrx_word' id='word_1_659' title='bbox 3359 2781 3685 2837; x_wconf 83' lang='lat' dir='ltr'><strong>dormienti-</strong></span> 
     </span>
    </p>
   </div>
   <div class='ocr_carea' id='block_1_86' title="bbox 2094 2849 3683 2921">
    <p class='ocr_par' dir='ltr' id='par_1_86' title="bbox 2094 2849 3683 2921">
     <span class='ocr_line' id='line_1_88' title="bbox 2094 2849 3683 2921; baseline 0.003 -19"><span class='ocrx_word' id='word_1_660' title='bbox 2094 2849 2300 2921; x_wconf 79' lang='lat' dir='ltr'><strong>bus,et</strong></span> <span class='ocrx_word' id='word_1_661' title='bbox 2326 2851 2378 2904; x_wconf 91' lang='lat' dir='ltr'><strong>in</strong></span> <span class='ocrx_word' id='word_1_662' title='bbox 2413 2865 2663 2921; x_wconf 88' lang='lat' dir='ltr'><strong>soporem</strong></span> <span class='ocrx_word' id='word_1_663' title='bbox 2690 2853 2882 2906; x_wconf 80' lang='lat' dir='ltr'><strong>laxatis</strong></span> <span class='ocrx_word' id='word_1_664' title='bbox 2912 2866 2975 2905; x_wconf 82' lang='lat' dir='ltr'><strong>ex</strong></span> <span class='ocrx_word' id='word_1_665' title='bbox 2997 2852 3232 2921; x_wconf 89' lang='lat' dir='ltr'><strong>quodam</strong></span> <span class='ocrx_word' id='word_1_666' title='bbox 3260 2851 3531 2906; x_wconf 86' lang='lat' dir='ltr'><strong>insomnio</strong></span> <span class='ocrx_word' id='word_1_667' title='bbox 3550 2894 3566 2919; x_wconf 93' lang='lat'><strong>,</strong></span> <span class='ocrx_word' id='word_1_668' title='bbox 3591 2854 3683 2908; x_wconf 87' lang='lat' dir='ltr'><strong>vel</strong></span> 
     </span>
    </p>
   </div>
   <div class='ocr_carea' id='block_1_87' title="bbox 2095 2919 3689 2991">
    <p class='ocr_par' dir='ltr' id='par_1_87' title="bbox 2095 2919 3689 2991">
     <span class='ocr_line' id='line_1_89' title="bbox 2095 2919 3689 2991; baseline 0.003 -18"><span class='ocrx_word' id='word_1_669' title='bbox 2095 2919 2379 2987; x_wconf 88' lang='lat' dir='ltr'><strong>illusione,</strong></span> <span class='ocrx_word' id='word_1_670' title='bbox 2410 2920 2712 2991; x_wconf 88' lang='lat' dir='ltr'><strong>contingit,</strong></span> <span class='ocrx_word' id='word_1_671' title='bbox 2768 2929 2828 2974; x_wconf 91' lang='lat' dir='ltr'><strong>ut</strong></span> <span class='ocrx_word' id='word_1_672' title='bbox 2855 2931 3000 2990; x_wconf 87' lang='lat' dir='ltr'><strong>patet</strong></span> <span class='ocrx_word' id='word_1_673' title='bbox 3018 2919 3142 2976; x_wconf 79' lang='lat' dir='ltr'><strong>tum</strong></span> <span class='ocrx_word' id='word_1_674' title='bbox 3182 2938 3246 2978; x_wconf 89' lang='lat' dir='ltr'><strong>ex</strong></span> <span class='ocrx_word' id='word_1_675' title='bbox 3269 2924 3449 2976; x_wconf 86' lang='lat' dir='ltr'><strong>verbis</strong></span> <span class='ocrx_word' id='word_1_676' title='bbox 3477 2937 3689 2991; x_wconf 70' lang='lat' dir='ltr'><strong>praece-</strong></span> 
     </span>
    </p>
   </div>
   <div class='ocr_carea' id='block_1_88' title="bbox 2097 2991 3681 3060">
    <p class='ocr_par' dir='ltr' id='par_1_88' title="bbox 2097 2991 3681 3060">
     <span class='ocr_line' id='line_1_90' title="bbox 2097 2991 3681 3060; baseline 0.002 -16"><span class='ocrx_word' id='word_1_677' title='bbox 2097 2991 2348 3060; x_wconf 87' lang='lat' dir='ltr'><strong>dentibus</strong></span> <span class='ocrx_word' id='word_1_678' title='bbox 2381 3032 2396 3056; x_wconf 95' lang='lat'><strong>,</strong></span> <span class='ocrx_word' id='word_1_679' title='bbox 2440 3002 2550 3044; x_wconf 90' lang='lat' dir='ltr'><strong>tum</strong></span> <span class='ocrx_word' id='word_1_680' title='bbox 2600 3008 2666 3045; x_wconf 84' lang='lat' dir='ltr'><strong>ex</strong></span> <span class='ocrx_word' id='word_1_681' title='bbox 2695 3005 2815 3060; x_wconf 85' lang='lat' dir='ltr'><strong>eap.</strong></span> <span class='ocrx_word' id='word_1_682' title='bbox 2856 2994 3123 3059; x_wconf 90' lang='lat' dir='ltr'><strong>sequenti.</strong></span> <span class='ocrx_word' id='word_1_683' title='bbox 3177 2992 3268 3048; x_wconf 90' lang='lat' dir='ltr'><strong>Sic</strong></span> <span class='ocrx_word' id='word_1_684' title='bbox 3313 2993 3474 3047; x_wconf 76' lang='lat' dir='ltr'><strong>etiam</strong></span> <span class='ocrx_word' id='word_1_685' title='bbox 3504 2993 3681 3049; x_wconf 86' lang='lat' dir='ltr'><strong>abbas</strong></span> 
     </span>
    </p>
   </div>
   <div class='ocr_carea' id='block_1_89' title="bbox 2095 3059 3686 3136">
    <p class='ocr_par' dir='ltr' id='par_1_89' title="bbox 2095 3059 3686 3136">
     <span class='ocr_line' id='line_1_91' title="bbox 2095 3059 3686 3136; baseline 0.002 -21"><span class='ocrx_word' id='word_1_686' title='bbox 2095 3059 2414 3136; x_wconf 59' lang='lat' dir='ltr'><strong>ChaeremOn</strong></span> <span class='ocrx_word' id='word_1_687' title='bbox 2444 3063 2693 3136; x_wconf 84' lang='lat' dir='ltr'><strong>superius</strong></span> <span class='ocrx_word' id='word_1_688' title='bbox 2723 3059 2919 3136; x_wconf 80' lang='lat' dir='ltr'><strong>citatus</strong></span> <span class='ocrx_word' id='word_1_689' title='bbox 2944 3060 3103 3136; x_wconf 80' lang='lat' dir='ltr'><strong>(Coll.</strong></span> <span class='ocrx_word' id='word_1_690' title='bbox 3128 3063 3203 3136; x_wconf 20' lang='grc'><strong>412</strong></span> <span class='ocrx_word' id='word_1_691' title='bbox 3224 3079 3340 3134; x_wconf 82' lang='lat' dir='ltr'><strong>cap.</strong></span> <span class='ocrx_word' id='word_1_692' title='bbox 3366 3062 3456 3134; x_wconf 92' lang='grc'><strong>11)</strong></span> <span class='ocrx_word' id='word_1_693' title='bbox 3487 3079 3503 3117; x_wconf 87' lang='lat'><strong>:</strong></span> <span class='ocrx_word' id='word_1_694' title='bbox 3532 3062 3686 3136; x_wconf 79' lang='lat' dir='ltr'><strong>Licet</strong></span> 
     </span>
    </p>
   </div>
   <div class='ocr_carea' id='block_1_90' title="bbox 2097 3132 3688 3200">
    <p class='ocr_par' dir='ltr' id='par_1_90' title="bbox 2097 3132 3688 3200">
     <span class='ocr_line' id='line_1_92' title="bbox 2097 3132 3688 3200; baseline 0.003 -17"><span class='ocrx_word' id='word_1_695' title='bbox 2097 3133 2229 3184; x_wconf 86' lang='lat' dir='ltr'><strong>veris</strong></span> <span class='ocrx_word' id='word_1_696' title='bbox 2260 3132 2595 3186; x_wconf 89' lang='lat' dir='ltr'><strong>sectatoribus</strong></span> <span class='ocrx_word' id='word_1_697' title='bbox 2642 3133 2889 3200; x_wconf 90' lang='lat' dir='ltr'><strong>puritatis</strong></span> <span class='ocrx_word' id='word_1_698' title='bbox 2929 3132 2999 3184; x_wconf 82' lang='lat' dir='ltr'><strong>ad</strong></span> <span class='ocrx_word' id='word_1_699' title='bbox 3034 3132 3362 3187; x_wconf 85' lang='lat' dir='ltr'><strong>obtinendam</strong></span> <span class='ocrx_word' id='word_1_700' title='bbox 3392 3132 3506 3186; x_wconf 83' lang='lat' dir='ltr'><strong>eam</strong></span> <span class='ocrx_word' id='word_1_701' title='bbox 3542 3133 3688 3188; x_wconf 80' lang='lat' dir='ltr'><strong>nihil</strong></span> 
     </span>
    </p>
   </div>
   <div class='ocr_carea' id='block_1_91' title="bbox 2099 3203 3686 3272">
    <p class='ocr_par' dir='ltr' id='par_1_91' title="bbox 2099 3203 3686 3272">
     <span class='ocr_line' id='line_1_93' title="bbox 2099 3203 3686 3272; baseline 0.002 -18"><span class='ocrx_word' id='word_1_702' title='bbox 2099 3204 2401 3271; x_wconf 80' lang='lat' dir='ltr'><strong>prteiudicet</strong></span> <span class='ocrx_word' id='word_1_703' title='bbox 2436 3203 2539 3256; x_wconf 84' lang='lat' dir='ltr'><strong>ista</strong></span> <span class='ocrx_word' id='word_1_704' title='bbox 2582 3204 2894 3269; x_wconf 89' lang='lat' dir='ltr'><strong>commotio,</strong></span> <span class='ocrx_word' id='word_1_705' title='bbox 2934 3219 3087 3272; x_wconf 87' lang='lat' dir='ltr'><strong>quam</strong></span> <span class='ocrx_word' id='word_1_706' title='bbox 3114 3205 3221 3258; x_wconf 73' lang='lat' dir='ltr'><strong>liceo</strong></span> <span class='ocrx_word' id='word_1_707' title='bbox 3253 3205 3383 3258; x_wconf 90' lang='lat' dir='ltr'><strong>solet</strong></span> <span class='ocrx_word' id='word_1_708' title='bbox 3419 3206 3686 3258; x_wconf 86' lang='lat' dir='ltr'><strong>interdum</strong></span> 
     </span>
    </p>
   </div>
   <div class='ocr_carea' id='block_1_92' title="bbox 2098 3273 3687 3341">
    <p class='ocr_par' dir='ltr' id='par_1_92' title="bbox 2098 3273 3687 3341">
     <span class='ocr_line' id='line_1_94' title="bbox 2098 3273 3687 3341; baseline 0.003 -15"><span class='ocrx_word' id='word_1_709' title='bbox 2098 3273 2255 3326; x_wconf 89' lang='lat' dir='ltr'><strong>etiam</strong></span> <span class='ocrx_word' id='word_1_710' title='bbox 2278 3288 2373 3341; x_wconf 89' lang='lat' dir='ltr'><strong>per</strong></span> <span class='ocrx_word' id='word_1_711' title='bbox 2395 3290 2631 3340; x_wconf 89' lang='lat' dir='ltr'><strong>soporem</strong></span> <span class='ocrx_word' id='word_1_712' title='bbox 2655 3275 2933 3328; x_wconf 86' lang='lat' dir='ltr'><strong>necessitas</strong></span> <span class='ocrx_word' id='word_1_713' title='bbox 2965 3276 3208 3327; x_wconf 72' lang='lat' dir='ltr'><strong>excitare.</strong></span> <span class='ocrx_word' id='word_1_714' title='bbox 3247 3274 3311 3327; x_wconf 89' lang='lat' dir='ltr'><strong>Et</strong></span> <span class='ocrx_word' id='word_1_715' title='bbox 3332 3274 3581 3329; x_wconf 89' lang='lat' dir='ltr'><strong>similiter</strong></span> <span class='ocrx_word' id='word_1_716' title='bbox 3610 3276 3687 3330; x_wconf 81' lang='lat' dir='ltr'><strong>de</strong></span> 
     </span>
    </p>
   </div>
   <div class='ocr_carea' id='block_1_93' title="bbox 2098 3341 3688 3415">
    <p class='ocr_par' dir='ltr' id='par_1_93' title="bbox 2098 3341 3688 3415">
     <span class='ocr_line' id='line_1_95' title="bbox 2098 3341 3688 3415; baseline -0.001 -18"><span class='ocrx_word' id='word_1_717' title='bbox 2098 3343 2349 3415; x_wconf 84' lang='lat' dir='ltr'><strong>illusione</strong></span> <span class='ocrx_word' id='word_1_718' title='bbox 2372 3351 2630 3415; x_wconf 79' lang='lat' dir='ltr'><strong>nocturna</strong></span> <span class='ocrx_word' id='word_1_719' title='bbox 2663 3341 2816 3414; x_wconf 86' lang='lat' dir='ltr'><strong>(Cap.</strong></span> <span class='ocrx_word' id='word_1_720' title='bbox 2847 3345 2902 3409; x_wconf 89' lang='lat'><strong>7,</strong></span> <span class='ocrx_word' id='word_1_721' title='bbox 2928 3344 3083 3413; x_wconf 88' lang='lat' dir='ltr'><strong>ibid.)</strong></span> <span class='ocrx_word' id='word_1_722' title='bbox 3115 3362 3127 3398; x_wconf 88' lang='lat'><strong>:</strong></span> <span class='ocrx_word' id='word_1_723' title='bbox 3165 3343 3309 3397; x_wconf 86' lang='lat' dir='ltr'><strong>Licet</strong></span> <span class='ocrx_word' id='word_1_724' title='bbox 3336 3345 3473 3397; x_wconf 83' lang='lat' dir='ltr'><strong>hanc</strong></span> <span class='ocrx_word' id='word_1_725' title='bbox 3496 3344 3688 3415; x_wconf 74' lang='lat' dir='ltr'><strong>ludi/i—</strong></span> 
     </span>
    </p>
   </div>
   <div class='ocr_carea' id='block_1_94' title="bbox 2099 3414 3688 3480">
    <p class='ocr_par' dir='ltr' id='par_1_94' title="bbox 2099 3414 3688 3480">
     <span class='ocr_line' id='line_1_96' title="bbox 2099 3414 3688 3480; baseline 0.002 -15"><span class='ocrx_word' id='word_1_726' title='bbox 2099 3414 2349 3467; x_wconf 88' lang='lat' dir='ltr'><strong>cationem</strong></span> <span class='ocrx_word' id='word_1_727' title='bbox 2372 3424 2581 3480; x_wconf 88' lang='lat' dir='ltr'><strong>peccato</strong></span> <span class='ocrx_word' id='word_1_728' title='bbox 2604 3430 2712 3467; x_wconf 84' lang='lat' dir='ltr'><strong>esse</strong></span> <span class='ocrx_word' id='word_1_729' title='bbox 2734 3415 3011 3467; x_wconf 72' lang='lat' dir='ltr'><strong>obnoxiam</strong></span> <span class='ocrx_word' id='word_1_730' title='bbox 3034 3432 3137 3469; x_wconf 91' lang='lat' dir='ltr'><strong>non</strong></span> <span class='ocrx_word' id='word_1_731' title='bbox 3166 3416 3462 3479; x_wconf 83' lang='lat' dir='ltr'><strong>credamus,</strong></span> <span class='ocrx_word' id='word_1_732' title='bbox 3492 3431 3688 3468; x_wconf 85' lang='lat' dir='ltr'><strong>concu-</strong></span> 
     </span>
    </p>
   </div>
   <div class='ocr_carea' id='block_1_95' title="bbox 2100 3484 3689 3550">
    <p class='ocr_par' dir='ltr' id='par_1_95' title="bbox 2100 3484 3689 3550">
     <span class='ocr_line' id='line_1_97' title="bbox 2100 3484 3689 3550; baseline 0.003 -15"><span class='ocrx_word' id='word_1_733' title='bbox 2100 3485 2365 3550; x_wconf 72' lang='lat' dir='ltr'><strong>piscentia</strong></span> <span class='ocrx_word' id='word_1_734' title='bbox 2392 3492 2563 3538; x_wconf 89' lang='lat' dir='ltr'><strong>tamen</strong></span> <span class='ocrx_word' id='word_1_735' title='bbox 2594 3485 2770 3538; x_wconf 84' lang='lat' dir='ltr'><strong>adhuc</strong></span> <span class='ocrx_word' id='word_1_736' title='bbox 2798 3484 3104 3539; x_wconf 88' lang='lat' dir='ltr'><strong>medullitus</strong></span> <span class='ocrx_word' id='word_1_737' title='bbox 3145 3486 3400 3539; x_wconf 86' lang='lat' dir='ltr'><strong>latitantis</strong></span> <span class='ocrx_word' id='word_1_738' title='bbox 3429 3487 3689 3539; x_wconf 86' lang='lat' dir='ltr'><strong>indicium</strong></span> 
     </span>
    </p>
   </div>
   <div class='ocr_carea' id='block_1_96' title="bbox 2101 3555 3689 3611">
    <p class='ocr_par' dir='ltr' id='par_1_96' title="bbox 2101 3555 3689 3611">
     <span class='ocr_line' id='line_1_98' title="bbox 2101 3555 3689 3611; baseline 0.003 -6"><span class='ocrx_word' id='word_1_739' title='bbox 2101 3563 2195 3607; x_wconf 88' lang='lat' dir='ltr'><strong>est.</strong></span> <span class='ocrx_word' id='word_1_740' title='bbox 2230 3555 2401 3610; x_wconf 87' lang='lat' dir='ltr'><strong>Porro</strong></span> <span class='ocrx_word' id='word_1_741' title='bbox 2426 3556 2718 3611; x_wconf 89' lang='lat' dir='ltr'><strong>commotio</strong></span> <span class='ocrx_word' id='word_1_742' title='bbox 2749 3555 2864 3609; x_wconf 86' lang='lat' dir='ltr'><strong>sive</strong></span> <span class='ocrx_word' id='word_1_743' title='bbox 2910 3556 3145 3609; x_wconf 65' lang='lat' dir='ltr'><strong>titillatio</strong></span> <span class='ocrx_word' id='word_1_744' title='bbox 3167 3558 3344 3611; x_wconf 90' lang='lat' dir='ltr'><strong>carnis</strong></span> <span class='ocrx_word' id='word_1_745' title='bbox 3375 3556 3689 3609; x_wconf 86' lang='lat' dir='ltr'><strong>involunta-</strong></span> 
     </span>
    </p>
   </div>
   <div class='ocr_carea' id='block_1_97' title="bbox 2100 3624 3685 3695">
    <p class='ocr_par' dir='ltr' id='par_1_97' title="bbox 2100 3624 3685 3695">
     <span class='ocr_line' id='line_1_99' title="bbox 2100 3624 3685 3695; baseline 0.003 -18"><span class='ocrx_word' id='word_1_746' title='bbox 2100 3624 2215 3689; x_wconf 82' lang='lat' dir='ltr'><strong>ria,</strong></span> <span class='ocrx_word' id='word_1_747' title='bbox 2266 3625 2379 3680; x_wconf 89' lang='lat' dir='ltr'><strong>sive</strong></span> <span class='ocrx_word' id='word_1_748' title='bbox 2403 3626 2454 3679; x_wconf 93' lang='lat' dir='ltr'><strong>in</strong></span> <span class='ocrx_word' id='word_1_749' title='bbox 2482 3624 2710 3691; x_wconf 91' lang='lat' dir='ltr'><strong>somnis,</strong></span> <span class='ocrx_word' id='word_1_750' title='bbox 2742 3626 2856 3680; x_wconf 84' lang='lat' dir='ltr'><strong>sive</strong></span> <span class='ocrx_word' id='word_1_751' title='bbox 2892 3626 2943 3679; x_wconf 91' lang='lat' dir='ltr'><strong>in</strong></span> <span class='ocrx_word' id='word_1_752' title='bbox 2970 3626 3149 3695; x_wconf 74' lang='lat' dir='ltr'><strong>vigilia</strong></span> <span class='ocrx_word' id='word_1_753' title='bbox 3195 3628 3503 3694; x_wconf 90' lang='lat' dir='ltr'><strong>contingat,</strong></span> <span class='ocrx_word' id='word_1_754' title='bbox 3555 3641 3685 3682; x_wconf 87' lang='lat' dir='ltr'><strong>cum</strong></span> 
     </span>
    </p>
   </div>
   <div class='ocr_carea' id='block_1_98' title="bbox 2102 3695 3690 3764">
    <p class='ocr_par' dir='ltr' id='par_1_98' title="bbox 2102 3695 3690 3764">
     <span class='ocr_line' id='line_1_100' title="bbox 2102 3695 3690 3764; baseline 0.003 -17"><span class='ocrx_word' id='word_1_755' title='bbox 2102 3709 2249 3748; x_wconf 91' lang='lat' dir='ltr'><strong>mere</strong></span> <span class='ocrx_word' id='word_1_756' title='bbox 2278 3698 2537 3750; x_wconf 87' lang='lat' dir='ltr'><strong>naturalis</strong></span> <span class='ocrx_word' id='word_1_757' title='bbox 2564 3697 2656 3761; x_wconf 89' lang='lat' dir='ltr'><strong>sit,</strong></span> <span class='ocrx_word' id='word_1_758' title='bbox 2679 3706 2733 3750; x_wconf 92' lang='lat' dir='ltr'><strong>et</strong></span> <span class='ocrx_word' id='word_1_759' title='bbox 2764 3711 2830 3751; x_wconf 80' lang='lat' dir='ltr'><strong>ex</strong></span> <span class='ocrx_word' id='word_1_760' title='bbox 2858 3696 3103 3764; x_wconf 91' lang='lat' dir='ltr'><strong>corporis</strong></span> <span class='ocrx_word' id='word_1_761' title='bbox 3145 3696 3458 3751; x_wconf 88' lang='lat' dir='ltr'><strong>habitudine</strong></span> <span class='ocrx_word' id='word_1_762' title='bbox 3482 3710 3543 3750; x_wconf 89' lang='lat' dir='ltr'><strong>ac</strong></span> <span class='ocrx_word' id='word_1_763' title='bbox 3575 3695 3690 3752; x_wconf 88' lang='lat' dir='ltr'><strong>dis-</strong></span> 
     </span>
    </p>
   </div>
   <div class='ocr_carea' id='block_1_99' title="bbox 2103 3765 3691 3834">
    <p class='ocr_par' dir='ltr' id='par_1_99' title="bbox 2103 3765 3691 3834">
     <span class='ocr_line' id='line_1_101' title="bbox 2103 3765 3691 3834; baseline 0.005 -19"><span class='ocrx_word' id='word_1_764' title='bbox 2103 3765 2395 3833; x_wconf 87' lang='lat' dir='ltr'><strong>positione,</strong></span> <span class='ocrx_word' id='word_1_765' title='bbox 2424 3781 2519 3821; x_wconf 91' lang='lat' dir='ltr'><strong>seu</strong></span> <span class='ocrx_word' id='word_1_766' title='bbox 2550 3781 2617 3821; x_wconf 83' lang='lat' dir='ltr'><strong>ex</strong></span> <span class='ocrx_word' id='word_1_767' title='bbox 2663 3766 2770 3821; x_wconf 90' lang='lat' dir='ltr'><strong>cibi</strong></span> <span class='ocrx_word' id='word_1_768' title='bbox 2801 3777 3024 3834; x_wconf 89' lang='lat' dir='ltr'><strong>potusve</strong></span> <span class='ocrx_word' id='word_1_769' title='bbox 3051 3768 3333 3834; x_wconf 89' lang='lat' dir='ltr'><strong>qualitate,</strong></span> <span class='ocrx_word' id='word_1_770' title='bbox 3359 3776 3450 3821; x_wconf 90' lang='lat' dir='ltr'><strong>aut</strong></span> <span class='ocrx_word' id='word_1_771' title='bbox 3477 3774 3691 3823; x_wconf 61' lang='lat' dir='ltr'><strong>natura</strong></span> 
     </span>
    </p>
   </div>
   <div class='ocr_carea' id='block_1_100' title="bbox 2103 3836 3689 3906">
    <p class='ocr_par' dir='ltr' id='par_1_100' title="bbox 2103 3836 3689 3906">
     <span class='ocr_line' id='line_1_102' title="bbox 2103 3836 3689 3906; baseline 0.003 -18"><span class='ocrx_word' id='word_1_772' title='bbox 2103 3840 2426 3890; x_wconf 74' lang='lat' dir='ltr'><strong>necessitate</strong></span> <span class='ocrx_word' id='word_1_773' title='bbox 2474 3836 2793 3904; x_wconf 86' lang='lat' dir='ltr'><strong>proveniat,</strong></span> <span class='ocrx_word' id='word_1_774' title='bbox 2824 3852 2926 3889; x_wconf 91' lang='lat' dir='ltr'><strong>non</strong></span> <span class='ocrx_word' id='word_1_775' title='bbox 2973 3836 3133 3890; x_wconf 86' lang='lat' dir='ltr'><strong>modo</strong></span> <span class='ocrx_word' id='word_1_776' title='bbox 3162 3839 3368 3906; x_wconf 74' lang='lat' dir='ltr'><strong>peccati</strong></span> <span class='ocrx_word' id='word_1_777' title='bbox 3415 3837 3689 3893; x_wconf 87' lang='lat' dir='ltr'><strong>rationem</strong></span> 
     </span>
    </p>
   </div>
   <div class='ocr_carea' id='block_1_101' title="bbox 2103 3906 3694 3977">
    <p class='ocr_par' dir='ltr' id='par_1_101' title="bbox 2103 3906 3694 3977">
     <span class='ocr_line' id='line_1_103' title="bbox 2103 3906 3694 3977; baseline 0.001 -18"><span class='ocrx_word' id='word_1_778' title='bbox 2103 3920 2208 3977; x_wconf 79' lang='lat' dir='ltr'><strong>non</strong></span> <span class='ocrx_word' id='word_1_779' title='bbox 2240 3906 2430 3971; x_wconf 86' lang='lat' dir='ltr'><strong>habet,</strong></span> <span class='ocrx_word' id='word_1_780' title='bbox 2456 3906 2550 3960; x_wconf 87' lang='lat' dir='ltr'><strong>sed</strong></span> <span class='ocrx_word' id='word_1_781' title='bbox 2576 3917 2629 3960; x_wconf 90' lang='lat' dir='ltr'><strong>et</strong></span> <span class='ocrx_word' id='word_1_782' title='bbox 2658 3907 2833 3960; x_wconf 88' lang='lat' dir='ltr'><strong>meriti</strong></span> <span class='ocrx_word' id='word_1_783' title='bbox 2861 3907 3197 3962; x_wconf 88' lang='lat' dir='ltr'><strong>occasionem</strong></span> <span class='ocrx_word' id='word_1_784' title='bbox 3230 3907 3471 3977; x_wconf 73' lang='lat' dir='ltr'><strong>praebet,</strong></span> <span class='ocrx_word' id='word_1_785' title='bbox 3516 3908 3560 3962; x_wconf 89' lang='lat' dir='ltr'><strong>si</strong></span> <span class='ocrx_word' id='word_1_786' title='bbox 3585 3922 3694 3961; x_wconf 84' lang='lat' dir='ltr'><strong>vo-</strong></span> 
     </span>
    </p>
   </div>
   <div class='ocr_carea' id='block_1_102' title="bbox 2103 3975 3693 4046">
    <p class='ocr_par' dir='ltr' id='par_1_102' title="bbox 2103 3975 3693 4046">
     <span class='ocr_line' id='line_1_104' title="bbox 2103 3975 3693 4046; baseline 0.003 -16"><span class='ocrx_word' id='word_1_787' title='bbox 2103 3975 2281 4046; x_wconf 88' lang='lat' dir='ltr'><strong>luntas</strong></span> <span class='ocrx_word' id='word_1_788' title='bbox 2303 3977 2353 4030; x_wconf 91' lang='lat' dir='ltr'><strong>ei</strong></span> <span class='ocrx_word' id='word_1_789' title='bbox 2380 3984 2670 4046; x_wconf 82' lang='lat' dir='ltr'><strong>repugnet,</strong></span> <span class='ocrx_word' id='word_1_790' title='bbox 2703 3986 2755 4030; x_wconf 87' lang='lat' dir='ltr'><strong>et</strong></span> <span class='ocrx_word' id='word_1_791' title='bbox 2786 3978 2937 4031; x_wconf 91' lang='lat' dir='ltr'><strong>nullo</strong></span> <span class='ocrx_word' id='word_1_792' title='bbox 2967 3978 3127 4032; x_wconf 90' lang='lat' dir='ltr'><strong>modo</strong></span> <span class='ocrx_word' id='word_1_793' title='bbox 3170 3975 3494 4033; x_wconf 69' lang='lat' dir='ltr'><strong>consentiat.</strong></span> <span class='ocrx_word' id='word_1_794' title='bbox 3546 3978 3693 4034; x_wconf 87' lang='lat' dir='ltr'><strong>Hinc</strong></span> 
     </span>
    </p>
   </div>
   <div class='ocr_carea' id='block_1_103' title="bbox 2105 4045 3688 4117">
    <p class='ocr_par' dir='ltr' id='par_1_103' title="bbox 2105 4045 3688 4117">
     <span class='ocr_line' id='line_1_105' title="bbox 2105 4045 3688 4117; baseline 0.002 -18"><span class='ocrx_word' id='word_1_795' title='bbox 2105 4045 2171 4117; x_wconf 79' lang='grc' dir='ltr'><strong>Ι).</strong></span> <span class='ocrx_word' id='word_1_796' title='bbox 2199 4045 2535 4116; x_wconf 60' lang='lat' dir='ltr'><strong>Augustinus</strong></span> <span class='ocrx_word' id='word_1_797' title='bbox 2572 4047 2667 4099; x_wconf 84' lang='lat' dir='ltr'><strong>lib.</strong></span> <span class='ocrx_word' id='word_1_798' title='bbox 2701 4062 2719 4101; x_wconf 84' lang='grc' dir='ltr'><strong>ι</strong></span> <span class='ocrx_word' id='word_1_799' title='bbox 2747 4046 2833 4117; x_wconf 16' lang='lat' dir='ltr'><strong>de,</strong></span> <span class='ocrx_word' id='word_1_800' title='bbox 2862 4048 3021 4101; x_wconf 77' lang='lat' dir='ltr'><strong>Civil.</strong></span> <span class='ocrx_word' id='word_1_801' title='bbox 3055 4062 3177 4117; x_wconf 77' lang='lat' dir='ltr'><strong>Cap.</strong></span> <span class='ocrx_word' id='word_1_802' title='bbox 3208 4049 3280 4103; x_wconf 54' lang='lat'><strong>$5</strong></span> <span class='ocrx_word' id='word_1_803' title='bbox 3324 4067 3337 4100; x_wconf 90' lang='lat'><strong>:</strong></span> <span class='ocrx_word' id='word_1_804' title='bbox 3370 4047 3452 4111; x_wconf 85' lang='lat' dir='ltr'><strong>Si,</strong></span> <span class='ocrx_word' id='word_1_805' title='bbox 3487 4049 3688 4116; x_wconf 82' lang='lat' dir='ltr'><strong>inquit,</strong></span> 
     </span>
    </p>
   </div>
   <div class='ocr_carea' id='block_1_104' title="bbox 2103 4116 3693 4189">
    <p class='ocr_par' dir='ltr' id='par_1_104' title="bbox 2103 4116 3693 4189">
     <span class='ocr_line' id='line_1_106' title="bbox 2103 4116 3693 4189; baseline 0.003 -21"><span class='ocrx_word' id='word_1_806' title='bbox 2103 4116 2198 4189; x_wconf 83' lang='lat' dir='ltr'><strong>illa</strong></span> <span class='ocrx_word' id='word_1_807' title='bbox 2223 4118 2708 4189; x_wconf 80' lang='lat' dir='ltr'><strong>concupiscentialis</strong></span> <span class='ocrx_word' id='word_1_808' title='bbox 2728 4116 3093 4183; x_wconf 86' lang='lat' dir='ltr'><strong>inobedientia,</strong></span> <span class='ocrx_word' id='word_1_809' title='bbox 3117 4116 3238 4189; x_wconf 72' lang='lat' dir='ltr'><strong>quae</strong></span> <span class='ocrx_word' id='word_1_810' title='bbox 3261 4118 3436 4171; x_wconf 83' lang='lat' dir='ltr'><strong>adhuc</strong></span> <span class='ocrx_word' id='word_1_811' title='bbox 3455 4120 3506 4171; x_wconf 89' lang='lat' dir='ltr'><strong>in</strong></span> <span class='ocrx_word' id='word_1_812' title='bbox 3529 4135 3693 4189; x_wconf 88' lang='lat' dir='ltr'><strong>ment-</strong></span> 
     </span>
    </p>
   </div>
   <div class='ocr_carea' id='block_1_105' title="bbox 2104 4186 3694 4257">
    <p class='ocr_par' dir='ltr' id='par_1_105' title="bbox 2104 4186 3694 4257">
     <span class='ocr_line' id='line_1_107' title="bbox 2104 4186 3694 4257; baseline 0.003 -18"><span class='ocrx_word' id='word_1_813' title='bbox 2104 4186 2206 4240; x_wconf 79' lang='lat' dir='ltr'><strong>bris</strong></span> <span class='ocrx_word' id='word_1_814' title='bbox 2236 4186 2556 4241; x_wconf 89' lang='lat' dir='ltr'><strong>moribundis</strong></span> <span class='ocrx_word' id='word_1_815' title='bbox 2583 4188 2809 4252; x_wconf 83' lang='lat' dir='ltr'><strong>habitat,</strong></span> <span class='ocrx_word' id='word_1_816' title='bbox 2855 4200 3041 4257; x_wconf 68' lang='lat' dir='ltr'><strong>pra’ter</strong></span> <span class='ocrx_word' id='word_1_817' title='bbox 3065 4186 3256 4243; x_wconf 73' lang='lat' dir='ltr'><strong>nostra:</strong></span> <span class='ocrx_word' id='word_1_818' title='bbox 3297 4189 3581 4243; x_wconf 83' lang='lat' dir='ltr'><strong>voluntatis</strong></span> <span class='ocrx_word' id='word_1_819' title='bbox 3612 4188 3694 4243; x_wconf 89' lang='lat' dir='ltr'><strong>le-</strong></span> 
     </span>
    </p>
   </div>
   <div class='ocr_carea' id='block_1_106' title="bbox 2105 4259 3695 4329">
    <p class='ocr_par' dir='ltr' id='par_1_106' title="bbox 2105 4259 3695 4329">
     <span class='ocr_line' id='line_1_108' title="bbox 2105 4259 3695 4329; baseline 0.003 -19"><span class='ocrx_word' id='word_1_820' title='bbox 2105 4274 2251 4326; x_wconf 89' lang='lat' dir='ltr'><strong>gem,</strong></span> <span class='ocrx_word' id='word_1_821' title='bbox 2300 4260 2446 4328; x_wconf 90' lang='lat' dir='ltr'><strong>quasi</strong></span> <span class='ocrx_word' id='word_1_822' title='bbox 2487 4259 2597 4329; x_wconf 85' lang='lat' dir='ltr'><strong>lege</strong></span> <span class='ocrx_word' id='word_1_823' title='bbox 2630 4275 2730 4311; x_wconf 87' lang='lat' dir='ltr'><strong>sua</strong></span> <span class='ocrx_word' id='word_1_824' title='bbox 2766 4269 2995 4311; x_wconf 90' lang='lat' dir='ltr'><strong>movetur</strong></span> <span class='ocrx_word' id='word_1_825' title='bbox 3008 4301 3024 4329; x_wconf 62' lang='lat'><strong>,</strong></span> <span class='ocrx_word' id='word_1_826' title='bbox 3063 4268 3255 4325; x_wconf 74' lang='lat' dir='ltr'><strong>quanto</strong></span> <span class='ocrx_word' id='word_1_827' title='bbox 3303 4261 3471 4327; x_wconf 88' lang='lat' dir='ltr'><strong>magis</strong></span> <span class='ocrx_word' id='word_1_828' title='bbox 3498 4260 3695 4328; x_wconf 87' lang='lat' dir='ltr'><strong>absque</strong></span> 
     </span>
    </p>
   </div>
   <div class='ocr_carea' id='block_1_107' title="bbox 2105 4328 3783 4399">
    <p class='ocr_par' dir='ltr' id='par_1_107' title="bbox 2105 4328 3783 4399">
     <span class='ocr_line' id='line_1_109' title="bbox 2105 4328 3783 4399; baseline 0.004 -21"><span class='ocrx_word' id='word_1_829' title='bbox 2105 4329 2262 4393; x_wconf 85' lang='lat' dir='ltr'><strong>culpa</strong></span> <span class='ocrx_word' id='word_1_830' title='bbox 2284 4338 2356 4381; x_wconf 92' lang='lat' dir='ltr'><strong>est</strong></span> <span class='ocrx_word' id='word_1_831' title='bbox 2380 4330 2433 4381; x_wconf 92' lang='lat' dir='ltr'><strong>in</strong></span> <span class='ocrx_word' id='word_1_832' title='bbox 2455 4344 2667 4399; x_wconf 90' lang='lat' dir='ltr'><strong>corpore</strong></span> <span class='ocrx_word' id='word_1_833' title='bbox 2697 4345 2798 4382; x_wconf 91' lang='lat' dir='ltr'><strong>non</strong></span> <span class='ocrx_word' id='word_1_834' title='bbox 2822 4328 3212 4395; x_wconf 83' lang='lat' dir='ltr'><strong>consentientis,</strong></span> <span class='ocrx_word' id='word_1_835' title='bbox 3244 4331 3292 4382; x_wconf 88' lang='lat' dir='ltr'><strong>si</strong></span> <span class='ocrx_word' id='word_1_836' title='bbox 3313 4330 3502 4399; x_wconf 85' lang='lat' dir='ltr'><strong>absque</strong></span> <span class='ocrx_word' id='word_1_837' title='bbox 3521 4328 3687 4398; x_wconf 86' lang='lat' dir='ltr'><strong>culpa</strong></span> <span class='ocrx_word' id='word_1_838' title='bbox 3778 4344 3783 4351; x_wconf 79' lang='lat'><strong><em>‘</em></strong></span> 
     </span>
    </p>
   </div>
   <div class='ocr_carea' id='block_1_108' title="bbox 2104 4398 3691 4470">
    <p class='ocr_par' dir='ltr' id='par_1_108' title="bbox 2104 4398 3691 4470">
     <span class='ocr_line' id='line_1_110' title="bbox 2104 4398 3691 4470; baseline 0.003 -20"><span class='ocrx_word' id='word_1_839' title='bbox 2104 4407 2179 4451; x_wconf 88' lang='lat' dir='ltr'><strong>est</strong></span> <span class='ocrx_word' id='word_1_840' title='bbox 2207 4399 2260 4470; x_wconf 87' lang='lat' dir='ltr'><strong>in</strong></span> <span class='ocrx_word' id='word_1_841' title='bbox 2284 4414 2501 4470; x_wconf 90' lang='lat' dir='ltr'><strong>corpore</strong></span> <span class='ocrx_word' id='word_1_842' title='bbox 2526 4398 2871 4452; x_wconf 82' lang='lat' dir='ltr'><strong>dormientis!</strong></span> <span class='ocrx_word' id='word_1_843' title='bbox 2897 4398 2971 4452; x_wconf 86' lang='lat' dir='ltr'><strong>Ita</strong></span> <span class='ocrx_word' id='word_1_844' title='bbox 3004 4400 3346 4468; x_wconf 85' lang='lat' dir='ltr'><strong>Augustinus.</strong></span> <span class='ocrx_word' id='word_1_845' title='bbox 3376 4398 3559 4454; x_wconf 86' lang='lat' dir='ltr'><strong>Potest</strong></span> <span class='ocrx_word' id='word_1_846' title='bbox 3583 4415 3691 4454; x_wconf 82' lang='lat' dir='ltr'><strong>au-</strong></span> 
     </span>
    </p>
   </div>
   <div class='ocr_carea' id='block_1_109' title="bbox 428 4461 3694 4549">
    <p class='ocr_par' dir='ltr' id='par_1_109' title="bbox 428 4461 3694 4549">
     <span class='ocr_line' id='line_1_111' title="bbox 428 4461 3694 4549; baseline 0.002 -29"><span class='ocrx_word' id='word_1_847' title='bbox 428 4461 555 4549; x_wconf 67' lang='lat' dir='ltr'><strong>past</strong></span> <span class='ocrx_word' id='word_1_848' title='bbox 581 4488 593 4523; x_wconf 92' lang='lat'><strong>:</strong></span> <span class='ocrx_word' id='word_1_849' title='bbox 620 4461 755 4549; x_wconf 69' lang='lat' dir='ltr'><strong>Quis</strong></span> <span class='ocrx_word' id='word_1_850' title='bbox 764 4471 903 4549; x_wconf 78' lang='lat' dir='ltr'><strong>enim</strong></span> <span class='ocrx_word' id='word_1_851' title='bbox 928 4486 1027 4523; x_wconf 89' lang='lat' dir='ltr'><strong>non</strong></span> <span class='ocrx_word' id='word_1_852' title='bbox 1050 4461 1370 4549; x_wconf 75' lang='lat' dir='ltr'><strong>obstupescat</strong></span> <span class='ocrx_word' id='word_1_853' title='bbox 1400 4461 1555 4541; x_wconf 82' lang='lat' dir='ltr'><strong>opera</strong></span> <span class='ocrx_word' id='word_1_854' title='bbox 1572 4469 1692 4536; x_wconf 85' lang='lat' dir='ltr'><strong>Dei,</strong></span> <span class='ocrx_word' id='word_1_855' title='bbox 1717 4461 2000 4549; x_wconf 68' lang='lat' dir='ltr'><strong>camillum</strong></span> <span class='ocrx_word' id='word_1_856' title='bbox 2028 4461 2081 4521; x_wconf 89' lang='lat' dir='ltr'><strong>D</strong></span> <span class='ocrx_word' id='word_1_857' title='bbox 2108 4477 2212 4549; x_wconf 84' lang='lat' dir='ltr'><strong>tem</strong></span> <span class='ocrx_word' id='word_1_858' title='bbox 2244 4461 2549 4549; x_wconf 78' lang='lat' dir='ltr'><strong>ltujusmodi</strong></span> <span class='ocrx_word' id='word_1_859' title='bbox 2571 4470 2762 4549; x_wconf 74' lang='lat' dir='ltr'><strong>carnis</strong></span> <span class='ocrx_word' id='word_1_860' title='bbox 2789 4461 3114 4549; x_wconf 59' lang='lat' dir='ltr'><strong>commotio:</strong></span> <span class='ocrx_word' id='word_1_861' title='bbox 3142 4485 3237 4524; x_wconf 91' lang='lat' dir='ltr'><strong>seu</strong></span> <span class='ocrx_word' id='word_1_862' title='bbox 3264 4471 3481 4540; x_wconf 89' lang='lat' dir='ltr'><strong>prurigo</strong></span> <span class='ocrx_word' id='word_1_863' title='bbox 3507 4510 3520 4531; x_wconf 86' lang='lat'><strong>,</strong></span> <span class='ocrx_word' id='word_1_864' title='bbox 3563 4485 3694 4527; x_wconf 82' lang='lat' dir='ltr'><strong>esse</strong></span> 
     </span>
    </p>
   </div>
   <div class='ocr_carea' id='block_1_110' title="bbox 429 4540 2001 4611">
    <p class='ocr_par' dir='ltr' id='par_1_110' title="bbox 429 4540 2001 4611">
     <span class='ocr_line' id='line_1_112' title="bbox 429 4540 2001 4611; baseline 0.003 -21"><span class='ocrx_word' id='word_1_865' title='bbox 429 4540 601 4608; x_wconf 86' lang='lat' dir='ltr'><strong>ignem</strong></span> <span class='ocrx_word' id='word_1_866' title='bbox 629 4540 886 4611; x_wconf 86' lang='lat' dir='ltr'><strong>libidinis,</strong></span> <span class='ocrx_word' id='word_1_867' title='bbox 927 4556 1077 4611; x_wconf 90' lang='lat' dir='ltr'><strong>quem</strong></span> <span class='ocrx_word' id='word_1_868' title='bbox 1107 4540 1395 4595; x_wconf 84' lang='lat' dir='ltr'><strong>naturalem</strong></span> <span class='ocrx_word' id='word_1_869' title='bbox 1420 4540 1576 4596; x_wconf 91' lang='lat' dir='ltr'><strong>antea</strong></span> <span class='ocrx_word' id='word_1_870' title='bbox 1607 4551 1654 4595; x_wconf 92' lang='lat' dir='ltr'><strong>et</strong></span> <span class='ocrx_word' id='word_1_871' title='bbox 1694 4542 1827 4594; x_wconf 86' lang='lat' dir='ltr'><strong>velut</strong></span> <span class='ocrx_word' id='word_1_872' title='bbox 1856 4542 2001 4595; x_wconf 61' lang='lat' dir='ltr'><strong>ineat-</strong></span> 
     </span>
    </p>
   </div>
   <div class='ocr_carea' id='block_1_111' title="bbox 431 4609 2000 4682">
    <p class='ocr_par' dir='ltr' id='par_1_111' title="bbox 431 4609 2000 4682">
     <span class='ocr_line' id='line_1_113' title="bbox 431 4609 2000 4682; baseline 0.001 -20"><span class='ocrx_word' id='word_1_873' title='bbox 431 4609 775 4679; x_wconf 87' lang='lat' dir='ltr'><strong>stinguibilem</strong></span> <span class='ocrx_word' id='word_1_874' title='bbox 804 4626 912 4682; x_wconf 86' lang='lat' dir='ltr'><strong>esse</strong></span> <span class='ocrx_word' id='word_1_875' title='bbox 933 4609 1194 4682; x_wconf 79' lang='lat' dir='ltr'><strong>credebat,</strong></span> <span class='ocrx_word' id='word_1_876' title='bbox 1227 4612 1299 4664; x_wconf 91' lang='lat' dir='ltr'><strong>ita</strong></span> <span class='ocrx_word' id='word_1_877' title='bbox 1332 4612 1632 4682; x_wconf 77' lang='lat' dir='ltr'><strong>refriguisse</strong></span> <span class='ocrx_word' id='word_1_878' title='bbox 1663 4612 1963 4679; x_wconf 89' lang='lat' dir='ltr'><strong>persenserit</strong></span> <span class='ocrx_word' id='word_1_879' title='bbox 1983 4650 2000 4675; x_wconf 84' lang='lat'><strong>,</strong></span> 
     </span>
    </p>
   </div>
   <div class='ocr_carea' id='block_1_112' title="bbox 431 4680 2005 4753">
    <p class='ocr_par' dir='ltr' id='par_1_112' title="bbox 431 4680 2005 4753">
     <span class='ocr_line' id='line_1_114' title="bbox 431 4680 2005 4753; baseline 0.002 -20"><span class='ocrx_word' id='word_1_880' title='bbox 431 4690 488 4753; x_wconf 76' lang='lat' dir='ltr'><strong>ut</strong></span> <span class='ocrx_word' id='word_1_881' title='bbox 511 4697 579 4753; x_wconf 86' lang='lat' dir='ltr'><strong>ne</strong></span> <span class='ocrx_word' id='word_1_882' title='bbox 597 4680 818 4753; x_wconf 83' lang='lat' dir='ltr'><strong>simplici</strong></span> <span class='ocrx_word' id='word_1_883' title='bbox 836 4680 1045 4753; x_wconf 84' lang='lat' dir='ltr'><strong>quidem</strong></span> <span class='ocrx_word' id='word_1_884' title='bbox 1065 4683 1293 4753; x_wconf 89' lang='lat' dir='ltr'><strong>corporis</strong></span> <span class='ocrx_word' id='word_1_885' title='bbox 1316 4680 1532 4753; x_wconf 53' lang='lat' dir='ltr'><strong>motu&#39;se</strong></span> <span class='ocrx_word' id='word_1_886' title='bbox 1558 4683 1741 4753; x_wconf 75' lang='lat' dir='ltr'><strong>sentiat</strong></span> <span class='ocrx_word' id='word_1_887' title='bbox 1757 4682 1963 4734; x_wconf 88' lang='lat' dir='ltr'><strong>incitari</strong></span> <span class='ocrx_word' id='word_1_888' title='bbox 1980 4684 2005 4736; x_wconf 85' lang='lat'><strong><em>?</em></strong></span> 
     </span>
    </p>
   </div>
   <div class='ocr_carea' id='block_1_113' title="bbox 431 4749 2002 4822">
    <p class='ocr_par' dir='ltr' id='par_1_113' title="bbox 431 4749 2002 4822">
     <span class='ocr_line' id='line_1_115' title="bbox 431 4749 2002 4822; baseline -0.001 -15"><span class='ocrx_word' id='word_1_889' title='bbox 431 4750 525 4807; x_wconf 90' lang='lat' dir='ltr'><strong>Sic</strong></span> <span class='ocrx_word' id='word_1_890' title='bbox 551 4751 663 4806; x_wconf 89' lang='lat' dir='ltr'><strong>ille.</strong></span> <span class='ocrx_word' id='word_1_891' title='bbox 696 4749 764 4805; x_wconf 79' lang='lat' dir='ltr'><strong>Et</strong></span> <span class='ocrx_word' id='word_1_892' title='bbox 791 4749 1005 4822; x_wconf 79' lang='lat' dir='ltr'><strong>quidem</strong></span> <span class='ocrx_word' id='word_1_893' title='bbox 1038 4749 1306 4822; x_wconf 77' lang='lat' dir='ltr'><strong>aliquibus</strong></span> <span class='ocrx_word' id='word_1_894' title='bbox 1334 4753 1437 4807; x_wconf 85' lang='lat' dir='ltr'><strong>hoc</strong></span> <span class='ocrx_word' id='word_1_895' title='bbox 1456 4752 1655 4806; x_wconf 90' lang='lat' dir='ltr'><strong>donum</strong></span> <span class='ocrx_word' id='word_1_896' title='bbox 1677 4749 1846 4806; x_wconf 80' lang='lat' dir='ltr'><strong>fuisse</strong></span> <span class='ocrx_word' id='word_1_897' title='bbox 1874 4767 2002 4806; x_wconf 86' lang='lat' dir='ltr'><strong>con-</strong></span> 
     </span>
    </p>
   </div>
   <div class='ocr_carea' id='block_1_114' title="bbox 431 4821 2002 4892">
    <p class='ocr_par' dir='ltr' id='par_1_114' title="bbox 431 4821 2002 4892">
     <span class='ocr_line' id='line_1_116' title="bbox 431 4821 2002 4892; baseline 0.001 -18"><span class='ocrx_word' id='word_1_898' title='bbox 431 4836 643 4876; x_wconf 91' lang='lat' dir='ltr'><strong>cessum</strong></span> <span class='ocrx_word' id='word_1_899' title='bbox 685 4837 844 4875; x_wconf 89' lang='lat' dir='ltr'><strong>nemo</strong></span> <span class='ocrx_word' id='word_1_900' title='bbox 872 4821 1081 4875; x_wconf 91' lang='lat' dir='ltr'><strong>dubitat</strong></span> <span class='ocrx_word' id='word_1_901' title='bbox 1104 4821 1247 4892; x_wconf 55' lang='lat' dir='ltr'><strong>{qui</strong></span> <span class='ocrx_word' id='word_1_902' title='bbox 1290 4823 1372 4876; x_wconf 83' lang='lat' dir='ltr'><strong>vel</strong></span> <span class='ocrx_word' id='word_1_903' title='bbox 1415 4823 1651 4878; x_wconf 89' lang='lat' dir='ltr'><strong>tenuiter</strong></span> <span class='ocrx_word' id='word_1_904' title='bbox 1693 4832 2002 4892; x_wconf 79' lang='lat' dir='ltr'><strong>sanctorum</strong></span> 
     </span>
    </p>
   </div>
   <div class='ocr_carea' id='block_1_115' title="bbox 431 4891 2002 4962">
    <p class='ocr_par' dir='ltr' id='par_1_115' title="bbox 431 4891 2002 4962">
     <span class='ocr_line' id='line_1_117' title="bbox 431 4891 2002 4962; baseline 0 -16"><span class='ocrx_word' id='word_1_905' title='bbox 431 4906 523 4946; x_wconf 90' lang='lat' dir='ltr'><strong>res</strong></span> <span class='ocrx_word' id='word_1_906' title='bbox 571 4902 753 4962; x_wconf 83' lang='lat' dir='ltr'><strong>gestas</strong></span> <span class='ocrx_word' id='word_1_907' title='bbox 797 4892 1036 4960; x_wconf 85' lang='lat' dir='ltr'><strong>attigerit</strong></span> <span class='ocrx_word' id='word_1_908' title='bbox 1091 4891 1437 4960; x_wconf 85' lang='lat' dir='ltr'><strong>:cujusmodi</strong></span> <span class='ocrx_word' id='word_1_909' title='bbox 1483 4893 1683 4962; x_wconf 91' lang='lat' dir='ltr'><strong>donum</strong></span> <span class='ocrx_word' id='word_1_910' title='bbox 1736 4891 1898 4946; x_wconf 90' lang='lat' dir='ltr'><strong>etiam</strong></span> <span class='ocrx_word' id='word_1_911' title='bbox 1947 4891 2002 4946; x_wconf 91' lang='lat' dir='ltr'><strong>in</strong></span> 
     </span>
    </p>
   </div>
   <div class='ocr_carea' id='block_1_116' title="bbox 433 4961 2003 5034">
    <p class='ocr_par' dir='ltr' id='par_1_116' title="bbox 433 4961 2003 5034">
     <span class='ocr_line' id='line_1_118' title="bbox 433 4961 2003 5034; baseline -0.002 -17"><span class='ocrx_word' id='word_1_912' title='bbox 433 4961 642 5034; x_wconf 79' lang='lat' dir='ltr'><strong>Sereno</strong></span> <span class='ocrx_word' id='word_1_913' title='bbox 672 4963 867 5034; x_wconf 79' lang='lat' dir='ltr'><strong>abbate</strong></span> <span class='ocrx_word' id='word_1_914' title='bbox 896 4963 1471 5034; x_wconf 56' lang='lat' dir='ltr'><strong>praedicatUassianus</strong></span> <span class='ocrx_word' id='word_1_915' title='bbox 1502 4961 1719 5034; x_wconf 84' lang='lat' dir='ltr'><strong>(Collat.</strong></span> <span class='ocrx_word' id='word_1_916' title='bbox 1748 4963 1780 5016; x_wconf 90' lang='lat'><strong>7</strong></span> <span class='ocrx_word' id='word_1_917' title='bbox 1806 4979 1853 5016; x_wconf 90' lang='lat' dir='ltr'><strong>c.</strong></span> <span class='ocrx_word' id='word_1_918' title='bbox 1884 4964 1919 5015; x_wconf 64' lang='grc' dir='ltr'><strong>εὶ</strong></span> <span class='ocrx_word' id='word_1_919' title='bbox 1955 4971 2003 5017; x_wconf 91' lang='lat' dir='ltr'><strong>et</strong></span> 
     </span>
    </p>
   </div>
   <div class='ocr_carea' id='block_1_117' title="bbox 433 5032 2009 5104">
    <p class='ocr_par' dir='ltr' id='par_1_117' title="bbox 433 5032 2009 5104">
     <span class='ocr_line' id='line_1_119' title="bbox 433 5032 2009 5104; baseline 0.002 -21"><span class='ocrx_word' id='word_1_920' title='bbox 433 5032 557 5088; x_wconf 90' lang='lat' dir='ltr'><strong>coll.</strong></span> <span class='ocrx_word' id='word_1_921' title='bbox 588 5033 655 5087; x_wconf 71' lang='lat'><strong>1‘2</strong></span> <span class='ocrx_word' id='word_1_922' title='bbox 679 5048 728 5087; x_wconf 88' lang='lat' dir='ltr'><strong>c.</strong></span> <span class='ocrx_word' id='word_1_923' title='bbox 757 5032 921 5104; x_wconf 22' lang='lat' dir='ltr'><strong>7),,et</strong></span> <span class='ocrx_word' id='word_1_924' title='bbox 942 5047 1039 5104; x_wconf 91' lang='lat' dir='ltr'><strong>no_s</strong></span> <span class='ocrx_word' id='word_1_925' title='bbox 1063 5032 1262 5089; x_wconf 89' lang='lat' dir='ltr'><strong>ibidem</strong></span> <span class='ocrx_word' id='word_1_926' title='bbox 1290 5033 1397 5088; x_wconf 89' lang='lat' dir='ltr'><strong>alia</strong></span> <span class='ocrx_word' id='word_1_927' title='bbox 1423 5032 1669 5104; x_wconf 86' lang='lat' dir='ltr'><strong>exempla</strong></span> <span class='ocrx_word' id='word_1_928' title='bbox 1694 5034 2009 5104; x_wconf 51' lang='lat' dir='ltr'><strong>subnotavig</strong></span> 
     </span>
    </p>
   </div>
   <div class='ocr_carea' id='block_1_118' title="bbox 432 5101 2005 5173">
    <p class='ocr_par' dir='ltr' id='par_1_118' title="bbox 432 5101 2005 5173">
     <span class='ocr_line' id='line_1_120' title="bbox 432 5101 2005 5173; baseline 0.001 -17"><span class='ocrx_word' id='word_1_929' title='bbox 432 5118 574 5158; x_wconf 91' lang='lat' dir='ltr'><strong>mus.</strong></span> <span class='ocrx_word' id='word_1_930' title='bbox 608 5101 808 5159; x_wconf 86' lang='lat' dir='ltr'><strong>Deinde</strong></span> <span class='ocrx_word' id='word_1_931' title='bbox 840 5101 965 5158; x_wconf 90' lang='lat' dir='ltr'><strong>licet</strong></span> <span class='ocrx_word' id='word_1_932' title='bbox 983 5102 1274 5159; x_wconf 88' lang='lat' dir='ltr'><strong>Cassianus</strong></span> <span class='ocrx_word' id='word_1_933' title='bbox 1312 5105 1560 5159; x_wconf 90' lang='lat' dir='ltr'><strong>videatur</strong></span> <span class='ocrx_word' id='word_1_934' title='bbox 1585 5101 1722 5159; x_wconf 73' lang='lat' dir='ltr'><strong>velle</strong></span> <span class='ocrx_word' id='word_1_935' title='bbox 1742 5103 2005 5173; x_wconf 83' lang='lat' dir='ltr'><strong>abrogare</strong></span> 
     </span>
    </p>
   </div>
   <div class='ocr_carea' id='block_1_119' title="bbox 432 5174 2002 5239">
    <p class='ocr_par' dir='ltr' id='par_1_119' title="bbox 432 5174 2002 5239">
     <span class='ocr_line' id='line_1_121' title="bbox 432 5174 2002 5239; baseline -0.001 -11"><span class='ocrx_word' id='word_1_936' title='bbox 432 5188 651 5228; x_wconf 91' lang='lat' dir='ltr'><strong>omnem</strong></span> <span class='ocrx_word' id='word_1_937' title='bbox 697 5174 995 5228; x_wconf 89' lang='lat' dir='ltr'><strong>motionem</strong></span> <span class='ocrx_word' id='word_1_938' title='bbox 1026 5175 1228 5239; x_wconf 88' lang='lat' dir='ltr'><strong>carnis,</strong></span> <span class='ocrx_word' id='word_1_939' title='bbox 1275 5176 1439 5229; x_wconf 89' lang='lat' dir='ltr'><strong>etiam</strong></span> <span class='ocrx_word' id='word_1_940' title='bbox 1490 5175 1541 5228; x_wconf 90' lang='lat' dir='ltr'><strong>in</strong></span> <span class='ocrx_word' id='word_1_941' title='bbox 1571 5174 2002 5238; x_wconf 85' lang='lat' dir='ltr'><strong>dormientibus;</strong></span> 
     </span>
    </p>
   </div>
   <div class='ocr_carea' id='block_1_120' title="bbox 432 5242 2007 5314">
    <p class='ocr_par' dir='ltr' id='par_1_120' title="bbox 432 5242 2007 5314">
     <span class='ocr_line' id='line_1_122' title="bbox 432 5242 2007 5314; baseline 0 -16"><span class='ocrx_word' id='word_1_942' title='bbox 432 5245 784 5299; x_wconf 88' lang='lat' dir='ltr'><strong>nihilominus</strong></span> <span class='ocrx_word' id='word_1_943' title='bbox 813 5244 1044 5311; x_wconf 88' lang='lat' dir='ltr'><strong>ipsemet</strong></span> <span class='ocrx_word' id='word_1_944' title='bbox 1076 5244 1213 5297; x_wconf 83' lang='lat' dir='ltr'><strong>haud</strong></span> <span class='ocrx_word' id='word_1_945' title='bbox 1245 5244 1478 5298; x_wconf 86' lang='lat' dir='ltr'><strong>obscure</strong></span> <span class='ocrx_word' id='word_1_946' title='bbox 1505 5244 1771 5314; x_wconf 79' lang='lat' dir='ltr'><strong>signiﬁcat</strong></span> <span class='ocrx_word' id='word_1_947' title='bbox 1799 5242 1853 5296; x_wconf 90' lang='lat' dir='ltr'><strong>in</strong></span> <span class='ocrx_word' id='word_1_948' title='bbox 1882 5258 2007 5311; x_wconf 88' lang='lat' dir='ltr'><strong>per-</strong></span> 
     </span>
    </p>
   </div>
   <div class='ocr_carea' id='block_1_121' title="bbox 433 5313 2007 5382">
    <p class='ocr_par' dir='ltr' id='par_1_121' title="bbox 433 5313 2007 5382">
     <span class='ocr_line' id='line_1_123' title="bbox 433 5313 2007 5382; baseline 0.001 -15"><span class='ocrx_word' id='word_1_949' title='bbox 433 5316 588 5369; x_wconf 81' lang='lat' dir='ltr'><strong>fectis</strong></span> <span class='ocrx_word' id='word_1_950' title='bbox 615 5316 776 5369; x_wconf 87' lang='lat' dir='ltr'><strong>etiam</strong></span> <span class='ocrx_word' id='word_1_951' title='bbox 807 5313 937 5368; x_wconf 87' lang='lat' dir='ltr'><strong>viris</strong></span> <span class='ocrx_word' id='word_1_952' title='bbox 966 5328 1247 5369; x_wconf 89' lang='lat' dir='ltr'><strong>remanere</strong></span> <span class='ocrx_word' id='word_1_953' title='bbox 1291 5329 1508 5369; x_wconf 88' lang='lat' dir='ltr'><strong>sensum</strong></span> <span class='ocrx_word' id='word_1_954' title='bbox 1554 5313 1788 5382; x_wconf 78' lang='lat' dir='ltr'><strong>aliquem</strong></span> <span class='ocrx_word' id='word_1_955' title='bbox 1821 5313 2007 5382; x_wconf 87' lang='lat' dir='ltr'><strong>hujus-</strong></span> 
     </span>
    </p>
   </div>
   <div class='ocr_carea' id='block_1_122' title="bbox 433 5384 2005 5454">
    <p class='ocr_par' dir='ltr' id='par_1_122' title="bbox 433 5384 2005 5454">
     <span class='ocr_line' id='line_1_124' title="bbox 433 5384 2005 5454; baseline 0 -16"><span class='ocrx_word' id='word_1_956' title='bbox 433 5386 579 5438; x_wconf 85' lang='lat' dir='ltr'><strong>ntodi</strong></span> <span class='ocrx_word' id='word_1_957' title='bbox 612 5385 927 5445; x_wconf 84' lang='lat' dir='ltr'><strong>motionum,</strong></span> <span class='ocrx_word' id='word_1_958' title='bbox 957 5398 1113 5454; x_wconf 80' lang='lat' dir='ltr'><strong>quem</strong></span> <span class='ocrx_word' id='word_1_959' title='bbox 1157 5401 1260 5438; x_wconf 87' lang='lat' dir='ltr'><strong>non</strong></span> <span class='ocrx_word' id='word_1_960' title='bbox 1293 5395 1447 5454; x_wconf 77' lang='lat' dir='ltr'><strong>putat</strong></span> <span class='ocrx_word' id='word_1_961' title='bbox 1486 5385 1552 5437; x_wconf 88' lang='lat' dir='ltr'><strong>de</strong></span> <span class='ocrx_word' id='word_1_962' title='bbox 1579 5384 1842 5439; x_wconf 82' lang='lat' dir='ltr'><strong>castitatis</strong></span> <span class='ocrx_word' id='word_1_963' title='bbox 1879 5399 2005 5452; x_wconf 84' lang='lat' dir='ltr'><strong>per-</strong></span> 
     </span>
    </p>
   </div>
   <div class='ocr_carea' id='block_1_123' title="bbox 434 5450 2005 5523">
    <p class='ocr_par' dir='ltr' id='par_1_123' title="bbox 434 5450 2005 5523">
     <span class='ocr_line' id='line_1_125' title="bbox 434 5450 2005 5523; baseline 0 -15"><span class='ocrx_word' id='word_1_964' title='bbox 434 5455 670 5509; x_wconf 82' lang='lat' dir='ltr'><strong>fectione</strong></span> <span class='ocrx_word' id='word_1_965' title='bbox 691 5450 1308 5522; x_wconf 54' lang='lat' dir='ltr'><strong>quidquam&#39;dctrabere;</strong></span> <span class='ocrx_word' id='word_1_966' title='bbox 1333 5450 1424 5510; x_wconf 85' lang='lat' dir='ltr'><strong>Si&#39;c</strong></span> <span class='ocrx_word' id='word_1_967' title='bbox 1446 5457 1589 5508; x_wconf 90' lang='lat' dir='ltr'><strong>enim</strong></span> <span class='ocrx_word' id='word_1_968' title='bbox 1613 5454 1685 5506; x_wconf 75' lang='lat' dir='ltr'><strong>ait</strong></span> <span class='ocrx_word' id='word_1_969' title='bbox 1701 5454 1752 5506; x_wconf 92' lang='lat' dir='ltr'><strong>in</strong></span> <span class='ocrx_word' id='word_1_970' title='bbox 1778 5450 2005 5523; x_wconf 82' lang='lat' dir='ltr'><strong>ipsamet</strong></span> 
     </span>
    </p>
   </div>
   <div class='ocr_carea' id='block_1_124' title="bbox 434 5524 2005 5593">
    <p class='ocr_par' dir='ltr' id='par_1_124' title="bbox 434 5524 2005 5593">
     <span class='ocr_line' id='line_1_126' title="bbox 434 5524 2005 5593; baseline -0.001 -14"><span class='ocrx_word' id='word_1_971' title='bbox 434 5525 726 5579; x_wconf 75' lang='lat' dir='ltr'><strong>collatione</strong></span> <span class='ocrx_word' id='word_1_972' title='bbox 757 5526 809 5578; x_wconf 93' lang='lat' dir='ltr'><strong>in</strong></span> <span class='ocrx_word' id='word_1_973' title='bbox 838 5540 940 5593; x_wconf 91' lang='lat' dir='ltr'><strong>qua</strong></span> <span class='ocrx_word' id='word_1_974' title='bbox 981 5524 1119 5579; x_wconf 91' lang='lat' dir='ltr'><strong>adeo</strong></span> <span class='ocrx_word' id='word_1_975' title='bbox 1144 5539 1369 5580; x_wconf 81' lang='lat' dir='ltr'><strong>severus</strong></span> <span class='ocrx_word' id='word_1_976' title='bbox 1410 5534 1495 5580; x_wconf 89' lang='lat' dir='ltr'><strong>est</strong></span> <span class='ocrx_word' id='word_1_977' title='bbox 1530 5524 1787 5579; x_wconf 88' lang='lat' dir='ltr'><strong>adversus</strong></span> <span class='ocrx_word' id='word_1_978' title='bbox 1826 5524 2005 5578; x_wconf 88' lang='lat' dir='ltr'><strong>carnis</strong></span> 
     </span>
    </p>
   </div>
   <div class='ocr_carea' id='block_1_125' title="bbox 434 5593 2006 5667">
    <p class='ocr_par' dir='ltr' id='par_1_125' title="bbox 434 5593 2006 5667">
     <span class='ocr_line' id='line_1_127' title="bbox 434 5593 2006 5667; baseline 0.001 -19"><span class='ocrx_word' id='word_1_979' title='bbox 434 5596 697 5667; x_wconf 74' lang='lat' dir='ltr'><strong>stimulos</strong></span> <span class='ocrx_word' id='word_1_980' title='bbox 726 5593 938 5665; x_wconf 89' lang='lat' dir='ltr'><strong>(Collat.</strong></span> <span class='ocrx_word' id='word_1_981' title='bbox 976 5593 1041 5667; x_wconf 66' lang='lat'><strong>12</strong></span> <span class='ocrx_word' id='word_1_982' title='bbox 1070 5611 1186 5667; x_wconf 89' lang='lat' dir='ltr'><strong>cap.</strong></span> <span class='ocrx_word' id='word_1_983' title='bbox 1230 5594 1317 5667; x_wconf 86' lang='grc'><strong>11)</strong></span> <span class='ocrx_word' id='word_1_984' title='bbox 1363 5614 1377 5651; x_wconf 92' lang='lat'><strong>:</strong></span> <span class='ocrx_word' id='word_1_985' title='bbox 1411 5596 1563 5662; x_wconf 83' lang='lat' dir='ltr'><strong>Quod</strong></span> <span class='ocrx_word' id='word_1_986' title='bbox 1590 5604 1759 5647; x_wconf 89' lang='lat' dir='ltr'><strong>autem</strong></span> <span class='ocrx_word' id='word_1_987' title='bbox 1796 5610 1886 5667; x_wconf 87' lang='lat' dir='ltr'><strong>per</strong></span> <span class='ocrx_word' id='word_1_988' title='bbox 1909 5593 2006 5649; x_wconf 81' lang='lat' dir='ltr'><strong>hoc</strong></span> 
     </span>
    </p>
   </div>
   <div class='ocr_carea' id='block_1_126' title="bbox 435 5664 2002 5733">
    <p class='ocr_par' dir='ltr' id='par_1_126' title="bbox 435 5664 2002 5733">
     <span class='ocr_line' id='line_1_128' title="bbox 435 5664 2002 5733; baseline 0.001 -15"><span class='ocrx_word' id='word_1_989' title='bbox 435 5664 778 5719; x_wconf 85' lang='lat' dir='ltr'><strong>inevitabilem</strong></span> <span class='ocrx_word' id='word_1_990' title='bbox 799 5664 1186 5719; x_wconf 84' lang='lat' dir='ltr'><strong>commotionem</strong></span> <span class='ocrx_word' id='word_1_991' title='bbox 1202 5664 1373 5720; x_wconf 90' lang='lat' dir='ltr'><strong>carnis</strong></span> <span class='ocrx_word' id='word_1_992' title='bbox 1399 5667 1650 5732; x_wconf 84' lang='lat' dir='ltr'><strong>asseritis,</strong></span> <span class='ocrx_word' id='word_1_993' title='bbox 1672 5664 1807 5733; x_wconf 83' lang='lat' dir='ltr'><strong>quod</strong></span> <span class='ocrx_word' id='word_1_994' title='bbox 1827 5667 2002 5733; x_wconf 81' lang='lat' dir='ltr'><strong>urina,</strong></span> 
     </span>
    </p>
   </div>
   <div class='ocr_carea' id='block_1_127' title="bbox 434 5733 2006 5808">
    <p class='ocr_par' dir='ltr' id='par_1_127' title="bbox 434 5733 2006 5808">
     <span class='ocr_line' id='line_1_129' title="bbox 434 5733 2006 5808; baseline 0.001 -18"><span class='ocrx_word' id='word_1_995' title='bbox 434 5750 554 5791; x_wconf 83' lang='lat' dir='ltr'><strong>cum</strong></span> <span class='ocrx_word' id='word_1_996' title='bbox 584 5733 802 5791; x_wconf 83' lang='lat' dir='ltr'><strong>ve&#39;sicam</strong></span> <span class='ocrx_word' id='word_1_997' title='bbox 827 5735 947 5806; x_wconf 81' lang='lat' dir='ltr'><strong>jugi</strong></span> <span class='ocrx_word' id='word_1_998' title='bbox 974 5736 1255 5792; x_wconf 87' lang='lat' dir='ltr'><strong>stillatioue</strong></span> <span class='ocrx_word' id='word_1_999' title='bbox 1276 5738 1579 5808; x_wconf 85' lang='lat' dir='ltr'><strong>repleverit,</strong></span> <span class='ocrx_word' id='word_1_1000' title='bbox 1608 5737 1781 5805; x_wconf 80' lang='lat' dir='ltr'><strong>quieta</strong></span> <span class='ocrx_word' id='word_1_1001' title='bbox 1797 5737 2006 5794; x_wconf 88' lang='lat' dir='ltr'><strong>suscitet</strong></span> 
     </span>
    </p>
   </div>
   <div class='ocr_carea' id='block_1_128' title="bbox 2109 4540 3694 4605">
    <p class='ocr_par' dir='ltr' id='par_1_128' title="bbox 2109 4540 3694 4605">
     <span class='ocr_line' id='line_1_130' title="bbox 2109 4540 3694 4605; baseline 0.004 -15"><span class='ocrx_word' id='word_1_1002' title='bbox 2109 4540 2409 4593; x_wconf 90' lang='lat' dir='ltr'><strong>voluntaria</strong></span> <span class='ocrx_word' id='word_1_1003' title='bbox 2440 4580 2455 4605; x_wconf 91' lang='lat'><strong>,</strong></span> <span class='ocrx_word' id='word_1_1004' title='bbox 2500 4541 2583 4594; x_wconf 90' lang='lat' dir='ltr'><strong>vel</strong></span> <span class='ocrx_word' id='word_1_1005' title='bbox 2617 4541 2666 4594; x_wconf 93' lang='lat' dir='ltr'><strong>in</strong></span> <span class='ocrx_word' id='word_1_1006' title='bbox 2696 4555 2777 4605; x_wconf 90' lang='lat' dir='ltr'><strong>se,</strong></span> <span class='ocrx_word' id='word_1_1007' title='bbox 2810 4540 2892 4594; x_wconf 86' lang='lat' dir='ltr'><strong>vel</strong></span> <span class='ocrx_word' id='word_1_1008' title='bbox 2924 4540 2977 4593; x_wconf 88' lang='lat' dir='ltr'><strong>in</strong></span> <span class='ocrx_word' id='word_1_1009' title='bbox 3008 4555 3102 4593; x_wconf 87' lang='lat' dir='ltr'><strong>sua</strong></span> <span class='ocrx_word' id='word_1_1010' title='bbox 3132 4555 3293 4594; x_wconf 57' lang='lat' dir='ltr'><strong>causa</strong></span> <span class='ocrx_word' id='word_1_1011' title='bbox 3320 4581 3335 4603; x_wconf 89' lang='lat'><strong>,</strong></span> <span class='ocrx_word' id='word_1_1012' title='bbox 3369 4549 3423 4595; x_wconf 90' lang='lat' dir='ltr'><strong>et</strong></span> <span class='ocrx_word' id='word_1_1013' title='bbox 3456 4549 3694 4596; x_wconf 84' lang='lat' dir='ltr'><strong>eatenus</strong></span> 
     </span>
    </p>
   </div>
   <div class='ocr_carea' id='block_1_129' title="bbox 2110 4610 3694 4679">
    <p class='ocr_par' dir='ltr' id='par_1_129' title="bbox 2110 4610 3694 4679">
     <span class='ocr_line' id='line_1_131' title="bbox 2110 4610 3694 4679; baseline 0.001 -15"><span class='ocrx_word' id='word_1_1014' title='bbox 2110 4611 2313 4676; x_wconf 88' lang='lat' dir='ltr'><strong>peccati</strong></span> <span class='ocrx_word' id='word_1_1015' title='bbox 2344 4611 2610 4664; x_wconf 89' lang='lat' dir='ltr'><strong>rationem</strong></span> <span class='ocrx_word' id='word_1_1016' title='bbox 2645 4610 2829 4675; x_wconf 87' lang='lat' dir='ltr'><strong>habet,</strong></span> <span class='ocrx_word' id='word_1_1017' title='bbox 2860 4618 3123 4679; x_wconf 89' lang='lat' dir='ltr'><strong>quatenus</strong></span> <span class='ocrx_word' id='word_1_1018' title='bbox 3143 4620 3337 4665; x_wconf 87' lang='lat' dir='ltr'><strong>contra</strong></span> <span class='ocrx_word' id='word_1_1019' title='bbox 3370 4611 3458 4664; x_wconf 90' lang='lat' dir='ltr'><strong>vel</strong></span> <span class='ocrx_word' id='word_1_1020' title='bbox 3492 4620 3694 4679; x_wconf 67' lang='lat' dir='ltr'><strong>praeter</strong></span> 
     </span>
    </p>
   </div>
   <div class='ocr_carea' id='block_1_130' title="bbox 2108 4680 3687 4749">
    <p class='ocr_par' dir='ltr' id='par_1_130' title="bbox 2108 4680 3687 4749">
     <span class='ocr_line' id='line_1_132' title="bbox 2108 4680 3687 4749; baseline 0 -16"><span class='ocrx_word' id='word_1_1021' title='bbox 2108 4680 2282 4749; x_wconf 90' lang='lat' dir='ltr'><strong>legem</strong></span> <span class='ocrx_word' id='word_1_1022' title='bbox 2335 4680 2631 4734; x_wconf 84' lang='lat' dir='ltr'><strong>honestatis</strong></span> <span class='ocrx_word' id='word_1_1023' title='bbox 2678 4680 2885 4735; x_wconf 90' lang='lat' dir='ltr'><strong>directe</strong></span> <span class='ocrx_word' id='word_1_1024' title='bbox 2916 4680 3001 4733; x_wconf 88' lang='lat' dir='ltr'><strong>vel</strong></span> <span class='ocrx_word' id='word_1_1025' title='bbox 3035 4681 3301 4735; x_wconf 89' lang='lat' dir='ltr'><strong>indirecte</strong></span> <span class='ocrx_word' id='word_1_1026' title='bbox 3340 4682 3687 4748; x_wconf 83' lang='lat' dir='ltr'><strong>voluntaria;</strong></span> 
     </span>
    </p>
   </div>
   <div class='ocr_carea' id='block_1_131' title="bbox 2108 4752 3688 4822">
    <p class='ocr_par' dir='ltr' id='par_1_131' title="bbox 2108 4752 3688 4822">
     <span class='ocr_line' id='line_1_133' title="bbox 2108 4752 3688 4822; baseline 0 -18"><span class='ocrx_word' id='word_1_1027' title='bbox 2108 4763 2341 4822; x_wconf 82' lang='lat' dir='ltr'><strong>cumque</strong></span> <span class='ocrx_word' id='word_1_1028' title='bbox 2380 4752 2697 4822; x_wconf 88' lang='lat' dir='ltr'><strong>plerumque</strong></span> <span class='ocrx_word' id='word_1_1029' title='bbox 2718 4754 2787 4804; x_wconf 89' lang='lat' dir='ltr'><strong>sit</strong></span> <span class='ocrx_word' id='word_1_1030' title='bbox 2815 4752 3057 4819; x_wconf 64' lang='lat' dir='ltr'><strong>quedam</strong></span> <span class='ocrx_word' id='word_1_1031' title='bbox 3083 4752 3354 4805; x_wconf 89' lang='lat' dir='ltr'><strong>inchoatio</strong></span> <span class='ocrx_word' id='word_1_1032' title='bbox 3375 4766 3468 4805; x_wconf 89' lang='lat' dir='ltr'><strong>seu</strong></span> <span class='ocrx_word' id='word_1_1033' title='bbox 3496 4752 3688 4822; x_wconf 53' lang='lat' dir='ltr'><strong>dispo-</strong></span> 
     </span>
    </p>
   </div>
   <div class='ocr_carea' id='block_1_132' title="bbox 2107 4820 3690 4889">
    <p class='ocr_par' dir='ltr' id='par_1_132' title="bbox 2107 4820 3690 4889">
     <span class='ocr_line' id='line_1_134' title="bbox 2107 4820 3690 4889; baseline 0.002 -17"><span class='ocrx_word' id='word_1_1034' title='bbox 2107 4821 2234 4875; x_wconf 88' lang='lat' dir='ltr'><strong>sitio</strong></span> <span class='ocrx_word' id='word_1_1035' title='bbox 2278 4820 2344 4875; x_wconf 88' lang='lat' dir='ltr'><strong>ad</strong></span> <span class='ocrx_word' id='word_1_1036' title='bbox 2378 4821 2762 4889; x_wconf 90' lang='lat' dir='ltr'><strong>pollutionem,</strong></span> <span class='ocrx_word' id='word_1_1037' title='bbox 2794 4822 2918 4875; x_wconf 89' lang='lat' dir='ltr'><strong>inde</strong></span> <span class='ocrx_word' id='word_1_1038' title='bbox 2947 4821 3269 4876; x_wconf 88' lang='lat' dir='ltr'><strong>sumendum</strong></span> <span class='ocrx_word' id='word_1_1039' title='bbox 3311 4823 3379 4876; x_wconf 86' lang='lat' dir='ltr'><strong>de</strong></span> <span class='ocrx_word' id='word_1_1040' title='bbox 3434 4836 3494 4876; x_wconf 86' lang='lat' dir='ltr'><strong>ea</strong></span> <span class='ocrx_word' id='word_1_1041' title='bbox 3548 4820 3690 4876; x_wconf 83' lang='lat' dir='ltr'><strong>indi-</strong></span> 
     </span>
    </p>
   </div>
   <div class='ocr_carea' id='block_1_133' title="bbox 2107 4890 3692 4963">
    <p class='ocr_par' dir='ltr' id='par_1_133' title="bbox 2107 4890 3692 4963">
     <span class='ocr_line' id='line_1_135' title="bbox 2107 4890 3692 4963; baseline 0.001 -19"><span class='ocrx_word' id='word_1_1042' title='bbox 2107 4891 2250 4944; x_wconf 90' lang='lat' dir='ltr'><strong>cium</strong></span> <span class='ocrx_word' id='word_1_1043' title='bbox 2292 4890 2947 4963; x_wconf 11' lang='lat' dir='ltr'><strong>:proindegconsulenda</strong></span> <span class='ocrx_word' id='word_1_1044' title='bbox 2989 4902 3106 4961; x_wconf 68' lang='lat' dir='ltr'><strong>quae</strong></span> <span class='ocrx_word' id='word_1_1045' title='bbox 3127 4891 3196 4947; x_wconf 91' lang='lat' dir='ltr'><strong>de</strong></span> <span class='ocrx_word' id='word_1_1046' title='bbox 3243 4892 3543 4963; x_wconf 91' lang='lat' dir='ltr'><strong>pollutione</strong></span> <span class='ocrx_word' id='word_1_1047' title='bbox 3599 4892 3692 4947; x_wconf 83' lang='lat' dir='ltr'><strong>di-</strong></span> 
     </span>
    </p>
   </div>
   <div class='ocr_carea' id='block_1_134' title="bbox 2107 4961 2815 5017">
    <p class='ocr_par' dir='ltr' id='par_1_134' title="bbox 2107 4961 2815 5017">
     <span class='ocr_line' id='line_1_136' title="bbox 2107 4961 2815 5017; baseline 0 -3"><span class='ocrx_word' id='word_1_1048' title='bbox 2107 4969 2299 5014; x_wconf 87' lang='lat' dir='ltr'><strong>centur</strong></span> <span class='ocrx_word' id='word_1_1049' title='bbox 2326 4962 2381 5015; x_wconf 91' lang='lat' dir='ltr'><strong>in</strong></span> <span class='ocrx_word' id='word_1_1050' title='bbox 2403 4961 2815 5017; x_wconf 84' lang='lat' dir='ltr'><strong>Collationibus.</strong></span> 
     </span>
    </p>
   </div>
   <div class='ocr_carea' id='block_1_135' title="bbox 2179 5029 3700 5104">
    <p class='ocr_par' dir='ltr' id='par_1_135' title="bbox 2179 5029 3700 5104">
     <span class='ocr_line' id='line_1_137' title="bbox 2179 5029 3700 5104; baseline 0.001 -19"><span class='ocrx_word' id='word_1_1051' title='bbox 2179 5029 2206 5069; x_wconf 74' lang='grc' dir='ltr'><strong>ι)</strong></span> <span class='ocrx_word' id='word_1_1052' title='bbox 2230 5031 2550 5104; x_wconf 83' lang='lat' dir='ltr'><strong>Dionysiana</strong></span> <span class='ocrx_word' id='word_1_1053' title='bbox 2584 5033 2928 5104; x_wconf 85' lang='lat' dir='ltr'><strong>paraphrasis</strong></span> <span class='ocrx_word' id='word_1_1054' title='bbox 2967 5050 2981 5104; x_wconf 67' lang='grc' dir='ltr'><strong><em>ς</em></strong></span> <span class='ocrx_word' id='word_1_1055' title='bbox 3026 5031 3303 5087; x_wconf 85' lang='lat' dir='ltr'><strong>Nocturna</strong></span> <span class='ocrx_word' id='word_1_1056' title='bbox 3336 5032 3504 5104; x_wconf 87' lang='lat' dir='ltr'><strong>quiete</strong></span> <span class='ocrx_word' id='word_1_1057' title='bbox 3544 5049 3700 5087; x_wconf 89' lang='lat' dir='ltr'><strong>mon-</strong></span> 
     </span>
    </p>
   </div>
   <div class='ocr_carea' id='block_1_136' title="bbox 2108 5101 3695 5176">
    <p class='ocr_par' dir='ltr' id='par_1_136' title="bbox 2108 5101 3695 5176">
     <span class='ocr_line' id='line_1_138' title="bbox 2108 5101 3695 5176; baseline 0.001 -22"><span class='ocrx_word' id='word_1_1058' title='bbox 2108 5108 2307 5176; x_wconf 75' lang='lat' dir='ltr'><strong>stratur</strong></span> <span class='ocrx_word' id='word_1_1059' title='bbox 2355 5101 2597 5171; x_wconf 74' lang='lat' dir='ltr'><strong>qualibus</strong></span> <span class='ocrx_word' id='word_1_1060' title='bbox 2644 5103 3072 5176; x_wconf 74' lang='lat' dir='ltr'><strong>distractionibus</strong></span> <span class='ocrx_word' id='word_1_1061' title='bbox 3114 5101 3481 5176; x_wconf 81' lang='lat' dir='ltr'><strong>cogitationum</strong></span> <span class='ocrx_word' id='word_1_1062' title='bbox 3519 5104 3695 5174; x_wconf 85' lang='lat' dir='ltr'><strong>negli-</strong></span> 
     </span>
    </p>
   </div>
   <div class='ocr_carea' id='block_1_137' title="bbox 2108 5172 3699 5244">
    <p class='ocr_par' dir='ltr' id='par_1_137' title="bbox 2108 5172 3699 5244">
     <span class='ocr_line' id='line_1_139' title="bbox 2108 5172 3699 5244; baseline 0.002 -19"><span class='ocrx_word' id='word_1_1063' title='bbox 2108 5172 2311 5244; x_wconf 89' lang='lat' dir='ltr'><strong>gentius</strong></span> <span class='ocrx_word' id='word_1_1064' title='bbox 2357 5189 2633 5244; x_wconf 81' lang='lat' dir='ltr'><strong>evagemur</strong></span> <span class='ocrx_word' id='word_1_1065' title='bbox 2667 5173 2724 5226; x_wconf 91' lang='lat' dir='ltr'><strong>in</strong></span> <span class='ocrx_word' id='word_1_1066' title='bbox 2764 5174 2867 5228; x_wconf 88' lang='lat' dir='ltr'><strong>die.</strong></span> <span class='ocrx_word' id='word_1_1067' title='bbox 2920 5172 3089 5227; x_wconf 86' lang='lat' dir='ltr'><strong>Porro</strong></span> <span class='ocrx_word' id='word_1_1068' title='bbox 3127 5172 3195 5228; x_wconf 81' lang='lat' dir='ltr'><strong>de</strong></span> <span class='ocrx_word' id='word_1_1069' title='bbox 3231 5172 3600 5228; x_wconf 46' lang='lat' dir='ltr'><strong>illusionibns‘</strong></span> <span class='ocrx_word' id='word_1_1070' title='bbox 3637 5182 3699 5227; x_wconf 83' lang='lat' dir='ltr'><strong>et</strong></span> 
     </span>
    </p>
   </div>
   <div class='ocr_carea' id='block_1_138' title="bbox 2110 5243 3696 5313">
    <p class='ocr_par' dir='ltr' id='par_1_138' title="bbox 2110 5243 3696 5313">
     <span class='ocr_line' id='line_1_140' title="bbox 2110 5243 3696 5313; baseline 0.002 -19"><span class='ocrx_word' id='word_1_1071' title='bbox 2110 5243 2506 5310; x_wconf 85' lang='lat' dir='ltr'><strong>polhttionibus</strong></span> <span class='ocrx_word' id='word_1_1072' title='bbox 2556 5244 2860 5306; x_wconf 89' lang='lat' dir='ltr'><strong>nocturnis,</strong></span> <span class='ocrx_word' id='word_1_1073' title='bbox 2910 5257 3207 5313; x_wconf 88' lang='lat' dir='ltr'><strong>earumque</strong></span> <span class='ocrx_word' id='word_1_1074' title='bbox 3257 5244 3467 5309; x_wconf 73' lang='lat' dir='ltr'><strong>causis,</strong></span> <span class='ocrx_word' id='word_1_1075' title='bbox 3514 5246 3696 5311; x_wconf 79' lang='lat' dir='ltr'><strong>agitur</strong></span> 
     </span>
    </p>
   </div>
   <div class='ocr_carea' id='block_1_139' title="bbox 2110 5313 3211 5383">
    <p class='ocr_par' dir='ltr' id='par_1_139' title="bbox 2110 5313 3211 5383">
     <span class='ocr_line' id='line_1_141' title="bbox 2110 5313 3211 5383; baseline 0.001 -18"><span class='ocrx_word' id='word_1_1076' title='bbox 2110 5314 2320 5381; x_wconf 89' lang='lat' dir='ltr'><strong>plenius</strong></span> <span class='ocrx_word' id='word_1_1077' title='bbox 2348 5315 2536 5368; x_wconf 91' lang='lat' dir='ltr'><strong>collat.</strong></span> <span class='ocrx_word' id='word_1_1078' title='bbox 2568 5313 2639 5365; x_wconf 70' lang='grc'><strong>22</strong></span> <span class='ocrx_word' id='word_1_1079' title='bbox 2669 5328 2789 5383; x_wconf 85' lang='lat' dir='ltr'><strong>cap.</strong></span> <span class='ocrx_word' id='word_1_1080' title='bbox 2822 5315 2855 5368; x_wconf 82' lang='grc'>5</span> <span class='ocrx_word' id='word_1_1081' title='bbox 2879 5323 2935 5368; x_wconf 91' lang='lat' dir='ltr'><strong>et</strong></span> <span class='ocrx_word' id='word_1_1082' title='bbox 2962 5324 3211 5382; x_wconf 81' lang='lat' dir='ltr'><strong>sequent.</strong></span> 
     </span>
    </p>
   </div>
   <div class='ocr_carea' id='block_1_140' title="bbox 2184 5382 3694 5453">
    <p class='ocr_par' dir='ltr' id='par_1_140' title="bbox 2184 5382 3694 5453">
     <span class='ocr_line' id='line_1_142' title="bbox 2184 5382 3694 5453; baseline 0 -16"><span class='ocrx_word' id='word_1_1083' title='bbox 2184 5393 2206 5421; x_wconf 69' lang='grc' dir='ltr'><strong>α</strong></span> <span class='ocrx_word' id='word_1_1084' title='bbox 2250 5382 2565 5453; x_wconf 72' lang='lat' dir='ltr'><strong>Huiusmodi</strong></span> <span class='ocrx_word' id='word_1_1085' title='bbox 2616 5382 2906 5437; x_wconf 77' lang='lat' dir='ltr'><strong>nocturnas</strong></span> <span class='ocrx_word' id='word_1_1086' title='bbox 2935 5384 3220 5439; x_wconf 87' lang='lat' dir='ltr'><strong>illusiones</strong></span> <span class='ocrx_word' id='word_1_1087' title='bbox 3260 5391 3317 5438; x_wconf 88' lang='lat' dir='ltr'><strong>et</strong></span> <span class='ocrx_word' id='word_1_1088' title='bbox 3355 5384 3694 5439; x_wconf 84' lang='lat' dir='ltr'><strong>somniorum</strong></span> 
     </span>
    </p>
   </div>
   <div class='ocr_carea' id='block_1_141' title="bbox 2109 5452 3698 5524">
    <p class='ocr_par' dir='ltr' id='par_1_141' title="bbox 2109 5452 3698 5524">
     <span class='ocr_line' id='line_1_143' title="bbox 2109 5452 3698 5524; baseline 0.001 -18"><span class='ocrx_word' id='word_1_1089' title='bbox 2109 5452 2339 5507; x_wconf 74' lang='lat' dir='ltr'><strong>ludibria</strong></span> <span class='ocrx_word' id='word_1_1090' title='bbox 2371 5470 2438 5508; x_wconf 88' lang='lat' dir='ltr'><strong>ex</strong></span> <span class='ocrx_word' id='word_1_1091' title='bbox 2472 5463 2732 5507; x_wconf 71' lang='lat' dir='ltr'><strong>anteacta:</strong></span> <span class='ocrx_word' id='word_1_1092' title='bbox 2764 5464 2886 5507; x_wconf 73' lang='lat' dir='ltr'><strong>vna.-</strong></span> <span class='ocrx_word' id='word_1_1093' title='bbox 2930 5455 3138 5507; x_wconf 90' lang='lat' dir='ltr'><strong>actibus</strong></span> <span class='ocrx_word' id='word_1_1094' title='bbox 3178 5464 3234 5509; x_wconf 92' lang='lat' dir='ltr'><strong>et</strong></span> <span class='ocrx_word' id='word_1_1095' title='bbox 3273 5455 3698 5524; x_wconf 69' lang='lat' dir='ltr'><strong>cogitationibus</strong></span> 
     </span>
    </p>
   </div>
   <div class='ocr_carea' id='block_1_142' title="bbox 2108 5524 3698 5592">
    <p class='ocr_par' dir='ltr' id='par_1_142' title="bbox 2108 5524 3698 5592">
     <span class='ocr_line' id='line_1_144' title="bbox 2108 5524 3698 5592; baseline -0.001 -15"><span class='ocrx_word' id='word_1_1096' title='bbox 2108 5525 2210 5579; x_wconf 89' lang='lat' dir='ltr'><strong>sibi</strong></span> <span class='ocrx_word' id='word_1_1097' title='bbox 2236 5525 2471 5586; x_wconf 85' lang='lat' dir='ltr'><strong>residua,</strong></span> <span class='ocrx_word' id='word_1_1098' title='bbox 2495 5535 2549 5578; x_wconf 89' lang='lat' dir='ltr'><strong>et</strong></span> <span class='ocrx_word' id='word_1_1099' title='bbox 2577 5524 2809 5578; x_wconf 87' lang='lat' dir='ltr'><strong>subinde</strong></span> <span class='ocrx_word' id='word_1_1100' title='bbox 2831 5525 3195 5588; x_wconf 88' lang='lat' dir='ltr'><strong>occurrentia,</strong></span> <span class='ocrx_word' id='word_1_1101' title='bbox 3225 5540 3343 5577; x_wconf 89' lang='lat' dir='ltr'><strong>cum</strong></span> <span class='ocrx_word' id='word_1_1102' title='bbox 3370 5526 3570 5592; x_wconf 78' lang='lat' dir='ltr'><strong>gemitu</strong></span> <span class='ocrx_word' id='word_1_1103' title='bbox 3597 5526 3698 5576; x_wconf 77' lang='lat' dir='ltr'><strong>de-</strong></span> 
     </span>
    </p>
   </div>
   <div class='ocr_carea' id='block_1_143' title="bbox 2108 5594 3699 5663">
    <p class='ocr_par' dir='ltr' id='par_1_143' title="bbox 2108 5594 3699 5663">
     <span class='ocr_line' id='line_1_145' title="bbox 2108 5594 3699 5663; baseline 0 -15"><span class='ocrx_word' id='word_1_1104' title='bbox 2108 5594 2307 5663; x_wconf 85' lang='lat' dir='ltr'><strong>plorat,</strong></span> <span class='ocrx_word' id='word_1_1105' title='bbox 2338 5606 2392 5649; x_wconf 90' lang='lat' dir='ltr'><strong>et</strong></span> <span class='ocrx_word' id='word_1_1106' title='bbox 2417 5595 2485 5648; x_wconf 90' lang='lat' dir='ltr'><strong>ab</strong></span> <span class='ocrx_word' id='word_1_1107' title='bbox 2513 5595 2578 5647; x_wconf 84' lang='lat' dir='ltr'><strong>iis</strong></span> <span class='ocrx_word' id='word_1_1108' title='bbox 2610 5594 2829 5648; x_wconf 76' lang='lat' dir='ltr'><strong>liberari</strong></span> <span class='ocrx_word' id='word_1_1109' title='bbox 2858 5595 3063 5663; x_wconf 83' lang='lat' dir='ltr'><strong>expetit</strong></span> <span class='ocrx_word' id='word_1_1110' title='bbox 3102 5594 3163 5647; x_wconf 88' lang='lat' dir='ltr'><strong>D.</strong></span> <span class='ocrx_word' id='word_1_1111' title='bbox 3189 5598 3518 5662; x_wconf 75' lang='lat' dir='ltr'><strong>Augustinus</strong></span> <span class='ocrx_word' id='word_1_1112' title='bbox 3546 5600 3594 5647; x_wconf 85' lang='lat' dir='ltr'><strong>in</strong></span> <span class='ocrx_word' id='word_1_1113' title='bbox 3623 5596 3699 5648; x_wconf 91' lang='lat' dir='ltr'><strong>li-</strong></span> 
     </span>
    </p>
   </div>
   <div class='ocr_carea' id='block_1_144' title="bbox 2106 5662 3696 5734">
    <p class='ocr_par' dir='ltr' id='par_1_144' title="bbox 2106 5662 3696 5734">
     <span class='ocr_line' id='line_1_146' title="bbox 2106 5662 3696 5734; baseline -0.001 -15"><span class='ocrx_word' id='word_1_1114' title='bbox 2106 5664 2220 5719; x_wconf 91' lang='lat' dir='ltr'><strong>bris</strong></span> <span class='ocrx_word' id='word_1_1115' title='bbox 2244 5665 2657 5720; x_wconf 81' lang='lat' dir='ltr'><strong>Conlessionum</strong></span> <span class='ocrx_word' id='word_1_1116' title='bbox 2693 5663 2831 5734; x_wconf 90' lang='lat' dir='ltr'><strong>(Lib.</strong></span> <span class='ocrx_word' id='word_1_1117' title='bbox 2881 5680 2913 5718; x_wconf 95' lang='lat' dir='ltr'><strong>x</strong></span> <span class='ocrx_word' id='word_1_1118' title='bbox 2934 5662 3065 5733; x_wconf 83' lang='lat' dir='ltr'><strong>cap.</strong></span> <span class='ocrx_word' id='word_1_1119' title='bbox 3095 5662 3185 5734; x_wconf 81' lang='lat'><strong>50)</strong></span> <span class='ocrx_word' id='word_1_1120' title='bbox 3212 5682 3224 5717; x_wconf 90' lang='lat'><strong>:</strong></span> <span class='ocrx_word' id='word_1_1121' title='bbox 3256 5665 3459 5730; x_wconf 80' lang='lat' dir='ltr'><strong>Adhuc,</strong></span> <span class='ocrx_word' id='word_1_1122' title='bbox 3487 5666 3696 5733; x_wconf 86' lang='lat' dir='ltr'><strong>inquit,</strong></span> 
     </span>
    </p>
   </div>
   <div class='ocr_carea' id='block_1_145' title="bbox 2106 5736 3697 5806">
    <p class='ocr_par' dir='ltr' id='par_1_145' title="bbox 2106 5736 3697 5806">
     <span class='ocr_line' id='line_1_147' title="bbox 2106 5736 3697 5806; baseline 0.001 -17"><span class='ocrx_word' id='word_1_1123' title='bbox 2106 5736 2276 5790; x_wconf 86' lang='lat' dir='ltr'><strong>vivunt</strong></span> <span class='ocrx_word' id='word_1_1124' title='bbox 2295 5738 2349 5791; x_wconf 87' lang='lat' dir='ltr'><strong>in</strong></span> <span class='ocrx_word' id='word_1_1125' title='bbox 2371 5736 2617 5792; x_wconf 69' lang='lat' dir='ltr'><strong>memoria</strong></span> <span class='ocrx_word' id='word_1_1126' title='bbox 2640 5751 2752 5791; x_wconf 88' lang='lat' dir='ltr'><strong>mea</strong></span> <span class='ocrx_word' id='word_1_1127' title='bbox 2774 5736 2957 5792; x_wconf 85' lang='lat' dir='ltr'><strong>talium</strong></span> <span class='ocrx_word' id='word_1_1128' title='bbox 2982 5751 3156 5790; x_wconf 89' lang='lat' dir='ltr'><strong>rerum</strong></span> <span class='ocrx_word' id='word_1_1129' title='bbox 3178 5736 3448 5804; x_wconf 82' lang='lat' dir='ltr'><strong>imagines,</strong></span> <span class='ocrx_word' id='word_1_1130' title='bbox 3472 5750 3601 5806; x_wconf 79' lang='lat' dir='ltr'><strong>quas</strong></span> <span class='ocrx_word' id='word_1_1131' title='bbox 3621 5736 3697 5790; x_wconf 82' lang='lat' dir='ltr'><strong>ibi</strong></span> 
     </span>
    </p>
   </div>
  </div>
