3986 6320
243 365 336 424 28!

715 361 808 419 DE
845 361 1328 421 C(ENOBIORUM
1369 349 1611 420 lNSTlT.
1652 365 1782 422 LIB.
1823 365 1912 424 Vl.
1945 398 2014 410 --
2047 366 2133 424 DE
2173 366 2442 424 SPIRITU
2483 319 3024 426 FOBNICATIONIS.

3413 371 3519 432 28‘!

245 483 316 537 tia
365 483 631 550 temporis
679 481 1048 550 praecedentis
1077 520 1094 546 ,
1138 487 1194 534 et.
1243 479 1608 536 manifestatio
1653 480 1826 536 morbi
1853 486 2291 552 Acognoscens,
2333 481 2443 538 illic
2485 497 2671 536 curam
2716 483 2964 538 adhibuit
3003 482 3315 553 medicinae,
3363 485 3513 545 unde

242 577 458 632 latentis
489 575 853 642 intrinsecus,
877 589 1034 644 quem
1073 587 1180 628 non
1213 574 1464 643 primitus
1495 574 1671 630 noctis
1699 573 1830 628 hora

241 670 490 740 parturiit
517 709 536 736 ,
589 669 690 724 sed
726 669 934 724 intimis
975 667 1168 722 anima:
1197 667 1534 722 reconditum
1566 667 1716 722 ﬁbris
1763 666 1828 722 ad

237 763 382 818 cutis
400 762 756 832 superﬁciem
780 761 954 816 somni
977 759 1276 816 refectione
1299 761 1574 830 produxit,
1597 776 1832 830 arguens

237 855 482 911 occultas
503 863 736 910 aestuum
761 855 960 918 febres,
987 867 1120 922 quas
1141 867 1239 922 per
1261 861 1432 908 totum
1459 853 1567 908 diei
1596 851 1830 922 spatium

235 949 420 1002 noxiis
468 947 898 1018 cogitationibus
931 947 1066 1018 pasti
1093 947 1468 1002 contraximus
1519 965 1531 999 :
1565 957 1624 1002 ut
1653 947 1832 1003 solent

235 1039 398 1093 malae
425 1053 646 1110 quoque
675 1038 1014 1094 valetudines
1045 1052 1332 1106 corporum
1377 1053 1482 1092 non
1531 1053 1595 1094 ea
1649 1037 1828 1108 colligi

233 1141 566 1201 tempestate
595 1133 650 1186 in
677 1147 784 1201 qua
817 1131 1068 1186 videntur
1097 1145 1412 1200 emergere,
1435 1130 1532 1187 sed
1559 1131 1831 1201 negligen-

234 1227 306 1278 tia
342 1235 468 1280 sunt
515 1226 780 1294 praeteriti
823 1225 1084 1296 temporis
1109 1226 1391 1296 acquisita:
1419 1267 1434 1292 ,
1487 1241 1594 1296 quo
1643 1237 1830 1296 pastus

232 1316 359 1386 quis
398 1317 776 1387 imprudenter
805 1318 952 1374 escis
981 1317 1142 1372 saluti
1173 1317 1466 1372 contrariis
1497 1318 1686 1373 noxios
1727 1317 1831 1374 ltu-

230 1425 420 1466 mores
445 1410 686 1479 sibimet,
721 1411 1060 1484 letltalesque
1087 1414 1380 1469 contraxit.

841 1547 1072 1604 CAPUT
1111 1549 1228 1604 ΧΠ.

235 1660 395 1728 Quod
443 1661 618 1714 carnis
675 1663 874 1730 paritas
928 1663 1038 1787 εἶβε
1087 1663 1340 1788 munditia
1389 1665 1557 1720 cordis
1609 1675 1826 1738 nequeat

911 1749 940 1787 ο
995 1749 1106 1788 mer
1129 1771 1148 1788 .

911 1749 1148 1790 ουιιηεη.

1933 589 2120 632 causas
2152 576 2322 631 morbi
2349 576 2716 647 principaliter
2744 586 2972 634 noverat
2997 593 3254 634 emanare
3280 597 3294 633 :
3321 589 3347 618 ι
3371 580 3507 648 Qui-

1933 683 2185 738 cumque.
2209 667 2480 736 inquiens,
2505 668 2700 723 viderit
2722 669 3001 724 mulierem
3032 670 3098 724 ad
3123 672 3516 741 concupiscen-

1933 759 2060 814 dum
2109 775 2260 826 eam,
2309 759 2418 830 jam
2465 760 2762 816 moechatus
2804 769 2888 815 est
2928 777 3048 816 eam
3097 763 3152 817 in
3205 763 3369 819 corde
3416 781 3516 820 suo

1933 849 2146 922 (Matth.
2181 851 2256 924 v).
2287 849 2314 890 δ
2341 851 2656 908 Petulantes
2677 855 2865 909 oculos
2897 863 3108 920 notans,
3143 869 3248 909 non
3280 865 3387 910 tam
3419 871 3514 912 eos

1931 943 2129 1012 arguit,
2160 959 2318 1012 quam
2361 944 2511 998 illum
2561 945 2876 1000 interiorem
2922 959 3161 1014 sensum,
3198 949 3287 1016 qui
3331 947 3514 1004 ol‘ﬁcio

1932 1050 2120 1091 eorum
2159 1035 2300 1090 male
2341 1037 2510 1090 utitur
2552 1035 2620 1090 ad
2665 1035 2970 1091 videndum.
3013 1037 3121 1093 Cor
3155 1053 3387 1120 namque
3431 1049 3514 1096 est

1929 1143 2128 1198 aegrum
2148 1137 2202 1184 et
2220 1130 2464 1184 saucium
2487 1129 2726 1184 libidinis
2744 1129 2853 1184 telo
2874 1129 3015 1198 quod
3040 1129 3107 1184 ad
3129 1133 3514 1202 concupiscen-

1931 1219 2057 1274 dum
2108 1220 2252 1276 videt
2297 1239 2310 1274 :
2357 1221 2678 1277 beneﬁcium
2732 1221 2962 1276 intuitus
3014 1229 3161 1277 recte
3215 1222 3433 1278 sibimet
3479 1237 3511 1278 a

1929 1321 2178 1368 creatore
2199 1326 2541 1378 concessum,
2576 1327 2676 1368 suo
2708 1313 2840 1368 vitio
2869 1311 2937 1366 ad
2971 1326 3192 1383 operum
3219 1328 3507 1384 pravorum

1929 1405 2236 1462 ministeria
2267 1417 2655 1476 contorquens,
2682 1416 2736 1462 et
2763 1407 2816 1461 in
2843 1408 3138 1478 semetipso
3174 1406 3508 1462 reconditum

1928 1499 2386 1568 concupiscentiae
2429 1499 2674 1554 morbum
2714 1501 3192 1570 contemplationis
3223 1499 3510 1555 occasione

1929 1591 2256 1660 produceus.
2308 1589 2515 1646 Idcirco
2570 1607 2700 1662 ergo
2745 1591 2871 1646 huic
2917 1593 3222 1662 praecipitur
3271 1591 3510 1646 salutare

1929 1683 2266 1750 mandatum,
2297 1684 2454 1752 cujus
2475 1684 2606 1739 vitio
2639 1685 2903 1754 pessimus
2931 1685 3158 1754 languor
3185 1685 3330 1739 visus
3353 1697 3510 1739 occa-

1927 1779 2082 1834 sione
2125 1778 2384 1848 procedit.
2429 1778 2544 1833 Non
2595 1777 2738 1834 enim
2788 1779 3012 1846 dicitur,
3060 1777 3216 1833 Omni
3266 1777 3506 1833 custodia

295 1870 544 1940 locoque
565 1869 785 1924 humani
809 1871 1027 1940 generis
1057 1881 1270 1926 creator
1297 1881 1353 1926 et
1381 1873 1628 1928 conditor
1651 1873 1816 1938 Deus,
1845 1885 1896 1946 ι
1922 1885 2078 1926 serva
2107 1871 2294 1956 oculos
2319 1881 2462 1936 tuos,
2486 1885 2624 1940 quos
2654 1869 2840 1940 utique
2871 1871 3112 1939 oportuit
3141 1869 3510 1940 principaliter

227 1961 437 2032 opiﬁcii
468 1962 552 2016 sui
575 1971 819 2017 naturam
855 1977 967 2032 pra:
993 1963 1246 2018 omnibus
1273 1963 1822 2034 emendationemque

1929 1965 2214 2028 custodiri,
2236 1966 2278 2020 si
2295 1981 2358 2020 ex
2383 1967 2509 2034 ipsis
2531 1963 2980 2035 concupiscentia:
3003 1963 3242 2034 prodiret
3262 1961 3506 2030 effectus;

1325 2078 1578 2134 ALARDI
1619 2077 1850 2136 ΟΑΖᾸΞΙ
1887 2079 2452 2136 COMMENTARIUS.

199 2169 552 2242 ‘consuetudo
577 2185 687 2222 mea
713 2171 848 2242 ﬁxit,
878 2177 926 2224 et
955 2181 1228 2226 occursant
1265 2171 1414 2236 mihi,
1445 2173 1678 2242 vigilanti
1700 2174 1816 2242 qui-

223 2239 350 2312 dem
371 2249 602 2312 carentes
624 2240 836 2306 viribus,
865 2243 922 2294 in
948 2242 1138 2294 somnis
1159 2251 1329 2296 autem
1351 2258 1452 2312 non
1471 2239 1634 2296 solum
1655 2239 1816 2312 usque

224 2311 292 2361 ad
345 2311 737 2364 delectationem
761 2353 774 2373 ,
807 2312 896 2364 sed
945 2313 1098 2365 etiam
1139 2329 1300 2378 usque
1328 2311 1396 2365 ad
1415 2311 1817 2366 -consensionem

223 2380 543 2452 [actumque
567 2382 906 2435 simillimum.
929 2381 992 2435 Et
1007 2392 1206 2435 tantum
1227 2383 1356 2435 valet
1374 2385 1614 2452 imaginis
1637 2383 1816 2436 illusio

223 2452 276 2502 in
301 2451 492 2522 anima
523 2467 651 2516 mea,
687 2462 733 2522 et
759 2455 812 2504 in
837 2469 989 2506 carne
1015 2469 1148 2517 mea,
1175 2463 1229 2506 ut
1259 2451 1532 2506 dormienti
1555 2455 1689 2522 falsa
1709 2455 1818 2507 visa

225 2521 580 2591 persuadeant
599 2521 734 2590 quod
759 2523 991 2590 vigilanti
1017 2539 1138 2576 vera
1163 2541 1264 2577 non
1287 2533 1518 2590 possunt.
1553 2521 1818 2592 Numquid

223 2601 356 2644 tunc
383 2607 480 2662 ego
509 2609 608 2645 non
635 2609 772 2658 sum,
805 2595 1014 2646 Domine
1037 2592 1176 2646 Deus
1205 2595 1382 2647 mens?
1405 2593 1468 2647 Et
1501 2605 1672 2648 tamen
1695 2605 1814 2648 tan-

225 2669 346 2714 tum
371 2663 582 2716 interest
609 2665 741 2715 inter
771 2665 1020 2730 meipsum
1050 2674 1097 2718 et
1139 2669 1392 2730 meipsum
1411 2705 1428 2732 ,
1461 2675 1512 2718 ut
1543 2668 1682 2718 intra
1707 2681 1817 2718 mo-

225 2741 470 2786 mentum
511 2749 623 2804 quo
652 2733 772 2786 hinc
811 2735 880 2786 ad
915 2751 1146 2804 soporem
1172 2747 1378 2789 transeo
1399 2777 1412 2800 ,
1459 2738 1536 2789 vel
1568 2737 1667 2790 huc
1697 2737 1818 2790 inde

225 2801 530 2876 retronseoj
557 2801 656 2876 Ubi
681 2814 754 2857 est
785 2815 904 2876 tunc
945 2801 1038 2858 illa
1067 2808 1222 2870 ratio,
1251 2805 1570 2876 quietulibus
1605 2823 1816 2876 sugges-

227 2871 478 2926 tionibsts
503 2875 683 2927 resistit
704 2873 961 2948 vigilct‘ns;
989 2877 1100 2948 etsi
1120 2893 1200 2932 res
1230 2871 1356 2948 ipsa!
1381 2871 1817 2946 ingerantuffin-

223 2958 522 3013 conantis
565 2947 782 2998 maneo?
823 2945 1088 3013 Numquid
1137 2945 1398 3002 clauditur
1441 2945 1562 3000 cum
1615 2948 1818 3000 oculis?

226 3012 518 3090 Numquid
533 3017 738 3090 sapitur
757 3012 1127 3090 cumsensibus
1154 3019 1423 3090 corporis?
1443 3017 1508 3071 Et
1533 3019 1666 3072 unde
1686 3035 1818 3090 stupe

225 3083 394 3138 etiam
421 3087 477 3138 in
505 3086 694 3160 somnis
723 3087 1036 3160 resistimus,
1067 3083 1330 3160 nostrique
1355 3089 1600 3158 propositi
1631 3083 1818 3160 memo-

225 3171 336 3228 τᾳ,
375 3163 530 3228 atque
553 3157 680 3228 ineo
701 3157 984 3210 castissime
1003 3157 1376 3228 permanentes,
1404 3157 1604 3212 nullum
1628 3159 1818 3213 talibus

227 3225 504 3279 illecebris
551 3227 848 3280 adhibemus
878 3225 1179 3284 assensum?
1209 3231 1278 3284 Et
1309 3241 1476 3284 tamen
1505 3240 1702 3284 tantum
1739 3231 1820 3282 iit-

227 3304 416 3370 terest,
447 3305 504 3348 ut
531 3312 644 3370 cum
664 3299 814 3351 aliter
837 3299 1046 3360 accidit.
1077 3303 1380 3370 evigilantes
1397 3299 1465 3353 ad
1495 3300 1820 3355 conscientiae

227 3367 470 3439 requiem
499 3369 798 3432 redeamus,
835 3370 1049 3439 ipsaque
1084 3367 1332 3426 distantia
1375 3373 1687 3438 reperiamus
1729 3389 1820 3424 nos

229 3453 342 3490 nos:
377 3437 580 3514 fecisse,
607 3441 947 3514 quod_tamen
1049 3442 1196 3496 nobis
1221 3437 1596 3514 quoquemodo
1627 3445 1820 3510 factum

229 3523 348 3580 csse
387 3507 682 3564 doleamus.
717 3510 983 3578 Numquid
1013 3527 1114 3564 non
1150 3507 1426 3580 potens-est
1469 3507 1653 3565 manus
1699 3522 1818 3580 tua,

229 3577 384 3632 Deus
405 3581 754 3654 onsnipotens,
781 3577 970 3654 sanare
997 3577 1172 3636 omnes
1201 3585 1474 3654 languores
1501 3585 1714 3646 animae,
1744 3577 1824 3654 at;

227 3665 336 3717 que
359 3649 746 3704 abundantiore
773 3653 942 3720 gratia
969 3661 1060 3706 tua
1092 3649 1310 3708 lascivoi
1339 3664 1504 3708 motus
1529 3655 1680 3705 etiam
1723 3653 1822 3706 mei

227 3722 446 3795 saporis
473 3721 834 3792 exstinguere?
854 3721 1096 3795 Augebis,
1123 3721 1358 3788 Domine,
1383 3725 1545 3793 magis
1560 3725 1824 3794 magisque

227 3792 282 3842 in
337 3808 426 3844 me
451 3807 664 3866 munera
705 3801 820 3866 tua,
856 3803 910 3844 ut
939 3792 1114 3866 animo
1151 3811 1261 3848 mea
1287 3792 1535 3866 sequatur
1567 3792 1824 3866 me’adite

227 3863 678 3934 concupiscentiis
705 3863 840 3920 visco
869 3864 1137 3934 expedita,
1162 3877 1214 3917 ut
1243 3863 1432 3919 non‘sit
1457 3865 1654 3919 rebellis
1693 3864 1818 3927 sibi,

227 3943 392 4006 utque
433 3941 514 3996 ut,
553 3933 606 3986 in
645 3935 837 4006 somnis
867 3933 1186 4006 eti’am,ﬂnon
1215 3937 1384 3989 solum
1425 3953 1528 3989 non
1572 3943 1824 4006 perpetrat

229 4004 366 4054 istas
387 4005 800 4078 corruptelarum
821 4005 1170 4078 turpitudines
1193 4023 1282 4073 per
1305 4009 1552 4078 imagines
1571 4004 1824 4078 animales

229 4091 402 4142 usque
421 4074 496 4126 ad
511 4077 678 4127 carnis
691 4074 916 4145 ﬂuxum,
937 4077 1024 4127 sed
1040 4093 1100 4128 ne
1126 4074 1650 4144 consentiat'quidem.
1683 4074 1826 4128 Nam

227 4155 286 4196 at
307 4145 452 4216 nihil
465 4146 584 4216 tale
609 4143 969 4198 velitantillum
990 4146 1160 4212 libeat,
1187 4143 1494 4216 quantulum
1515 4147 1674 4216 possit
1699 4153 1824 4198 nutu

229 4215 497 4276 cohiberi,
515 4217 668 4268 etiam
693 4217 744 4268 in
767 4225 908 4270 casto
931 4215 1232 4270 dormientis
1259 4217 1468 4284 aﬂ'ectu,
1495 4215 1598 4270 non
1629 4227 1824 4269 tantum

225 4285 284 4358 in
317 4287 420 4358 hac
445 4287 601 4358 vita,
629 4285 718 4338 sed
747 4289 902 4358 etiam
929 4287 981 4358 in
1005 4287 1098 4340 hac
1125 4297 1296 4350 (etate,
1329 4305 1428 4340 non
1463 4303 1704 4358 magnum
1749 4295 1824 4340 est

231 4354 754 4430 Omnipoteitti,_qui
785 4355 924 4430 vales
954 4357 1125 4430 facere
1149 4374 1306 4430 supra
1331 4375 1486 4428 quam
1531 4354 1748 4430 petimus
1779 4367 1828 4410 et

227 4427 606 4496 intelligimus.
643 4427 766 4480 llaec
815 4427 876 4479 D.
904 4427 1266 4496 Augustinus,
1317 4427 1422 4483 non
1454 4431 1629 4482 minus
1667 4429 1826 4482 docte

225 4511 404 4564 quam
427 4497 536 4562 pie,
565 4497 632 4552 de
657 4499 940 4552 nocturnis
963 4499 1304 4553 illusionibus
1321 4509 1375 4554 et
1401 4500 1680 4554 insomniis
1707 4513 1824 4562 qua:

229 4569 364 4633 pias
395 4579 605 4622 mentes
647 4583 752 4620 non
795 4583 916 4620 raro
941 4569 1203 4634 allligunl.
1247 4569 1348 4626 Ubi
1393 4579 1519 4624 nota
1571 4583 1820 4637 magnum

224 4639 537 4692 discrimen
561 4638 706 4691 inter
731 4638 1006 4692 hominem
1035 4639 1346 4706 vigilantem
1375 4651 1429 4696 et
1467 4641 1823 4694 dormientem

227 4709 282 4761 in
321 4707 635 4776 huiusmodi
689 4709 1030 4762 illusionibus
1057 4719 1148 4762 aut
1184 4709 1459 4765 illeCebris
1488 4711 1703 4774 carnis,
1756 4709 1825 4764 de

225 4794 350 4845 quo
377 4779 530 4832 alias.
555 4778 708 4850 Quod
729 4787 906 4850 autem
930 4779 1206 4850 iaitinitio,
1237 4781 1540 4850 hujusmodi
1561 4780 1826 4848 imagines

225 4863 431 4902 rerum
467 4849 702 4918 turpium
750 4849 978 4903 subinde
1005 4851 1055 4902 in
1097 4849 1677 4906 somnisoccurreutes
1711 4866 1824 4904 mo—
1853 4849 1904 4908 D

225 4934 380 4972 vere
415 4935 518 4971 non
547 4921 712 4973 solum
752 4935 912 4988 usque
956 4920 1024 4973 ad
1055 4921 1446 4974 delectationem
1475 4963 1488 4984 ,
1539 4921 1631 4974 sed
1669 4922 1828 4974 etiam

227 5004 412 5062 usque
433 4989 505 5062 ad
527 4990 914 5062 consensionem
943 4991 1233 5062 [actumque
1259 4992 1610 5056 simillimum;
1637 4993 1714 5044 sic
1735 4993 1828 5047 de-

227 5062 332 5114 bet
359 5059 604 5130 intelligi,
631 5061 759 5129 quia
787 5061 996 5114 videtur
1029 5059 1188 5115 homo
1213 5063 1478 5116 interdum
1499 5063 1828 5126 consentire,

231 5147 352 5184 non
387 5131 558 5184 solum
587 5131 886 5184 secundum
913 5130 1346 5201 imaginationem
1372 5177 1386 5198 ,
1419 5133 1514 5186 sed
1540 5133 1702 5186 etiam
1747 5147 1833 5188 se-

227 5201 485 5256 cundant
511 5201 814 5256 discursum
849 5201 1148 5256 intellectus
1188 5211 1244 5256 et
1273 5203 1616 5257 ratiocinium
1644 5243 1658 5266 ,
1707 5203 1834 5258 licet

225 5285 440 5326 revera
463 5287 566 5324 non
593 5273 926 5338 consentiat,
958 5274 1080 5336 quia
1113 5287 1220 5326 non
1249 5275 1410 5328 habet
1438 5275 1658 5326 omnino
1701 5275 1832 5329 Iibe-

227 5359 364 5395 rum
401 5342 622 5396 rationis
647 5357 824 5408 usum,
859 5353 914 5396 et
945 5339 1274 5410 facultatem,
1311 5353 1370 5397 ut
1403 5343 1562 5398 docet
1589 5345 1651 5396 D.
1687 5343 1830 5397 Tho-

223 5429 366 5466 mas
407 5415 572 5476 prima
603 5419 754 5478 parte
781 5429 834 5480 q.
867 5413 958 5472 84,
991 5421 1093 5465 art.
1122 5415 1175 5467 8.

309 5495 338 5518 α
390 5481 536 5536 Scite
568 5483 624 5535 υ.
661 5483 1021 5547 Iliemuymus
1056 5485 1108 5536 in
1153 5483 1295 5539 hunc
1332 5485 1506 5538 locum
1547 5483 1825 5538 Matthaai:

229 5553 400 5609 Inter
423 5555 576 5614 πάθος
613 5565 659 5606 et
684 5553 1034 5627 evocabam»,
1071 5555 1122 5606 id
1165 5565 1256 5618 est,
1299 5557 1432 5608 inter
1467 5555 1756 5625 passionem
1783 5563 1830 5607 et

227 5627 636 5694 propositionem
673 5623 771 5696 hoc
815 5625 1040 5696 interest,
1081 5627 1216 5690 quod
1241 5627 1430 5696 passio
1469 5623 1739 5696 reputatur
1777 5627 1831 5679 in

227 5699 464 5760 vitium;
505 5695 792 5766 propassio,
829 5695 944 5747 licet
977 5695 1122 5766 initii
1163 5695 1372 5766 culpata
1420 5695 1622 5758 habeat,
1664 5705 1830 5749 tamen

227 5762 574 5818 nontenelur
596 5762 662 5820 ’ἐπ
691 5765 934 5834 crimine.
968 5762 1102 5834 Ergo
1141 5767 1228 5834 qui
1252 5762 1444 5818 viderit
1473 5767 1610 5819 ntuli.
1629 5783 1752 5830 rem,
1785 5776 1834 5820 et

227 5839 428 5890 assium
463 5840 570 5908 ejus
609 5839 768 5906 fuerit
810 5832 1054 5894 tilillata,
1085 5832 1166 5888 hic
1203 5837 1534 5905 prapassione
1565 5852 1831 5890 vercussus

1917 2183 2026 2238 est;
2056 2175 2102 2228 si
2129 2189 2244 2228 vero
2281 2175 2612 2238 consenserit,
2645 2182 2691 2227 et
2730 2175 2792 2226 de
2817 2171 3125 2244 cogitatione
3159 2170 3411 2244 allectum
3433 2171 3509 2244 fe-

1919 2246 2064 2308 cerit,
2109 2244 2174 2316 de
2213 2245 2547 2316 prapassioue
2585 2245 2818 2316 transivit
2855 2241 2926 2316 ad
2964 2243 3286 2316 passionem,
3305 2251 3352 2295 et
3391 2241 3510 2294 huic

1921 2329 2022 2386 non
2051 2313 2283 2386 voluntas
2311 2313 2554 2386 peccandi
2597 2315 2754 2378 deest,
2793 2314 2885 2367 sed
2923 2314 3137 2386 occasio.
3187 2313 3504 2386 Quicumque

1919 2385 2078 2456 igitur
2111 2385 2292 2438 viderit
2315 2383 2586 2438 mulierem
2615 2385 2684 2436 ad
2710 2384 3203 2456 concupiscendum,
3243 2383 3299 2456 id
3337 2391 3430 2446 est,
3462 2385 3508 2435 si

1920 2453 2196 2526 aspexerit,
2229 2465 2280 2508 ut
2303 2455 2652 2522 concupiscat.
2684 2455 2930 2526 utfacere
2951 2455 3222 2526 disponat,
3254 2453 3346 2526 iste
3371 2461 3504 2526 recte

1921 2523 2114 2580 dicitur
2139 2543 2251 2578 eam
2278 2527 2520 2580 ntatchari
2549 2526 2601 2578 in
2630 2525 2782 2580 corde
2805 2541 2918 2579 suo.
2951 2525 3013 2578 D.
3051 2539 3212 2594 porro
3241 2523 3503 2594 Augusti-

1923 2613 2022 2650 nus
2055 2597 2105 2650 in
2137 2597 2340 2666 [tegula
2375 2598 2444 2650 ita
2473 2611 2600 2650 suos
2630 2597 2860 2650 clericos
2891 2593 3182 2666 ltrgul’ares
3214 2593 3500 2666 admonet:

1925 2667 2076 2720 Oculi
2121 2665 2271 2720 vestri
2328 2670 2420 2720 etsi
2462 2667 2730 2736 jaciantur
2777 2667 2830 2719 in
2887 2665 3114 2734 aliquam
3167 2665 3498 2736 feminarum,

1869 2753 1878 2766 '
1921 2737 2150 2808 ﬁgantur
2171 2739 2224 2790 in
2251 2734 2472 2792 nullam;
2499 2737 2676 2808 Neque
2697 2737 2832 2792 enim
2859 2737 3066 2804 quando
3097 2734 3394 2808 proceditis,
3421 2734 3501 2808 fc-

1921 2804 2084 2861 ininas
2131 2809 2300 2862 videre
2341 2804 2696 2874 prohibemini,
2735 2809 2826 2861 sed
2867 2804 3124 2872 appetere,
3154 2813 3244 2857 aut
3283 2804 3502 2874 abiipsis

1921 2881 2090 2948 appeti
2119 2878 2263 2940 velle,
2291 2881 2626 2932 criminosum
2650 2887 2744 2932 est.
2779 2875 2890 2930 Nec
2916 2877 3025 2930 solo
3050 2887 3186 2929 tactu
3214 2884 3261 2928 et
3283 2873 3495 2948 affectu,

1921 2945 2009 3004 sed
2035 2959 2243 3020 aspectu
2269 2965 2468 3020 quoque
2493 2951 2770 3020 appetitur,
2805 2957 2850 3020 et
2871 2949 3065 3020 appetit
3087 2945 3501 3020 concupiscentid

1923 3015 2256 3088 feminarum.
2282 3015 2402 3074 Nec
2431 3015 2614 3074 dicatis
2641 3035 2726 3073 vos
2745 3019 2932 3072 habere
2959 3018 3156 3072 animos
3183 3017 3420 3088 pudicos,
3449 3015 3493 3069 si

1921 3085 2152 3144 habeatis
2182 3093 2356 3144 oculos
2383 3091 2698 3158 impudicos,
2721 3091 2842 3158 quia
2871 3089 3162 3157 impudicus
3191 3085 3372 3140 oculus
3401 3087 3502 3140 im-

1925 3163 2100 3230 pudici
2129 3162 2296 3214 cordis
2325 3171 2396 3214 est
2429 3162 2658 3226 nuntius,
2683 3171 2788 3216 etc.
3153 3223 3157 3228 ι

2001 3231 2030 3270 b
2073 3233 2150 3286 De
2173 3233 2451 3286 oculorum
2477 3231 2792 3298 petulantia,
2817 3245 2910 3285 seu
2937 3226 3156 3285 lascivia
3184 3226 3504 3298 coercenda,

1932 3302 1994 3356 D.
2025 3303 2383 3368 Hieronymus
2424 3297 2506 3356 vel
2553 3303 2674 3366 quis
2713 3315 2921 3366 auctor,
2954 3302 3006 3354 iu
3037 3315 3155 3368 cap.
3196 3313 3248 3353 tv
3281 3297 3508 3352 Lamen-

1931 3373 2187 3426 talionum
2215 3370 2469 3428 Jeremiaa
2497 3391 2508 3424 :
2543 3371 2672 3426 Cum
2709 3389 2801 3444 per
2839 3373 3114 3444 incuriam.
3141 3370 3234 3430 ait,
3269 3377 3507 3444 aspectus

1928 3444 2216 3516 patefactus
2249 3445 2402 3512 fuerit
2442 3439 2719 3516 tentationi'
2739 3443 3046 3516 aditus,_vix
3067 3439 3507 3516 tranquillitatem

1925 3515 2146 3568 inveniet
2184 3511 2386 3580 animus
2427 3514 2684 3578 turbatus,
2731 3513 2832 3566 nisi
2873 3513 2951 3566 illi
2995 3511 3279 3580 subvenerit
3321 3511 3508 3580 divinas

1929 3585 2130 3650 pietatis
2176 3577 2413 3638 intuitus.
2453 3582 2584 3636 Hinc
2623 3577 2696 3637 est
2740 3583 2876 3650 quod
2923 3581 2985 3634 Β.
3027 3579 3128 3633 Job
3163 3583 3284 3634 ait:
3314 3577 3502 3650 Pepigi

1925 3649 2092 3723 ftedus
2139 3671 2258 3708 cum
2298 3655 2458 3708 oculis
2499 3655 2642 3723 meis,
2685 3649 2842 3706 utine
2887 3652 3162 3721 cogitarem
3200 3651 3402 3723 quidem
3441 3649 3506 3702 de

1927 3719 2120 3795 virgine
2157 3725 2299 3792 (Job.
2333 3723 2508 3795 XXXI).
2544 3722 2612 3778 Ut
2641 3725 2774 3776 enim
2803 3719 3138 3795 cogitationes
3167 3719 3338 3795 cordis
3364 3725 3502 3795 caste

1925 3791 2130 3848 servare
2153 3791 2338 3866 posset,
2378 3791 2540 3862 {trdus
2565 3810 2681 3846 cum
2716 3791 3123 3866 oculisprpigit,
3158 3806 3219 3842 ne
3252 3791 3393 3866 prius
3423 3793 3507 3866 in-

1924 3875 2072 3918 caute
2091 3857 2357 3932 aspiceret,
2378 3857 2518 3934 quod
2538 3864 2864 3934 postmodum
2884 3857 3072 3934 invitus
3093 3857 3308 3934 amaret.
3341 3857 3508 3934 Valde

1925 3929 2254 4002 namqucest,
2279 3929 2414 4006 quod
2439 3929 2558 4006 card
2585 3938 2825 4006 deorsum
2847 3933 3035 3997 trahit;
3065 3941 3112 3984 et
3133 3929 3289 4006 semel
3313 3930 3508 4006 specics

1927 3999 2104 4077 [oritur
2135 3999 2397 4074 cordi'per
2428 4004 2604 4059 oculos
2633 4005 2847 4077 alliguta
2883 4006 2969 4077 vis:
2999 4003 3171 4077 magni
3212 3999 3506 4077 luctaminis

1925 4071 2080 4130 manu
2105 4071 2340 4130 solvitur.
2366 4077 2458 4150 e
2483 4093 2606 4150 ergo
2625 4071 2863 4150 quiddam
2891 4071 3097 4150 lubrica:
3114 4074 3166 4126 in
3194 4071 3508 4150 cogitatione

1925 4163 2200 4212 versemus,
2231 4139 2604 4219 providendum
2631 4139 2774 4200 nobis
2802 4155 2916 4219 est_;_
2933 4146 3054 4219 quia
3077 4139 3388 4219 intuerinon
3418 4139 3512 4192 de-

1927 4219 2023 4292 bet,
2053 4211 2330 4292 quodnon
2364 4221 2480 4272 licet
2517 4217 2833 4292 concupisci.
2872 4211 3338 4292 Utieninrmunda
3359 4226 3510 4292 utens

1925 4289 1978 4342 in
2005 4283 2312 4356 cogitatione
2339 4297 2565 4344 servetur
2588 4305 2618 4340 a
2641 4289 2852 4342 lascivia
2879 4287 3154 4356 voluptatis
3182 4299 3308 4356 sum,
3336 4283 3511 4356 depri-

1925 4353 2096 4414 mendi
2125 4371 2242 4414 sunt
2269 4363 2426 4426 oculi,
2459 4359 2608 4428 quasi
2647 4358 2848 4428 quidem
2890 4353 3126 4424 raptores
3166 4355 3236 4428 ad
3279 4353 3509 4428 culpam.

1929 4428 2110 4500 Neque
2125 4432 2262 4483 enim
2282 4430 2392 4484 Eva
2411 4423 2607 4500 lignum
2621 4423 2828 4482 vetitum
2845 4423 3139 4500 contigisset
3157 4423 3313 4500 (Gen.
3335 4423 3508 4491 XXXI),

1927 4498 2030 4570 nisi
2053 4499 2151 4553 hoc
2177 4503 2320 4570 prius
2347 4498 2546 4554 incaute
2575 4498 3164 4570 respicer’eLﬂScriptum
3187 4499 3509 4570 quippe_est:

1936 4569 2078 4624 Vidit
2105 4567 2288 4623 mulier
2309 4571 2448 4626 quod
2479 4571 2670 4622 bonum
2695 4579 2822 4622 esset
2854 4567 3047 4626 lignum
3079 4567 3145 4620 ad
3175 4567 3506 4625 vescendum,

1925 4651 1974 4692 et
2003 4641 2276 4707 pulchrum
2320 4639 2504 4704 oculis,
2538 4649 2844 4708 aspectuque
2872 4633 3195 4702 delectabile,
3229 4647 3272 4689 et
3299 4634 3419 4708 tulit
3451 4633 3513 4684 de

1926 4703 2099 4778 fructu
2149 4713 2308 4782 illius,
2358 4719 2404 4763 et
2447 4703 2686 4782 comedit.
2733 4703 2874 4764 Hinc
2915 4725 3037 4782 ergo
3079 4703 3400 4782 pensandum
3439 4710 3512 4782 est

1924 4791 2116 4850 quanto
2138 4781 2374 4834 debemus
2397 4781 2746 4852 moderamine
2766 4795 2888 4850 erga
2909 4778 3098 4852 illicita
3121 4778 3284 4852 visunt
3301 4778 3514 4852 restrin-

1929 4849 2066 4920 gere,
2097 4867 2188 4903 nos
2215 4855 2300 4922 qui
2329 4851 2612 4904 mortaliter
2641 4849 2874 4922 vivimuf,
2905 4849 2951 4902 si
2973 4859 3212 4922 etimater
3239 4849 3510 4922 vivcntium

1931 4912 2020 4990 per
2053 4912 2238 4976 oculos.
2273 4923 2340 4974 ad
2372 4933 2592 4995 mortem
2615 4923 2766 4995 venit.
2809 4919 2939 4974 Hinc
2977 4921 3138 4974 etiam
3176 4916 3268 4995 sub
3312 4912 3514 4995 ludicre

1933 4988 2074 5054 voce,
2103 5009 2219 5060 qua:
2255 4994 2510 5046 exteriora
2547 4991 2755 5044 vivendo
2795 4995 3179 5060 concupiscens,
3209 4988 3354 5060 bona_
3383 4988 3514 5060 intc-

1933 5064 2072 5116 riora
2111 5054 2424 5136 perdiderit,
2457 5061 2706 5136 propheta
2746 5061 2864 5115 dicit
2906 5054 3130 5136 (Thren;
3161 5061 3276 5124 Iv):
3309 5054 3516 5136 .Ocult-ts

1936 5149 2079 5187 meus
2105 5125 2432 5202 deprwdatus
2457 5125 2563 5204 "est
2584 5133 2809 5204 animum
2857 5125 3061 5204 meum.
3091 5125 3512 5204 Concupiscendo

1936 5205 2070 5276 enim
2099 5199 2344 5270 visibilia,
2377 5203 2652 5258 invisibiles
2679 5203 2885 5276 virtutes
2911 5203 3104 5276 amisit.
3139 5199 3408 5276 Qum-ergo
3439 5199 3518 5248 iit-

1936 5275 2172 5341 teriorem
2219 5268 2422 5328 sensum
2471 5291 2558 5339 per
2599 5273 2898 5328 exteriorem
2937 5273 3099 5324 visum
3141 5268 3384 5341 perdidit,
3429 5280 3518 5341 pqr

1937 5336 2144 5416 oculum
2173 5347 2400 5416 corporis
2431 5336 2641 5414 pertulit
2681 5343 2912 5416 prtedam
2951 5336 3148 5394 cordis.
3190 5336 3338 5390 Unde
3368 5336 3514 5388 nobis

1935 5415 2004 5468 ad
2032 5413 2616 5468 custodieitdam’cordis
2658 5413 2987 5486 munditiam,
3022 5419 3347 5486 eicterum'unt
3383 5421 3517 5486 quos

1936 5501 2034 5554 que
2059 5503 2300 5539 sensuum
2329 5485 2604 5552 disciplina
2631 5485 2881 5536 servanda
2906 5491 2997 5533 est.
3033 5479 3175 5532 Nam
3201 5477 3516 5554 quantalibet

1936 5547 2186 5625 gravitate
2207 5573 2348 5608 utens
2375 5547 2562 5626 vigeat,
2591 5555 2824 5626 carnales
2854 5561 3020 5626 tamen
3052 5566 3228 5626 sensus
3251 5547 3518 5626 pueriliter

1939 5621 2162 5699 exterius
2189 5621 2618 5699 perstrepi—intret
2647 5625 2742 5699 nisi
2783 5621 3046 5699 interioris
3088 5621 3353 5699 gravitatis
3393 5633 3519 5699 pan:

1937 5696 2056 5750 dere
2092 5705 2140 5750 et
2177 5687 2323 5768 quasi
2363 5687 2561 5768 iuranti
2591 5695 2813 5764 quodam
2853 5691 3039 5744 ardore
3075 5687 3435 5768 reﬁci-tentur;
3452 5687 3518 5740 ad

1939 5769 2086 5836 ﬂuxa
2124 5758 2339 5837 quisque
2363 5758 2424 5819 et
2467 5758 2842 5818 levia'mentem
2869 5777 3100 5816 enervem
3130 5758 3360 5816 trahunt.
3397 5758 3518 5812 Hinc

1942 5839 2073 5906 ipse.
