  <div class='ocr_page' id='page_1' title='image "/cluster/home/n/w/nwhite01/storage/ocr_20150623/49/hvd.32044015471543/147.png"; bbox 0 0 3986 6320; ppageno 0'>
   <div class='ocr_carea' id='block_1_1' title="bbox 549 307 656 367">
    <p class='ocr_par' dir='ltr' id='par_1_1' title="bbox 549 307 656 367">
     <span class='ocr_line' id='line_1_1' title="bbox 549 307 656 367; baseline -0.019 0"><span class='ocrx_word' id='word_1_1' title='bbox 549 307 656 367; x_wconf 69' lang='lat'><strong>283</strong></span> 
     </span>
    </p>
   </div>
   <div class='ocr_carea' id='block_1_2' title="bbox 1863 303 2499 367">
    <p class='ocr_par' dir='ltr' id='par_1_2' title="bbox 1863 303 2499 367">
     <span class='ocr_line' id='line_1_2' title="bbox 1863 303 2499 367; baseline 0.008 -6"><span class='ocrx_word' id='word_1_2' title='bbox 1863 304 2077 362; x_wconf 80' lang='lat' dir='ltr'><strong>JOANN</strong></span> <span class='ocrx_word' id='word_1_3' title='bbox 2084 305 2146 363; x_wconf 88' lang='lat' dir='ltr'><strong>IS</strong></span> <span class='ocrx_word' id='word_1_4' title='bbox 2180 303 2499 367; x_wconf 80' lang='lat' dir='ltr'><strong>CASSIANI</strong></span> 
     </span>
    </p>
   </div>
   <div class='ocr_carea' id='block_1_3' title="bbox 550 421 3805 503">
    <p class='ocr_par' dir='ltr' id='par_1_3' title="bbox 550 421 3805 503">
     <span class='ocr_line' id='line_1_3' title="bbox 550 421 3805 503; baseline 0.006 -20"><span class='ocrx_word' id='word_1_5' title='bbox 550 424 687 483; x_wconf 84' lang='lat' dir='ltr'><strong>nihil</strong></span> <span class='ocrx_word' id='word_1_6' title='bbox 720 423 862 479; x_wconf 88' lang='lat' dir='ltr'><strong>enim</strong></span> <span class='ocrx_word' id='word_1_7' title='bbox 892 423 1122 497; x_wconf 75' lang='lat' dir='ltr'><strong>amplius</strong></span> <span class='ocrx_word' id='word_1_8' title='bbox 1145 422 1288 481; x_wconf 90' lang='lat' dir='ltr'><strong>oculi</strong></span> <span class='ocrx_word' id='word_1_9' title='bbox 1313 438 1472 494; x_wconf 89' lang='lat' dir='ltr'><strong>quam</strong></span> <span class='ocrx_word' id='word_1_10' title='bbox 1503 422 1732 493; x_wconf 82' lang='lat' dir='ltr'><strong>simplex</strong></span> <span class='ocrx_word' id='word_1_11' title='bbox 1764 421 1961 479; x_wconf 74' lang='lat' dir='ltr'><strong>animm</strong></span> <span class='ocrx_word' id='word_1_12' title='bbox 1994 438 2129 495; x_wconf 72' lang='lat' dir='ltr'><strong>prte-</strong></span> <span class='ocrx_word' id='word_1_13' title='bbox 2151 433 2206 493; x_wconf 75' lang='grc' dir='ltr'><strong>Α</strong></span> <span class='ocrx_word' id='word_1_14' title='bbox 2232 428 2497 485; x_wconf 85' lang='lat' dir='ltr'><strong>malorum</strong></span> <span class='ocrx_word' id='word_1_15' title='bbox 2526 429 2595 485; x_wconf 89' lang='lat' dir='ltr'><strong>ad</strong></span> <span class='ocrx_word' id='word_1_16' title='bbox 2623 444 2713 486; x_wconf 89' lang='lat' dir='ltr'><strong>eas</strong></span> <span class='ocrx_word' id='word_1_17' title='bbox 2743 445 3003 503; x_wconf 84' lang='lat' dir='ltr'><strong>personas</strong></span> <span class='ocrx_word' id='word_1_18' title='bbox 3032 434 3231 493; x_wconf 77' lang='lat' dir='ltr'><strong>exinde</strong></span> <span class='ocrx_word' id='word_1_19' title='bbox 3255 433 3527 497; x_wconf 86' lang='lat' dir='ltr'><strong>subtiliter</strong></span> <span class='ocrx_word' id='word_1_20' title='bbox 3558 439 3805 501; x_wconf 77' lang='lat' dir='ltr'><strong>devolvat</strong></span> 
     </span>
    </p>
   </div>
   <div class='ocr_carea' id='block_1_4' title="bbox 547 518 2127 585">
    <p class='ocr_par' dir='ltr' id='par_1_4' title="bbox 547 518 2127 585">
     <span class='ocr_line' id='line_1_4' title="bbox 547 518 2127 585; baseline 0 -9"><span class='ocrx_word' id='word_1_21' title='bbox 547 520 680 576; x_wconf 87' lang='lat' dir='ltr'><strong>bent</strong></span> <span class='ocrx_word' id='word_1_22' title='bbox 723 519 948 575; x_wconf 83' lang='lat' dir='ltr'><strong>visionis</strong></span> <span class='ocrx_word' id='word_1_23' title='bbox 983 518 1251 585; x_wconf 85' lang='lat' dir='ltr'><strong>officium;</strong></span> <span class='ocrx_word' id='word_1_24' title='bbox 1297 518 1393 574; x_wconf 86' lang='lat' dir='ltr'><strong>sed</strong></span> <span class='ocrx_word' id='word_1_25' title='bbox 1434 518 1587 585; x_wconf 80' lang='lat' dir='ltr'><strong>dicit,</strong></span> <span class='ocrx_word' id='word_1_26' title='bbox 1624 527 1651 556; x_wconf 72' lang='grc' dir='ltr'><strong>α</strong></span> <span class='ocrx_word' id='word_1_27' title='bbox 1683 518 1842 575; x_wconf 86' lang='lat' dir='ltr'><strong>Omni</strong></span> <span class='ocrx_word' id='word_1_28' title='bbox 1881 519 2127 576; x_wconf 87' lang='lat' dir='ltr'><strong>custodia</strong></span> 
     </span>
    </p>
   </div>
   <div class='ocr_carea' id='block_1_5' title="bbox 546 610 2129 682">
    <p class='ocr_par' dir='ltr' id='par_1_5' title="bbox 546 610 2129 682">
     <span class='ocr_line' id='line_1_5' title="bbox 546 610 2129 682; baseline -0.001 -13"><span class='ocrx_word' id='word_1_29' title='bbox 546 627 702 669; x_wconf 87' lang='lat' dir='ltr'><strong>serva</strong></span> <span class='ocrx_word' id='word_1_30' title='bbox 747 624 842 668; x_wconf 88' lang='lat' dir='ltr'><strong>cor</strong></span> <span class='ocrx_word' id='word_1_31' title='bbox 879 620 1031 667; x_wconf 90' lang='lat' dir='ltr'><strong>tuum</strong></span> <span class='ocrx_word' id='word_1_32' title='bbox 1068 610 1340 682; x_wconf 81' lang='lat' dir='ltr'><strong>(Proverb.</strong></span> <span class='ocrx_word' id='word_1_33' title='bbox 1382 610 1458 682; x_wconf 86' lang='lat' dir='ltr'><strong>iv)</strong></span> <span class='ocrx_word' id='word_1_34' title='bbox 1490 629 1502 666; x_wconf 92' lang='lat'><strong>:</strong></span> <span class='ocrx_word' id='word_1_35' title='bbox 1535 611 1615 666; x_wconf 85' lang='lat' dir='ltr'><strong>illi</strong></span> <span class='ocrx_word' id='word_1_36' title='bbox 1658 612 1998 682; x_wconf 85' lang='lat' dir='ltr'><strong>potissimum</strong></span> <span class='ocrx_word' id='word_1_37' title='bbox 2029 613 2129 668; x_wconf 89' lang='lat' dir='ltr'><strong>im-</strong></span> 
     </span>
    </p>
   </div>
   <div class='ocr_carea' id='block_1_6' title="bbox 545 702 2123 774">
    <p class='ocr_par' dir='ltr' id='par_1_6' title="bbox 545 702 2123 774">
     <span class='ocr_line' id='line_1_6' title="bbox 545 702 2123 774; baseline 0 -15"><span class='ocrx_word' id='word_1_38' title='bbox 545 702 720 774; x_wconf 85' lang='lat' dir='ltr'><strong>posita</strong></span> <span class='ocrx_word' id='word_1_39' title='bbox 746 702 1034 769; x_wconf 84' lang='lat' dir='ltr'><strong>medicina,</strong></span> <span class='ocrx_word' id='word_1_40' title='bbox 1064 702 1205 773; x_wconf 88' lang='lat' dir='ltr'><strong>quod</strong></span> <span class='ocrx_word' id='word_1_41' title='bbox 1238 702 1437 773; x_wconf 88' lang='lat' dir='ltr'><strong>ubique</strong></span> <span class='ocrx_word' id='word_1_42' title='bbox 1465 702 1613 758; x_wconf 89' lang='lat' dir='ltr'><strong>abuti</strong></span> <span class='ocrx_word' id='word_1_43' title='bbox 1636 712 1814 774; x_wconf 89' lang='lat' dir='ltr'><strong>potest</strong></span> <span class='ocrx_word' id='word_1_44' title='bbox 1844 704 2123 761; x_wconf 90' lang='lat' dir='ltr'><strong>oculorum</strong></span> 
     </span>
    </p>
   </div>
   <div class='ocr_carea' id='block_1_7' title="bbox 538 796 871 855">
    <p class='ocr_par' dir='ltr' id='par_1_7' title="bbox 538 796 871 855">
     <span class='ocr_line' id='line_1_7' title="bbox 538 796 871 855; baseline 0.006 -2"><span class='ocrx_word' id='word_1_45' title='bbox 538 796 871 855; x_wconf 81' lang='lat' dir='ltr'><strong>ministerio.</strong></span> 
     </span>
    </p>
   </div>
   <div class='ocr_carea' id='block_1_8' title="bbox 1130 885 1544 944">
    <p class='ocr_par' dir='ltr' id='par_1_8' title="bbox 1130 885 1544 944">
     <span class='ocr_line' id='line_1_8' title="bbox 1130 885 1544 944; baseline 0.002 -2"><span class='ocrx_word' id='word_1_46' title='bbox 1130 885 1359 944; x_wconf 82' lang='lat' dir='ltr'><strong>CAPUT</strong></span> <span class='ocrx_word' id='word_1_47' title='bbox 1399 886 1544 944; x_wconf 81' lang='lat' dir='ltr'><strong>XIII.</strong></span> 
     </span>
    </p>
   </div>
   <div class='ocr_carea' id='block_1_9' title="bbox 620 1000 2056 1072">
    <p class='ocr_par' dir='ltr' id='par_1_9' title="bbox 620 1000 2056 1072">
     <span class='ocr_line' id='line_1_9' title="bbox 620 1000 2056 1072; baseline 0.003 -16"><span class='ocrx_word' id='word_1_48' title='bbox 620 1001 968 1072; x_wconf 76' lang='lat' dir='ltr'><strong>Exsurgentes</strong></span> <span class='ocrx_word' id='word_1_49' title='bbox 1002 1000 1224 1071; x_wconf 87' lang='lat' dir='ltr'><strong>primum</strong></span> <span class='ocrx_word' id='word_1_50' title='bbox 1264 1002 1600 1072; x_wconf 72' lang='lat' dir='ltr'><strong>cogitationes</strong></span> <span class='ocrx_word' id='word_1_51' title='bbox 1637 1003 1870 1058; x_wconf 78' lang='lat' dir='ltr'><strong>carnales</strong></span> <span class='ocrx_word' id='word_1_52' title='bbox 1912 1004 2056 1060; x_wconf 91' lang='lat' dir='ltr'><strong>illico</strong></span> 
     </span>
    </p>
   </div>
   <div class='ocr_carea' id='block_1_10' title="bbox 1096 1072 1581 1141">
    <p class='ocr_par' dir='ltr' id='par_1_10' title="bbox 1096 1072 1581 1141">
     <span class='ocr_line' id='line_1_10' title="bbox 1096 1072 1581 1141; baseline 0.006 -16"><span class='ocrx_word' id='word_1_53' title='bbox 1096 1073 1238 1141; x_wconf 84' lang='lat' dir='ltr'><strong>repel</strong></span> <span class='ocrx_word' id='word_1_54' title='bbox 1243 1072 1425 1127; x_wconf 81' lang='lat' dir='ltr'><strong>lendas</strong></span> <span class='ocrx_word' id='word_1_55' title='bbox 1453 1089 1581 1128; x_wconf 87' lang='lat' dir='ltr'><strong>esse.</strong></span> 
     </span>
    </p>
   </div>
   <div class='ocr_carea' id='block_1_11' title="bbox 618 1184 2124 1259">
    <p class='ocr_par' dir='ltr' id='par_1_11' title="bbox 618 1184 2124 1259">
     <span class='ocr_line' id='line_1_11' title="bbox 618 1184 2124 1259; baseline 0.005 -20"><span class='ocrx_word' id='word_1_56' title='bbox 618 1184 744 1240; x_wconf 63' lang='lat' dir='ltr'><strong>Haec</strong></span> <span class='ocrx_word' id='word_1_57' title='bbox 772 1186 877 1241; x_wconf 89' lang='lat' dir='ltr'><strong>erit</strong></span> <span class='ocrx_word' id='word_1_58' title='bbox 907 1184 1070 1256; x_wconf 81' lang='lat' dir='ltr'><strong>igitur</strong></span> <span class='ocrx_word' id='word_1_59' title='bbox 1100 1187 1433 1257; x_wconf 75' lang='lat' dir='ltr'><strong>purgationis</strong></span> <span class='ocrx_word' id='word_1_60' title='bbox 1464 1187 1624 1258; x_wconf 84' lang='lat' dir='ltr'><strong>hujus</strong></span> <span class='ocrx_word' id='word_1_61' title='bbox 1661 1189 1833 1259; x_wconf 88' lang='lat' dir='ltr'><strong>prima</strong></span> <span class='ocrx_word' id='word_1_62' title='bbox 1860 1188 2124 1257; x_wconf 83' lang='lat' dir='ltr'><strong>custodia,</strong></span> 
     </span>
    </p>
   </div>
   <div class='ocr_carea' id='block_1_12' title="bbox 543 1278 2129 1355">
    <p class='ocr_par' dir='ltr' id='par_1_12' title="bbox 543 1278 2129 1355">
     <span class='ocr_line' id='line_1_12' title="bbox 543 1278 2129 1355; baseline 0.004 -24"><span class='ocrx_word' id='word_1_63' title='bbox 543 1284 607 1331; x_wconf 81' lang='lat' dir='ltr'><strong>ut</strong></span> <span class='ocrx_word' id='word_1_64' title='bbox 651 1291 773 1333; x_wconf 88' lang='lat' dir='ltr'><strong>cum</strong></span> <span class='ocrx_word' id='word_1_65' title='bbox 820 1278 987 1332; x_wconf 87' lang='lat' dir='ltr'><strong>menti</strong></span> <span class='ocrx_word' id='word_1_66' title='bbox 1030 1287 1229 1335; x_wconf 75' lang='lat' dir='ltr'><strong>nostrai</strong></span> <span class='ocrx_word' id='word_1_67' title='bbox 1266 1281 1525 1336; x_wconf 87' lang='lat' dir='ltr'><strong>memoria</strong></span> <span class='ocrx_word' id='word_1_68' title='bbox 1573 1296 1738 1337; x_wconf 80' lang='lat' dir='ltr'><strong>sexus</strong></span> <span class='ocrx_word' id='word_1_69' title='bbox 1780 1281 1996 1355; x_wconf 67' lang='lat' dir='ltr'><strong>feminei</strong></span> <span class='ocrx_word' id='word_1_70' title='bbox 2031 1298 2129 1353; x_wconf 87' lang='lat' dir='ltr'><strong>per</strong></span> 
     </span>
    </p>
   </div>
   <div class='ocr_carea' id='block_1_13' title="bbox 544 1370 2128 1447">
    <p class='ocr_par' dir='ltr' id='par_1_13' title="bbox 544 1370 2128 1447">
     <span class='ocr_line' id='line_1_13' title="bbox 544 1370 2128 1447; baseline 0.003 -22"><span class='ocrx_word' id='word_1_71' title='bbox 544 1370 799 1447; x_wconf 73' lang='lat' dir='ltr'><strong>subtilem</strong></span> <span class='ocrx_word' id='word_1_72' title='bbox 819 1370 1219 1440; x_wconf 77' lang='lat' dir='ltr'><strong>suggestionem</strong></span> <span class='ocrx_word' id='word_1_73' title='bbox 1239 1371 1521 1428; x_wconf 79' lang='lat' dir='ltr'><strong>diabolicae</strong></span> <span class='ocrx_word' id='word_1_74' title='bbox 1538 1373 1851 1430; x_wconf 87' lang='lat' dir='ltr'><strong>calliditatis</strong></span> <span class='ocrx_word' id='word_1_75' title='bbox 1872 1374 2128 1444; x_wconf 84' lang='lat' dir='ltr'><strong>obrepse-</strong></span> 
     </span>
    </p>
   </div>
   <div class='ocr_carea' id='block_1_14' title="bbox 541 1461 2127 1537">
    <p class='ocr_par' dir='ltr' id='par_1_14' title="bbox 541 1461 2127 1537">
     <span class='ocr_line' id='line_1_14' title="bbox 541 1461 2127 1537; baseline 0.003 -18"><span class='ocrx_word' id='word_1_76' title='bbox 541 1464 644 1531; x_wconf 87' lang='lat' dir='ltr'><strong>rit,</strong></span> <span class='ocrx_word' id='word_1_77' title='bbox 670 1462 698 1503; x_wconf 71' lang='lat' dir='ltr'><strong>b</strong></span> <span class='ocrx_word' id='word_1_78' title='bbox 727 1461 959 1533; x_wconf 90' lang='lat' dir='ltr'><strong>primum</strong></span> <span class='ocrx_word' id='word_1_79' title='bbox 989 1464 1365 1521; x_wconf 87' lang='lat' dir='ltr'><strong>recordatione</strong></span> <span class='ocrx_word' id='word_1_80' title='bbox 1407 1467 1688 1537; x_wconf 62' lang='lat' dir='ltr'><strong>praemissa</strong></span> <span class='ocrx_word' id='word_1_81' title='bbox 1733 1469 2127 1537; x_wconf 63' lang='lat' dir='ltr'><strong>matris,&#39;soro-</strong></span> 
     </span>
    </p>
   </div>
   <div class='ocr_carea' id='block_1_15' title="bbox 543 1560 2125 1627">
    <p class='ocr_par' dir='ltr' id='par_1_15' title="bbox 543 1560 2125 1627">
     <span class='ocr_line' id='line_1_15' title="bbox 543 1560 2125 1627; baseline 0.002 -15"><span class='ocrx_word' id='word_1_82' title='bbox 543 1568 685 1625; x_wconf 89' lang='lat' dir='ltr'><strong>rum,</strong></span> <span class='ocrx_word' id='word_1_83' title='bbox 740 1564 1049 1626; x_wconf 90' lang='lat' dir='ltr'><strong>parentum,</strong></span> <span class='ocrx_word' id='word_1_84' title='bbox 1094 1572 1190 1613; x_wconf 89' lang='lat' dir='ltr'><strong>seu</strong></span> <span class='ocrx_word' id='word_1_85' title='bbox 1234 1567 1383 1615; x_wconf 90' lang='lat' dir='ltr'><strong>certe</strong></span> <span class='ocrx_word' id='word_1_86' title='bbox 1426 1560 1748 1615; x_wconf 88' lang='lat' dir='ltr'><strong>feminarum</strong></span> <span class='ocrx_word' id='word_1_87' title='bbox 1793 1570 2125 1627; x_wconf 88' lang='lat' dir='ltr'><strong>sanctarum,</strong></span> 
     </span>
    </p>
   </div>
   <div class='ocr_carea' id='block_1_16' title="bbox 473 1650 2127 1725">
    <p class='ocr_par' dir='ltr' id='par_1_16' title="bbox 473 1650 2127 1725">
     <span class='ocr_line' id='line_1_16' title="bbox 473 1650 2127 1725; baseline 0.002 -21"><span class='ocrx_word' id='word_1_88' title='bbox 473 1652 479 1658; x_wconf 82' lang='grc'>’</span> <span class='ocrx_word' id='word_1_89' title='bbox 543 1650 865 1720; x_wconf 83' lang='lat' dir='ltr'><strong>quantocius</strong></span> <span class='ocrx_word' id='word_1_90' title='bbox 910 1664 1028 1705; x_wconf 87' lang='lat' dir='ltr'><strong>eam</strong></span> <span class='ocrx_word' id='word_1_91' title='bbox 1079 1650 1147 1707; x_wconf 90' lang='lat' dir='ltr'><strong>de</strong></span> <span class='ocrx_word' id='word_1_92' title='bbox 1202 1652 1401 1708; x_wconf 87' lang='lat' dir='ltr'><strong>nostris</strong></span> <span class='ocrx_word' id='word_1_93' title='bbox 1456 1654 1764 1709; x_wconf 86' lang='lat' dir='ltr'><strong>recessibus</strong></span> <span class='ocrx_word' id='word_1_94' title='bbox 1814 1651 2127 1725; x_wconf 87' lang='lat' dir='ltr'><strong>[sensibus]</strong></span> 
     </span>
    </p>
   </div>
   <div class='ocr_carea' id='block_1_17' title="bbox 543 1741 2128 1803">
    <p class='ocr_par' dir='ltr' id='par_1_17' title="bbox 543 1741 2128 1803">
     <span class='ocr_line' id='line_1_17' title="bbox 543 1741 2128 1803; baseline 0.004 -6"><span class='ocrx_word' id='word_1_95' title='bbox 543 1741 839 1799; x_wconf 81' lang='lat' dir='ltr'><strong>extrudere</strong></span> <span class='ocrx_word' id='word_1_96' title='bbox 879 1742 1235 1802; x_wconf 84' lang='lat' dir='ltr'><strong>festinemus:</strong></span> <span class='ocrx_word' id='word_1_97' title='bbox 1266 1759 1335 1800; x_wconf 90' lang='lat' dir='ltr'><strong>ne</strong></span> <span class='ocrx_word' id='word_1_98' title='bbox 1372 1745 1417 1801; x_wconf 88' lang='lat' dir='ltr'><strong>si</strong></span> <span class='ocrx_word' id='word_1_99' title='bbox 1458 1745 1715 1802; x_wconf 89' lang='lat' dir='ltr'><strong>fuerimus</strong></span> <span class='ocrx_word' id='word_1_100' title='bbox 1745 1747 1798 1801; x_wconf 91' lang='lat' dir='ltr'><strong>in</strong></span> <span class='ocrx_word' id='word_1_101' title='bbox 1829 1761 1892 1803; x_wconf 86' lang='lat' dir='ltr'><strong>ea</strong></span> <span class='ocrx_word' id='word_1_102' title='bbox 1926 1746 2128 1803; x_wconf 86' lang='lat' dir='ltr'><strong>diutius</strong></span> 
     </span>
    </p>
   </div>
   <div class='ocr_carea' id='block_1_18' title="bbox 2228 524 3806 607">
    <p class='ocr_par' dir='ltr' id='par_1_18' title="bbox 2228 524 3806 607">
     <span class='ocr_line' id='line_1_18' title="bbox 2228 524 3806 607; baseline 0.01 -28"><span class='ocrx_word' id='word_1_103' title='bbox 2228 537 2293 580; x_wconf 89' lang='lat' dir='ltr'><strong>ac</strong></span> <span class='ocrx_word' id='word_1_104' title='bbox 2323 524 2626 596; x_wconf 81' lang='lat' dir='ltr'><strong>praecipitet</strong></span> <span class='ocrx_word' id='word_1_105' title='bbox 2653 534 2912 594; x_wconf 87' lang='lat' dir='ltr'><strong>mentem,</strong></span> <span class='ocrx_word' id='word_1_106' title='bbox 2946 542 3042 599; x_wconf 89' lang='lat' dir='ltr'><strong>per</strong></span> <span class='ocrx_word' id='word_1_107' title='bbox 3069 545 3203 601; x_wconf 85' lang='lat' dir='ltr'><strong>quas</strong></span> <span class='ocrx_word' id='word_1_108' title='bbox 3233 532 3426 589; x_wconf 81' lang='lat' dir='ltr'><strong>noxias</strong></span> <span class='ocrx_word' id='word_1_109' title='bbox 3454 535 3806 607; x_wconf 75' lang='lat' dir='ltr'><strong>cogitationes</strong></span> 
     </span>
    </p>
   </div>
   <div class='ocr_carea' id='block_1_19' title="bbox 2226 616 3877 707">
    <p class='ocr_par' dir='ltr' id='par_1_19' title="bbox 2226 616 3877 707">
     <span class='ocr_line' id='line_1_19' title="bbox 2226 616 3877 707; baseline 0.011 -37"><span class='ocrx_word' id='word_1_110' title='bbox 2226 616 2400 687; x_wconf 86' lang='lat' dir='ltr'><strong>possit</strong></span> <span class='ocrx_word' id='word_1_111' title='bbox 2442 618 2707 695; x_wconf 85' lang='lat' dir='ltr'><strong>inserere.</strong></span> <span class='ocrx_word' id='word_1_112' title='bbox 2750 619 3115 688; x_wconf 85' lang='lat' dir='ltr'><strong>Quamobrem</strong></span> <span class='ocrx_word' id='word_1_113' title='bbox 3140 623 3284 682; x_wconf 89' lang='lat' dir='ltr'><strong>illius</strong></span> <span class='ocrx_word' id='word_1_114' title='bbox 3317 630 3575 699; x_wconf 72' lang='lat' dir='ltr'><strong>prmeepti</strong></span> <span class='ocrx_word' id='word_1_115' title='bbox 3601 629 3805 702; x_wconf 74' lang='lat' dir='ltr'><strong>iugiter</strong></span> <span class='ocrx_word' id='word_1_116' title='bbox 3870 700 3877 707; x_wconf 28' lang='lat'><strong>,</strong></span> 
     </span>
    </p>
   </div>
   <div class='ocr_carea' id='block_1_20' title="bbox 2228 709 3802 789">
    <p class='ocr_par' dir='ltr' id='par_1_20' title="bbox 2228 709 3802 789">
     <span class='ocr_line' id='line_1_20' title="bbox 2228 709 3802 789; baseline 0.007 -25"><span class='ocrx_word' id='word_1_117' title='bbox 2228 709 2540 766; x_wconf 84' lang='lat' dir='ltr'><strong>meminisse</strong></span> <span class='ocrx_word' id='word_1_118' title='bbox 2562 711 2821 767; x_wconf 89' lang='lat' dir='ltr'><strong>debemus</strong></span> <span class='ocrx_word' id='word_1_119' title='bbox 2843 730 2856 767; x_wconf 92' lang='lat'><strong>:</strong></span> <span class='ocrx_word' id='word_1_120' title='bbox 2881 712 3036 770; x_wconf 90' lang='lat' dir='ltr'><strong>Omni</strong></span> <span class='ocrx_word' id='word_1_121' title='bbox 3057 716 3300 772; x_wconf 86' lang='lat' dir='ltr'><strong>custodia</strong></span> <span class='ocrx_word' id='word_1_122' title='bbox 3324 731 3481 774; x_wconf 88' lang='lat' dir='ltr'><strong>serva</strong></span> <span class='ocrx_word' id='word_1_123' title='bbox 3505 734 3602 779; x_wconf 90' lang='lat' dir='ltr'><strong>cor</strong></span> <span class='ocrx_word' id='word_1_124' title='bbox 3620 729 3802 789; x_wconf 88' lang='lat' dir='ltr'><strong>tuum;</strong></span> 
     </span>
    </p>
   </div>
   <div class='ocr_carea' id='block_1_21' title="bbox 2228 801 3809 881">
    <p class='ocr_par' dir='ltr' id='par_1_21' title="bbox 2228 801 3809 881">
     <span class='ocr_line' id='line_1_21' title="bbox 2228 801 3809 881; baseline 0.008 -25"><span class='ocrx_word' id='word_1_125' title='bbox 2228 809 2285 857; x_wconf 91' lang='lat' dir='ltr'><strong>et</strong></span> <span class='ocrx_word' id='word_1_126' title='bbox 2319 809 2342 839; x_wconf 82' lang='grc' dir='ltr'><strong>ο</strong></span> <span class='ocrx_word' id='word_1_127' title='bbox 2377 801 2673 858; x_wconf 86' lang='lat' dir='ltr'><strong>secundum</strong></span> <span class='ocrx_word' id='word_1_128' title='bbox 2729 803 2826 860; x_wconf 89' lang='lat' dir='ltr'><strong>Dei</strong></span> <span class='ocrx_word' id='word_1_129' title='bbox 2873 805 3168 881; x_wconf 87' lang='lat' dir='ltr'><strong>principale</strong></span> <span class='ocrx_word' id='word_1_130' title='bbox 3213 809 3527 866; x_wconf 88' lang='lat' dir='ltr'><strong>mandatum</strong></span> <span class='ocrx_word' id='word_1_131' title='bbox 3574 811 3809 869; x_wconf 84' lang='lat' dir='ltr'><strong>sollicite</strong></span> 
     </span>
    </p>
   </div>
   <div class='ocr_carea' id='block_1_22' title="bbox 2226 892 3806 977">
    <p class='ocr_par' dir='ltr' id='par_1_22' title="bbox 2226 892 3806 977">
     <span class='ocr_line' id='line_1_22' title="bbox 2226 892 3806 977; baseline 0.008 -28"><span class='ocrx_word' id='word_1_132' title='bbox 2226 892 2501 964; x_wconf 83' lang='lat' dir='ltr'><strong>serpentis</strong></span> <span class='ocrx_word' id='word_1_133' title='bbox 2539 892 2833 951; x_wconf 89' lang='lat' dir='ltr'><strong>observare</strong></span> <span class='ocrx_word' id='word_1_134' title='bbox 2883 896 3109 954; x_wconf 83' lang='lat' dir='ltr'><strong>noxium</strong></span> <span class='ocrx_word' id='word_1_135' title='bbox 3147 909 3310 971; x_wconf 90' lang='lat' dir='ltr'><strong>caput</strong></span> <span class='ocrx_word' id='word_1_136' title='bbox 3346 898 3558 974; x_wconf 77' lang='lat' dir='ltr'><strong>(Cenes.</strong></span> <span class='ocrx_word' id='word_1_137' title='bbox 3601 902 3708 977; x_wconf 81' lang='grc' dir='ltr'>ιιι),</span> <span class='ocrx_word' id='word_1_138' title='bbox 3751 905 3806 962; x_wconf 88' lang='lat' dir='ltr'><strong>id</strong></span> 
     </span>
    </p>
   </div>
   <div class='ocr_carea' id='block_1_23' title="bbox 2227 984 3805 1068">
    <p class='ocr_par' dir='ltr' id='par_1_23' title="bbox 2227 984 3805 1068">
     <span class='ocr_line' id='line_1_23' title="bbox 2227 984 3805 1068; baseline 0.007 -25"><span class='ocrx_word' id='word_1_139' title='bbox 2227 994 2335 1053; x_wconf 89' lang='lat' dir='ltr'><strong>est,</strong></span> <span class='ocrx_word' id='word_1_140' title='bbox 2358 984 2741 1057; x_wconf 72' lang='lat' dir='ltr'><strong>cogitationum</strong></span> <span class='ocrx_word' id='word_1_141' title='bbox 2764 987 3029 1046; x_wconf 87' lang='lat' dir='ltr'><strong>malarum</strong></span> <span class='ocrx_word' id='word_1_142' title='bbox 3056 992 3341 1064; x_wconf 90' lang='lat' dir='ltr'><strong>principia,</strong></span> <span class='ocrx_word' id='word_1_143' title='bbox 3369 995 3567 1065; x_wconf 86' lang='lat' dir='ltr'><strong>quibus</strong></span> <span class='ocrx_word' id='word_1_144' title='bbox 3586 1009 3805 1068; x_wconf 83' lang='lat' dir='ltr'><strong>serpere</strong></span> 
     </span>
    </p>
   </div>
   <div class='ocr_carea' id='block_1_24' title="bbox 2228 1064 3845 1160">
    <p class='ocr_par' dir='ltr' id='par_1_24' title="bbox 2228 1064 3845 1160">
     <span class='ocr_line' id='line_1_24' title="bbox 2228 1064 3845 1160; baseline 0.006 -27"><span class='ocrx_word' id='word_1_145' title='bbox 2228 1078 2284 1135; x_wconf 89' lang='lat' dir='ltr'><strong>in</strong></span> <span class='ocrx_word' id='word_1_146' title='bbox 2328 1079 2562 1136; x_wconf 86' lang='lat' dir='ltr'><strong>animam</strong></span> <span class='ocrx_word' id='word_1_147' title='bbox 2616 1091 2856 1137; x_wconf 87' lang='lat' dir='ltr'><strong>nostram</strong></span> <span class='ocrx_word' id='word_1_148' title='bbox 2902 1082 3151 1140; x_wconf 85' lang='lat' dir='ltr'><strong>diabolus</strong></span> <span class='ocrx_word' id='word_1_149' title='bbox 3196 1064 3402 1154; x_wconf 79' lang='lat' dir='ltr'><strong>tentat;</strong></span> <span class='ocrx_word' id='word_1_150' title='bbox 3438 1101 3508 1143; x_wconf 92' lang='lat' dir='ltr'><strong>ne</strong></span> <span class='ocrx_word' id='word_1_151' title='bbox 3553 1087 3603 1146; x_wconf 91' lang='lat' dir='ltr'><strong>si</strong></span> <span class='ocrx_word' id='word_1_152' title='bbox 3645 1064 3845 1160; x_wconf 36' lang='lat' dir='ltr'><strong>caput‘</strong></span> 
     </span>
    </p>
   </div>
   <div class='ocr_carea' id='block_1_25' title="bbox 2228 1169 3808 1247">
    <p class='ocr_par' dir='ltr' id='par_1_25' title="bbox 2228 1169 3808 1247">
     <span class='ocr_line' id='line_1_25' title="bbox 2228 1169 3808 1247; baseline 0.008 -22"><span class='ocrx_word' id='word_1_153' title='bbox 2228 1169 2346 1240; x_wconf 85' lang='lat' dir='ltr'><strong>ejus</strong></span> <span class='ocrx_word' id='word_1_154' title='bbox 2378 1186 2471 1241; x_wconf 90' lang='lat' dir='ltr'><strong>per</strong></span> <span class='ocrx_word' id='word_1_155' title='bbox 2498 1171 2880 1245; x_wconf 71' lang='lat' dir='ltr'><strong>negligentiam</strong></span> <span class='ocrx_word' id='word_1_156' title='bbox 2914 1177 3278 1244; x_wconf 83' lang='lat' dir='ltr'><strong>penetraverit</strong></span> <span class='ocrx_word' id='word_1_157' title='bbox 3300 1192 3396 1234; x_wconf 88' lang='lat' dir='ltr'><strong>cor</strong></span> <span class='ocrx_word' id='word_1_158' title='bbox 3417 1189 3690 1247; x_wconf 86' lang='lat' dir='ltr'><strong>nostrum,</strong></span> <span class='ocrx_word' id='word_1_159' title='bbox 3718 1194 3808 1237; x_wconf 89' lang='lat' dir='ltr'><strong>re-</strong></span> 
     </span>
    </p>
   </div>
   <div class='ocr_carea' id='block_1_26' title="bbox 2227 1262 3807 1337">
    <p class='ocr_par' dir='ltr' id='par_1_26' title="bbox 2227 1262 3807 1337">
     <span class='ocr_line' id='line_1_26' title="bbox 2227 1262 3807 1337; baseline 0.008 -20"><span class='ocrx_word' id='word_1_160' title='bbox 2227 1262 2431 1334; x_wconf 90' lang='lat' dir='ltr'><strong>liquum</strong></span> <span class='ocrx_word' id='word_1_161' title='bbox 2467 1264 2585 1335; x_wconf 86' lang='lat' dir='ltr'><strong>ejus</strong></span> <span class='ocrx_word' id='word_1_162' title='bbox 2616 1280 2839 1337; x_wconf 87' lang='lat' dir='ltr'><strong>corpus,</strong></span> <span class='ocrx_word' id='word_1_163' title='bbox 2882 1267 2938 1324; x_wconf 92' lang='lat' dir='ltr'><strong>id</strong></span> <span class='ocrx_word' id='word_1_164' title='bbox 2977 1278 3081 1335; x_wconf 88' lang='lat' dir='ltr'><strong>est,</strong></span> <span class='ocrx_word' id='word_1_165' title='bbox 3118 1269 3501 1328; x_wconf 87' lang='lat' dir='ltr'><strong>oblectationis</strong></span> <span class='ocrx_word' id='word_1_166' title='bbox 3549 1286 3807 1331; x_wconf 87' lang='lat' dir='ltr'><strong>assensus</strong></span> 
     </span>
    </p>
   </div>
   <div class='ocr_carea' id='block_1_27' title="bbox 2229 1357 3806 1437">
    <p class='ocr_par' dir='ltr' id='par_1_27' title="bbox 2229 1357 3806 1437">
     <span class='ocr_line' id='line_1_27' title="bbox 2229 1357 3806 1437; baseline 0.008 -25"><span class='ocrx_word' id='word_1_167' title='bbox 2229 1357 2501 1414; x_wconf 87' lang='lat' dir='ltr'><strong>illabatur.</strong></span> <span class='ocrx_word' id='word_1_168' title='bbox 2557 1360 2661 1429; x_wconf 85' lang='lat' dir='ltr'><strong>Qui</strong></span> <span class='ocrx_word' id='word_1_169' title='bbox 2712 1361 3068 1432; x_wconf 87' lang='lat' dir='ltr'><strong>proculdubio</strong></span> <span class='ocrx_word' id='word_1_170' title='bbox 3122 1364 3169 1420; x_wconf 89' lang='lat' dir='ltr'><strong>si</strong></span> <span class='ocrx_word' id='word_1_171' title='bbox 3225 1363 3388 1420; x_wconf 86' lang='lat' dir='ltr'><strong>fuerit</strong></span> <span class='ocrx_word' id='word_1_172' title='bbox 3436 1364 3806 1437; x_wconf 79' lang='lat' dir='ltr'><strong>intromissus,</strong></span> 
     </span>
    </p>
   </div>
   <div class='ocr_carea' id='block_1_28' title="bbox 2229 1451 3811 1528">
    <p class='ocr_par' dir='ltr' id='par_1_28' title="bbox 2229 1451 3811 1528">
     <span class='ocr_line' id='line_1_28' title="bbox 2229 1451 3811 1528; baseline 0.006 -22"><span class='ocrx_word' id='word_1_173' title='bbox 2229 1466 2411 1507; x_wconf 92' lang='lat' dir='ltr'><strong>morsu</strong></span> <span class='ocrx_word' id='word_1_174' title='bbox 2432 1451 2698 1509; x_wconf 87' lang='lat' dir='ltr'><strong>virulento</strong></span> <span class='ocrx_word' id='word_1_175' title='bbox 2719 1462 2954 1510; x_wconf 91' lang='lat' dir='ltr'><strong>mentem</strong></span> <span class='ocrx_word' id='word_1_176' title='bbox 2971 1456 3247 1513; x_wconf 87' lang='lat' dir='ltr'><strong>interimet</strong></span> <span class='ocrx_word' id='word_1_177' title='bbox 3260 1458 3602 1528; x_wconf 83' lang='lat' dir='ltr'><strong>captivatam.</strong></span> <span class='ocrx_word' id='word_1_178' title='bbox 3617 1459 3811 1516; x_wconf 84' lang='lat' dir='ltr'><strong>Emer-</strong></span> 
     </span>
    </p>
   </div>
   <div class='ocr_carea' id='block_1_29' title="bbox 2227 1546 3813 1621">
    <p class='ocr_par' dir='ltr' id='par_1_29' title="bbox 2227 1546 3813 1621">
     <span class='ocr_line' id='line_1_29' title="bbox 2227 1546 3813 1621; baseline 0.005 -20"><span class='ocrx_word' id='word_1_179' title='bbox 2227 1555 2417 1617; x_wconf 88' lang='lat' dir='ltr'><strong>gentes</strong></span> <span class='ocrx_word' id='word_1_180' title='bbox 2446 1546 2607 1601; x_wconf 87' lang='lat' dir='ltr'><strong>etiam</strong></span> <span class='ocrx_word' id='word_1_181' title='bbox 2638 1554 2947 1617; x_wconf 82' lang='lat' dir='ltr'><strong>peccatores</strong></span> <span class='ocrx_word' id='word_1_182' title='bbox 2974 1556 3136 1605; x_wconf 73' lang='lat' dir='ltr'><strong>terrm</strong></span> <span class='ocrx_word' id='word_1_183' title='bbox 3158 1556 3383 1618; x_wconf 71' lang='lat' dir='ltr'><strong>nostrai,</strong></span> <span class='ocrx_word' id='word_1_184' title='bbox 3404 1550 3461 1606; x_wconf 90' lang='lat' dir='ltr'><strong>id</strong></span> <span class='ocrx_word' id='word_1_185' title='bbox 3489 1559 3594 1621; x_wconf 90' lang='lat' dir='ltr'><strong>est,</strong></span> <span class='ocrx_word' id='word_1_186' title='bbox 3615 1567 3813 1609; x_wconf 87' lang='lat' dir='ltr'><strong>sensus</strong></span> 
     </span>
    </p>
   </div>
   <div class='ocr_carea' id='block_1_30' title="bbox 2228 1639 3813 1713">
    <p class='ocr_par' dir='ltr' id='par_1_30' title="bbox 2228 1639 3813 1713">
     <span class='ocr_line' id='line_1_30' title="bbox 2228 1639 3813 1713; baseline 0.004 -18"><span class='ocrx_word' id='word_1_187' title='bbox 2228 1639 2477 1695; x_wconf 88' lang='lat' dir='ltr'><strong>carnales</strong></span> <span class='ocrx_word' id='word_1_188' title='bbox 2514 1640 2568 1694; x_wconf 91' lang='lat' dir='ltr'><strong>in</strong></span> <span class='ocrx_word' id='word_1_189' title='bbox 2604 1640 2883 1695; x_wconf 85' lang='lat' dir='ltr'><strong>matutinis</strong></span> <span class='ocrx_word' id='word_1_190' title='bbox 2913 1642 2995 1696; x_wconf 91' lang='lat' dir='ltr'><strong>sui</strong></span> <span class='ocrx_word' id='word_1_191' title='bbox 3025 1650 3177 1697; x_wconf 87' lang='lat' dir='ltr'><strong>ortus</strong></span> <span class='ocrx_word' id='word_1_192' title='bbox 3211 1657 3312 1699; x_wconf 86' lang='lat' dir='ltr'><strong>nos</strong></span> <span class='ocrx_word' id='word_1_193' title='bbox 3352 1650 3568 1713; x_wconf 80' lang='lat' dir='ltr'><strong>oportet</strong></span> <span class='ocrx_word' id='word_1_194' title='bbox 3600 1646 3813 1703; x_wconf 69' lang='lat' dir='ltr'><strong>exstin-</strong></span> 
     </span>
    </p>
   </div>
   <div class='ocr_carea' id='block_1_31' title="bbox 2229 1733 3815 1805">
    <p class='ocr_par' dir='ltr' id='par_1_31' title="bbox 2229 1733 3815 1805">
     <span class='ocr_line' id='line_1_31' title="bbox 2229 1733 3815 1805; baseline 0.006 -16"><span class='ocrx_word' id='word_1_195' title='bbox 2229 1748 2429 1805; x_wconf 89' lang='lat' dir='ltr'><strong>guere,</strong></span> <span class='ocrx_word' id='word_1_196' title='bbox 2466 1743 2521 1789; x_wconf 91' lang='lat' dir='ltr'><strong>et</strong></span> <span class='ocrx_word' id='word_1_197' title='bbox 2558 1733 2684 1789; x_wconf 91' lang='lat' dir='ltr'><strong>dum</strong></span> <span class='ocrx_word' id='word_1_198' title='bbox 2723 1734 2901 1789; x_wconf 83' lang='lat' dir='ltr'><strong>adhuc</strong></span> <span class='ocrx_word' id='word_1_199' title='bbox 2947 1735 3158 1805; x_wconf 83' lang='lat' dir='ltr'><strong>parvuli</strong></span> <span class='ocrx_word' id='word_1_200' title='bbox 3184 1745 3330 1803; x_wconf 89' lang='lat' dir='ltr'><strong>sunt,</strong></span> <span class='ocrx_word' id='word_1_201' title='bbox 3366 1734 3386 1775; x_wconf 71' lang='grc' dir='ltr'>ί</span> <span class='ocrx_word' id='word_1_202' title='bbox 3417 1736 3642 1795; x_wconf 89' lang='lat' dir='ltr'><strong>allidere</strong></span> <span class='ocrx_word' id='word_1_203' title='bbox 3670 1739 3815 1798; x_wconf 88' lang='lat' dir='ltr'><strong>filios</strong></span> 
     </span>
    </p>
   </div>
   <div class='ocr_carea' id='block_1_32' title="bbox 543 1827 3815 1921">
    <p class='ocr_par' dir='ltr' id='par_1_32' title="bbox 543 1827 3815 1921">
     <span class='ocr_line' id='line_1_32' title="bbox 543 1827 3815 1921; baseline 0.001 -33"><span class='ocrx_word' id='word_1_204' title='bbox 543 1832 846 1901; x_wconf 85' lang='lat' dir='ltr'><strong>immorati,</strong></span> <span class='ocrx_word' id='word_1_205' title='bbox 886 1844 908 1873; x_wconf 75' lang='grc' dir='ltr'><em>ε</em></span> <span class='ocrx_word' id='word_1_206' title='bbox 939 1836 1225 1921; x_wconf 85' lang='lat' dir='ltr'><strong>occasione</strong></span> <span class='ocrx_word' id='word_1_207' title='bbox 1270 1829 1433 1891; x_wconf 83' lang='lat' dir='ltr'><strong>sexus</strong></span> <span class='ocrx_word' id='word_1_208' title='bbox 1479 1838 1643 1893; x_wconf 88' lang='lat' dir='ltr'><strong>semel</strong></span> <span class='ocrx_word' id='word_1_209' title='bbox 1691 1836 1900 1908; x_wconf 89' lang='lat' dir='ltr'><strong>indepti</strong></span> <span class='ocrx_word' id='word_1_210' title='bbox 1928 1836 1954 1876; x_wconf 72' lang='grc' dir='ltr'>ἀ</span> <span class='ocrx_word' id='word_1_211' title='bbox 1992 1838 2118 1893; x_wconf 70' lang='lat' dir='ltr'><strong>ille:</strong></span> <span class='ocrx_word' id='word_1_212' title='bbox 2149 1829 2196 1889; x_wconf 91' lang='lat' dir='ltr'><strong>B</strong></span> <span class='ocrx_word' id='word_1_213' title='bbox 2223 1829 2517 1903; x_wconf 83' lang='lat' dir='ltr'><strong>Babylonis</strong></span> <span class='ocrx_word' id='word_1_214' title='bbox 2544 1829 2613 1886; x_wconf 90' lang='lat' dir='ltr'><strong>ad</strong></span> <span class='ocrx_word' id='word_1_215' title='bbox 2645 1837 2850 1900; x_wconf 87' lang='lat' dir='ltr'><strong>petram</strong></span> <span class='ocrx_word' id='word_1_216' title='bbox 2879 1827 3089 1899; x_wconf 87' lang='lat' dir='ltr'><strong>(Psalm</strong></span> <span class='ocrx_word' id='word_1_217' title='bbox 3114 1831 3361 1903; x_wconf 75' lang='lat' dir='ltr'><strong>cxxxvi).</strong></span> <span class='ocrx_word' id='word_1_218' title='bbox 3388 1831 3493 1899; x_wconf 81' lang='lat' dir='ltr'><strong>Qui</strong></span> <span class='ocrx_word' id='word_1_219' title='bbox 3522 1832 3649 1904; x_wconf 80' lang='lat' dir='ltr'><strong>nisi,</strong></span> <span class='ocrx_word' id='word_1_220' title='bbox 3681 1833 3815 1890; x_wconf 87' lang='lat' dir='ltr'><strong>dum</strong></span> 
     </span>
    </p>
   </div>
   <div class='ocr_carea' id='block_1_33' title="bbox 1604 1932 2725 2029">
    <p class='ocr_par' dir='ltr' id='par_1_33' title="bbox 1604 1932 2725 2029">
     <span class='ocr_line' id='line_1_33' title="bbox 1604 1932 2725 2029; baseline -0.006 0"><span class='ocrx_word' id='word_1_221' title='bbox 1604 1972 1861 2029; x_wconf 83' lang='lat' dir='ltr'><strong>ALARDI</strong></span> <span class='ocrx_word' id='word_1_222' title='bbox 1898 1964 2124 2029; x_wconf 64' lang='lat' dir='ltr'><strong>eam</strong></span> <span class='ocrx_word' id='word_1_223' title='bbox 2162 1932 2725 2026; x_wconf 49' lang='lat' dir='ltr'><strong>COMMENTARIUS.</strong></span> 
     </span>
    </p>
   </div>
   <div class='ocr_carea' id='block_1_34' title="bbox 620 2068 2116 2141">
    <p class='ocr_par' dir='ltr' id='par_1_34' title="bbox 620 2068 2116 2141">
     <span class='ocr_line' id='line_1_34' title="bbox 620 2068 2116 2141; baseline -0.001 -19"><span class='ocrx_word' id='word_1_224' title='bbox 620 2078 643 2105; x_wconf 73' lang='grc' dir='ltr'><strong>ι</strong></span> <span class='ocrx_word' id='word_1_225' title='bbox 685 2069 744 2141; x_wconf 91' lang='lat' dir='ltr'><strong>D.</strong></span> <span class='ocrx_word' id='word_1_226' title='bbox 779 2068 1009 2124; x_wconf 84' lang='lat' dir='ltr'><strong>Basilius</strong></span> <span class='ocrx_word' id='word_1_227' title='bbox 1041 2070 1094 2123; x_wconf 93' lang='lat' dir='ltr'><strong>in</strong></span> <span class='ocrx_word' id='word_1_228' title='bbox 1122 2070 1345 2140; x_wconf 80' lang='lat' dir='ltr'><strong>Regillis</strong></span> <span class='ocrx_word' id='word_1_229' title='bbox 1376 2069 1482 2124; x_wconf 87' lang='lat' dir='ltr'><strong>fus.</strong></span> <span class='ocrx_word' id='word_1_230' title='bbox 1532 2069 1735 2138; x_wconf 89' lang='lat' dir='ltr'><strong>dispul.</strong></span> <span class='ocrx_word' id='word_1_231' title='bbox 1768 2069 1994 2141; x_wconf 66' lang='lat' dir='ltr'><strong>(Quiest.</strong></span> <span class='ocrx_word' id='word_1_232' title='bbox 2024 2068 2116 2136; x_wconf 89' lang='lat' dir='ltr'><strong>v):</strong></span> 
     </span>
    </p>
   </div>
   <div class='ocr_carea' id='block_1_35' title="bbox 548 2140 2118 2207">
    <p class='ocr_par' dir='ltr' id='par_1_35' title="bbox 548 2140 2118 2207">
     <span class='ocr_line' id='line_1_35' title="bbox 548 2140 2118 2207; baseline -0.002 -12"><span class='ocrx_word' id='word_1_233' title='bbox 548 2140 723 2207; x_wconf 84' lang='lat' dir='ltr'><strong>Omni,</strong></span> <span class='ocrx_word' id='word_1_234' title='bbox 750 2141 945 2205; x_wconf 77' lang='lat' dir='ltr'><strong>inquit,</strong></span> <span class='ocrx_word' id='word_1_235' title='bbox 974 2142 1209 2195; x_wconf 83' lang='lat' dir='ltr'><strong>custodia</strong></span> <span class='ocrx_word' id='word_1_236' title='bbox 1232 2141 1623 2195; x_wconf 87' lang='lat' dir='ltr'><strong>custodiendum</strong></span> <span class='ocrx_word' id='word_1_237' title='bbox 1649 2149 1721 2194; x_wconf 88' lang='lat' dir='ltr'><strong>est</strong></span> <span class='ocrx_word' id='word_1_238' title='bbox 1750 2140 1838 2194; x_wconf 89' lang='lat' dir='ltr'><strong>cor</strong></span> <span class='ocrx_word' id='word_1_239' title='bbox 1867 2150 2118 2206; x_wconf 84' lang='lat' dir='ltr'><strong>nostrum,</strong></span> 
     </span>
    </p>
   </div>
   <div class='ocr_carea' id='block_1_36' title="bbox 544 2211 2122 2283">
    <p class='ocr_par' dir='ltr' id='par_1_36' title="bbox 544 2211 2122 2283">
     <span class='ocr_line' id='line_1_36' title="bbox 544 2211 2122 2283; baseline 0 -19"><span class='ocrx_word' id='word_1_240' title='bbox 544 2227 704 2279; x_wconf 84' lang='lat' dir='ltr'><strong>neque</strong></span> <span class='ocrx_word' id='word_1_241' title='bbox 728 2211 1026 2283; x_wconf 84' lang='lat' dir='ltr'><strong>patiendum</strong></span> <span class='ocrx_word' id='word_1_242' title='bbox 1054 2220 1113 2265; x_wconf 85' lang='lat' dir='ltr'><strong>ut</strong></span> <span class='ocrx_word' id='word_1_243' title='bbox 1141 2213 1354 2266; x_wconf 86' lang='lat' dir='ltr'><strong>assidua</strong></span> <span class='ocrx_word' id='word_1_244' title='bbox 1389 2212 1455 2264; x_wconf 84' lang='lat' dir='ltr'><strong>de</strong></span> <span class='ocrx_word' id='word_1_245' title='bbox 1491 2212 1601 2266; x_wconf 85' lang='lat' dir='ltr'><strong>Deo</strong></span> <span class='ocrx_word' id='word_1_246' title='bbox 1633 2214 1872 2283; x_wconf 80' lang='lat' dir='ltr'><strong>cogitatio</strong></span> <span class='ocrx_word' id='word_1_247' title='bbox 1913 2228 1974 2266; x_wconf 76' lang='lat' dir='ltr'><strong>ea:</strong></span> <span class='ocrx_word' id='word_1_248' title='bbox 2007 2212 2122 2264; x_wconf 87' lang='lat' dir='ltr'><strong>ani-</strong></span> 
     </span>
    </p>
   </div>
   <div class='ocr_carea' id='block_1_37' title="bbox 546 2282 2121 2354">
    <p class='ocr_par' dir='ltr' id='par_1_37' title="bbox 546 2282 2121 2354">
     <span class='ocr_line' id='line_1_37' title="bbox 546 2282 2121 2354; baseline 0 -19"><span class='ocrx_word' id='word_1_249' title='bbox 546 2284 641 2335; x_wconf 89' lang='lat' dir='ltr'><strong>mis</strong></span> <span class='ocrx_word' id='word_1_250' title='bbox 667 2282 854 2335; x_wconf 82' lang='lat' dir='ltr'><strong>nostris</strong></span> <span class='ocrx_word' id='word_1_251' title='bbox 876 2282 1127 2348; x_wconf 89' lang='lat' dir='ltr'><strong>elabatur,</strong></span> <span class='ocrx_word' id='word_1_252' title='bbox 1160 2300 1282 2337; x_wconf 84' lang='lat' dir='ltr'><strong>neve</strong></span> <span class='ocrx_word' id='word_1_253' title='bbox 1303 2298 1477 2337; x_wconf 72' lang='lat' dir='ltr'><strong>eorum</strong></span> <span class='ocrx_word' id='word_1_254' title='bbox 1501 2299 1615 2354; x_wconf 72' lang='lat' dir='ltr'><strong>qua:</strong></span> <span class='ocrx_word' id='word_1_255' title='bbox 1642 2282 1943 2336; x_wconf 69' lang='lat' dir='ltr'><strong>mirabiliter</strong></span> <span class='ocrx_word' id='word_1_256' title='bbox 1970 2282 2033 2335; x_wconf 90' lang='lat' dir='ltr'><strong>ab</strong></span> <span class='ocrx_word' id='word_1_257' title='bbox 2064 2298 2121 2336; x_wconf 92' lang='lat' dir='ltr'><strong>eo</strong></span> 
     </span>
    </p>
   </div>
   <div class='ocr_carea' id='block_1_38' title="bbox 547 2354 2123 2424">
    <p class='ocr_par' dir='ltr' id='par_1_38' title="bbox 547 2354 2123 2424">
     <span class='ocr_line' id='line_1_38' title="bbox 547 2354 2123 2424; baseline 0 -19"><span class='ocrx_word' id='word_1_258' title='bbox 547 2354 686 2423; x_wconf 88' lang='lat' dir='ltr'><strong>facta</strong></span> <span class='ocrx_word' id='word_1_259' title='bbox 712 2362 832 2406; x_wconf 89' lang='lat' dir='ltr'><strong>sunt</strong></span> <span class='ocrx_word' id='word_1_260' title='bbox 862 2355 1109 2407; x_wconf 82' lang='lat' dir='ltr'><strong>memoria</strong></span> <span class='ocrx_word' id='word_1_261' title='bbox 1145 2357 1519 2408; x_wconf 88' lang='lat' dir='ltr'><strong>contaminetur</strong></span> <span class='ocrx_word' id='word_1_262' title='bbox 1540 2371 1629 2423; x_wconf 88' lang='lat' dir='ltr'><strong>per</strong></span> <span class='ocrx_word' id='word_1_263' title='bbox 1651 2356 1824 2424; x_wconf 80' lang='lat' dir='ltr'><strong>futiles</strong></span> <span class='ocrx_word' id='word_1_264' title='bbox 1855 2354 2123 2423; x_wconf 86' lang='lat' dir='ltr'><strong>cogitatio-</strong></span> 
     </span>
    </p>
   </div>
   <div class='ocr_carea' id='block_1_39' title="bbox 545 2424 2123 2496">
    <p class='ocr_par' dir='ltr' id='par_1_39' title="bbox 545 2424 2123 2496">
     <span class='ocr_line' id='line_1_39' title="bbox 545 2424 2123 2496; baseline -0.002 -17"><span class='ocrx_word' id='word_1_265' title='bbox 545 2439 672 2491; x_wconf 84' lang='lat' dir='ltr'><strong>nes;</strong></span> <span class='ocrx_word' id='word_1_266' title='bbox 702 2431 982 2496; x_wconf 81' lang='lat' dir='ltr'><strong>contraque</strong></span> <span class='ocrx_word' id='word_1_267' title='bbox 1010 2424 1147 2479; x_wconf 88' lang='lat' dir='ltr'><strong>illud</strong></span> <span class='ocrx_word' id='word_1_268' title='bbox 1167 2426 1423 2496; x_wconf 89' lang='lat' dir='ltr'><strong>agendum</strong></span> <span class='ocrx_word' id='word_1_269' title='bbox 1446 2427 1668 2490; x_wconf 84' lang='lat' dir='ltr'><strong>assidue,</strong></span> <span class='ocrx_word' id='word_1_270' title='bbox 1702 2434 1756 2478; x_wconf 89' lang='lat' dir='ltr'><strong>ut</strong></span> <span class='ocrx_word' id='word_1_271' title='bbox 1784 2441 1849 2478; x_wconf 76' lang='lat' dir='ltr'><strong>ex</strong></span> <span class='ocrx_word' id='word_1_272' title='bbox 1876 2433 2123 2494; x_wconf 82' lang='lat' dir='ltr'><strong>perpetua</strong></span> 
     </span>
    </p>
   </div>
   <div class='ocr_carea' id='block_1_40' title="bbox 544 2495 2123 2565">
    <p class='ocr_par' dir='ltr' id='par_1_40' title="bbox 544 2495 2123 2565">
     <span class='ocr_line' id='line_1_40' title="bbox 544 2495 2123 2565; baseline -0.001 -17"><span class='ocrx_word' id='word_1_273' title='bbox 544 2510 605 2549; x_wconf 88' lang='lat' dir='ltr'><strong>ac</strong></span> <span class='ocrx_word' id='word_1_274' title='bbox 630 2495 905 2565; x_wconf 80' lang='lat' dir='ltr'><strong>purissima</strong></span> <span class='ocrx_word' id='word_1_275' title='bbox 928 2495 1279 2549; x_wconf 82' lang='lat' dir='ltr'><strong>recordatione</strong></span> <span class='ocrx_word' id='word_1_276' title='bbox 1306 2499 1605 2565; x_wconf 81' lang='lat' dir='ltr'><strong>impressam</strong></span> <span class='ocrx_word' id='word_1_277' title='bbox 1635 2498 1690 2549; x_wconf 89' lang='lat' dir='ltr'><strong>in</strong></span> <span class='ocrx_word' id='word_1_278' title='bbox 1718 2497 1905 2548; x_wconf 87' lang='lat' dir='ltr'><strong>animis</strong></span> <span class='ocrx_word' id='word_1_279' title='bbox 1937 2498 2123 2548; x_wconf 78' lang='lat' dir='ltr'><strong>nostris</strong></span> 
     </span>
    </p>
   </div>
   <div class='ocr_carea' id='block_1_41' title="bbox 544 2564 2121 2638">
    <p class='ocr_par' dir='ltr' id='par_1_41' title="bbox 544 2564 2121 2638">
     <span class='ocr_line' id='line_1_41' title="bbox 544 2564 2121 2638; baseline -0.001 -19"><span class='ocrx_word' id='word_1_280' title='bbox 544 2567 685 2637; x_wconf 84' lang='lat' dir='ltr'><strong>piam</strong></span> <span class='ocrx_word' id='word_1_281' title='bbox 724 2566 786 2619; x_wconf 88' lang='lat' dir='ltr'><strong>de</strong></span> <span class='ocrx_word' id='word_1_282' title='bbox 833 2564 941 2620; x_wconf 87' lang='lat' dir='ltr'><strong>Deo</strong></span> <span class='ocrx_word' id='word_1_283' title='bbox 989 2567 1369 2638; x_wconf 69' lang='lat' dir='ltr'><strong>cogitationem,</strong></span> <span class='ocrx_word' id='word_1_284' title='bbox 1420 2566 1553 2638; x_wconf 71' lang='lat' dir='ltr'><strong>velut</strong></span> <span class='ocrx_word' id='word_1_285' title='bbox 1595 2567 1865 2620; x_wconf 84' lang='lat' dir='ltr'><strong>indelebile</strong></span> <span class='ocrx_word' id='word_1_286' title='bbox 1913 2565 2121 2638; x_wconf 81' lang='lat' dir='ltr'><strong>aliquod</strong></span> 
     </span>
    </p>
   </div>
   <div class='ocr_carea' id='block_1_42' title="bbox 545 2636 2123 2705">
    <p class='ocr_par' dir='ltr' id='par_1_42' title="bbox 545 2636 2123 2705">
     <span class='ocr_line' id='line_1_42' title="bbox 545 2636 2123 2705; baseline -0.001 -15"><span class='ocrx_word' id='word_1_287' title='bbox 545 2636 747 2705; x_wconf 81' lang='lat' dir='ltr'><strong>signum</strong></span> <span class='ocrx_word' id='word_1_288' title='bbox 795 2636 1237 2705; x_wconf 78' lang='lat' dir='ltr'><strong>circumferamus.</strong></span> <span class='ocrx_word' id='word_1_289' title='bbox 1285 2636 1553 2703; x_wconf 76' lang='lat' dir='ltr'><strong>Siquidem</strong></span> <span class='ocrx_word' id='word_1_290' title='bbox 1593 2637 1700 2691; x_wconf 75' lang='lat' dir='ltr'><strong>lucc</strong></span> <span class='ocrx_word' id='word_1_291' title='bbox 1735 2644 1808 2690; x_wconf 86' lang='lat' dir='ltr'><strong>est</strong></span> <span class='ocrx_word' id='word_1_292' title='bbox 1857 2637 1990 2690; x_wconf 84' lang='lat' dir='ltr'><strong>ratio</strong></span> <span class='ocrx_word' id='word_1_293' title='bbox 2033 2652 2123 2702; x_wconf 81' lang='lat' dir='ltr'><strong>per</strong></span> 
     </span>
    </p>
   </div>
   <div class='ocr_carea' id='block_1_43' title="bbox 545 2706 2127 2777">
    <p class='ocr_par' dir='ltr' id='par_1_43' title="bbox 545 2706 2127 2777">
     <span class='ocr_line' id='line_1_43' title="bbox 545 2706 2127 2777; baseline 0.001 -20"><span class='ocrx_word' id='word_1_294' title='bbox 545 2718 695 2776; x_wconf 81' lang='lat' dir='ltr'><strong>quain</strong></span> <span class='ocrx_word' id='word_1_295' title='bbox 720 2722 838 2777; x_wconf 86' lang='lat' dir='ltr'><strong>erga</strong></span> <span class='ocrx_word' id='word_1_296' title='bbox 864 2709 1029 2760; x_wconf 87' lang='lat' dir='ltr'><strong>Deum</strong></span> <span class='ocrx_word' id='word_1_297' title='bbox 1056 2706 1254 2767; x_wconf 81' lang='lat' dir='ltr'><strong>acquiri</strong></span> <span class='ocrx_word' id='word_1_298' title='bbox 1284 2708 1505 2761; x_wconf 85' lang='lat' dir='ltr'><strong>charitas</strong></span> <span class='ocrx_word' id='word_1_299' title='bbox 1533 2710 1812 2770; x_wconf 77' lang='lat' dir='ltr'><strong>consuevit,</strong></span> <span class='ocrx_word' id='word_1_300' title='bbox 1836 2723 1950 2777; x_wconf 75' lang='lat' dir='ltr'><strong>qua:</strong></span> <span class='ocrx_word' id='word_1_301' title='bbox 1968 2706 2127 2760; x_wconf 74' lang='lat' dir='ltr'><strong>simul</strong></span> 
     </span>
    </p>
   </div>
   <div class='ocr_carea' id='block_1_44' title="bbox 545 2777 2123 2844">
    <p class='ocr_par' dir='ltr' id='par_1_44' title="bbox 545 2777 2123 2844">
     <span class='ocr_line' id='line_1_44' title="bbox 545 2777 2123 2844; baseline 0 -15"><span class='ocrx_word' id='word_1_302' title='bbox 545 2793 663 2829; x_wconf 86' lang='lat' dir='ltr'><strong>cum</strong></span> <span class='ocrx_word' id='word_1_303' title='bbox 685 2777 751 2830; x_wconf 85' lang='lat' dir='ltr'><strong>ad</strong></span> <span class='ocrx_word' id='word_1_304' title='bbox 784 2778 1095 2831; x_wconf 78' lang='lat' dir='ltr'><strong>observanda</strong></span> <span class='ocrx_word' id='word_1_305' title='bbox 1129 2778 1222 2831; x_wconf 90' lang='lat' dir='ltr'><strong>Dei</strong></span> <span class='ocrx_word' id='word_1_306' title='bbox 1248 2780 1492 2831; x_wconf 88' lang='lat' dir='ltr'><strong>mandata</strong></span> <span class='ocrx_word' id='word_1_307' title='bbox 1536 2795 1627 2832; x_wconf 87' lang='lat' dir='ltr'><strong>nos</strong></span> <span class='ocrx_word' id='word_1_308' title='bbox 1670 2781 1869 2844; x_wconf 68' lang='lat' dir='ltr'><strong>excitet,</strong></span> <span class='ocrx_word' id='word_1_309' title='bbox 1898 2788 2007 2831; x_wconf 89' lang='lat' dir='ltr'><strong>tum</strong></span> <span class='ocrx_word' id='word_1_310' title='bbox 2047 2778 2123 2829; x_wconf 82' lang='lat' dir='ltr'><strong>vi-</strong></span> 
     </span>
    </p>
   </div>
   <div class='ocr_carea' id='block_1_45' title="bbox 545 2847 2122 2971">
    <p class='ocr_par' dir='ltr' id='par_1_45' title="bbox 545 2847 2122 2971">
     <span class='ocr_line' id='line_1_45' title="bbox 545 2847 2122 2971; baseline 0.001 -71"><span class='ocrx_word' id='word_1_311' title='bbox 545 2848 719 2918; x_wconf 79' lang='lat' dir='ltr'><strong>cissim</strong></span> <span class='ocrx_word' id='word_1_312' title='bbox 748 2865 946 2918; x_wconf 86' lang='lat' dir='ltr'><strong>quoque</strong></span> <span class='ocrx_word' id='word_1_313' title='bbox 988 2850 1048 2900; x_wconf 89' lang='lat' dir='ltr'><strong>ab</strong></span> <span class='ocrx_word' id='word_1_314' title='bbox 1083 2848 1262 2901; x_wconf 84' lang='lat' dir='ltr'><strong>iisdem</strong></span> <span class='ocrx_word' id='word_1_315' title='bbox 1288 2850 1398 2920; x_wconf 82' lang='lat' dir='ltr'><strong>ipsa</strong></span> <span class='ocrx_word' id='word_1_316' title='bbox 1424 2849 1491 2899; x_wconf 84' lang='lat' dir='ltr'><strong>ad</strong></span> <span class='ocrx_word' id='word_1_317' title='bbox 1521 2851 1902 2971; x_wconf 59' lang='lat' dir='ltr'><strong>pergetuitatem</strong></span> <span class='ocrx_word' id='word_1_318' title='bbox 1927 2847 2122 2902; x_wconf 84' lang='lat' dir='ltr'><strong>stabilis</strong></span> 
     </span>
     <span class='ocr_line' id='line_1_46' title="bbox 546 2919 2122 2971; baseline 0 0"><span class='ocrx_word' id='word_1_319' title='bbox 546 2928 888 2971; x_wconf 82' lang='lat' dir='ltr'><strong>conservetur.</strong></span> <span class='ocrx_word' id='word_1_320' title='bbox 944 2919 1093 2971; x_wconf 87' lang='lat' dir='ltr'><strong>Ouod</strong></span> <span class='ocrx_word' id='word_1_321' title='bbox 1132 2920 1203 2971; x_wconf 87' lang='lat' dir='ltr'><strong>ita</strong></span> <span class='ocrx_word' id='word_1_322' title='bbox 1243 2934 1351 2971; x_wconf 87' lang='lat' dir='ltr'><strong>esse</strong></span> <span class='ocrx_word' id='word_1_323' title='bbox 1399 2920 1545 2971; x_wconf 86' lang='lat' dir='ltr'><strong>docet</strong></span> <span class='ocrx_word' id='word_1_324' title='bbox 1647 2920 1847 2971; x_wconf 85' lang='lat' dir='ltr'><strong>ominus</strong></span> <span class='ocrx_word' id='word_1_325' title='bbox 1874 2921 2001 2971; x_wconf 81' lang='lat' dir='ltr'><strong>ipse.</strong></span> <span class='ocrx_word' id='word_1_326' title='bbox 2034 2920 2122 2971; x_wconf 87' lang='lat' dir='ltr'><strong>aui</strong></span> 
     </span>
    </p>
   </div>
   <div class='ocr_carea' id='block_1_46' title="bbox 546 2919 2122 2990">
    <p class='ocr_par' dir='ltr' id='par_1_46' title="bbox 546 2919 2122 2990">
     <span class='ocr_line' id='line_1_47' title="bbox 546 2919 2122 2990; baseline 0.001 -19"><span class='ocrx_word' id='word_1_327' title='bbox 546 2928 888 2990; x_wconf 79' lang='lat' dir='ltr'><strong>conservetur.</strong></span> <span class='ocrx_word' id='word_1_328' title='bbox 944 2919 1093 2984; x_wconf 84' lang='lat' dir='ltr'><strong>Quod</strong></span> <span class='ocrx_word' id='word_1_329' title='bbox 1130 2920 1203 2990; x_wconf 74' lang='lat' dir='ltr'><strong>ita</strong></span> <span class='ocrx_word' id='word_1_330' title='bbox 1243 2919 1351 2973; x_wconf 87' lang='lat' dir='ltr'><strong>esse</strong></span> <span class='ocrx_word' id='word_1_331' title='bbox 1399 2920 1545 2990; x_wconf 80' lang='lat' dir='ltr'><strong>docet</strong></span> <span class='ocrx_word' id='word_1_332' title='bbox 1596 2919 1847 2973; x_wconf 85' lang='lat' dir='ltr'><strong>Dominus</strong></span> <span class='ocrx_word' id='word_1_333' title='bbox 1874 2921 2001 2990; x_wconf 90' lang='lat' dir='ltr'><strong>ipse,</strong></span> <span class='ocrx_word' id='word_1_334' title='bbox 2034 2920 2122 2989; x_wconf 89' lang='lat' dir='ltr'><strong>qui</strong></span> 
     </span>
    </p>
   </div>
   <div class='ocr_carea' id='block_1_47' title="bbox 544 2987 2121 3060">
    <p class='ocr_par' dir='ltr' id='par_1_47' title="bbox 544 2987 2121 3060">
     <span class='ocr_line' id='line_1_48' title="bbox 544 2987 2121 3060; baseline 0.001 -20"><span class='ocrx_word' id='word_1_335' title='bbox 544 2989 747 3059; x_wconf 80' lang='lat' dir='ltr'><strong>quidem</strong></span> <span class='ocrx_word' id='word_1_336' title='bbox 775 2991 926 3042; x_wconf 89' lang='lat' dir='ltr'><strong>modo</strong></span> <span class='ocrx_word' id='word_1_337' title='bbox 966 2992 1089 3042; x_wconf 84' lang='lat' dir='ltr'><strong>dicit</strong></span> <span class='ocrx_word' id='word_1_338' title='bbox 1116 2987 1292 3059; x_wconf 81' lang='lat' dir='ltr'><strong>(Joan.</strong></span> <span class='ocrx_word' id='word_1_339' title='bbox 1322 2990 1434 3060; x_wconf 75' lang='lat' dir='ltr'><strong>le)</strong></span> <span class='ocrx_word' id='word_1_340' title='bbox 1462 3006 1475 3042; x_wconf 92' lang='lat'><strong>:</strong></span> <span class='ocrx_word' id='word_1_341' title='bbox 1510 2989 1569 3045; x_wconf 89' lang='lat' dir='ltr'><strong>Si</strong></span> <span class='ocrx_word' id='word_1_342' title='bbox 1600 2990 1817 3059; x_wconf 81' lang='lat' dir='ltr'><strong>diligitis</strong></span> <span class='ocrx_word' id='word_1_343' title='bbox 1844 2987 1943 3055; x_wconf 83' lang='lat' dir='ltr'><strong>me,</strong></span> <span class='ocrx_word' id='word_1_344' title='bbox 1969 2987 2121 3043; x_wconf 82' lang='lat' dir='ltr'><strong>man-</strong></span> 
     </span>
    </p>
   </div>
   <div class='ocr_carea' id='block_1_48' title="bbox 547 3060 2124 3128">
    <p class='ocr_par' dir='ltr' id='par_1_48' title="bbox 547 3060 2124 3128">
     <span class='ocr_line' id='line_1_49' title="bbox 547 3060 2124 3128; baseline 0.001 -17"><span class='ocrx_word' id='word_1_345' title='bbox 547 3060 666 3112; x_wconf 86' lang='lat' dir='ltr'><strong>data</strong></span> <span class='ocrx_word' id='word_1_346' title='bbox 700 3076 810 3112; x_wconf 89' lang='lat' dir='ltr'><strong>mea</strong></span> <span class='ocrx_word' id='word_1_347' title='bbox 833 3069 1066 3117; x_wconf 83' lang='lat' dir='ltr'><strong>servate:</strong></span> <span class='ocrx_word' id='word_1_348' title='bbox 1094 3062 1245 3113; x_wconf 87' lang='lat' dir='ltr'><strong>modo</strong></span> <span class='ocrx_word' id='word_1_349' title='bbox 1271 3076 1388 3114; x_wconf 88' lang='lat' dir='ltr'><strong>vero</strong></span> <span class='ocrx_word' id='word_1_350' title='bbox 1408 3076 1427 3115; x_wconf 92' lang='lat'><strong><em>:</em></strong></span> <span class='ocrx_word' id='word_1_351' title='bbox 1460 3060 1518 3115; x_wconf 85' lang='lat' dir='ltr'><strong>Si</strong></span> <span class='ocrx_word' id='word_1_352' title='bbox 1545 3070 1800 3128; x_wconf 77' lang='lat' dir='ltr'><strong>prwcepta</strong></span> <span class='ocrx_word' id='word_1_353' title='bbox 1823 3076 1933 3114; x_wconf 89' lang='lat' dir='ltr'><strong>mea</strong></span> <span class='ocrx_word' id='word_1_354' title='bbox 1954 3077 2124 3114; x_wconf 88' lang='lat' dir='ltr'><strong>serva-</strong></span> 
     </span>
    </p>
   </div>
   <div class='ocr_carea' id='block_1_49' title="bbox 545 3130 2122 3202">
    <p class='ocr_par' dir='ltr' id='par_1_49' title="bbox 545 3130 2122 3202">
     <span class='ocr_line' id='line_1_50' title="bbox 545 3130 2122 3202; baseline 0.001 -18"><span class='ocrx_word' id='word_1_355' title='bbox 545 3130 718 3202; x_wconf 86' lang='lat' dir='ltr'><strong>veritis</strong></span> <span class='ocrx_word' id='word_1_356' title='bbox 738 3173 751 3196; x_wconf 86' lang='lat'><strong>,</strong></span> <span class='ocrx_word' id='word_1_357' title='bbox 782 3131 1045 3184; x_wconf 84' lang='lat' dir='ltr'><strong>manebitis</strong></span> <span class='ocrx_word' id='word_1_358' title='bbox 1074 3132 1126 3184; x_wconf 89' lang='lat' dir='ltr'><strong>in</strong></span> <span class='ocrx_word' id='word_1_359' title='bbox 1154 3131 1428 3185; x_wconf 86' lang='lat' dir='ltr'><strong>dilectione</strong></span> <span class='ocrx_word' id='word_1_360' title='bbox 1452 3146 1582 3184; x_wconf 87' lang='lat' dir='ltr'><strong>mea.</strong></span> <span class='ocrx_word' id='word_1_361' title='bbox 1614 3131 1676 3184; x_wconf 83' lang='lat' dir='ltr'><strong>Et</strong></span> <span class='ocrx_word' id='word_1_362' title='bbox 1706 3134 1841 3200; x_wconf 90' lang='lat' dir='ltr'><strong>quod</strong></span> <span class='ocrx_word' id='word_1_363' title='bbox 1870 3131 2122 3202; x_wconf 70' lang='lat' dir='ltr'><strong>efﬁcacius</strong></span> 
     </span>
    </p>
   </div>
   <div class='ocr_carea' id='block_1_50' title="bbox 545 3200 2121 3270">
    <p class='ocr_par' dir='ltr' id='par_1_50' title="bbox 545 3200 2121 3270">
     <span class='ocr_line' id='line_1_51' title="bbox 545 3200 2121 3270; baseline 0.001 -17"><span class='ocrx_word' id='word_1_364' title='bbox 545 3201 702 3253; x_wconf 88' lang='lat' dir='ltr'><strong>etiam</strong></span> <span class='ocrx_word' id='word_1_365' title='bbox 740 3208 907 3270; x_wconf 80' lang='lat' dir='ltr'><strong>posset</strong></span> <span class='ocrx_word' id='word_1_366' title='bbox 951 3216 1302 3255; x_wconf 87' lang='lat' dir='ltr'><strong>commovere:</strong></span> <span class='ocrx_word' id='word_1_367' title='bbox 1330 3202 1480 3255; x_wconf 77' lang='lat' dir='ltr'><strong>Sicut</strong></span> <span class='ocrx_word' id='word_1_368' title='bbox 1521 3217 1616 3270; x_wconf 92' lang='lat' dir='ltr'><strong>ego</strong></span> <span class='ocrx_word' id='word_1_369' title='bbox 1661 3200 1920 3255; x_wconf 65' lang='lat' dir='ltr'><strong>mandaui</strong></span> <span class='ocrx_word' id='word_1_370' title='bbox 1944 3200 2121 3254; x_wconf 88' lang='lat' dir='ltr'><strong>Patris</strong></span> 
     </span>
    </p>
   </div>
   <div class='ocr_carea' id='block_1_51' title="bbox 545 3273 2116 3343">
    <p class='ocr_par' dir='ltr' id='par_1_51' title="bbox 545 3273 2116 3343">
     <span class='ocr_line' id='line_1_52' title="bbox 545 3273 2116 3343; baseline 0.001 -20"><span class='ocrx_word' id='word_1_371' title='bbox 545 3274 643 3324; x_wconf 87' lang='lat' dir='ltr'><strong>mei</strong></span> <span class='ocrx_word' id='word_1_372' title='bbox 672 3273 883 3336; x_wconf 78' lang='lat' dir='ltr'><strong>servavi,</strong></span> <span class='ocrx_word' id='word_1_373' title='bbox 911 3281 957 3325; x_wconf 89' lang='lat' dir='ltr'><strong>et</strong></span> <span class='ocrx_word' id='word_1_374' title='bbox 986 3288 1166 3327; x_wconf 88' lang='lat' dir='ltr'><strong>maneo</strong></span> <span class='ocrx_word' id='word_1_375' title='bbox 1194 3276 1245 3327; x_wconf 90' lang='lat' dir='ltr'><strong>in</strong></span> <span class='ocrx_word' id='word_1_376' title='bbox 1273 3276 1383 3343; x_wconf 77' lang='lat' dir='ltr'><strong>ejus</strong></span> <span class='ocrx_word' id='word_1_377' title='bbox 1409 3274 1702 3326; x_wconf 84' lang='lat' dir='ltr'><strong>dilectione.</strong></span> <span class='ocrx_word' id='word_1_378' title='bbox 1726 3274 1849 3327; x_wconf 67' lang='lat' dir='ltr'><strong>Haec</strong></span> <span class='ocrx_word' id='word_1_379' title='bbox 1872 3274 2116 3339; x_wconf 68' lang='lat' dir='ltr'><strong>Basilius,</strong></span> 
     </span>
    </p>
   </div>
   <div class='ocr_carea' id='block_1_52' title="bbox 544 3343 2195 3433">
    <p class='ocr_par' dir='ltr' id='par_1_52' title="bbox 544 3343 2195 3433">
     <span class='ocr_line' id='line_1_53' title="bbox 544 3343 2195 3433; baseline 0.001 -36"><span class='ocrx_word' id='word_1_380' title='bbox 544 3350 600 3397; x_wconf 89' lang='lat' dir='ltr'><strong>et</strong></span> <span class='ocrx_word' id='word_1_381' title='bbox 651 3358 769 3411; x_wconf 64' lang='lat' dir='ltr'><strong>quae</strong></span> <span class='ocrx_word' id='word_1_382' title='bbox 822 3351 1141 3433; x_wconf 47' lang='lat' dir='ltr'><strong>seq‘uun‘tur.</strong></span> <span class='ocrx_word' id='word_1_383' title='bbox 1198 3344 1331 3433; x_wconf 60' lang='lat' dir='ltr'><strong>Vide</strong></span> <span class='ocrx_word' id='word_1_384' title='bbox 1389 3343 1443 3397; x_wconf 91' lang='lat' dir='ltr'><strong>in</strong></span> <span class='ocrx_word' id='word_1_385' title='bbox 1501 3345 1741 3426; x_wconf 72' lang='lat' dir='ltr'><strong>eamdem</strong></span> <span class='ocrx_word' id='word_1_386' title='bbox 1770 3344 2117 3433; x_wconf 43' lang='lat' dir='ltr'><strong>lsententiam</strong></span> <span class='ocrx_word' id='word_1_387' title='bbox 2148 3368 2195 3433; x_wconf 67' lang='grc' dir='ltr'><strong>ρ</strong></span> 
     </span>
    </p>
   </div>
   <div class='ocr_carea' id='block_1_53' title="bbox 546 3414 2120 3485">
    <p class='ocr_par' dir='ltr' id='par_1_53' title="bbox 546 3414 2120 3485">
     <span class='ocr_line' id='line_1_54' title="bbox 546 3414 2120 3485; baseline 0.002 -19"><span class='ocrx_word' id='word_1_388' title='bbox 546 3426 850 3468; x_wconf 89' lang='lat' dir='ltr'><strong>sermonem</strong></span> <span class='ocrx_word' id='word_1_389' title='bbox 895 3414 958 3472; x_wconf 91' lang='lat' dir='ltr'><strong>D.</strong></span> <span class='ocrx_word' id='word_1_390' title='bbox 1010 3415 1269 3469; x_wconf 88' lang='lat' dir='ltr'><strong>Bernardi</strong></span> <span class='ocrx_word' id='word_1_391' title='bbox 1320 3416 1372 3468; x_wconf 91' lang='lat' dir='ltr'><strong>in</strong></span> <span class='ocrx_word' id='word_1_392' title='bbox 1421 3416 1600 3483; x_wconf 89' lang='lat' dir='ltr'><strong>parvis</strong></span> <span class='ocrx_word' id='word_1_393' title='bbox 1649 3416 2120 3485; x_wconf 81' lang='lat' dir='ltr'><strong>quadragesimum</strong></span> 
     </span>
    </p>
   </div>
   <div class='ocr_carea' id='block_1_54' title="bbox 547 3494 775 3539">
    <p class='ocr_par' dir='ltr' id='par_1_54' title="bbox 547 3494 775 3539">
     <span class='ocr_line' id='line_1_55' title="bbox 547 3494 775 3539; baseline 0 -2"><span class='ocrx_word' id='word_1_394' title='bbox 547 3494 775 3539; x_wconf 81' lang='lat' dir='ltr'><strong>sextum.</strong></span> 
     </span>
    </p>
   </div>
   <div class='ocr_carea' id='block_1_55' title="bbox 616 3553 2115 3626">
    <p class='ocr_par' dir='ltr' id='par_1_55' title="bbox 616 3553 2115 3626">
     <span class='ocr_line' id='line_1_56' title="bbox 616 3553 2115 3626; baseline 0.005 -19"><span class='ocrx_word' id='word_1_395' title='bbox 616 3553 644 3591; x_wconf 65' lang='grc' dir='ltr'>ι’</span> <span class='ocrx_word' id='word_1_396' title='bbox 689 3554 1003 3626; x_wconf 76' lang='lat' dir='ltr'><strong>Prmmissa,</strong></span> <span class='ocrx_word' id='word_1_397' title='bbox 1046 3555 1096 3607; x_wconf 89' lang='lat' dir='ltr'><strong>id</strong></span> <span class='ocrx_word' id='word_1_398' title='bbox 1133 3564 1234 3621; x_wconf 85' lang='lat' dir='ltr'><strong>est,</strong></span> <span class='ocrx_word' id='word_1_399' title='bbox 1269 3558 1417 3624; x_wconf 86' lang='lat' dir='ltr'><strong>prius</strong></span> <span class='ocrx_word' id='word_1_400' title='bbox 1464 3558 1700 3611; x_wconf 83' lang='lat' dir='ltr'><strong>immissa</strong></span> <span class='ocrx_word' id='word_1_401' title='bbox 1742 3555 1906 3626; x_wconf 87' lang='lat' dir='ltr'><strong>(Vide</strong></span> <span class='ocrx_word' id='word_1_402' title='bbox 1941 3558 2115 3614; x_wconf 86' lang='lat' dir='ltr'><strong>collat.</strong></span> 
     </span>
    </p>
   </div>
   <div class='ocr_carea' id='block_1_56' title="bbox 545 3624 2120 3698">
    <p class='ocr_par' dir='ltr' id='par_1_56' title="bbox 545 3624 2120 3698">
     <span class='ocr_line' id='line_1_57' title="bbox 545 3624 2120 3698; baseline 0.003 -19"><span class='ocrx_word' id='word_1_403' title='bbox 545 3640 656 3692; x_wconf 72' lang='lat' dir='ltr'><strong>xxx,</strong></span> <span class='ocrx_word' id='word_1_404' title='bbox 686 3641 729 3698; x_wconf 72' lang='lat' dir='ltr'><strong>c.</strong></span> <span class='ocrx_word' id='word_1_405' title='bbox 757 3625 868 3697; x_wconf 78' lang='grc'>16).</span> <span class='ocrx_word' id='word_1_406' title='bbox 900 3624 1101 3698; x_wconf 84' lang='lat' dir='ltr'><strong>Sensus</strong></span> <span class='ocrx_word' id='word_1_407' title='bbox 1122 3628 1265 3681; x_wconf 90' lang='lat' dir='ltr'><strong>enim</strong></span> <span class='ocrx_word' id='word_1_408' title='bbox 1295 3634 1377 3680; x_wconf 80' lang='lat' dir='ltr'><strong>est</strong></span> <span class='ocrx_word' id='word_1_409' title='bbox 1398 3643 1560 3696; x_wconf 80' lang='lat' dir='ltr'><strong>quem</strong></span> <span class='ocrx_word' id='word_1_410' title='bbox 1586 3624 1877 3698; x_wconf 75' lang='lat' dir='ltr'><strong>Dionysius</strong></span> <span class='ocrx_word' id='word_1_411' title='bbox 1906 3629 2004 3682; x_wconf 84' lang='lat' dir='ltr'><strong>hac</strong></span> <span class='ocrx_word' id='word_1_412' title='bbox 2025 3645 2120 3684; x_wconf 89' lang='lat' dir='ltr'><strong>sua</strong></span> 
     </span>
    </p>
   </div>
   <div class='ocr_carea' id='block_1_57' title="bbox 546 3696 2122 3767">
    <p class='ocr_par' dir='ltr' id='par_1_57' title="bbox 546 3696 2122 3767">
     <span class='ocr_line' id='line_1_58' title="bbox 546 3696 2122 3767; baseline 0.004 -19"><span class='ocrx_word' id='word_1_413' title='bbox 546 3696 859 3767; x_wconf 76' lang='lat' dir='ltr'><strong>paraphraSi</strong></span> <span class='ocrx_word' id='word_1_414' title='bbox 887 3697 1046 3765; x_wconf 68' lang='lat' dir='ltr'><strong>paulo</strong></span> <span class='ocrx_word' id='word_1_415' title='bbox 1074 3698 1356 3752; x_wconf 90' lang='lat' dir='ltr'><strong>clariorem</strong></span> <span class='ocrx_word' id='word_1_416' title='bbox 1388 3700 1565 3753; x_wconf 84' lang='lat' dir='ltr'><strong>reddit</strong></span> <span class='ocrx_word' id='word_1_417' title='bbox 1590 3715 1603 3752; x_wconf 74' lang='grc' dir='ltr'>ί</span> <span class='ocrx_word' id='word_1_418' title='bbox 1633 3696 1852 3765; x_wconf 80' lang='lat' dir='ltr'><strong>Quando</strong></span> <span class='ocrx_word' id='word_1_419' title='bbox 1875 3701 2122 3754; x_wconf 88' lang='lat' dir='ltr'><strong>memoria</strong></span> 
     </span>
    </p>
   </div>
   <div class='ocr_carea' id='block_1_58' title="bbox 543 3768 2120 3837">
    <p class='ocr_par' dir='ltr' id='par_1_58' title="bbox 543 3768 2120 3837">
     <span class='ocr_line' id='line_1_59' title="bbox 543 3768 2120 3837; baseline 0.003 -18"><span class='ocrx_word' id='word_1_420' title='bbox 543 3781 698 3837; x_wconf 47' lang='lat' dir='ltr'><strong>scmus</strong></span> <span class='ocrx_word' id='word_1_421' title='bbox 738 3768 944 3836; x_wconf 79' lang='lat' dir='ltr'><strong>feminei</strong></span> <span class='ocrx_word' id='word_1_422' title='bbox 988 3769 1268 3822; x_wconf 81' lang='lat' dir='ltr'><strong>occurrerit</strong></span> <span class='ocrx_word' id='word_1_423' title='bbox 1320 3773 1471 3823; x_wconf 86' lang='lat' dir='ltr'><strong>menti</strong></span> <span class='ocrx_word' id='word_1_424' title='bbox 1516 3780 1724 3833; x_wconf 76' lang='lat' dir='ltr'><strong>nostrw,</strong></span> <span class='ocrx_word' id='word_1_425' title='bbox 1759 3787 1846 3837; x_wconf 87' lang='lat' dir='ltr'><strong>per</strong></span> <span class='ocrx_word' id='word_1_426' title='bbox 1882 3770 2120 3824; x_wconf 81' lang='lat' dir='ltr'><strong>subtilem</strong></span> 
     </span>
    </p>
   </div>
   <div class='ocr_carea' id='block_1_59' title="bbox 544 3826 2122 3909">
    <p class='ocr_par' dir='ltr' id='par_1_59' title="bbox 544 3826 2122 3909">
     <span class='ocr_line' id='line_1_60' title="bbox 544 3826 2122 3909; baseline 0.005 -21"><span class='ocrx_word' id='word_1_427' title='bbox 544 3826 816 3892; x_wconf 52' lang='lat' dir='ltr'><strong>diabolica:</strong></span> <span class='ocrx_word' id='word_1_428' title='bbox 840 3840 1179 3907; x_wconf 85' lang='lat' dir='ltr'><strong>suggestionis</strong></span> <span class='ocrx_word' id='word_1_429' title='bbox 1208 3838 1562 3909; x_wconf 76' lang='lat' dir='ltr'><strong>calliditatem,</strong></span> <span class='ocrx_word' id='word_1_430' title='bbox 1594 3826 1825 3893; x_wconf 70' lang='lat' dir='ltr'><strong>immissa</strong></span> <span class='ocrx_word' id='word_1_431' title='bbox 1849 3841 2013 3909; x_wconf 89' lang='lat' dir='ltr'><strong>primo</strong></span> <span class='ocrx_word' id='word_1_432' title='bbox 2040 3858 2122 3896; x_wconf 90' lang='lat' dir='ltr'><strong>re-</strong></span> 
     </span>
    </p>
   </div>
   <div class='ocr_carea' id='block_1_60' title="bbox 543 3909 2121 3979">
    <p class='ocr_par' dir='ltr' id='par_1_60' title="bbox 543 3909 2121 3979">
     <span class='ocr_line' id='line_1_61' title="bbox 543 3909 2121 3979; baseline 0.003 -19"><span class='ocrx_word' id='word_1_433' title='bbox 543 3909 845 3961; x_wconf 87' lang='lat' dir='ltr'><strong>cordatione</strong></span> <span class='ocrx_word' id='word_1_434' title='bbox 891 3910 1092 3974; x_wconf 86' lang='lat' dir='ltr'><strong>matris,</strong></span> <span class='ocrx_word' id='word_1_435' title='bbox 1143 3919 1233 3963; x_wconf 88' lang='lat' dir='ltr'><strong>aut</strong></span> <span class='ocrx_word' id='word_1_436' title='bbox 1277 3925 1533 3974; x_wconf 86' lang='lat' dir='ltr'><strong>sororum,</strong></span> <span class='ocrx_word' id='word_1_437' title='bbox 1575 3914 1678 3965; x_wconf 91' lang='lat' dir='ltr'><strong>sive</strong></span> <span class='ocrx_word' id='word_1_438' title='bbox 1710 3921 1996 3979; x_wconf 85' lang='lat' dir='ltr'><strong>parentum,</strong></span> <span class='ocrx_word' id='word_1_439' title='bbox 2030 3921 2121 3965; x_wconf 91' lang='lat' dir='ltr'><strong>aut</strong></span> 
     </span>
    </p>
   </div>
   <div class='ocr_carea' id='block_1_61' title="bbox 544 3980 2120 4051">
    <p class='ocr_par' dir='ltr' id='par_1_61' title="bbox 544 3980 2120 4051">
     <span class='ocr_line' id='line_1_62' title="bbox 544 3980 2120 4051; baseline 0.004 -21"><span class='ocrx_word' id='word_1_440' title='bbox 544 3985 675 4031; x_wconf 90' lang='lat' dir='ltr'><strong>certe</strong></span> <span class='ocrx_word' id='word_1_441' title='bbox 705 3980 1007 4051; x_wconf 76' lang='lat' dir='ltr'><strong>feminarum</strong></span> <span class='ocrx_word' id='word_1_442' title='bbox 1046 3990 1363 4051; x_wconf 84' lang='lat' dir='ltr'><strong>sanctarum,</strong></span> <span class='ocrx_word' id='word_1_443' title='bbox 1403 3985 1701 4051; x_wconf 78' lang='lat' dir='ltr'><strong>festinemus</strong></span> <span class='ocrx_word' id='word_1_444' title='bbox 1741 3999 1850 4035; x_wconf 88' lang='lat' dir='ltr'><strong>eam</strong></span> <span class='ocrx_word' id='word_1_445' title='bbox 1889 3983 2120 4036; x_wconf 87' lang='lat' dir='ltr'><strong>celeriter</strong></span> 
     </span>
    </p>
   </div>
   <div class='ocr_carea' id='block_1_62' title="bbox 546 4048 2119 4115">
    <p class='ocr_par' dir='ltr' id='par_1_62' title="bbox 546 4048 2119 4115">
     <span class='ocr_line' id='line_1_63' title="bbox 546 4048 2119 4115; baseline 0.003 -14"><span class='ocrx_word' id='word_1_446' title='bbox 546 4048 818 4102; x_wconf 71' lang='lat' dir='ltr'><strong>extrudere</strong></span> <span class='ocrx_word' id='word_1_447' title='bbox 838 4048 901 4102; x_wconf 87' lang='lat' dir='ltr'><strong>de</strong></span> <span class='ocrx_word' id='word_1_448' title='bbox 931 4050 1166 4103; x_wconf 83' lang='lat' dir='ltr'><strong>cordibus</strong></span> <span class='ocrx_word' id='word_1_449' title='bbox 1202 4048 1426 4115; x_wconf 72' lang='lat' dir='ltr'><strong>nostris;</strong></span> <span class='ocrx_word' id='word_1_450' title='bbox 1452 4069 1515 4105; x_wconf 88' lang='lat' dir='ltr'><strong>ne</strong></span> <span class='ocrx_word' id='word_1_451' title='bbox 1548 4055 1589 4107; x_wconf 93' lang='lat' dir='ltr'><strong>si</strong></span> <span class='ocrx_word' id='word_1_452' title='bbox 1626 4053 1818 4105; x_wconf 77' lang='lat' dir='ltr'><strong>diutius</strong></span> <span class='ocrx_word' id='word_1_453' title='bbox 1852 4055 1905 4105; x_wconf 89' lang='lat' dir='ltr'><strong>in</strong></span> <span class='ocrx_word' id='word_1_454' title='bbox 1929 4068 1989 4105; x_wconf 84' lang='lat' dir='ltr'><strong>ea</strong></span> <span class='ocrx_word' id='word_1_455' title='bbox 2022 4055 2119 4107; x_wconf 86' lang='lat' dir='ltr'><strong>im-</strong></span> 
     </span>
    </p>
   </div>
   <div class='ocr_carea' id='block_1_63' title="bbox 545 4119 2119 4195">
    <p class='ocr_par' dir='ltr' id='par_1_63' title="bbox 545 4119 2119 4195">
     <span class='ocr_line' id='line_1_64' title="bbox 545 4119 2119 4195; baseline 0.006 -25"><span class='ocrx_word' id='word_1_456' title='bbox 545 4134 818 4195; x_wconf 76' lang='lat' dir='ltr'><strong>morentur,</strong></span> <span class='ocrx_word' id='word_1_457' title='bbox 855 4121 1009 4173; x_wconf 79' lang='lat' dir='ltr'><strong>etiam</strong></span> <span class='ocrx_word' id='word_1_458' title='bbox 1038 4120 1170 4173; x_wconf 83' lang='lat' dir='ltr'><strong>nihil</strong></span> <span class='ocrx_word' id='word_1_459' title='bbox 1189 4119 1417 4175; x_wconf 78' lang='lat' dir='ltr'><strong>ltesionis</strong></span> <span class='ocrx_word' id='word_1_460' title='bbox 1439 4124 1662 4195; x_wconf 80' lang='lat' dir='ltr'><strong>perpessi</strong></span> <span class='ocrx_word' id='word_1_461' title='bbox 1686 4124 1946 4177; x_wconf 86' lang='lat' dir='ltr'><strong>occasione</strong></span> <span class='ocrx_word' id='word_1_462' title='bbox 1969 4139 2119 4180; x_wconf 72' lang='lat' dir='ltr'><strong>sexus</strong></span> 
     </span>
    </p>
   </div>
   <div class='ocr_carea' id='block_1_64' title="bbox 546 4191 2118 4259">
    <p class='ocr_par' dir='ltr' id='par_1_64' title="bbox 546 4191 2118 4259">
     <span class='ocr_line' id='line_1_65' title="bbox 546 4191 2118 4259; baseline 0.004 -18"><span class='ocrx_word' id='word_1_463' title='bbox 546 4191 980 4259; x_wconf 78' lang='lat' dir='ltr'><strong>propinquarum,</strong></span> <span class='ocrx_word' id='word_1_464' title='bbox 1043 4200 1133 4243; x_wconf 89' lang='lat' dir='ltr'><strong>aut</strong></span> <span class='ocrx_word' id='word_1_465' title='bbox 1181 4201 1478 4245; x_wconf 86' lang='lat' dir='ltr'><strong>sanctarum</strong></span> <span class='ocrx_word' id='word_1_466' title='bbox 1529 4191 1898 4259; x_wconf 83' lang='lat' dir='ltr'><strong>personarum,</strong></span> <span class='ocrx_word' id='word_1_467' title='bbox 1948 4205 2118 4249; x_wconf 85' lang='lat' dir='ltr'><strong>tamen</strong></span> 
     </span>
    </p>
   </div>
   <div class='ocr_carea' id='block_1_65' title="bbox 545 4261 2119 4335">
    <p class='ocr_par' dir='ltr' id='par_1_65' title="bbox 545 4261 2119 4335">
     <span class='ocr_line' id='line_1_66' title="bbox 545 4261 2119 4335; baseline 0.005 -23"><span class='ocrx_word' id='word_1_468' title='bbox 545 4261 726 4313; x_wconf 75' lang='lat' dir='ltr'><strong>exinde</strong></span> <span class='ocrx_word' id='word_1_469' title='bbox 755 4262 987 4315; x_wconf 83' lang='lat' dir='ltr'><strong>devolvat</strong></span> <span class='ocrx_word' id='word_1_470' title='bbox 1018 4261 1273 4315; x_wconf 86' lang='lat' dir='ltr'><strong>subtiliter</strong></span> <span class='ocrx_word' id='word_1_471' title='bbox 1310 4271 1460 4335; x_wconf 82' lang='lat' dir='ltr'><strong>atque</strong></span> <span class='ocrx_word' id='word_1_472' title='bbox 1496 4265 1778 4335; x_wconf 71' lang='lat' dir='ltr'><strong>praecipitet</strong></span> <span class='ocrx_word' id='word_1_473' title='bbox 1809 4276 2023 4317; x_wconf 87' lang='lat' dir='ltr'><strong>mentem</strong></span> <span class='ocrx_word' id='word_1_474' title='bbox 2050 4266 2119 4320; x_wconf 90' lang='lat' dir='ltr'><strong>ad</strong></span> 
     </span>
    </p>
   </div>
   <div class='ocr_carea' id='block_1_66' title="bbox 545 4333 2117 4405">
    <p class='ocr_par' dir='ltr' id='par_1_66' title="bbox 545 4333 2117 4405">
     <span class='ocr_line' id='line_1_67' title="bbox 545 4333 2117 4405; baseline 0.005 -22"><span class='ocrx_word' id='word_1_475' title='bbox 545 4345 629 4383; x_wconf 90' lang='lat' dir='ltr'><strong>eas</strong></span> <span class='ocrx_word' id='word_1_476' title='bbox 651 4348 904 4405; x_wconf 75' lang='lat' dir='ltr'><strong>personas</strong></span> <span class='ocrx_word' id='word_1_477' title='bbox 920 4347 1015 4405; x_wconf 81' lang='lat' dir='ltr'><strong>per</strong></span> <span class='ocrx_word' id='word_1_478' title='bbox 1035 4347 1163 4405; x_wconf 83' lang='lat' dir='ltr'><strong>quas</strong></span> <span class='ocrx_word' id='word_1_479' title='bbox 1188 4333 1347 4401; x_wconf 84' lang='lat' dir='ltr'><strong>possit</strong></span> <span class='ocrx_word' id='word_1_480' title='bbox 1372 4333 1592 4387; x_wconf 80' lang='lat' dir='ltr'><strong>inserere</strong></span> <span class='ocrx_word' id='word_1_481' title='bbox 1616 4336 1759 4387; x_wconf 90' lang='lat' dir='ltr'><strong>cordi</strong></span> <span class='ocrx_word' id='word_1_482' title='bbox 1781 4336 2117 4405; x_wconf 72' lang='lat' dir='ltr'><strong>cegitaliunes</strong></span> 
     </span>
    </p>
   </div>
   <div class='ocr_carea' id='block_1_67' title="bbox 545 4402 2118 4462">
    <p class='ocr_par' dir='ltr' id='par_1_67' title="bbox 545 4402 2118 4462">
     <span class='ocr_line' id='line_1_68' title="bbox 545 4402 2118 4462; baseline 0.005 -9"><span class='ocrx_word' id='word_1_483' title='bbox 545 4403 765 4456; x_wconf 84' lang='lat' dir='ltr'><strong>nocivas.</strong></span> <span class='ocrx_word' id='word_1_484' title='bbox 798 4403 887 4457; x_wconf 87' lang='lat' dir='ltr'><strong>Sic</strong></span> <span class='ocrx_word' id='word_1_485' title='bbox 915 4404 1029 4457; x_wconf 90' lang='lat' dir='ltr'><strong>ille.</strong></span> <span class='ocrx_word' id='word_1_486' title='bbox 1053 4402 1208 4457; x_wconf 83' lang='lat' dir='ltr'><strong>Solet</strong></span> <span class='ocrx_word' id='word_1_487' title='bbox 1233 4404 1373 4457; x_wconf 89' lang='lat' dir='ltr'><strong>enim</strong></span> <span class='ocrx_word' id='word_1_488' title='bbox 1396 4405 1641 4459; x_wconf 86' lang='lat' dir='ltr'><strong>diabolus</strong></span> <span class='ocrx_word' id='word_1_489' title='bbox 1674 4417 1729 4457; x_wconf 92' lang='grc' dir='ltr'><strong>ιιι</strong></span> <span class='ocrx_word' id='word_1_490' title='bbox 1759 4402 1991 4461; x_wconf 81' lang='lat' dir='ltr'><strong>mentem</strong></span> <span class='ocrx_word' id='word_1_491' title='bbox 2022 4422 2118 4462; x_wconf 89' lang='lat' dir='ltr'><strong>no-</strong></span> 
     </span>
    </p>
   </div>
   <div class='ocr_carea' id='block_1_68' title="bbox 542 4473 2116 4543">
    <p class='ocr_par' dir='ltr' id='par_1_68' title="bbox 542 4473 2116 4543">
     <span class='ocr_line' id='line_1_69' title="bbox 542 4473 2116 4543; baseline 0.007 -20"><span class='ocrx_word' id='word_1_492' title='bbox 542 4480 709 4524; x_wconf 84' lang='lat' dir='ltr'><strong>stram</strong></span> <span class='ocrx_word' id='word_1_493' title='bbox 744 4474 920 4528; x_wconf 83' lang='lat' dir='ltr'><strong>noxiis</strong></span> <span class='ocrx_word' id='word_1_494' title='bbox 951 4473 1273 4541; x_wconf 79' lang='lat' dir='ltr'><strong>imaginibus</strong></span> <span class='ocrx_word' id='word_1_495' title='bbox 1295 4481 1352 4529; x_wconf 91' lang='lat' dir='ltr'><strong>et</strong></span> <span class='ocrx_word' id='word_1_496' title='bbox 1384 4475 1680 4543; x_wconf 82' lang='lat' dir='ltr'><strong>pliantasiis</strong></span> <span class='ocrx_word' id='word_1_497' title='bbox 1707 4491 1868 4529; x_wconf 83' lang='lat' dir='ltr'><strong>sexus</strong></span> <span class='ocrx_word' id='word_1_498' title='bbox 1896 4475 2116 4534; x_wconf 90' lang='lat' dir='ltr'><strong>feminei</strong></span> 
     </span>
    </p>
   </div>
   <div class='ocr_carea' id='block_1_69' title="bbox 543 4544 2116 4615">
    <p class='ocr_par' dir='ltr' id='par_1_69' title="bbox 543 4544 2116 4615">
     <span class='ocr_line' id='line_1_70' title="bbox 543 4544 2116 4615; baseline 0.008 -22"><span class='ocrx_word' id='word_1_499' title='bbox 543 4554 771 4615; x_wconf 82' lang='lat' dir='ltr'><strong>occupet</strong></span> <span class='ocrx_word' id='word_1_500' title='bbox 805 4554 859 4598; x_wconf 89' lang='lat' dir='ltr'><strong>et</strong></span> <span class='ocrx_word' id='word_1_501' title='bbox 889 4544 1148 4607; x_wconf 87' lang='lat' dir='ltr'><strong>detineat,</strong></span> <span class='ocrx_word' id='word_1_502' title='bbox 1183 4544 1410 4600; x_wconf 78' lang='lat' dir='ltr'><strong>subinde</strong></span> <span class='ocrx_word' id='word_1_503' title='bbox 1450 4547 1738 4601; x_wconf 89' lang='lat' dir='ltr'><strong>immittere</strong></span> <span class='ocrx_word' id='word_1_504' title='bbox 1777 4560 1840 4599; x_wconf 89' lang='lat' dir='ltr'><strong>ac</strong></span> <span class='ocrx_word' id='word_1_505' title='bbox 1871 4548 2116 4615; x_wconf 77' lang='lat' dir='ltr'><strong>ingerere</strong></span> 
     </span>
    </p>
   </div>
   <div class='ocr_carea' id='block_1_70' title="bbox 543 4613 2113 4684">
    <p class='ocr_par' dir='ltr' id='par_1_70' title="bbox 543 4613 2113 4684">
     <span class='ocr_line' id='line_1_71' title="bbox 543 4613 2113 4684; baseline 0.007 -21"><span class='ocrx_word' id='word_1_506' title='bbox 543 4613 947 4684; x_wconf 75' lang='lat' dir='ltr'><strong>cogitationem,</strong></span> <span class='ocrx_word' id='word_1_507' title='bbox 982 4628 1076 4668; x_wconf 87' lang='lat' dir='ltr'><strong>seu</strong></span> <span class='ocrx_word' id='word_1_508' title='bbox 1107 4616 1535 4671; x_wconf 84' lang='lat' dir='ltr'><strong>recordationem</strong></span> <span class='ocrx_word' id='word_1_509' title='bbox 1567 4618 1778 4683; x_wconf 85' lang='lat' dir='ltr'><strong>matris,</strong></span> <span class='ocrx_word' id='word_1_510' title='bbox 1820 4628 1913 4672; x_wconf 87' lang='lat' dir='ltr'><strong>aut</strong></span> <span class='ocrx_word' id='word_1_511' title='bbox 1933 4613 2113 4674; x_wconf 57' lang='lat' dir='ltr'><strong>soro-</strong></span> 
     </span>
    </p>
   </div>
   <div class='ocr_carea' id='block_1_71' title="bbox 543 4685 2110 4757">
    <p class='ocr_par' dir='ltr' id='par_1_71' title="bbox 543 4685 2110 4757">
     <span class='ocr_line' id='line_1_72' title="bbox 543 4685 2110 4757; baseline 0.006 -22"><span class='ocrx_word' id='word_1_512' title='bbox 543 4697 681 4757; x_wconf 83' lang='lat' dir='ltr'><strong>rum,</strong></span> <span class='ocrx_word' id='word_1_513' title='bbox 714 4696 803 4738; x_wconf 85' lang='lat' dir='ltr'><strong>aut</strong></span> <span class='ocrx_word' id='word_1_514' title='bbox 834 4694 1135 4757; x_wconf 78' lang='lat' dir='ltr'><strong>sanctarum</strong></span> <span class='ocrx_word' id='word_1_515' title='bbox 1168 4685 1521 4752; x_wconf 82' lang='lat' dir='ltr'><strong>feminarum;</strong></span> <span class='ocrx_word' id='word_1_516' title='bbox 1559 4688 1752 4757; x_wconf 86' lang='lat' dir='ltr'><strong>quibus</strong></span> <span class='ocrx_word' id='word_1_517' title='bbox 1790 4688 1844 4743; x_wconf 88' lang='lat' dir='ltr'><strong>in</strong></span> <span class='ocrx_word' id='word_1_518' title='bbox 1874 4691 2110 4745; x_wconf 91' lang='lat' dir='ltr'><strong>animum</strong></span> 
     </span>
    </p>
   </div>
   <div class='ocr_carea' id='block_1_72' title="bbox 2226 2062 3813 2133">
    <p class='ocr_par' dir='ltr' id='par_1_72' title="bbox 2226 2062 3813 2133">
     <span class='ocr_line' id='line_1_73' title="bbox 2226 2062 3813 2133; baseline 0.006 -14"><span class='ocrx_word' id='word_1_519' title='bbox 2226 2080 2354 2119; x_wconf 91' lang='lat' dir='ltr'><strong>num</strong></span> <span class='ocrx_word' id='word_1_520' title='bbox 2380 2064 2645 2118; x_wconf 87' lang='lat' dir='ltr'><strong>malarum</strong></span> <span class='ocrx_word' id='word_1_521' title='bbox 2678 2062 2940 2133; x_wconf 88' lang='lat' dir='ltr'><strong>principia</strong></span> <span class='ocrx_word' id='word_1_522' title='bbox 2980 2063 3206 2132; x_wconf 90' lang='lat' dir='ltr'><strong>elidere,</strong></span> <span class='ocrx_word' id='word_1_523' title='bbox 3240 2064 3344 2122; x_wconf 89' lang='lat' dir='ltr'><strong>hoc</strong></span> <span class='ocrx_word' id='word_1_524' title='bbox 3372 2074 3477 2133; x_wconf 91' lang='lat' dir='ltr'><strong>est,</strong></span> <span class='ocrx_word' id='word_1_525' title='bbox 3515 2068 3594 2125; x_wconf 87' lang='lat' dir='ltr'><strong>eis</strong></span> <span class='ocrx_word' id='word_1_526' title='bbox 3623 2070 3813 2128; x_wconf 86' lang='lat' dir='ltr'><strong>statim</strong></span> 
     </span>
    </p>
   </div>
   <div class='ocr_carea' id='block_1_73' title="bbox 2223 2136 3816 2212">
    <p class='ocr_par' dir='ltr' id='par_1_73' title="bbox 2223 2136 3816 2212">
     <span class='ocr_line' id='line_1_74' title="bbox 2223 2136 3816 2212; baseline 0.006 -23"><span class='ocrx_word' id='word_1_527' title='bbox 2223 2145 2279 2212; x_wconf 78' lang='lat' dir='ltr'><strong>et</strong></span> <span class='ocrx_word' id='word_1_528' title='bbox 2307 2137 2425 2190; x_wconf 89' lang='lat' dir='ltr'><strong>sine</strong></span> <span class='ocrx_word' id='word_1_529' title='bbox 2455 2136 2799 2212; x_wconf 72' lang='lat' dir='ltr'><strong>cunctatione</strong></span> <span class='ocrx_word' id='word_1_530' title='bbox 2826 2136 3192 2212; x_wconf 87' lang='lat' dir='ltr'><strong>resistere,__et_</strong></span> <span class='ocrx_word' id='word_1_531' title='bbox 3211 2150 3498 2194; x_wconf 81' lang='lat' dir='ltr'><strong>assensum</strong></span> <span class='ocrx_word' id='word_1_532' title='bbox 3526 2155 3634 2198; x_wconf 75' lang='lat' dir='ltr'><strong>non</strong></span> <span class='ocrx_word' id='word_1_533' title='bbox 3668 2157 3816 2212; x_wconf 73' lang='lat' dir='ltr'><strong>prte-</strong></span> 
     </span>
    </p>
   </div>
   <div class='ocr_carea' id='block_1_74' title="bbox 2226 2204 3815 2282">
    <p class='ocr_par' dir='ltr' id='par_1_74' title="bbox 2226 2204 3815 2282">
     <span class='ocr_line' id='line_1_75' title="bbox 2226 2204 3815 2282; baseline 0.006 -22"><span class='ocrx_word' id='word_1_534' title='bbox 2226 2206 2362 2282; x_wconf 87' lang='lat' dir='ltr'><strong>bere_</strong></span> <span class='ocrx_word' id='word_1_535' title='bbox 2387 2223 2409 2282; x_wconf 87' lang='lat'><strong>_:</strong></span> <span class='ocrx_word' id='word_1_536' title='bbox 2449 2204 2843 2282; x_wconf 87' lang='lat' dir='ltr'><strong>quo_quidem_</strong></span> <span class='ocrx_word' id='word_1_537' title='bbox 2874 2221 3048 2282; x_wconf 89' lang='lat' dir='ltr'><strong>sensu_</strong></span> <span class='ocrx_word' id='word_1_538' title='bbox 3086 2206 3196 2282; x_wconf 84' lang='lat' dir='ltr'><strong>dici</strong></span> <span class='ocrx_word' id='word_1_539' title='bbox 3227 2217 3437 2282; x_wconf 76' lang='lat' dir='ltr'><strong>potest</strong></span> <span class='ocrx_word' id='word_1_540' title='bbox 3475 2204 3815 2282; x_wconf 64' lang='lat' dir='ltr'><strong>praeceptum</strong></span> 
     </span>
    </p>
   </div>
   <div class='ocr_carea' id='block_1_75' title="bbox 2224 2276 3818 2352">
    <p class='ocr_par' dir='ltr' id='par_1_75' title="bbox 2224 2276 3818 2352">
     <span class='ocr_line' id='line_1_76' title="bbox 2224 2276 3818 2352; baseline 0.006 -21"><span class='ocrx_word' id='word_1_541' title='bbox 2224 2276 2515 2352; x_wconf 75' lang='lat' dir='ltr'><strong>quoddam,</strong></span> <span class='ocrx_word' id='word_1_542' title='bbox 2540 2276 2995 2352; x_wconf 78' lang='lat' dir='ltr'><strong>sive_niandatum</strong></span> <span class='ocrx_word' id='word_1_543' title='bbox 3016 2276 3332 2352; x_wconf 9' lang='lat' dir='ltr'><strong>_De_i_,getiam</strong></span> <span class='ocrx_word' id='word_1_544' title='bbox 3362 2276 3684 2352; x_wconf 73' lang='lat' dir='ltr'><strong>principale,</strong></span> <span class='ocrx_word' id='word_1_545' title='bbox 3711 2287 3818 2342; x_wconf 88' lang='lat' dir='ltr'><strong>sub</strong></span> 
     </span>
    </p>
   </div>
   <div class='ocr_carea' id='block_1_76' title="bbox 2227 2348 3814 2427">
    <p class='ocr_par' dir='ltr' id='par_1_76' title="bbox 2227 2348 3814 2427">
     <span class='ocr_line' id='line_1_77' title="bbox 2227 2348 3814 2427; baseline 0.008 -26"><span class='ocrx_word' id='word_1_546' title='bbox 2227 2349 2334 2427; x_wconf 65' lang='lat' dir='ltr'><strong>illis</strong></span> <span class='ocrx_word' id='word_1_547' title='bbox 2358 2348 2544 2427; x_wconf 70' lang='lat' dir='ltr'><strong>verbis</strong></span> <span class='ocrx_word' id='word_1_548' title='bbox 2573 2349 2736 2427; x_wconf 65' lang='lat' dir='ltr'><strong>tacite</strong></span> <span class='ocrx_word' id='word_1_549' title='bbox 2764 2348 3029 2427; x_wconf 69' lang='lat' dir='ltr'><strong>contineri</strong></span> <span class='ocrx_word' id='word_1_550' title='bbox 3055 2348 3220 2427; x_wconf 86' lang='lat' dir='ltr'><strong>(_Vide</strong></span> <span class='ocrx_word' id='word_1_551' title='bbox 3238 2348 3402 2423; x_wconf 65' lang='lat' dir='ltr'><strong>supra</strong></span> <span class='ocrx_word' id='word_1_552' title='bbox 3417 2348 3587 2427; x_wconf 71' lang='lat' dir='ltr'><strong>li_b_.</strong></span> <span class='ocrx_word' id='word_1_553' title='bbox 3614 2371 3661 2427; x_wconf 90' lang='lat' dir='ltr'><strong>c_.</strong></span> <span class='ocrx_word' id='word_1_554' title='bbox 3687 2355 3814 2427; x_wconf 79' lang='lat'><strong>37).</strong></span> 
     </span>
    </p>
   </div>
   <div class='ocr_carea' id='block_1_77' title="bbox 2302 2417 3809 2479">
    <p class='ocr_par' dir='ltr' id='par_1_77' title="bbox 2302 2417 3809 2479">
     <span class='ocr_line' id='line_1_78' title="bbox 2302 2417 3809 2479; baseline 0.004 -6"><span class='ocrx_word' id='word_1_555' title='bbox 2302 2417 2321 2456; x_wconf 72' lang='grc' dir='ltr'>ί</span> <span class='ocrx_word' id='word_1_556' title='bbox 2364 2419 2567 2474; x_wconf 87' lang='lat' dir='ltr'><strong>Alludit</strong></span> <span class='ocrx_word' id='word_1_557' title='bbox 2608 2419 2716 2473; x_wconf 88' lang='lat' dir='ltr'><strong>illis</strong></span> <span class='ocrx_word' id='word_1_558' title='bbox 2758 2418 2938 2475; x_wconf 82' lang='lat' dir='ltr'><strong>verbis</strong></span> <span class='ocrx_word' id='word_1_559' title='bbox 2975 2417 3120 2475; x_wconf 80' lang='lat' dir='ltr'><strong>Psal.</strong></span> <span class='ocrx_word' id='word_1_560' title='bbox 3166 2417 3406 2479; x_wconf 58' lang='lat' dir='ltr'><strong>cxxx&#39;vn</strong></span> <span class='ocrx_word' id='word_1_561' title='bbox 3441 2419 3585 2478; x_wconf 78' lang='lat' dir='ltr'><strong>Filia</strong></span> <span class='ocrx_word' id='word_1_562' title='bbox 3619 2417 3809 2479; x_wconf 56' lang='lat' dir='ltr'><strong>Babi-</strong></span> 
     </span>
    </p>
   </div>
   <div class='ocr_carea' id='block_1_78' title="bbox 2224 2429 3817 2560">
    <p class='ocr_par' dir='ltr' id='par_1_78' title="bbox 2224 2429 3817 2560">
     <span class='ocr_line' id='line_1_79' title="bbox 2302 2429 3809 2479; baseline 0.004 -6"><span class='ocrx_word' id='word_1_563' title='bbox 2302 2429 2317 2456; x_wconf 79' lang='grc' dir='ltr'><strong>ι</strong></span> <span class='ocrx_word' id='word_1_564' title='bbox 2364 2429 2567 2474; x_wconf 84' lang='lat' dir='ltr'><strong>Allunit</strong></span> <span class='ocrx_word' id='word_1_565' title='bbox 2608 2429 2716 2473; x_wconf 82' lang='lat' dir='ltr'><strong>illis</strong></span> <span class='ocrx_word' id='word_1_566' title='bbox 2758 2429 2938 2475; x_wconf 81' lang='lat' dir='ltr'><strong>verbis</strong></span> <span class='ocrx_word' id='word_1_567' title='bbox 2975 2429 3120 2475; x_wconf 80' lang='lat' dir='ltr'><strong>Psal.</strong></span> <span class='ocrx_word' id='word_1_568' title='bbox 3166 2436 3406 2479; x_wconf 78' lang='lat' dir='ltr'><strong>cxxxvr:</strong></span> <span class='ocrx_word' id='word_1_569' title='bbox 3441 2429 3585 2478; x_wconf 76' lang='lat' dir='ltr'><strong>Filia</strong></span> <span class='ocrx_word' id='word_1_570' title='bbox 3619 2429 3700 2479; x_wconf 87' lang='lat' dir='ltr'><strong>Ba</strong></span> <span class='ocrx_word' id='word_1_571' title='bbox 3789 2452 3809 2467; x_wconf 85' lang='lat'><strong>-</strong></span> 
     </span>
     <span class='ocr_line' id='line_1_80' title="bbox 2224 2429 3817 2560; baseline 0.006 -19"><span class='ocrx_word' id='word_1_572' title='bbox 2224 2488 2380 2556; x_wconf 85' lang='lat' dir='ltr'><strong>Ionis,</strong></span> <span class='ocrx_word' id='word_1_573' title='bbox 2412 2490 2640 2543; x_wconf 88' lang='lat' dir='ltr'><strong>misera:</strong></span> <span class='ocrx_word' id='word_1_574' title='bbox 2671 2491 2868 2554; x_wconf 84' lang='lat' dir='ltr'><strong>beatus,</strong></span> <span class='ocrx_word' id='word_1_575' title='bbox 2909 2491 2995 2560; x_wconf 88' lang='lat' dir='ltr'><strong>qui</strong></span> <span class='ocrx_word' id='word_1_576' title='bbox 3034 2491 3218 2546; x_wconf 79' lang='lat' dir='ltr'><strong>tenebit</strong></span> <span class='ocrx_word' id='word_1_577' title='bbox 3260 2500 3309 2545; x_wconf 90' lang='lat' dir='ltr'><strong>et</strong></span> <span class='ocrx_word' id='word_1_578' title='bbox 3349 2492 3531 2549; x_wconf 84' lang='lat' dir='ltr'><strong>allidet</strong></span> <span class='ocrx_word' id='word_1_579' title='bbox 3564 2429 3817 2560; x_wconf 47' lang='lat' dir='ltr'><strong>pareas</strong></span> 
     </span>
    </p>
   </div>
   <div class='ocr_carea' id='block_1_79' title="bbox 2226 2560 3820 2637">
    <p class='ocr_par' dir='ltr' id='par_1_79' title="bbox 2226 2560 3820 2637">
     <span class='ocr_line' id='line_1_81' title="bbox 2226 2560 3820 2637; baseline 0.008 -26"><span class='ocrx_word' id='word_1_580' title='bbox 2226 2560 2433 2637; x_wconf 84' lang='lat' dir='ltr'><strong>tuos_ad</strong></span> <span class='ocrx_word' id='word_1_581' title='bbox 2462 2560 2697 2637; x_wconf 66' lang='lat' dir='ltr'><strong>petram!</strong></span> <span class='ocrx_word' id='word_1_582' title='bbox 2723 2560 2782 2637; x_wconf 57' lang='grc' dir='ltr'>[ιι</span> <span class='ocrx_word' id='word_1_583' title='bbox 2807 2576 2931 2637; x_wconf 74' lang='lat' dir='ltr'><strong>quae</strong></span> <span class='ocrx_word' id='word_1_584' title='bbox 2959 2571 3332 2637; x_wconf 67' lang='lat' dir='ltr'><strong>commentans</strong></span> <span class='ocrx_word' id='word_1_585' title='bbox 3361 2564 3521 2637; x_wconf 84' lang='lat' dir='ltr'><strong>divus</strong></span> <span class='ocrx_word' id='word_1_586' title='bbox 3548 2560 3820 2637; x_wconf 65' lang='lat' dir='ltr'><strong>Angusti-</strong></span> 
     </span>
    </p>
   </div>
   <div class='ocr_carea' id='block_1_80' title="bbox 2225 2630 3817 2704">
    <p class='ocr_par' dir='ltr' id='par_1_80' title="bbox 2225 2630 3817 2704">
     <span class='ocr_line' id='line_1_82' title="bbox 2225 2630 3817 2704; baseline 0.006 -21"><span class='ocrx_word' id='word_1_587' title='bbox 2225 2645 2325 2683; x_wconf 82' lang='lat' dir='ltr'><strong>nus</strong></span> <span class='ocrx_word' id='word_1_588' title='bbox 2352 2630 2436 2704; x_wconf 68' lang='lat' dir='ltr'><strong>ita</strong></span> <span class='ocrx_word' id='word_1_589' title='bbox 2456 2630 2682 2704; x_wconf 12' lang='lat' dir='ltr'><strong>Scribit»:</strong></span> <span class='ocrx_word' id='word_1_590' title='bbox 2717 2632 2819 2696; x_wconf 85' lang='lat' dir='ltr'><strong>Qui</strong></span> <span class='ocrx_word' id='word_1_591' title='bbox 2844 2641 2961 2704; x_wconf 78' lang='lat' dir='ltr'><strong>sunt</strong></span> <span class='ocrx_word' id='word_1_592' title='bbox 2992 2633 3195 2700; x_wconf 82' lang='lat' dir='ltr'><strong>parvuli</strong></span> <span class='ocrx_word' id='word_1_593' title='bbox 3225 2631 3541 2704; x_wconf 75' lang='lat' dir='ltr'><strong>Babylonis?</strong></span> <span class='ocrx_word' id='word_1_594' title='bbox 3568 2630 3817 2696; x_wconf 72' lang='grc' dir='ltr'><strong>Νᾶκεηο</strong></span> 
     </span>
    </p>
   </div>
   <div class='ocr_carea' id='block_1_81' title="bbox 2223 2700 3816 2777">
    <p class='ocr_par' dir='ltr' id='par_1_81' title="bbox 2223 2700 3816 2777">
     <span class='ocr_line' id='line_1_83' title="bbox 2223 2700 3816 2777; baseline 0.009 -24"><span class='ocrx_word' id='word_1_595' title='bbox 2223 2707 2299 2755; x_wconf 88' lang='lat' dir='ltr'><strong>tes</strong></span> <span class='ocrx_word' id='word_1_596' title='bbox 2333 2702 2483 2777; x_wconf 74' lang='lat' dir='ltr'><strong>malle</strong></span> <span class='ocrx_word' id='word_1_597' title='bbox 2509 2702 2835 2769; x_wconf 86' lang='lat' dir='ltr'><strong>cupiditates.</strong></span> <span class='ocrx_word' id='word_1_598' title='bbox 2870 2700 3088 2777; x_wconf 81' lang='lat' dir='ltr'><strong>Quando</strong></span> <span class='ocrx_word' id='word_1_599' title='bbox 3126 2700 3355 2777; x_wconf 71' lang='lat' dir='ltr'><strong>nascitur</strong></span> <span class='ocrx_word' id='word_1_600' title='bbox 3378 2708 3658 2777; x_wconf 83' lang='lat' dir='ltr'><strong>cupiditas,</strong></span> <span class='ocrx_word' id='word_1_601' title='bbox 3689 2727 3816 2766; x_wconf 76' lang='lat' dir='ltr'><strong>cum</strong></span> 
     </span>
    </p>
   </div>
   <div class='ocr_carea' id='block_1_82' title="bbox 2226 2772 3817 2843">
    <p class='ocr_par' dir='ltr' id='par_1_82' title="bbox 2226 2772 3817 2843">
     <span class='ocr_line' id='line_1_84' title="bbox 2226 2772 3817 2843; baseline 0.009 -20"><span class='ocrx_word' id='word_1_602' title='bbox 2226 2772 2441 2840; x_wconf 90' lang='lat' dir='ltr'><strong>parvula</strong></span> <span class='ocrx_word' id='word_1_603' title='bbox 2471 2782 2562 2828; x_wconf 88' lang='lat' dir='ltr'><strong>est.</strong></span> <span class='ocrx_word' id='word_1_604' title='bbox 2594 2774 3047 2842; x_wconf 74' lang='lat' dir='ltr'><strong>untequamrobur</strong></span> <span class='ocrx_word' id='word_1_605' title='bbox 3067 2776 3310 2843; x_wconf 78' lang='lat' dir='ltr'><strong>accipiat,</strong></span> <span class='ocrx_word' id='word_1_606' title='bbox 3341 2772 3473 2831; x_wconf 82' lang='lat' dir='ltr'><strong>elide</strong></span> <span class='ocrx_word' id='word_1_607' title='bbox 3498 2772 3668 2834; x_wconf 72' lang='lat' dir='ltr'><strong>illam.</strong></span> <span class='ocrx_word' id='word_1_608' title='bbox 3698 2781 3817 2837; x_wconf 80' lang='lat' dir='ltr'><strong>Sed</strong></span> 
     </span>
    </p>
   </div>
   <div class='ocr_carea' id='block_1_83' title="bbox 2225 2844 3819 2920">
    <p class='ocr_par' dir='ltr' id='par_1_83' title="bbox 2225 2844 3819 2920">
     <span class='ocr_line' id='line_1_85' title="bbox 2225 2844 3819 2920; baseline 0.009 -26"><span class='ocrx_word' id='word_1_609' title='bbox 2225 2845 2389 2908; x_wconf 87' lang='lat' dir='ltr'><strong>times,</strong></span> <span class='ocrx_word' id='word_1_610' title='bbox 2419 2859 2484 2897; x_wconf 87' lang='lat' dir='ltr'><strong>ne</strong></span> <span class='ocrx_word' id='word_1_611' title='bbox 2511 2844 2778 2920; x_wconf 32' lang='lat' dir='ltr'><strong>elisa‘non</strong></span> <span class='ocrx_word' id='word_1_612' title='bbox 2806 2844 3374 2920; x_wconf 10' lang='lat' dir='ltr'><strong>moriaturlrallide‘ad</strong></span> <span class='ocrx_word' id='word_1_613' title='bbox 3406 2856 3627 2920; x_wconf 75' lang='lat' dir='ltr'><strong>petram,</strong></span> <span class='ocrx_word' id='word_1_614' title='bbox 3661 2862 3819 2917; x_wconf 71' lang='lat' dir='ltr'><strong>petra</strong></span> 
     </span>
    </p>
   </div>
   <div class='ocr_carea' id='block_1_84' title="bbox 2223 2914 3814 2981">
    <p class='ocr_par' dir='ltr' id='par_1_84' title="bbox 2223 2914 3814 2981">
     <span class='ocr_line' id='line_1_86' title="bbox 2223 2914 3814 2981; baseline 0.008 -14"><span class='ocrx_word' id='word_1_615' title='bbox 2223 2924 2391 2967; x_wconf 86' lang='lat' dir='ltr'><strong>autem</strong></span> <span class='ocrx_word' id='word_1_616' title='bbox 2430 2924 2503 2968; x_wconf 86' lang='lat' dir='ltr'><strong>est</strong></span> <span class='ocrx_word' id='word_1_617' title='bbox 2539 2915 2769 2969; x_wconf 79' lang='lat' dir='ltr'><strong>Christus</strong></span> <span class='ocrx_word' id='word_1_618' title='bbox 2809 2914 2854 2981; x_wconf 84' lang='grc' dir='ltr'>(ι</span> <span class='ocrx_word' id='word_1_619' title='bbox 2898 2915 3015 2970; x_wconf 85' lang='lat' dir='ltr'><strong>Cor.</strong></span> <span class='ocrx_word' id='word_1_620' title='bbox 3064 2919 3145 2981; x_wconf 69' lang='grc' dir='ltr'><strong>κ).</strong></span> <span class='ocrx_word' id='word_1_621' title='bbox 3192 2914 3814 2979; x_wconf 22' lang='lat' dir='ltr'><strong>Eodem&#39;modo‘divus</strong></span> 
     </span>
    </p>
   </div>
   <div class='ocr_carea' id='block_1_85' title="bbox 2225 2983 3816 3055">
    <p class='ocr_par' dir='ltr' id='par_1_85' title="bbox 2225 2983 3816 3055">
     <span class='ocr_line' id='line_1_87' title="bbox 2225 2983 3816 3055; baseline 0.008 -18"><span class='ocrx_word' id='word_1_622' title='bbox 2225 2983 2585 3055; x_wconf 84' lang='lat' dir='ltr'><strong>Hieronymus</strong></span> <span class='ocrx_word' id='word_1_623' title='bbox 2643 2985 2989 3055; x_wconf 85' lang='lat' dir='ltr'><strong>Eustochium</strong></span> <span class='ocrx_word' id='word_1_624' title='bbox 3050 2985 3320 3055; x_wconf 89' lang='lat' dir='ltr'><strong>virginem</strong></span> <span class='ocrx_word' id='word_1_625' title='bbox 3370 2988 3664 3045; x_wconf 86' lang='lat' dir='ltr'><strong>admonens</strong></span> <span class='ocrx_word' id='word_1_626' title='bbox 3721 2994 3816 3049; x_wconf 81' lang='lat' dir='ltr'><strong>his</strong></span> 
     </span>
    </p>
   </div>
   <div class='ocr_carea' id='block_1_86' title="bbox 2224 3001 3815 3131">
    <p class='ocr_par' dir='ltr' id='par_1_86' title="bbox 2224 3001 3815 3131">
     <span class='ocr_line' id='line_1_88' title="bbox 2225 3001 3815 3055; baseline 0.007 -17"><span class='ocrx_word' id='word_1_627' title='bbox 2225 3001 2424 3038; x_wconf 79' lang='lat' dir='ltr'><strong>mei-on</strong></span> <span class='ocrx_word' id='word_1_628' title='bbox 2468 3001 2585 3038; x_wconf 89' lang='lat' dir='ltr'><strong>mus</strong></span> <span class='ocrx_word' id='word_1_629' title='bbox 2643 3001 2989 3040; x_wconf 66' lang='lat' dir='ltr'><strong>mustncnium</strong></span> <span class='ocrx_word' id='word_1_630' title='bbox 3050 3002 3320 3055; x_wconf 81' lang='lat' dir='ltr'><strong>Virginem</strong></span> <span class='ocrx_word' id='word_1_631' title='bbox 3370 3001 3664 3045; x_wconf 84' lang='lat' dir='ltr'><strong>admonens</strong></span> <span class='ocrx_word' id='word_1_632' title='bbox 3721 3001 3815 3049; x_wconf 79' lang='lat' dir='ltr'><strong>liis</strong></span> 
     </span>
     <span class='ocr_line' id='line_1_89' title="bbox 2224 3001 3815 3131; baseline 0.006 -23"><span class='ocrx_word' id='word_1_633' title='bbox 2224 3055 2402 3131; x_wconf 77' lang='lat' dir='ltr'><strong>verbis</strong></span> <span class='ocrx_word' id='word_1_634' title='bbox 2425 3001 2462 3125; x_wconf 83' lang='lat' dir='ltr'><strong>(y</strong></span> <span class='ocrx_word' id='word_1_635' title='bbox 2454 3055 2621 3125; x_wconf 84' lang='lat' dir='ltr'><strong>Epist.</strong></span> <span class='ocrx_word' id='word_1_636' title='bbox 2644 3054 2737 3131; x_wconf 64' lang='lat'><strong>22)</strong></span> <span class='ocrx_word' id='word_1_637' title='bbox 2762 3073 2777 3113; x_wconf 87' lang='lat'><strong>:</strong></span> <span class='ocrx_word' id='word_1_638' title='bbox 2806 3056 2947 3131; x_wconf 73' lang='lat' dir='ltr'><strong>Nolo</strong></span> <span class='ocrx_word' id='word_1_639' title='bbox 2975 3058 3117 3111; x_wconf 86' lang='lat' dir='ltr'><strong>sinas</strong></span> <span class='ocrx_word' id='word_1_640' title='bbox 3146 3058 3504 3131; x_wconf 70' lang='lat' dir='ltr'><strong>cogitationem</strong></span> <span class='ocrx_word' id='word_1_641' title='bbox 3540 3077 3815 3131; x_wconf 85' lang='lat' dir='ltr'><strong>crescere;</strong></span> 
     </span>
    </p>
   </div>
   <div class='ocr_carea' id='block_1_87' title="bbox 2225 3122 3818 3200">
    <p class='ocr_par' dir='ltr' id='par_1_87' title="bbox 2225 3122 3818 3200">
     <span class='ocr_line' id='line_1_90' title="bbox 2225 3122 3818 3200; baseline 0.008 -23"><span class='ocrx_word' id='word_1_642' title='bbox 2225 3122 2347 3178; x_wconf 73' lang='lat' dir='ltr'><strong>dum</strong></span> <span class='ocrx_word' id='word_1_643' title='bbox 2376 3122 2565 3197; x_wconf 71' lang='lat' dir='ltr'><strong>parvus</strong></span> <span class='ocrx_word' id='word_1_644' title='bbox 2589 3138 2664 3200; x_wconf 83' lang='lat' dir='ltr'><strong>est</strong></span> <span class='ocrx_word' id='word_1_645' title='bbox 2691 3122 2873 3195; x_wconf 82' lang='lat' dir='ltr'><strong>hostis,</strong></span> <span class='ocrx_word' id='word_1_646' title='bbox 2912 3129 3142 3196; x_wconf 69' lang='lat' dir='ltr'><strong>interfice</strong></span> <span class='ocrx_word' id='word_1_647' title='bbox 3149 3143 3183 3200; x_wconf 68' lang='lat'><strong>_:</strong></span> <span class='ocrx_word' id='word_1_648' title='bbox 3208 3122 3458 3200; x_wconf 68' lang='lat' dir='ltr'><strong>nequitia,</strong></span> <span class='ocrx_word' id='word_1_649' title='bbox 3498 3147 3562 3185; x_wconf 79' lang='lat' dir='ltr'><strong>ne</strong></span> <span class='ocrx_word' id='word_1_650' title='bbox 3602 3122 3818 3190; x_wconf 69' lang='lat' dir='ltr'><strong>zizanid</strong></span> 
     </span>
    </p>
   </div>
   <div class='ocr_carea' id='block_1_88' title="bbox 2224 3198 3817 3270">
    <p class='ocr_par' dir='ltr' id='par_1_88' title="bbox 2224 3198 3817 3270">
     <span class='ocr_line' id='line_1_91' title="bbox 2224 3198 3817 3270; baseline 0.007 -22"><span class='ocrx_word' id='word_1_651' title='bbox 2224 3207 2487 3262; x_wconf 85' lang='lat' dir='ltr'><strong>crescant,</strong></span> <span class='ocrx_word' id='word_1_652' title='bbox 2530 3198 2754 3251; x_wconf 86' lang='lat' dir='ltr'><strong>elidatur</strong></span> <span class='ocrx_word' id='word_1_653' title='bbox 2792 3200 2845 3253; x_wconf 75' lang='lat' dir='ltr'><strong>in</strong></span> <span class='ocrx_word' id='word_1_654' title='bbox 2885 3201 3094 3253; x_wconf 80' lang='lat' dir='ltr'><strong>semine.</strong></span> <span class='ocrx_word' id='word_1_655' title='bbox 3145 3198 3214 3270; x_wconf 83' lang='lat' dir='ltr'><strong>Et</strong></span> <span class='ocrx_word' id='word_1_656' title='bbox 3256 3198 3377 3267; x_wconf 83' lang='lat' dir='ltr'><strong>post</strong></span> <span class='ocrx_word' id='word_1_657' title='bbox 3423 3216 3632 3269; x_wconf 76' lang='lat' dir='ltr'><strong>pauca:</strong></span> <span class='ocrx_word' id='word_1_658' title='bbox 3668 3206 3817 3270; x_wconf 80' lang='lat' dir='ltr'><strong>Quia</strong></span> 
     </span>
    </p>
   </div>
   <div class='ocr_carea' id='block_1_89' title="bbox 2224 3268 3817 3339">
    <p class='ocr_par' dir='ltr' id='par_1_89' title="bbox 2224 3268 3817 3339">
     <span class='ocr_line' id='line_1_92' title="bbox 2224 3268 3817 3339; baseline 0.008 -19"><span class='ocrx_word' id='word_1_659' title='bbox 2224 3269 2359 3320; x_wconf 89' lang='lat' dir='ltr'><strong>enim</strong></span> <span class='ocrx_word' id='word_1_660' title='bbox 2394 3270 2708 3339; x_wconf 85' lang='lat' dir='ltr'><strong>impossibile</strong></span> <span class='ocrx_word' id='word_1_661' title='bbox 2750 3280 2825 3324; x_wconf 84' lang='lat' dir='ltr'><strong>est</strong></span> <span class='ocrx_word' id='word_1_662' title='bbox 2866 3270 2921 3323; x_wconf 85' lang='lat' dir='ltr'><strong>in</strong></span> <span class='ocrx_word' id='word_1_663' title='bbox 2960 3268 3562 3339; x_wconf 12' lang='lat' dir='ltr'><strong>sensumilsominis’non</strong></span> <span class='ocrx_word' id='word_1_664' title='bbox 3606 3268 3817 3332; x_wconf 73' lang='lat' dir='ltr'><strong>irruere</strong></span> 
     </span>
    </p>
   </div>
   <div class='ocr_carea' id='block_1_90' title="bbox 2224 3338 3817 3418">
    <p class='ocr_par' dir='ltr' id='par_1_90' title="bbox 2224 3338 3817 3418">
     <span class='ocr_line' id='line_1_93' title="bbox 2224 3338 3817 3418; baseline 0.008 -28"><span class='ocrx_word' id='word_1_665' title='bbox 2224 3338 2473 3418; x_wconf 34' lang='lat' dir='ltr'><strong>innatum&quot;</strong></span> <span class='ocrx_word' id='word_1_666' title='bbox 2498 3339 2842 3418; x_wconf 72' lang='lat' dir='ltr'><strong>medullarum</strong></span> <span class='ocrx_word' id='word_1_667' title='bbox 2867 3338 3113 3418; x_wconf 68' lang='lat' dir='ltr'><strong>coRirem,</strong></span> <span class='ocrx_word' id='word_1_668' title='bbox 3137 3338 3228 3418; x_wconf 75' lang='lat' dir='ltr'><strong>ille</strong></span> <span class='ocrx_word' id='word_1_669' title='bbox 3255 3339 3645 3418; x_wconf 49' lang='lat' dir='ltr'><strong>laudatugille</strong></span> <span class='ocrx_word' id='word_1_670' title='bbox 3670 3364 3817 3418; x_wconf 78' lang='lat' dir='ltr'><strong>prce-</strong></span> 
     </span>
    </p>
   </div>
   <div class='ocr_carea' id='block_1_91' title="bbox 2226 3409 3815 3482">
    <p class='ocr_par' dir='ltr' id='par_1_91' title="bbox 2226 3409 3815 3482">
     <span class='ocr_line' id='line_1_94' title="bbox 2226 3409 3815 3482; baseline 0.007 -21"><span class='ocrx_word' id='word_1_671' title='bbox 2226 3410 2430 3482; x_wconf 81' lang='lat' dir='ltr'><strong>dicatur</strong></span> <span class='ocrx_word' id='word_1_672' title='bbox 2451 3409 2647 3482; x_wconf 79' lang='lat' dir='ltr'><strong>beatus,</strong></span> <span class='ocrx_word' id='word_1_673' title='bbox 2670 3412 2754 3480; x_wconf 86' lang='lat' dir='ltr'><strong>qui</strong></span> <span class='ocrx_word' id='word_1_674' title='bbox 2794 3420 2848 3464; x_wconf 87' lang='lat' dir='ltr'><strong>ut</strong></span> <span class='ocrx_word' id='word_1_675' title='bbox 2880 3412 3085 3482; x_wconf 67' lang='lat' dir='ltr'><strong>crepet-it</strong></span> <span class='ocrx_word' id='word_1_676' title='bbox 3111 3412 3335 3482; x_wconf 86' lang='lat' dir='ltr'><strong>cogitare</strong></span> <span class='ocrx_word' id='word_1_677' title='bbox 3362 3413 3600 3479; x_wconf 82' lang='lat' dir='ltr'><strong>sordida,</strong></span> <span class='ocrx_word' id='word_1_678' title='bbox 3625 3409 3815 3472; x_wconf 68' lang='lat' dir='ltr'><strong>statim</strong></span> 
     </span>
    </p>
   </div>
   <div class='ocr_carea' id='block_1_92' title="bbox 2223 3480 3814 3551">
    <p class='ocr_par' dir='ltr' id='par_1_92' title="bbox 2223 3480 3814 3551">
     <span class='ocr_line' id='line_1_95' title="bbox 2223 3480 3814 3551; baseline 0.007 -19"><span class='ocrx_word' id='word_1_679' title='bbox 2223 3480 2464 3551; x_wconf 79' lang='lat' dir='ltr'><strong>interﬁcit</strong></span> <span class='ocrx_word' id='word_1_680' title='bbox 2501 3489 2550 3534; x_wconf 89' lang='lat' dir='ltr'><strong>et</strong></span> <span class='ocrx_word' id='word_1_681' title='bbox 2593 3480 2766 3534; x_wconf 89' lang='lat' dir='ltr'><strong>allidit</strong></span> <span class='ocrx_word' id='word_1_682' title='bbox 2795 3482 2864 3535; x_wconf 88' lang='lat' dir='ltr'><strong>ad</strong></span> <span class='ocrx_word' id='word_1_683' title='bbox 2912 3480 3127 3551; x_wconf 79' lang='lat' dir='ltr'><strong>petram.</strong></span> <span class='ocrx_word' id='word_1_684' title='bbox 3161 3480 3226 3537; x_wconf 78' lang='grc' dir='ltr'><strong>Ι).</strong></span> <span class='ocrx_word' id='word_1_685' title='bbox 3265 3485 3431 3539; x_wconf 81' lang='lat' dir='ltr'><strong>etiam</strong></span> <span class='ocrx_word' id='word_1_686' title='bbox 3476 3484 3814 3545; x_wconf 83' lang='lat' dir='ltr'><strong>Benedictus</strong></span> 
     </span>
    </p>
   </div>
   <div class='ocr_carea' id='block_1_93' title="bbox 2227 3549 3816 3623">
    <p class='ocr_par' dir='ltr' id='par_1_93' title="bbox 2227 3549 3816 3623">
     <span class='ocr_line' id='line_1_96' title="bbox 2227 3549 3816 3623; baseline 0.006 -18"><span class='ocrx_word' id='word_1_687' title='bbox 2227 3550 2373 3622; x_wconf 85' lang='lat' dir='ltr'><strong>(Cap.</strong></span> <span class='ocrx_word' id='word_1_688' title='bbox 2402 3549 2436 3602; x_wconf 75' lang='grc'>4</span> <span class='ocrx_word' id='word_1_689' title='bbox 2464 3551 2695 3623; x_wconf 69' lang='lat' dir='ltr'><strong>Regulae)</strong></span> <span class='ocrx_word' id='word_1_690' title='bbox 2722 3553 2862 3607; x_wconf 91' lang='lat' dir='ltr'><strong>inter</strong></span> <span class='ocrx_word' id='word_1_691' title='bbox 2882 3549 3240 3620; x_wconf 85' lang='lat' dir='ltr'><strong>instrumenta</strong></span> <span class='ocrx_word' id='word_1_692' title='bbox 3269 3555 3387 3610; x_wconf 85' lang='lat' dir='ltr'><strong>sive</strong></span> <span class='ocrx_word' id='word_1_693' title='bbox 3414 3559 3675 3612; x_wconf 76' lang='lat' dir='ltr'><strong>exercitia</strong></span> <span class='ocrx_word' id='word_1_694' title='bbox 3711 3560 3816 3614; x_wconf 87' lang='lat' dir='ltr'><strong>bo-</strong></span> 
     </span>
    </p>
   </div>
   <div class='ocr_carea' id='block_1_94' title="bbox 2224 3624 3816 3694">
    <p class='ocr_par' dir='ltr' id='par_1_94' title="bbox 2224 3624 3816 3694">
     <span class='ocr_line' id='line_1_97' title="bbox 2224 3624 3816 3694; baseline 0.006 -19"><span class='ocrx_word' id='word_1_695' title='bbox 2224 3636 2416 3694; x_wconf 86' lang='lat' dir='ltr'><strong>norum</strong></span> <span class='ocrx_word' id='word_1_696' title='bbox 2449 3638 2670 3690; x_wconf 87' lang='lat' dir='ltr'><strong>operum</strong></span> <span class='ocrx_word' id='word_1_697' title='bbox 2707 3626 2885 3694; x_wconf 82' lang='lat' dir='ltr'><strong>posuit</strong></span> <span class='ocrx_word' id='word_1_698' title='bbox 2918 3642 2933 3677; x_wconf 89' lang='lat'><strong>:</strong></span> <span class='ocrx_word' id='word_1_699' title='bbox 2972 3624 3305 3694; x_wconf 86' lang='lat' dir='ltr'><strong>cogitationes</strong></span> <span class='ocrx_word' id='word_1_700' title='bbox 3339 3626 3508 3681; x_wconf 83' lang='lat' dir='ltr'><strong>malas</strong></span> <span class='ocrx_word' id='word_1_701' title='bbox 3535 3628 3682 3681; x_wconf 82' lang='lat' dir='ltr'><strong>cordi</strong></span> <span class='ocrx_word' id='word_1_702' title='bbox 3714 3646 3816 3684; x_wconf 81' lang='lat' dir='ltr'><strong>suo</strong></span> 
     </span>
    </p>
   </div>
   <div class='ocr_carea' id='block_1_95' title="bbox 2222 3692 3817 3767">
    <p class='ocr_par' dir='ltr' id='par_1_95' title="bbox 2222 3692 3817 3767">
     <span class='ocr_line' id='line_1_98' title="bbox 2222 3692 3817 3767; baseline 0.007 -23"><span class='ocrx_word' id='word_1_703' title='bbox 2222 3692 2545 3767; x_wconf 82' lang='lat' dir='ltr'><strong>advenientes</strong></span> <span class='ocrx_word' id='word_1_704' title='bbox 2572 3711 2693 3749; x_wconf 76' lang='lat' dir='ltr'><strong>mox</strong></span> <span class='ocrx_word' id='word_1_705' title='bbox 2717 3696 2783 3767; x_wconf 85' lang='lat' dir='ltr'><strong>ad</strong></span> <span class='ocrx_word' id='word_1_706' title='bbox 2813 3692 3074 3767; x_wconf 73' lang='lat' dir='ltr'><strong>Christum</strong></span> <span class='ocrx_word' id='word_1_707' title='bbox 3099 3695 3315 3751; x_wconf 87' lang='lat' dir='ltr'><strong>allidere</strong></span> <span class='ocrx_word' id='word_1_708' title='bbox 3339 3705 3387 3751; x_wconf 86' lang='lat' dir='ltr'><strong>et</strong></span> <span class='ocrx_word' id='word_1_709' title='bbox 3413 3698 3604 3752; x_wconf 82' lang='lat' dir='ltr'><strong>seniori</strong></span> <span class='ocrx_word' id='word_1_710' title='bbox 3639 3698 3817 3767; x_wconf 82' lang='lat' dir='ltr'><strong>spiri-</strong></span> 
     </span>
    </p>
   </div>
   <div class='ocr_carea' id='block_1_96' title="bbox 2224 3764 3816 3838">
    <p class='ocr_par' dir='ltr' id='par_1_96' title="bbox 2224 3764 3816 3838">
     <span class='ocr_line' id='line_1_99' title="bbox 2224 3764 3816 3838; baseline 0.007 -23"><span class='ocrx_word' id='word_1_711' title='bbox 2224 3764 2355 3838; x_wconf 73' lang='lat' dir='ltr'><strong>tuati</strong></span> <span class='ocrx_word' id='word_1_712' title='bbox 2384 3766 2689 3838; x_wconf 77' lang='lat' dir='ltr'><strong>patefacere.</strong></span> <span class='ocrx_word' id='word_1_713' title='bbox 2718 3766 2922 3833; x_wconf 84' lang='lat' dir='ltr'><strong>Quibus</strong></span> <span class='ocrx_word' id='word_1_714' title='bbox 2948 3768 3127 3821; x_wconf 86' lang='lat' dir='ltr'><strong>verbis</strong></span> <span class='ocrx_word' id='word_1_715' title='bbox 3154 3769 3265 3821; x_wconf 92' lang='lat' dir='ltr'><strong>duo</strong></span> <span class='ocrx_word' id='word_1_716' title='bbox 3298 3768 3588 3838; x_wconf 82' lang='lat' dir='ltr'><strong>singularia</strong></span> <span class='ocrx_word' id='word_1_717' title='bbox 3616 3764 3816 3827; x_wconf 76' lang='lat' dir='ltr'><strong>resne-</strong></span> 
     </span>
    </p>
   </div>
   <div class='ocr_carea' id='block_1_97' title="bbox 2224 3834 3818 3909">
    <p class='ocr_par' dir='ltr' id='par_1_97' title="bbox 2224 3834 3818 3909">
     <span class='ocr_line' id='line_1_100' title="bbox 2224 3834 3818 3909; baseline 0.007 -22"><span class='ocrx_word' id='word_1_718' title='bbox 2224 3834 2311 3888; x_wconf 90' lang='lat' dir='ltr'><strong>dia</strong></span> <span class='ocrx_word' id='word_1_719' title='bbox 2337 3844 2391 3888; x_wconf 91' lang='lat' dir='ltr'><strong>et</strong></span> <span class='ocrx_word' id='word_1_720' title='bbox 2424 3837 2662 3909; x_wconf 87' lang='lat' dir='ltr'><strong>antidota</strong></span> <span class='ocrx_word' id='word_1_721' title='bbox 2689 3841 2944 3891; x_wconf 85' lang='lat' dir='ltr'><strong>adversus</strong></span> <span class='ocrx_word' id='word_1_722' title='bbox 2975 3851 3169 3906; x_wconf 83' lang='lat' dir='ltr'><strong>pravas</strong></span> <span class='ocrx_word' id='word_1_723' title='bbox 3206 3848 3261 3892; x_wconf 90' lang='lat' dir='ltr'><strong>et</strong></span> <span class='ocrx_word' id='word_1_724' title='bbox 3292 3834 3484 3894; x_wconf 58' lang='lat' dir='ltr'><strong>noxias</strong></span> <span class='ocrx_word' id='word_1_725' title='bbox 3510 3840 3818 3909; x_wconf 74' lang='lat' dir='ltr'><strong>cogitatio~</strong></span> 
     </span>
    </p>
   </div>
   <div class='ocr_carea' id='block_1_98' title="bbox 2225 3908 3816 3978">
    <p class='ocr_par' dir='ltr' id='par_1_98' title="bbox 2225 3908 3816 3978">
     <span class='ocr_line' id='line_1_101' title="bbox 2225 3908 3816 3978; baseline 0.007 -20"><span class='ocrx_word' id='word_1_726' title='bbox 2225 3920 2333 3978; x_wconf 83' lang='lat' dir='ltr'><strong>nes</strong></span> <span class='ocrx_word' id='word_1_727' title='bbox 2365 3908 2681 3975; x_wconf 81' lang='lat' dir='ltr'><strong>complexus</strong></span> <span class='ocrx_word' id='word_1_728' title='bbox 2726 3916 2813 3963; x_wconf 88' lang='lat' dir='ltr'><strong>est</strong></span> <span class='ocrx_word' id='word_1_729' title='bbox 2848 3925 2869 3961; x_wconf 68' lang='grc' dir='ltr'><em>ς</em></span> <span class='ocrx_word' id='word_1_730' title='bbox 2909 3923 3137 3978; x_wconf 89' lang='lat' dir='ltr'><strong>quorum</strong></span> <span class='ocrx_word' id='word_1_731' title='bbox 3179 3910 3409 3978; x_wconf 85' lang='lat' dir='ltr'><strong>primum</strong></span> <span class='ocrx_word' id='word_1_732' title='bbox 3460 3920 3560 3978; x_wconf 85' lang='lat' dir='ltr'><strong>est,</strong></span> <span class='ocrx_word' id='word_1_733' title='bbox 3590 3908 3816 3969; x_wconf 83' lang='lat' dir='ltr'><strong>earum</strong></span> 
     </span>
    </p>
   </div>
   <div class='ocr_carea' id='block_1_99' title="bbox 2222 3976 3820 4052">
    <p class='ocr_par' dir='ltr' id='par_1_99' title="bbox 2222 3976 3820 4052">
     <span class='ocr_line' id='line_1_102' title="bbox 2222 3976 3820 4052; baseline 0.007 -23"><span class='ocrx_word' id='word_1_734' title='bbox 2222 3976 2371 4052; x_wconf 85' lang='lat' dir='ltr'><strong>initia</strong></span> <span class='ocrx_word' id='word_1_735' title='bbox 2402 3992 2514 4052; x_wconf 79' lang='lat' dir='ltr'><strong>seu</strong></span> <span class='ocrx_word' id='word_1_736' title='bbox 2559 3980 2762 4052; x_wconf 85' lang='lat' dir='ltr'><strong>primos</strong></span> <span class='ocrx_word' id='word_1_737' title='bbox 2805 3976 2984 4052; x_wconf 79' lang='lat' dir='ltr'><strong>motus</strong></span> <span class='ocrx_word' id='word_1_738' title='bbox 3044 3976 3423 4049; x_wconf 72' lang='lat' dir='ltr'><strong>supprimere,</strong></span> <span class='ocrx_word' id='word_1_739' title='bbox 3467 3976 3657 4052; x_wconf 85' lang='lat' dir='ltr'><strong>eisque</strong></span> <span class='ocrx_word' id='word_1_740' title='bbox 3704 3983 3820 4039; x_wconf 87' lang='lat' dir='ltr'><strong>ob-</strong></span> 
     </span>
    </p>
   </div>
   <div class='ocr_carea' id='block_1_100' title="bbox 2220 4049 3818 4122">
    <p class='ocr_par' dir='ltr' id='par_1_100' title="bbox 2220 4049 3818 4122">
     <span class='ocr_line' id='line_1_103' title="bbox 2220 4049 3818 4122; baseline 0.006 -22"><span class='ocrx_word' id='word_1_741' title='bbox 2220 4049 2517 4122; x_wconf 83' lang='lat' dir='ltr'><strong>orientibus</strong></span> <span class='ocrx_word' id='word_1_742' title='bbox 2548 4050 2774 4105; x_wconf 87' lang='lat' dir='ltr'><strong>viriliter</strong></span> <span class='ocrx_word' id='word_1_743' title='bbox 2799 4050 3085 4122; x_wconf 88' lang='lat' dir='ltr'><strong>obsistere,</strong></span> <span class='ocrx_word' id='word_1_744' title='bbox 3111 4052 3253 4120; x_wconf 91' lang='lat' dir='ltr'><strong>quod</strong></span> <span class='ocrx_word' id='word_1_745' title='bbox 3284 4060 3369 4106; x_wconf 86' lang='lat' dir='ltr'><strong>est</strong></span> <span class='ocrx_word' id='word_1_746' title='bbox 3389 4062 3549 4119; x_wconf 81' lang='lat' dir='ltr'><strong>caput</strong></span> <span class='ocrx_word' id='word_1_747' title='bbox 3566 4049 3818 4122; x_wconf 73' lang='lat' dir='ltr'><strong>serpen-</strong></span> 
     </span>
    </p>
   </div>
   <div class='ocr_carea' id='block_1_101' title="bbox 2222 4119 3815 4194">
    <p class='ocr_par' dir='ltr' id='par_1_101' title="bbox 2222 4119 3815 4194">
     <span class='ocr_line' id='line_1_104' title="bbox 2222 4119 3815 4194; baseline 0.006 -23"><span class='ocrx_word' id='word_1_748' title='bbox 2222 4119 2290 4172; x_wconf 90' lang='lat' dir='ltr'><strong>tis</strong></span> <span class='ocrx_word' id='word_1_749' title='bbox 2334 4129 2637 4194; x_wconf 82' lang='lat' dir='ltr'><strong>conterere,</strong></span> <span class='ocrx_word' id='word_1_750' title='bbox 2685 4130 2739 4175; x_wconf 91' lang='lat' dir='ltr'><strong>et</strong></span> <span class='ocrx_word' id='word_1_751' title='bbox 2778 4121 2915 4194; x_wconf 74' lang='lat' dir='ltr'><strong>filios</strong></span> <span class='ocrx_word' id='word_1_752' title='bbox 2955 4136 3051 4176; x_wconf 89' lang='lat' dir='ltr'><strong>seu</strong></span> <span class='ocrx_word' id='word_1_753' title='bbox 3092 4119 3347 4194; x_wconf 83' lang='lat' dir='ltr'><strong>parvulos</strong></span> <span class='ocrx_word' id='word_1_754' title='bbox 3394 4119 3691 4194; x_wconf 79' lang='lat' dir='ltr'><strong>Babylonis</strong></span> <span class='ocrx_word' id='word_1_755' title='bbox 3738 4127 3815 4181; x_wconf 84' lang='lat' dir='ltr'><strong>ad</strong></span> 
     </span>
    </p>
   </div>
   <div class='ocr_carea' id='block_1_102' title="bbox 2220 4192 3810 4266">
    <p class='ocr_par' dir='ltr' id='par_1_102' title="bbox 2220 4192 3810 4266">
     <span class='ocr_line' id='line_1_105' title="bbox 2220 4192 3810 4266; baseline 0.005 -24"><span class='ocrx_word' id='word_1_756' title='bbox 2220 4199 2424 4266; x_wconf 76' lang='lat' dir='ltr'><strong>petram</strong></span> <span class='ocrx_word' id='word_1_757' title='bbox 2456 4192 2715 4266; x_wconf 80' lang='lat' dir='ltr'><strong>allidere;</strong></span> <span class='ocrx_word' id='word_1_758' title='bbox 2746 4192 2999 4266; x_wconf 74' lang='lat' dir='ltr'><strong>alterum,</strong></span> <span class='ocrx_word' id='word_1_759' title='bbox 3031 4192 3297 4266; x_wconf 77' lang='lat' dir='ltr'><strong>superiori</strong></span> <span class='ocrx_word' id='word_1_760' title='bbox 3324 4192 3410 4266; x_wconf 77' lang='lat' dir='ltr'><strong>vel</strong></span> <span class='ocrx_word' id='word_1_761' title='bbox 3442 4192 3644 4266; x_wconf 71' lang='lat' dir='ltr'><strong>seniori</strong></span> <span class='ocrx_word' id='word_1_762' title='bbox 3679 4198 3810 4266; x_wconf 85' lang='lat' dir='ltr'><strong>spi-</strong></span> 
     </span>
    </p>
   </div>
   <div class='ocr_carea' id='block_1_103' title="bbox 2220 4261 3809 4336">
    <p class='ocr_par' dir='ltr' id='par_1_103' title="bbox 2220 4261 3809 4336">
     <span class='ocr_line' id='line_1_106' title="bbox 2220 4261 3809 4336; baseline 0.006 -24"><span class='ocrx_word' id='word_1_763' title='bbox 2220 4261 2396 4336; x_wconf 73' lang='lat' dir='ltr'><strong>rituali</strong></span> <span class='ocrx_word' id='word_1_764' title='bbox 2422 4277 2513 4336; x_wconf 82' lang='lat' dir='ltr'><strong>eas</strong></span> <span class='ocrx_word' id='word_1_765' title='bbox 2544 4262 2873 4336; x_wconf 57' lang='lat' dir='ltr'><strong>patefacere.</strong></span> <span class='ocrx_word' id='word_1_766' title='bbox 2902 4263 2975 4336; x_wconf 77' lang='lat' dir='ltr'><strong>De</strong></span> <span class='ocrx_word' id='word_1_767' title='bbox 2996 4277 3104 4336; x_wconf 83' lang='lat' dir='ltr'><strong>quo</strong></span> <span class='ocrx_word' id='word_1_768' title='bbox 3130 4263 3291 4336; x_wconf 82' lang='lat' dir='ltr'><strong>etiam</strong></span> <span class='ocrx_word' id='word_1_769' title='bbox 3315 4264 3438 4319; x_wconf 85' lang='lat' dir='ltr'><strong>alibi</strong></span> <span class='ocrx_word' id='word_1_770' title='bbox 3467 4264 3543 4317; x_wconf 85' lang='lat' dir='ltr'><strong>ait</strong></span> <span class='ocrx_word' id='word_1_771' title='bbox 3570 4261 3735 4336; x_wconf 68' lang='grc' dir='ltr'><strong>(ϐαρζ</strong></span> <span class='ocrx_word' id='word_1_772' title='bbox 3770 4267 3809 4322; x_wconf 82' lang='lat'><strong>7</strong></span> 
     </span>
    </p>
   </div>
   <div class='ocr_carea' id='block_1_104' title="bbox 2219 4329 3819 4403">
    <p class='ocr_par' dir='ltr' id='par_1_104' title="bbox 2219 4329 3819 4403">
     <span class='ocr_line' id='line_1_107' title="bbox 2219 4329 3819 4403; baseline 0.006 -20"><span class='ocrx_word' id='word_1_773' title='bbox 2219 4329 2451 4400; x_wconf 57' lang='lat' dir='ltr'><strong>Regulus)</strong></span> <span class='ocrx_word' id='word_1_774' title='bbox 2490 4351 2502 4387; x_wconf 93' lang='lat'><strong>:</strong></span> <span class='ocrx_word' id='word_1_775' title='bbox 2538 4329 2761 4399; x_wconf 80' lang='lat' dir='ltr'><strong>Quintus</strong></span> <span class='ocrx_word' id='word_1_776' title='bbox 2803 4329 3110 4388; x_wconf 78' lang='lat' dir='ltr'><strong>humilitatis</strong></span> <span class='ocrx_word' id='word_1_777' title='bbox 3151 4333 3343 4403; x_wconf 84' lang='lat' dir='ltr'><strong>gradus</strong></span> <span class='ocrx_word' id='word_1_778' title='bbox 3387 4344 3482 4397; x_wconf 88' lang='lat' dir='ltr'><strong>est,</strong></span> <span class='ocrx_word' id='word_1_779' title='bbox 3524 4329 3587 4389; x_wconf 52' lang='lat' dir='ltr'><strong>si&#39;</strong></span> <span class='ocrx_word' id='word_1_780' title='bbox 3618 4329 3819 4393; x_wconf 76' lang='lat' dir='ltr'><strong>omnes</strong></span> 
     </span>
    </p>
   </div>
   <div class='ocr_carea' id='block_1_105' title="bbox 2218 4403 3815 4472">
    <p class='ocr_par' dir='ltr' id='par_1_105' title="bbox 2218 4403 3815 4472">
     <span class='ocr_line' id='line_1_108' title="bbox 2218 4403 3815 4472; baseline 0.007 -19"><span class='ocrx_word' id='word_1_781' title='bbox 2218 4404 2545 4472; x_wconf 83' lang='lat' dir='ltr'><strong>cogitationes</strong></span> <span class='ocrx_word' id='word_1_782' title='bbox 2572 4406 2737 4460; x_wconf 87' lang='lat' dir='ltr'><strong>malas</strong></span> <span class='ocrx_word' id='word_1_783' title='bbox 2765 4406 2910 4458; x_wconf 86' lang='lat' dir='ltr'><strong>cordi</strong></span> <span class='ocrx_word' id='word_1_784' title='bbox 2933 4419 3024 4458; x_wconf 85' lang='lat' dir='ltr'><strong>suo</strong></span> <span class='ocrx_word' id='word_1_785' title='bbox 3054 4405 3394 4465; x_wconf 64' lang='lat' dir='ltr'><strong>adienieutes.</strong></span> <span class='ocrx_word' id='word_1_786' title='bbox 3420 4403 3503 4458; x_wconf 81' lang='lat' dir='ltr'><strong>vel</strong></span> <span class='ocrx_word' id='word_1_787' title='bbox 3524 4405 3664 4460; x_wconf 83' lang='lat' dir='ltr'><strong>mala</strong></span> <span class='ocrx_word' id='word_1_788' title='bbox 3689 4424 3729 4461; x_wconf 79' lang='grc' dir='ltr'><strong>ιι</strong></span> <span class='ocrx_word' id='word_1_789' title='bbox 3750 4426 3815 4464; x_wconf 84' lang='lat' dir='ltr'><strong>se</strong></span> 
     </span>
    </p>
   </div>
   <div class='ocr_carea' id='block_1_106' title="bbox 2216 4473 3816 4545">
    <p class='ocr_par' dir='ltr' id='par_1_106' title="bbox 2216 4473 3816 4545">
     <span class='ocr_line' id='line_1_109' title="bbox 2216 4473 3816 4545; baseline 0.006 -21"><span class='ocrx_word' id='word_1_790' title='bbox 2216 4473 2457 4527; x_wconf 85' lang='lat' dir='ltr'><strong>absconse</strong></span> <span class='ocrx_word' id='word_1_791' title='bbox 2490 4477 2784 4540; x_wconf 85' lang='lat' dir='ltr'><strong>commissa,</strong></span> <span class='ocrx_word' id='word_1_792' title='bbox 2818 4492 2904 4542; x_wconf 86' lang='lat' dir='ltr'><strong>per</strong></span> <span class='ocrx_word' id='word_1_793' title='bbox 2941 4474 3187 4545; x_wconf 81' lang='lat' dir='ltr'><strong>humilem</strong></span> <span class='ocrx_word' id='word_1_794' title='bbox 3221 4476 3591 4545; x_wconf 83' lang='lat' dir='ltr'><strong>confessionem</strong></span> <span class='ocrx_word' id='word_1_795' title='bbox 3616 4477 3816 4533; x_wconf 81' lang='lat' dir='ltr'><strong>abbati</strong></span> 
     </span>
    </p>
   </div>
   <div class='ocr_carea' id='block_1_107' title="bbox 2216 4540 3819 4614">
    <p class='ocr_par' dir='ltr' id='par_1_107' title="bbox 2216 4540 3819 4614">
     <span class='ocr_line' id='line_1_110' title="bbox 2216 4540 3819 4614; baseline 0.006 -19"><span class='ocrx_word' id='word_1_796' title='bbox 2216 4559 2321 4614; x_wconf 83' lang='lat' dir='ltr'><strong>non</strong></span> <span class='ocrx_word' id='word_1_797' title='bbox 2347 4546 2582 4600; x_wconf 81' lang='lat' dir='ltr'><strong>celaverit</strong></span> <span class='ocrx_word' id='word_1_798' title='bbox 2625 4563 2740 4601; x_wconf 87' lang='lat' dir='ltr'><strong>suo.</strong></span> <span class='ocrx_word' id='word_1_799' title='bbox 2777 4540 2930 4614; x_wconf 84' lang='lat' dir='ltr'><strong>Quod</strong></span> <span class='ocrx_word' id='word_1_800' title='bbox 2971 4540 3356 4600; x_wconf 78' lang='lat' dir='ltr'><strong>documentum</strong></span> <span class='ocrx_word' id='word_1_801' title='bbox 3392 4540 3555 4600; x_wconf 81' lang='lat' dir='ltr'><strong>etiam</strong></span> <span class='ocrx_word' id='word_1_802' title='bbox 3589 4548 3659 4600; x_wconf 85' lang='lat' dir='ltr'><strong>ab</strong></span> <span class='ocrx_word' id='word_1_803' title='bbox 3692 4549 3819 4605; x_wconf 87' lang='lat' dir='ltr'><strong>illis</strong></span> 
     </span>
    </p>
   </div>
   <div class='ocr_carea' id='block_1_108' title="bbox 2216 4613 3819 4687">
    <p class='ocr_par' dir='ltr' id='par_1_108' title="bbox 2216 4613 3819 4687">
     <span class='ocr_line' id='line_1_111' title="bbox 2216 4613 3819 4687; baseline 0.004 -18"><span class='ocrx_word' id='word_1_804' title='bbox 2216 4613 2463 4671; x_wconf 88' lang='lat' dir='ltr'><strong>Palribus</strong></span> <span class='ocrx_word' id='word_1_805' title='bbox 2490 4627 2543 4671; x_wconf 90' lang='lat' dir='ltr'><strong>et</strong></span> <span class='ocrx_word' id='word_1_806' title='bbox 2574 4613 2971 4687; x_wconf 77' lang='lat' dir='ltr'><strong>antiquiOribus</strong></span> <span class='ocrx_word' id='word_1_807' title='bbox 3011 4617 3290 4687; x_wconf 86' lang='lat' dir='ltr'><strong>monachis</strong></span> <span class='ocrx_word' id='word_1_808' title='bbox 3324 4626 3605 4681; x_wconf 88' lang='lat' dir='ltr'><strong>acceptum</strong></span> <span class='ocrx_word' id='word_1_809' title='bbox 3639 4618 3819 4676; x_wconf 85' lang='lat' dir='ltr'><strong>vide-</strong></span> 
     </span>
    </p>
   </div>
   <div class='ocr_carea' id='block_1_109' title="bbox 2219 4686 3821 4755">
    <p class='ocr_par' dir='ltr' id='par_1_109' title="bbox 2219 4686 3821 4755">
     <span class='ocr_line' id='line_1_112' title="bbox 2219 4686 3821 4755; baseline 0.006 -18"><span class='ocrx_word' id='word_1_810' title='bbox 2219 4697 2324 4748; x_wconf 88' lang='lat' dir='ltr'><strong>tur,</strong></span> <span class='ocrx_word' id='word_1_811' title='bbox 2353 4688 2547 4755; x_wconf 85' lang='lat' dir='ltr'><strong>quibus</strong></span> <span class='ocrx_word' id='word_1_812' title='bbox 2574 4686 2714 4741; x_wconf 78' lang='lat' dir='ltr'><strong>hunc</strong></span> <span class='ocrx_word' id='word_1_813' title='bbox 2746 4702 2952 4742; x_wconf 84' lang='lat' dir='ltr'><strong>morem</strong></span> <span class='ocrx_word' id='word_1_814' title='bbox 2973 4697 3029 4742; x_wconf 86' lang='lat' dir='ltr'><strong>et</strong></span> <span class='ocrx_word' id='word_1_815' title='bbox 3052 4686 3391 4755; x_wconf 86' lang='lat' dir='ltr'><strong>disciplinam</strong></span> <span class='ocrx_word' id='word_1_816' title='bbox 3422 4687 3597 4742; x_wconf 82' lang='lat' dir='ltr'><strong>fuisse</strong></span> <span class='ocrx_word' id='word_1_817' title='bbox 3623 4688 3821 4746; x_wconf 79' lang='lat' dir='ltr'><strong>refert</strong></span> 
     </span>
    </p>
   </div>
   <div class='ocr_carea' id='block_1_110' title="bbox 541 4747 3821 4829">
    <p class='ocr_par' dir='ltr' id='par_1_110' title="bbox 541 4747 3821 4829">
     <span class='ocr_line' id='line_1_113' title="bbox 541 4747 3821 4829; baseline 0.004 -25"><span class='ocrx_word' id='word_1_818' title='bbox 541 4747 810 4829; x_wconf 69' lang='lat' dir='ltr'><strong>admissis,</strong></span> <span class='ocrx_word' id='word_1_819' title='bbox 841 4771 960 4811; x_wconf 89' lang='lat' dir='ltr'><strong>cum</strong></span> <span class='ocrx_word' id='word_1_820' title='bbox 1006 4755 1072 4810; x_wconf 76' lang='lat' dir='ltr'><strong>ab</strong></span> <span class='ocrx_word' id='word_1_821' title='bbox 1122 4757 1225 4810; x_wconf 88' lang='lat' dir='ltr'><strong>illis</strong></span> <span class='ocrx_word' id='word_1_822' title='bbox 1261 4760 1438 4811; x_wconf 88' lang='lat' dir='ltr'><strong>minus</strong></span> <span class='ocrx_word' id='word_1_823' title='bbox 1475 4747 1780 4825; x_wconf 73' lang='lat' dir='ltr'><strong>caveamus,</strong></span> <span class='ocrx_word' id='word_1_824' title='bbox 1814 4760 2013 4815; x_wconf 90' lang='lat' dir='ltr'><strong>sensim</strong></span> <span class='ocrx_word' id='word_1_825' title='bbox 2045 4762 2111 4818; x_wconf 89' lang='lat' dir='ltr'><strong>ad</strong></span> <span class='ocrx_word' id='word_1_826' title='bbox 2137 4747 2192 4809; x_wconf 77' lang='grc' dir='ltr'><strong>Β</strong></span> <span class='ocrx_word' id='word_1_827' title='bbox 2216 4747 2505 4811; x_wconf 59' lang='lat' dir='ltr'><strong>Cassianus</strong></span> <span class='ocrx_word' id='word_1_828' title='bbox 2535 4757 2677 4827; x_wconf 86' lang='lat' dir='ltr'><strong>(Lib.</strong></span> <span class='ocrx_word' id='word_1_829' title='bbox 2708 4773 2758 4812; x_wconf 85' lang='lat' dir='ltr'><strong>tv</strong></span> <span class='ocrx_word' id='word_1_830' title='bbox 2789 4773 2837 4811; x_wconf 90' lang='lat' dir='ltr'><strong>c.</strong></span> <span class='ocrx_word' id='word_1_831' title='bbox 2873 4758 2951 4829; x_wconf 81' lang='lat'><strong>9),</strong></span> <span class='ocrx_word' id='word_1_832' title='bbox 2975 4766 3035 4812; x_wconf 84' lang='lat' dir='ltr'><strong>ut</strong></span> <span class='ocrx_word' id='word_1_833' title='bbox 3053 4747 3286 4826; x_wconf 71' lang='lat' dir='ltr'><strong>iuniores</strong></span> <span class='ocrx_word' id='word_1_834' title='bbox 3312 4760 3537 4828; x_wconf 72' lang='lat' dir='ltr'><strong>primum</strong></span> <span class='ocrx_word' id='word_1_835' title='bbox 3560 4758 3821 4816; x_wconf 76' lang='lat' dir='ltr'><strong>instrue-</strong></span> 
     </span>
    </p>
   </div>
   <div class='ocr_carea' id='block_1_111' title="bbox 541 4824 2111 4900">
    <p class='ocr_par' dir='ltr' id='par_1_111' title="bbox 541 4824 2111 4900">
     <span class='ocr_line' id='line_1_114' title="bbox 541 4824 2111 4900; baseline 0.006 -22"><span class='ocrx_word' id='word_1_836' title='bbox 541 4824 764 4900; x_wconf 80' lang='lat' dir='ltr'><strong>aliarum</strong></span> <span class='ocrx_word' id='word_1_837' title='bbox 798 4829 1080 4900; x_wconf 83' lang='lat' dir='ltr'><strong>mulierum</strong></span> <span class='ocrx_word' id='word_1_838' title='bbox 1112 4836 1217 4891; x_wconf 63' lang='lat' dir='ltr'><strong>,aut</strong></span> <span class='ocrx_word' id='word_1_839' title='bbox 1256 4842 1458 4900; x_wconf 80' lang='lat' dir='ltr'><strong>rerum</strong></span> <span class='ocrx_word' id='word_1_840' title='bbox 1481 4831 1714 4899; x_wconf 89' lang='lat' dir='ltr'><strong>turpium</strong></span> <span class='ocrx_word' id='word_1_841' title='bbox 1754 4824 2111 4900; x_wconf 66' lang='lat' dir='ltr'><strong>rogitationcs</strong></span> 
     </span>
    </p>
   </div>
   <div class='ocr_carea' id='block_1_112' title="bbox 542 4896 2107 4973">
    <p class='ocr_par' dir='ltr' id='par_1_112' title="bbox 542 4896 2107 4973">
     <span class='ocr_line' id='line_1_115' title="bbox 542 4896 2107 4973; baseline 0.006 -25"><span class='ocrx_word' id='word_1_842' title='bbox 542 4896 871 4973; x_wconf 82' lang='lat' dir='ltr'><strong>perniciosas</strong></span> <span class='ocrx_word' id='word_1_843' title='bbox 924 4897 1327 4973; x_wconf 70' lang='lat' dir='ltr'><strong>devolvaiiiur,_</strong></span> <span class='ocrx_word' id='word_1_844' title='bbox 1357 4897 1464 4952; x_wconf 89' lang='lat' dir='ltr'><strong>nisi</strong></span> <span class='ocrx_word' id='word_1_845' title='bbox 1502 4896 1851 4973; x_wconf 58' lang='lat' dir='ltr'><strong>quantocius</strong></span> <span class='ocrx_word' id='word_1_846' title='bbox 1883 4904 2107 4969; x_wconf 88' lang='lat' dir='ltr'><strong>primam</strong></span> 
     </span>
    </p>
   </div>
   <div class='ocr_carea' id='block_1_113' title="bbox 540 4966 2106 5041">
    <p class='ocr_par' dir='ltr' id='par_1_113' title="bbox 540 4966 2106 5041">
     <span class='ocr_line' id='line_1_116' title="bbox 540 4966 2106 5041; baseline 0.006 -23"><span class='ocrx_word' id='word_1_847' title='bbox 540 4966 1107 5041; x_wconf 64' lang='lat' dir='ltr'><strong>illanisuggesdonem</strong></span> <span class='ocrx_word' id='word_1_848' title='bbox 1130 4968 1413 5024; x_wconf 65' lang='lat' dir='ltr'><strong>diabolica:</strong></span> <span class='ocrx_word' id='word_1_849' title='bbox 1435 4966 1740 5026; x_wconf 76' lang='lat' dir='ltr'><strong>calliditatis</strong></span> <span class='ocrx_word' id='word_1_850' title='bbox 1764 4966 2106 5041; x_wconf 75' lang='lat' dir='ltr'><strong>repellamus.</strong></span> 
     </span>
    </p>
   </div>
   <div class='ocr_carea' id='block_1_114' title="bbox 613 5039 2107 5109">
    <p class='ocr_par' dir='ltr' id='par_1_114' title="bbox 613 5039 2107 5109">
     <span class='ocr_line' id='line_1_117' title="bbox 613 5039 2107 5109; baseline 0.003 -16"><span class='ocrx_word' id='word_1_851' title='bbox 613 5047 635 5109; x_wconf 68' lang='grc' dir='ltr'><strong>(ξ</strong></span> <span class='ocrx_word' id='word_1_852' title='bbox 677 5039 731 5093; x_wconf 90' lang='lat' dir='ltr'><strong>Id</strong></span> <span class='ocrx_word' id='word_1_853' title='bbox 764 5051 866 5105; x_wconf 84' lang='lat' dir='ltr'><strong>est,</strong></span> <span class='ocrx_word' id='word_1_854' title='bbox 897 5041 1076 5093; x_wconf 81' lang='lat' dir='ltr'><strong>animo</strong></span> <span class='ocrx_word' id='word_1_855' title='bbox 1122 5041 1369 5109; x_wconf 89' lang='lat' dir='ltr'><strong>concepti</strong></span> <span class='ocrx_word' id='word_1_856' title='bbox 1399 5055 1495 5095; x_wconf 91' lang='lat' dir='ltr'><strong>seu</strong></span> <span class='ocrx_word' id='word_1_857' title='bbox 1522 5041 1575 5095; x_wconf 91' lang='lat' dir='ltr'><strong>in</strong></span> <span class='ocrx_word' id='word_1_858' title='bbox 1603 5039 1839 5096; x_wconf 86' lang='lat' dir='ltr'><strong>animum</strong></span> <span class='ocrx_word' id='word_1_859' title='bbox 1862 5045 2107 5098; x_wconf 88' lang='lat' dir='ltr'><strong>admissi.</strong></span> 
     </span>
    </p>
   </div>
   <div class='ocr_carea' id='block_1_115' title="bbox 609 5105 2111 5179">
    <p class='ocr_par' dir='ltr' id='par_1_115' title="bbox 609 5105 2111 5179">
     <span class='ocr_line' id='line_1_118' title="bbox 609 5105 2111 5179; baseline 0.004 -16"><span class='ocrx_word' id='word_1_860' title='bbox 609 5105 636 5145; x_wconf 74' lang='grc' dir='ltr'>ά</span> <span class='ocrx_word' id='word_1_861' title='bbox 677 5110 879 5179; x_wconf 78' lang='lat' dir='ltr'><strong>Nempe</strong></span> <span class='ocrx_word' id='word_1_862' title='bbox 918 5109 1185 5173; x_wconf 72' lang='lat' dir='ltr'><strong>diabolus,</strong></span> <span class='ocrx_word' id='word_1_863' title='bbox 1231 5105 1394 5165; x_wconf 58' lang='lat' dir='ltr'><strong>nl&#39;ex</strong></span> <span class='ocrx_word' id='word_1_864' title='bbox 1441 5114 1886 5168; x_wconf 66' lang='lat' dir='ltr'><strong>antecedentibus</strong></span> <span class='ocrx_word' id='word_1_865' title='bbox 1928 5125 1981 5167; x_wconf 90' lang='lat' dir='ltr'><strong>et</strong></span> <span class='ocrx_word' id='word_1_866' title='bbox 2022 5130 2111 5169; x_wconf 89' lang='lat' dir='ltr'><strong>se-</strong></span> 
     </span>
    </p>
   </div>
   <div class='ocr_carea' id='block_1_116' title="bbox 537 5181 2107 5251">
    <p class='ocr_par' dir='ltr' id='par_1_116' title="bbox 537 5181 2107 5251">
     <span class='ocr_line' id='line_1_119' title="bbox 537 5181 2107 5251; baseline 0.005 -20"><span class='ocrx_word' id='word_1_867' title='bbox 537 5181 828 5247; x_wconf 84' lang='lat' dir='ltr'><strong>quentibus</strong></span> <span class='ocrx_word' id='word_1_868' title='bbox 873 5181 1175 5251; x_wconf 83' lang='lat' dir='ltr'><strong>colligitur;</strong></span> <span class='ocrx_word' id='word_1_869' title='bbox 1226 5181 1352 5237; x_wconf 83' lang='lat' dir='ltr'><strong>illex</strong></span> <span class='ocrx_word' id='word_1_870' title='bbox 1393 5183 1536 5236; x_wconf 91' lang='lat' dir='ltr'><strong>enim</strong></span> <span class='ocrx_word' id='word_1_871' title='bbox 1588 5183 1849 5236; x_wconf 89' lang='lat' dir='ltr'><strong>malorum</strong></span> <span class='ocrx_word' id='word_1_872' title='bbox 1893 5184 2107 5251; x_wconf 90' lang='lat' dir='ltr'><strong>dicitur,</strong></span> 
     </span>
    </p>
   </div>
   <div class='ocr_carea' id='block_1_117' title="bbox 536 5252 2117 5320">
    <p class='ocr_par' dir='ltr' id='par_1_117' title="bbox 536 5252 2117 5320">
     <span class='ocr_line' id='line_1_120' title="bbox 536 5252 2117 5320; baseline 0.006 -17"><span class='ocrx_word' id='word_1_873' title='bbox 536 5252 662 5317; x_wconf 71' lang='lat' dir='ltr'><strong>quia</strong></span> <span class='ocrx_word' id='word_1_874' title='bbox 697 5266 914 5320; x_wconf 86' lang='lat' dir='ltr'><strong>semper</strong></span> <span class='ocrx_word' id='word_1_875' title='bbox 960 5252 1027 5305; x_wconf 89' lang='lat' dir='ltr'><strong>ad</strong></span> <span class='ocrx_word' id='word_1_876' title='bbox 1077 5255 1276 5306; x_wconf 73' lang='lat' dir='ltr'><strong>malum</strong></span> <span class='ocrx_word' id='word_1_877' title='bbox 1326 5252 1483 5306; x_wconf 89' lang='lat' dir='ltr'><strong>illicit</strong></span> <span class='ocrx_word' id='word_1_878' title='bbox 1533 5262 1588 5308; x_wconf 89' lang='lat' dir='ltr'><strong>et</strong></span> <span class='ocrx_word' id='word_1_879' title='bbox 1634 5260 1915 5320; x_wconf 79' lang='lat' dir='ltr'><strong>provocat.</strong></span> <span class='ocrx_word' id='word_1_880' title='bbox 1961 5255 2117 5312; x_wconf 86' lang='lat' dir='ltr'><strong>Unde</strong></span> 
     </span>
    </p>
   </div>
   <div class='ocr_carea' id='block_1_118' title="bbox 536 5322 2185 5403">
    <p class='ocr_par' dir='ltr' id='par_1_118' title="bbox 536 5322 2185 5403">
     <span class='ocr_line' id='line_1_121' title="bbox 536 5322 2185 5403; baseline 0.005 -31"><span class='ocrx_word' id='word_1_881' title='bbox 536 5322 797 5403; x_wconf 47' lang='grc' dir='ltr'>ςιωβςιιειιι</span> <span class='ocrx_word' id='word_1_882' title='bbox 827 5334 901 5403; x_wconf 35' lang='lat' dir='ltr'><strong>‘ct</strong></span> <span class='ocrx_word' id='word_1_883' title='bbox 941 5329 1179 5376; x_wconf 88' lang='lat' dir='ltr'><strong>tentator</strong></span> <span class='ocrx_word' id='word_1_884' title='bbox 1227 5323 1530 5392; x_wconf 86' lang='lat' dir='ltr'><strong>appellatur</strong></span> <span class='ocrx_word' id='word_1_885' title='bbox 1577 5323 1798 5393; x_wconf 79' lang='lat' dir='ltr'><strong>(Matth.</strong></span> <span class='ocrx_word' id='word_1_886' title='bbox 1846 5338 1903 5379; x_wconf 90' lang='grc' dir='ltr'><strong>ιιι</strong></span> <span class='ocrx_word' id='word_1_887' title='bbox 1948 5333 1995 5378; x_wconf 90' lang='lat' dir='ltr'><strong>et</strong></span> <span class='ocrx_word' id='word_1_888' title='bbox 2036 5340 2122 5403; x_wconf 62' lang='lat' dir='ltr'><strong>iv,</strong></span> <span class='ocrx_word' id='word_1_889' title='bbox 2166 5328 2185 5351; x_wconf 81' lang='lat'><strong>‘</strong></span> 
     </span>
    </p>
   </div>
   <div class='ocr_carea' id='block_1_119' title="bbox 536 5389 863 5461">
    <p class='ocr_par' dir='ltr' id='par_1_119' title="bbox 536 5389 863 5461">
     <span class='ocr_line' id='line_1_122' title="bbox 536 5389 863 5461; baseline 0 -19"><span class='ocrx_word' id='word_1_890' title='bbox 536 5389 555 5443; x_wconf 87' lang='grc' dir='ltr'><strong>Ι</strong></span> <span class='ocrx_word' id='word_1_891' title='bbox 582 5390 731 5444; x_wconf 83' lang='lat' dir='ltr'><strong>Thes.</strong></span> <span class='ocrx_word' id='word_1_892' title='bbox 764 5393 863 5461; x_wconf 90' lang='grc' dir='ltr'>ιιι).</span> 
     </span>
    </p>
   </div>
   <div class='ocr_carea' id='block_1_120' title="bbox 612 5462 2113 5537">
    <p class='ocr_par' dir='ltr' id='par_1_120' title="bbox 612 5462 2113 5537">
     <span class='ocr_line' id='line_1_123' title="bbox 612 5462 2113 5537; baseline 0.003 -21"><span class='ocrx_word' id='word_1_893' title='bbox 612 5469 640 5537; x_wconf 77' lang='lat'><strong>_°_</strong></span> <span class='ocrx_word' id='word_1_894' title='bbox 676 5462 978 5537; x_wconf 66' lang='lat' dir='ltr'><strong>Principale</strong></span> <span class='ocrx_word' id='word_1_895' title='bbox 1011 5463 1139 5537; x_wconf 69' lang='lat' dir='ltr'><strong>Dei</strong></span> <span class='ocrx_word' id='word_1_896' title='bbox 1169 5465 1483 5521; x_wconf 82' lang='lat' dir='ltr'><strong>mandatum</strong></span> <span class='ocrx_word' id='word_1_897' title='bbox 1516 5465 1648 5537; x_wconf 81' lang='lat' dir='ltr'><strong>sutis</strong></span> <span class='ocrx_word' id='word_1_898' title='bbox 1679 5465 1975 5534; x_wconf 89' lang='lat' dir='ltr'><strong>improprie</strong></span> <span class='ocrx_word' id='word_1_899' title='bbox 2016 5482 2113 5537; x_wconf 60' lang='lat' dir='ltr'><strong>ap.</strong></span> 
     </span>
    </p>
   </div>
   <div class='ocr_carea' id='block_1_121' title="bbox 538 5530 2109 5606">
    <p class='ocr_par' dir='ltr' id='par_1_121' title="bbox 538 5530 2109 5606">
     <span class='ocr_line' id='line_1_124' title="bbox 538 5530 2109 5606; baseline 0.008 -21"><span class='ocrx_word' id='word_1_900' title='bbox 538 5530 740 5606; x_wconf 68' lang='lat' dir='ltr'><strong>pellere</strong></span> <span class='ocrx_word' id='word_1_901' title='bbox 770 5530 979 5606; x_wconf 78' lang='lat' dir='ltr'><strong>videtur</strong></span> <span class='ocrx_word' id='word_1_902' title='bbox 1009 5534 1143 5590; x_wconf 90' lang='lat' dir='ltr'><strong>illud</strong></span> <span class='ocrx_word' id='word_1_903' title='bbox 1180 5538 1324 5606; x_wconf 86' lang='lat' dir='ltr'><strong>quod</strong></span> <span class='ocrx_word' id='word_1_904' title='bbox 1351 5537 1417 5591; x_wconf 90' lang='lat' dir='ltr'><strong>de</strong></span> <span class='ocrx_word' id='word_1_905' title='bbox 1441 5536 1668 5592; x_wconf 87' lang='lat' dir='ltr'><strong>muliere</strong></span> <span class='ocrx_word' id='word_1_906' title='bbox 1705 5530 1772 5590; x_wconf 81' lang='lat' dir='ltr'><strong>ad</strong></span> <span class='ocrx_word' id='word_1_907' title='bbox 1800 5530 2109 5605; x_wconf 63' lang='lat' dir='ltr'><strong>serpentem</strong></span> 
     </span>
    </p>
   </div>
   <div class='ocr_carea' id='block_1_122' title="bbox 536 5602 2112 5678">
    <p class='ocr_par' dir='ltr' id='par_1_122' title="bbox 536 5602 2112 5678">
     <span class='ocr_line' id='line_1_125' title="bbox 536 5602 2112 5678; baseline 0.006 -23"><span class='ocrx_word' id='word_1_908' title='bbox 536 5603 651 5655; x_wconf 80' lang='lat' dir='ltr'><strong>sive</strong></span> <span class='ocrx_word' id='word_1_909' title='bbox 687 5602 956 5658; x_wconf 86' lang='lat' dir='ltr'><strong>diabolum</strong></span> <span class='ocrx_word' id='word_1_910' title='bbox 980 5605 1181 5660; x_wconf 89' lang='lat' dir='ltr'><strong>dictum</strong></span> <span class='ocrx_word' id='word_1_911' title='bbox 1196 5602 1318 5675; x_wconf 54' lang='lat' dir='ltr'><strong>&#39;est,</strong></span> <span class='ocrx_word' id='word_1_912' title='bbox 1350 5607 1552 5664; x_wconf 88' lang='lat' dir='ltr'><strong>Genes.</strong></span> <span class='ocrx_word' id='word_1_913' title='bbox 1576 5623 1674 5663; x_wconf 87' lang='grc' dir='ltr'>ιιι..</span> <span class='ocrx_word' id='word_1_914' title='bbox 1703 5606 1771 5661; x_wconf 83' lang='lat' dir='ltr'><strong>Et</strong></span> <span class='ocrx_word' id='word_1_915' title='bbox 1796 5602 1911 5678; x_wconf 78' lang='lat' dir='ltr'><strong>ipsa</strong></span> <span class='ocrx_word' id='word_1_916' title='bbox 1940 5618 2112 5665; x_wconf 88' lang='lat' dir='ltr'><strong>conte-</strong></span> 
     </span>
    </p>
   </div>
   <div class='ocr_carea' id='block_1_123' title="bbox 484 5677 2105 5749">
    <p class='ocr_par' dir='ltr' id='par_1_123' title="bbox 484 5677 2105 5749">
     <span class='ocr_line' id='line_1_126' title="bbox 484 5677 2105 5749; baseline 0.007 -24"><span class='ocrx_word' id='word_1_917' title='bbox 484 5694 487 5697; x_wconf 93' lang='grc'><strong>·</strong></span> <span class='ocrx_word' id='word_1_918' title='bbox 536 5682 617 5749; x_wconf 80' lang='lat' dir='ltr'><strong>ret</strong></span> <span class='ocrx_word' id='word_1_919' title='bbox 657 5684 812 5749; x_wconf 83' lang='lat' dir='ltr'><strong>caput</strong></span> <span class='ocrx_word' id='word_1_920' title='bbox 857 5683 1025 5749; x_wconf 88' lang='lat' dir='ltr'><strong>tuum.</strong></span> <span class='ocrx_word' id='word_1_921' title='bbox 1060 5677 1357 5734; x_wconf 85' lang='lat' dir='ltr'><strong>Conterere</strong></span> <span class='ocrx_word' id='word_1_922' title='bbox 1393 5689 1573 5733; x_wconf 86' lang='lat' dir='ltr'><strong>autem</strong></span> <span class='ocrx_word' id='word_1_923' title='bbox 1615 5686 1777 5747; x_wconf 88' lang='lat' dir='ltr'><strong>caput</strong></span> <span class='ocrx_word' id='word_1_924' title='bbox 1816 5677 2105 5749; x_wconf 74' lang='lat' dir='ltr'><strong>Serpentis,</strong></span> 
     </span>
    </p>
   </div>
   <div class='ocr_carea' id='block_1_124' title="bbox 537 5745 2108 5820">
    <p class='ocr_par' dir='ltr' id='par_1_124' title="bbox 537 5745 2108 5820">
     <span class='ocr_line' id='line_1_127' title="bbox 537 5745 2108 5820; baseline 0.008 -23"><span class='ocrx_word' id='word_1_925' title='bbox 537 5745 644 5809; x_wconf 87' lang='lat' dir='ltr'><strong>vel,</strong></span> <span class='ocrx_word' id='word_1_926' title='bbox 675 5753 731 5799; x_wconf 92' lang='lat' dir='ltr'><strong>ut</strong></span> <span class='ocrx_word' id='word_1_927' title='bbox 758 5745 872 5813; x_wconf 89' lang='lat' dir='ltr'><strong>ipse</strong></span> <span class='ocrx_word' id='word_1_928' title='bbox 901 5748 1028 5803; x_wconf 86' lang='lat' dir='ltr'><strong>citat</strong></span> <span class='ocrx_word' id='word_1_929' title='bbox 1051 5763 1116 5803; x_wconf 84' lang='lat' dir='ltr'><strong>ex</strong></span> <span class='ocrx_word' id='word_1_930' title='bbox 1142 5752 1393 5808; x_wconf 82' lang='lat' dir='ltr'><strong>versione</strong></span> <span class='ocrx_word' id='word_1_931' title='bbox 1421 5745 1787 5820; x_wconf 81' lang='lat' dir='ltr'><strong>Septuaginta,</strong></span> <span class='ocrx_word' id='word_1_932' title='bbox 1818 5745 2108 5810; x_wconf 80' lang='lat' dir='ltr'><strong>observare</strong></span> 
     </span>
    </p>
   </div>
   <div class='ocr_carea' id='block_1_125' title="bbox 539 5821 2145 5897">
    <p class='ocr_par' dir='ltr' id='par_1_125' title="bbox 539 5821 2145 5897">
     <span class='ocr_line' id='line_1_128' title="bbox 539 5821 2145 5897; baseline 0.003 -20"><span class='ocrx_word' id='word_1_933' title='bbox 539 5826 699 5891; x_wconf 76' lang='lat' dir='ltr'><strong>caput</strong></span> <span class='ocrx_word' id='word_1_934' title='bbox 729 5821 1019 5891; x_wconf 85' lang='lat' dir='ltr'><strong>serpentis,</strong></span> <span class='ocrx_word' id='word_1_935' title='bbox 1052 5822 1334 5879; x_wconf 81' lang='lat' dir='ltr'><strong>moraliter</strong></span> <span class='ocrx_word' id='word_1_936' title='bbox 1378 5827 1782 5897; x_wconf 86' lang='lat' dir='ltr'><strong>interpretatur,</strong></span> <span class='ocrx_word' id='word_1_937' title='bbox 1826 5824 2145 5896; x_wconf 78' lang='lat' dir='ltr'><strong>cogitatio-.-</strong></span> 
     </span>
    </p>
   </div>
   <div class='ocr_carea' id='block_1_126' title="bbox 2210 4829 3821 4900">
    <p class='ocr_par' dir='ltr' id='par_1_126' title="bbox 2210 4829 3821 4900">
     <span class='ocr_line' id='line_1_129' title="bbox 2210 4829 3821 4900; baseline 0.005 -21"><span class='ocrx_word' id='word_1_938' title='bbox 2210 4837 2389 4900; x_wconf 83' lang='lat' dir='ltr'><strong>rentur</strong></span> <span class='ocrx_word' id='word_1_939' title='bbox 2425 4830 2598 4882; x_wconf 85' lang='lat' dir='ltr'><strong>nullas</strong></span> <span class='ocrx_word' id='word_1_940' title='bbox 2626 4831 2830 4900; x_wconf 83' lang='lat' dir='ltr'><strong>penitus</strong></span> <span class='ocrx_word' id='word_1_941' title='bbox 2868 4830 3207 4900; x_wconf 47' lang='lat' dir='ltr'><strong>cogitaiones‘</strong></span> <span class='ocrx_word' id='word_1_942' title='bbox 3227 4830 3510 4900; x_wconf 79' lang='lat' dir='ltr'><strong>prurientes</strong></span> <span class='ocrx_word' id='word_1_943' title='bbox 3544 4829 3601 4882; x_wconf 75' lang='lat' dir='ltr'><strong>in</strong></span> <span class='ocrx_word' id='word_1_944' title='bbox 3635 4832 3821 4888; x_wconf 83' lang='lat' dir='ltr'><strong>corde</strong></span> 
     </span>
    </p>
   </div>
   <div class='ocr_carea' id='block_1_127' title="bbox 2213 4899 3824 4970">
    <p class='ocr_par' dir='ltr' id='par_1_127' title="bbox 2213 4899 3824 4970">
     <span class='ocr_line' id='line_1_130' title="bbox 2213 4899 3824 4970; baseline 0.003 -18"><span class='ocrx_word' id='word_1_945' title='bbox 2213 4899 2499 4965; x_wconf 86' lang='lat' dir='ltr'><strong>perniciosa</strong></span> <span class='ocrx_word' id='word_1_946' title='bbox 2527 4899 2826 4970; x_wconf 77' lang='lat' dir='ltr'><strong>confusione</strong></span> <span class='ocrx_word' id='word_1_947' title='bbox 2848 4899 3047 4967; x_wconf 83' lang='lat' dir='ltr'><strong>celare;</strong></span> <span class='ocrx_word' id='word_1_948' title='bbox 3076 4901 3167 4956; x_wconf 85' lang='lat' dir='ltr'><strong>sed</strong></span> <span class='ocrx_word' id='word_1_949' title='bbox 3195 4899 3481 4969; x_wconf 86' lang='lat' dir='ltr'><strong>confestim,</strong></span> <span class='ocrx_word' id='word_1_950' title='bbox 3511 4908 3570 4953; x_wconf 72' lang='lat' dir='ltr'><strong>ut</strong></span> <span class='ocrx_word' id='word_1_951' title='bbox 3597 4913 3824 4957; x_wconf 71' lang='lat' dir='ltr'><strong>exorta:</strong></span> 
     </span>
    </p>
   </div>
   <div class='ocr_carea' id='block_1_128' title="bbox 2212 4971 3824 5042">
    <p class='ocr_par' dir='ltr' id='par_1_128' title="bbox 2212 4971 3824 5042">
     <span class='ocr_line' id='line_1_131' title="bbox 2212 4971 3824 5042; baseline 0.004 -21"><span class='ocrx_word' id='word_1_952' title='bbox 2212 4971 2426 5042; x_wconf 81' lang='lat' dir='ltr'><strong>fuerint,</strong></span> <span class='ocrx_word' id='word_1_953' title='bbox 2471 4985 2557 5024; x_wconf 85' lang='lat' dir='ltr'><strong>eas</strong></span> <span class='ocrx_word' id='word_1_954' title='bbox 2596 4987 2691 5026; x_wconf 80' lang='lat' dir='ltr'><strong>suo</strong></span> <span class='ocrx_word' id='word_1_955' title='bbox 2724 4972 3012 5042; x_wconf 81' lang='lat' dir='ltr'><strong>patefacere</strong></span> <span class='ocrx_word' id='word_1_956' title='bbox 3049 4972 3240 5025; x_wconf 83' lang='lat' dir='ltr'><strong>seniori</strong></span> <span class='ocrx_word' id='word_1_957' title='bbox 3263 4986 3283 5025; x_wconf 90' lang='lat'><strong><em>:</em></strong></span> <span class='ocrx_word' id='word_1_958' title='bbox 3305 4984 3398 5023; x_wconf 86' lang='lat' dir='ltr'><strong>nec</strong></span> <span class='ocrx_word' id='word_1_959' title='bbox 3425 4985 3579 5041; x_wconf 86' lang='lat' dir='ltr'><strong>super</strong></span> <span class='ocrx_word' id='word_1_960' title='bbox 3612 4985 3824 5042; x_wconf 72' lang='lat' dir='ltr'><strong>earum</strong></span> 
     </span>
    </p>
   </div>
   <div class='ocr_carea' id='block_1_129' title="bbox 2201 5041 3822 5111">
    <p class='ocr_par' dir='ltr' id='par_1_129' title="bbox 2201 5041 3822 5111">
     <span class='ocr_line' id='line_1_132' title="bbox 2201 5041 3822 5111; baseline 0.004 -18"><span class='ocrx_word' id='word_1_961' title='bbox 2201 5041 2408 5110; x_wconf 86' lang='lat' dir='ltr'><strong>judicio</strong></span> <span class='ocrx_word' id='word_1_962' title='bbox 2437 5041 3157 5111; x_wconf 70' lang='lat' dir='ltr'><strong>Quidquamsutediscretioni</strong></span> <span class='ocrx_word' id='word_1_963' title='bbox 3182 5041 3516 5104; x_wconf 83' lang='lat' dir='ltr'><strong>committere,</strong></span> <span class='ocrx_word' id='word_1_964' title='bbox 3542 5041 3632 5094; x_wconf 89' lang='lat' dir='ltr'><strong>sed</strong></span> <span class='ocrx_word' id='word_1_965' title='bbox 3655 5042 3822 5099; x_wconf 82' lang='lat' dir='ltr'><strong>illud</strong></span> 
     </span>
    </p>
   </div>
   <div class='ocr_carea' id='block_1_130' title="bbox 2212 5111 3823 5183">
    <p class='ocr_par' dir='ltr' id='par_1_130' title="bbox 2212 5111 3823 5183">
     <span class='ocr_line' id='line_1_133' title="bbox 2212 5111 3823 5183; baseline 0.005 -21"><span class='ocrx_word' id='word_1_966' title='bbox 2212 5113 2418 5165; x_wconf 86' lang='lat' dir='ltr'><strong>credere</strong></span> <span class='ocrx_word' id='word_1_967' title='bbox 2457 5114 2650 5167; x_wconf 87' lang='lat' dir='ltr'><strong>malum</strong></span> <span class='ocrx_word' id='word_1_968' title='bbox 2690 5129 2817 5176; x_wconf 90' lang='lat' dir='ltr'><strong>esse,</strong></span> <span class='ocrx_word' id='word_1_969' title='bbox 2860 5115 2939 5168; x_wconf 84' lang='lat' dir='ltr'><strong>uel</strong></span> <span class='ocrx_word' id='word_1_970' title='bbox 2973 5115 3181 5175; x_wconf 82' lang='lat' dir='ltr'><strong>bonum,</strong></span> <span class='ocrx_word' id='word_1_971' title='bbox 3211 5111 3350 5183; x_wconf 83' lang='lat' dir='ltr'><strong>quod</strong></span> <span class='ocrx_word' id='word_1_972' title='bbox 3382 5111 3688 5183; x_wconf 77' lang='lat' dir='ltr'><strong>discusserit</strong></span> <span class='ocrx_word' id='word_1_973' title='bbox 3743 5130 3823 5170; x_wconf 86' lang='lat' dir='ltr'><strong>ac</strong></span> 
     </span>
    </p>
   </div>
   <div class='ocr_carea' id='block_1_131' title="bbox 2213 5181 3825 5251">
    <p class='ocr_par' dir='ltr' id='par_1_131' title="bbox 2213 5181 3825 5251">
     <span class='ocr_line' id='line_1_134' title="bbox 2213 5181 3825 5251; baseline 0.003 -16"><span class='ocrx_word' id='word_1_974' title='bbox 2213 5185 2617 5251; x_wconf 85' lang='lat' dir='ltr'><strong>pronuntiaverit</strong></span> <span class='ocrx_word' id='word_1_975' title='bbox 2645 5186 2859 5238; x_wconf 87' lang='lat' dir='ltr'><strong>senioris</strong></span> <span class='ocrx_word' id='word_1_976' title='bbox 2899 5198 3144 5238; x_wconf 67' lang='lat' dir='ltr'><strong>women;</strong></span> <span class='ocrx_word' id='word_1_977' title='bbox 3163 5181 3280 5250; x_wconf 80' lang='lat' dir='ltr'><strong>Qua</strong></span> <span class='ocrx_word' id='word_1_978' title='bbox 3304 5183 3503 5237; x_wconf 84' lang='lat' dir='ltr'><strong>ratione</strong></span> <span class='ocrx_word' id='word_1_979' title='bbox 3530 5181 3612 5251; x_wconf 75' lang='lat' dir='ltr'><strong>ﬁt,</strong></span> <span class='ocrx_word' id='word_1_980' title='bbox 3653 5192 3723 5237; x_wconf 75' lang='lat' dir='ltr'><strong>ut</strong></span> <span class='ocrx_word' id='word_1_981' title='bbox 3755 5187 3825 5241; x_wconf 79' lang='lat' dir='ltr'><strong>in</strong></span> 
     </span>
    </p>
   </div>
   <div class='ocr_carea' id='block_1_132' title="bbox 2206 5254 3827 5327">
    <p class='ocr_par' dir='ltr' id='par_1_132' title="bbox 2206 5254 3827 5327">
     <span class='ocr_line' id='line_1_135' title="bbox 2206 5254 3827 5327; baseline 0.001 -19"><span class='ocrx_word' id='word_1_982' title='bbox 2206 5254 2365 5327; x_wconf 68' lang='lat' dir='ltr'><strong>nullo</strong></span> <span class='ocrx_word' id='word_1_983' title='bbox 2409 5256 2771 5310; x_wconf 85' lang='lat' dir='ltr'><strong>circumvenire</strong></span> <span class='ocrx_word' id='word_1_984' title='bbox 2806 5259 3049 5327; x_wconf 83' lang='lat' dir='ltr'><strong>juvenem</strong></span> <span class='ocrx_word' id='word_1_985' title='bbox 3091 5254 3313 5327; x_wconf 81' lang='lat' dir='ltr'><strong>callidus</strong></span> <span class='ocrx_word' id='word_1_986' title='bbox 3362 5255 3631 5327; x_wconf 71' lang='lat' dir='ltr'><strong>inimicus,</strong></span> <span class='ocrx_word' id='word_1_987' title='bbox 3653 5254 3827 5311; x_wconf 74' lang='lat' dir='ltr'><strong>velut</strong></span> 
     </span>
    </p>
   </div>
   <div class='ocr_carea' id='block_1_133' title="bbox 2222 5324 3826 5397">
    <p class='ocr_par' dir='ltr' id='par_1_133' title="bbox 2222 5324 3826 5397">
     <span class='ocr_line' id='line_1_136' title="bbox 2222 5324 3826 5397; baseline 0.003 -19"><span class='ocrx_word' id='word_1_988' title='bbox 2222 5325 2540 5397; x_wconf 71' lang='lat' dir='ltr'><strong>inexpertum</strong></span> <span class='ocrx_word' id='word_1_989' title='bbox 2586 5324 2923 5397; x_wconf 78' lang='lat' dir='ltr'><strong>ignarumque</strong></span> <span class='ocrx_word' id='word_1_990' title='bbox 2960 5326 3268 5396; x_wconf 67' lang='lat' dir='ltr'><strong>praevaleat;</strong></span> <span class='ocrx_word' id='word_1_991' title='bbox 3320 5339 3411 5378; x_wconf 85' lang='lat' dir='ltr'><strong>nec</strong></span> <span class='ocrx_word' id='word_1_992' title='bbox 3448 5324 3566 5397; x_wconf 74' lang='lat' dir='ltr'><strong>ulla</strong></span> <span class='ocrx_word' id='word_1_993' title='bbox 3603 5325 3826 5397; x_wconf 77' lang='lat' dir='ltr'><strong>fraude</strong></span> 
     </span>
    </p>
   </div>
   <div class='ocr_carea' id='block_1_134' title="bbox 2222 5394 3827 5469">
    <p class='ocr_par' dir='ltr' id='par_1_134' title="bbox 2222 5394 3827 5469">
     <span class='ocr_line' id='line_1_137' title="bbox 2222 5394 3827 5469; baseline 0.002 -20"><span class='ocrx_word' id='word_1_994' title='bbox 2222 5394 2475 5466; x_wconf 84' lang='lat' dir='ltr'><strong>decipere,</strong></span> <span class='ocrx_word' id='word_1_995' title='bbox 2503 5394 2649 5465; x_wconf 83' lang='lat' dir='ltr'><strong>quem</strong></span> <span class='ocrx_word' id='word_1_996' title='bbox 2675 5394 3048 5469; x_wconf 76' lang='lat' dir='ltr'><strong>prtevidetnon</strong></span> <span class='ocrx_word' id='word_1_997' title='bbox 3081 5412 3195 5465; x_wconf 88' lang='lat' dir='ltr'><strong>sua,</strong></span> <span class='ocrx_word' id='word_1_998' title='bbox 3233 5396 3321 5451; x_wconf 86' lang='lat' dir='ltr'><strong>sed</strong></span> <span class='ocrx_word' id='word_1_999' title='bbox 3346 5395 3566 5469; x_wconf 82' lang='lat' dir='ltr'><strong>senioris</strong></span> <span class='ocrx_word' id='word_1_1000' title='bbox 3590 5394 3827 5469; x_wconf 82' lang='lat' dir='ltr'><strong>discre-</strong></span> 
     </span>
    </p>
   </div>
   <div class='ocr_carea' id='block_1_135' title="bbox 2222 5466 3824 5539">
    <p class='ocr_par' dir='ltr' id='par_1_135' title="bbox 2222 5466 3824 5539">
     <span class='ocr_line' id='line_1_138' title="bbox 2222 5466 3824 5539; baseline 0.001 -19"><span class='ocrx_word' id='word_1_1001' title='bbox 2222 5469 2358 5521; x_wconf 88' lang='lat' dir='ltr'><strong>tione</strong></span> <span class='ocrx_word' id='word_1_1002' title='bbox 2385 5469 2597 5533; x_wconf 84' lang='lat' dir='ltr'><strong>muniri,</strong></span> <span class='ocrx_word' id='word_1_1003' title='bbox 2634 5466 2685 5524; x_wconf 81' lang='lat' dir='ltr'><strong>ei</strong></span> <span class='ocrx_word' id='word_1_1004' title='bbox 2707 5468 3056 5539; x_wconf 82' lang='lat' dir='ltr'><strong>suggestiones</strong></span> <span class='ocrx_word' id='word_1_1005' title='bbox 3089 5482 3231 5534; x_wconf 85' lang='lat' dir='ltr'><strong>suas,</strong></span> <span class='ocrx_word' id='word_1_1006' title='bbox 3275 5467 3355 5523; x_wconf 85' lang='lat' dir='ltr'><strong>vel</strong></span> <span class='ocrx_word' id='word_1_1007' title='bbox 3400 5466 3565 5539; x_wconf 84' lang='lat' dir='ltr'><strong>ignita</strong></span> <span class='ocrx_word' id='word_1_1008' title='bbox 3578 5466 3824 5539; x_wconf 82' lang='lat' dir='ltr'><strong>jacula,</strong></span> 
     </span>
    </p>
   </div>
   <div class='ocr_carea' id='block_1_136' title="bbox 2188 5535 3830 5610">
    <p class='ocr_par' dir='ltr' id='par_1_136' title="bbox 2188 5535 3830 5610">
     <span class='ocr_line' id='line_1_139' title="bbox 2188 5535 3830 5610; baseline 0.002 -19"><span class='ocrx_word' id='word_1_1009' title='bbox 2188 5535 2196 5543; x_wconf 85' lang='grc'><strong>’</strong></span> <span class='ocrx_word' id='word_1_1010' title='bbox 2218 5554 2549 5610; x_wconf 69' lang='lat' dir='ltr'><strong>quacumque</strong></span> <span class='ocrx_word' id='word_1_1011' title='bbox 2569 5541 2623 5610; x_wconf 88' lang='lat' dir='ltr'><strong>in</strong></span> <span class='ocrx_word' id='word_1_1012' title='bbox 2644 5535 3137 5610; x_wconf 60' lang='lat' dir='ltr'><strong>coreju‘sinjecertt,</strong></span> <span class='ocrx_word' id='word_1_1013' title='bbox 3159 5547 3214 5592; x_wconf 83' lang='lat' dir='ltr'><strong>ut</strong></span> <span class='ocrx_word' id='word_1_1014' title='bbox 3233 5535 3484 5594; x_wconf 69' lang='lat' dir='ltr'><strong>seniorem</strong></span> <span class='ocrx_word' id='word_1_1015' title='bbox 3510 5537 3676 5610; x_wconf 50' lang='lat' dir='ltr'><strong>celet,</strong></span> <span class='ocrx_word' id='word_1_1016' title='bbox 3690 5553 3830 5610; x_wconf 76' lang='lat' dir='ltr'><strong>non</strong></span> 
     </span>
    </p>
   </div>
   <div class='ocr_carea' id='block_1_137' title="bbox 2217 5605 3832 5685">
    <p class='ocr_par' dir='ltr' id='par_1_137' title="bbox 2217 5605 3832 5685">
     <span class='ocr_line' id='line_1_140' title="bbox 2217 5605 3832 5685; baseline 0.002 -22"><span class='ocrx_word' id='word_1_1017' title='bbox 2217 5605 2367 5685; x_wconf 65' lang='lat' dir='ltr'><strong>posse</strong></span> <span class='ocrx_word' id='word_1_1018' title='bbox 2386 5605 2990 5685; x_wconf 15' lang='lat' dir='ltr'><strong>suaderi.-Vi_dereollat.</strong></span> <span class='ocrx_word' id='word_1_1019' title='bbox 3022 5607 3057 5662; x_wconf 77' lang='lat'><strong>2</strong></span> <span class='ocrx_word' id='word_1_1020' title='bbox 3084 5611 3388 5685; x_wconf 22' lang='lat' dir='ltr'><strong>captust</strong></span> <span class='ocrx_word' id='word_1_1021' title='bbox 3412 5621 3556 5685; x_wconf 62' lang='grc' dir='ltr'><strong>εδει..</strong></span> <span class='ocrx_word' id='word_1_1022' title='bbox 3587 5605 3683 5685; x_wconf 82' lang='lat' dir='ltr'><strong>ubi</strong></span> <span class='ocrx_word' id='word_1_1023' title='bbox 3740 5609 3832 5666; x_wconf 84' lang='lat' dir='ltr'><strong>de</strong></span> 
     </span>
    </p>
   </div>
   <div class='ocr_carea' id='block_1_138' title="bbox 2219 5676 3829 5751">
    <p class='ocr_par' dir='ltr' id='par_1_138' title="bbox 2219 5676 3829 5751">
     <span class='ocr_line' id='line_1_141' title="bbox 2219 5676 3829 5751; baseline 0.001 -17"><span class='ocrx_word' id='word_1_1024' title='bbox 2219 5676 2454 5742; x_wconf 78' lang='lat' dir='ltr'><strong>utilitate</strong></span> <span class='ocrx_word' id='word_1_1025' title='bbox 2490 5678 2837 5735; x_wconf 90' lang='lat' dir='ltr'><strong>revelationis</strong></span> <span class='ocrx_word' id='word_1_1026' title='bbox 2882 5689 2937 5735; x_wconf 90' lang='lat' dir='ltr'><strong>et</strong></span> <span class='ocrx_word' id='word_1_1027' title='bbox 2974 5676 3354 5751; x_wconf 76' lang='lat' dir='ltr'><strong>patefactionis</strong></span> <span class='ocrx_word' id='word_1_1028' title='bbox 3395 5676 3829 5751; x_wconf 78' lang='lat' dir='ltr'><strong>cogitationum</strong></span> 
     </span>
    </p>
   </div>
   <div class='ocr_carea' id='block_1_139' title="bbox 2212 5746 3836 5822">
    <p class='ocr_par' dir='ltr' id='par_1_139' title="bbox 2212 5746 3836 5822">
     <span class='ocr_line' id='line_1_142' title="bbox 2212 5746 3836 5822; baseline 0 -15"><span class='ocrx_word' id='word_1_1029' title='bbox 2212 5750 2518 5809; x_wconf 87' lang='lat' dir='ltr'><strong>senioribus</strong></span> <span class='ocrx_word' id='word_1_1030' title='bbox 2558 5750 2819 5807; x_wconf 68' lang='lat' dir='ltr'><strong>faciendas</strong></span> <span class='ocrx_word' id='word_1_1031' title='bbox 2859 5746 3070 5822; x_wconf 70' lang='lat' dir='ltr'><strong>plenius</strong></span> <span class='ocrx_word' id='word_1_1032' title='bbox 3108 5752 3316 5822; x_wconf 59' lang='lat' dir='ltr'><strong>agitur,</strong></span> <span class='ocrx_word' id='word_1_1033' title='bbox 3351 5746 3641 5822; x_wconf 83' lang='lat' dir='ltr'><strong>et_iusigni</strong></span> <span class='ocrx_word' id='word_1_1034' title='bbox 3700 5753 3836 5807; x_wconf 87' lang='lat' dir='ltr'><strong>mi-</strong></span> 
     </span>
    </p>
   </div>
   <div class='ocr_carea' id='block_1_140' title="bbox 2214 5816 3834 5897">
    <p class='ocr_par' dir='ltr' id='par_1_140' title="bbox 2214 5816 3834 5897">
     <span class='ocr_line' id='line_1_143' title="bbox 2214 5816 3834 5897; baseline 0.001 -17"><span class='ocrx_word' id='word_1_1035' title='bbox 2214 5823 2400 5880; x_wconf 87' lang='lat' dir='ltr'><strong>raculo</strong></span> <span class='ocrx_word' id='word_1_1036' title='bbox 2456 5821 2646 5880; x_wconf 87' lang='lat' dir='ltr'><strong>eadem</strong></span> <span class='ocrx_word' id='word_1_1037' title='bbox 2713 5816 3096 5896; x_wconf 77' lang='lat' dir='ltr'><strong>comprobatur</strong></span> <span class='ocrx_word' id='word_1_1038' title='bbox 3144 5816 3343 5897; x_wconf 63' lang='lat' dir='ltr'><strong>(Vide</strong></span> <span class='ocrx_word' id='word_1_1039' title='bbox 3401 5816 3834 5888; x_wconf 65' lang='lat' dir='ltr'><strong>Turrsertmat.</strong></span> 
     </span>
    </p>
   </div>
  </div>
