3986 6320
823 412 1053 470 CAPUT
1092 411 1234 467 XIX.

234 532 495 592 Sententia
522 533 698 588 sancti
722 531 920 654 Basilii!
957 531 1184 656 1episcopi
1221 529 1284 583 de
1325 528 1576 600 qualitate
1600 528 1817 600 virgini-

924 619 953 655 a
977 619 1019 656 is
1045 617 1172 656 suae.
1783 647 1808 656 ,.

924 617 1019 656 αιιε
1045 617 1172 656 ωας.

300 718 494 773 Fertur
521 717 704 774 sancti
731 717 914 773 Basilii
935 716 1292 772 Caesariensis
1313 716 1552 786 episcopi
1573 715 1818 771 districta

231 812 497 868 sententia
529 828 546 866 :
577 820 605 848 ⁸
648 813 719 866 Et
765 811 1072 875 mulierem,
1107 810 1298 878 inquit,
1325 811 1536 879 ignoro,
1586 819 1640 863 et
1670 809 1818 876 virgo

229 919 334 959 non
363 921 508 959 sum.
539 902 597 958 In
628 913 835 958 tantum
854 903 1120 958 intellexit
1151 902 1612 972 incorruptionem
1637 901 1816 956 carnis

235 1011 340 1050 non
371 1006 479 1050 tam
513 996 570 1050 in
604 996 853 1052 mulieris
879 1009 1000 1051 esse
1037 995 1382 1058 abstinentia,
1415 1008 1574 1064 quam
1599 994 1650 1047 in
1678 992 1819 1048 inte-

229 1088 418 1157 gritate
445 1088 658 1151 cordis,
682 1103 804 1157 qua:
829 1103 958 1142 vere
978 1089 1347 1156 incorruptam
1374 1099 1632 1157 perpetuo
1660 1102 1817 1142 sanc-

230 1179 505 1234 timoniam
532 1182 803 1250 corporis,
821 1182 903 1236 vel
928 1180 1120 1236 timore
1144 1180 1260 1249 Dei,
1277 1181 1361 1236 vel
1384 1195 1569 1235 amore
1590 1179 1815 1235 castita-

229 1272 294 1326 tis
329 1272 593 1328 custodit.

617 1424 624 1432 ,
841 1363 1068 1420 CAPUT
1096 1363 1216 1418 XX.

369 1454 523 1510 Unde
542 1455 768 1526 perfecta
811 1457 1080 1527 integritas
1108 1456 1272 1509 animi
1314 1455 1670 1526 dignoscatur.

295 1547 477 1617 Itaque
499 1547 590 1601 hic
611 1547 1029 1617 estintegritatis
1053 1547 1174 1602 linis
1194 1562 1257 1602 ac
1278 1547 1519 1617 perlecta
1546 1547 1811 1616 probatio,

223 1639 251 1679 δ
278 1641 322 1695 si
361 1641 790 1710 quiescentibus
830 1642 984 1696 nobis
1029 1640 1266 1696 titillatio
1321 1639 1610 1710 voluptatis
1667 1639 1813 1694 nulla

223 1734 576 1803 subrepserit,
611 1748 673 1788 ac
705 1749 802 1804 pro
843 1735 1168 1790 necessitate
1198 1743 1405 1789 natura:
1442 1734 1597 1789 nobis
1626 1735 1813 1790 incon-

720 297 817 358 ΒΕ
855 297 1338 358 C(ENOBIORUM
1375 296 1621 354 INS'I'I'I‘.
1659 295 1790 352 LIB.

1913 319 2019 352 .--
2043 294 2134 351 DE
2172 293 2445 351 SPIRI'I‘U
2482 290 3033 352 FORNICATIONIS.

1843 417 1898 478 Α
1919 411 2356 483 rarissimamque
2380 420 2584 468 natura}
2622 411 2992 467 necessitatem
3022 427 3250 469 summae
3285 413 3498 470 virtutis

1919 515 2046 570 est,
2103 521 2224 574 qua:
2273 507 2488 574 pulsare
2537 505 2856 559 monachum
2914 505 3122 560 duobus
3167 506 3498 576 interpositis

1917 598 2200 653 mensibus
2228 598 2385 652 solet.
2417 597 2569 664 Quod
2611 607 2790 652 tamen
2843 597 3048 652 dictum
3085 598 3156 652 sit
3203 598 3496 653 secundum

1918 701 2157 746 nostram
2211 691 2624 761 experientiam,
2665 705 2771 746 non
2824 691 3121 747 secundum
3177 694 3498 748 sententiain

1916 785 2228 850 seniorum,
2266 800 2294 838 a
2345 786 2542 854 quibus
2565 787 2728 840 etiam
2773 784 2857 840 bas
2904 786 3192 841 memorati
3240 787 3502 856 temporis

1915 877 2150 932 inducias
2177 876 2464 932 admodum
2492 877 2880 946 judicabantur
2907 886 3169 948 angusta,
3202 894 3269 932 ne
3310 880 3356 932 si
3399 879 3501 935 hoc

1915 972 2077 1026 modo
2104 987 2214 1041 quo
2239 971 2308 1025 ab
2333 971 2467 1041 ipsis
2495 971 2832 1041 percepimus
2854 971 3182 1026 voluerimus
3201 985 3498 1040 exponere,

1915 1064 2003 1118 bis
2031 1062 2197 1129 forte,
2242 1065 2334 1133 qui
2388 1078 2483 1132 pro
2533 1063 2856 1133 negligentia
2896 1076 3014 1126 sua,
3045 1062 3131 1118 vel
3184 1062 3501 1118 remissiore

1914 1156 2092 1211 studio
2123 1156 2414 1225 puritatem
2460 1155 2600 1210 hanc
2627 1155 2805 1209 minus
2835 1155 3044 1224 experti
3073 1165 3218 1221 sunt,
3263 1154 3501 1210 incredi-

1913 1249 2043 1305 bilia
2069 1249 2160 1304 vel
2185 1249 2535 1320 impossibilia
2564 1247 2918 1318 descripsisse
2943 1247 3248 1304 credamur.

2476 1381 2705 1438 CAPUT
2734 1381 2881 1438 XXI.

1989 1474 2437 1542 Quemadmodum
2458 1475 2702 1556 perfecta;
2731 1474 2970 1541 puritatis
2995 1481 3186 1527 statum
3210 1472 3426 1527 retinere

2551 1561 2831 1617 possimus.

1985 1639 2156 1705 Quem
2181 1649 2386 1698 statum
2436 1639 2510 1694 ita
2555 1647 2740 1694 tenere
2785 1645 3048 1707 perpetuo
3077 1637 3392 1706 poterimus,
3433 1651 3496 1690 ac

1914 1747 2207 1802 numquam
2233 1732 2536 1786 naturalem
2566 1730 2804 1794 modum,
2831 1740 2853 1768 ε
2874 1744 2973 1784 nec
2996 1738 3210 1798 tempus
3233 1729 3496 1784 excedere

222 1825 345 1880 sciis
391 1827 780 1881 concretiones
827 1834 1113 1896 egerantur
1160 1826 1432 1881 obscenae.
1480 1827 1626 1894 Quas
1667 1827 1811 1881 sicut
1838 1797 1886 1857 Β
1913 1827 2162 1897 superius
2210 1825 2689 1894 comprehensum,
2723 1822 2771 1877 si
2801 1819 2828 1858 ἀ
2869 1822 3038 1877 Deum
3072 1836 3177 1876 non
3209 1822 3380 1876 solum
3410 1835 3496 1874 se-

223 1916 540 1971 abscindere
593 1932 689 1987 per
719 1918 900 1972 omnia
950 1927 1005 1973 et
1060 1919 1112 1972 in
1161 1929 1482 1988 perpetuum
1536 1927 1814 1987 amputare

221 2020 380 2078 super
423 2018 673 2064 naturam
726 2021 809 2065 est
845 2028 858 2063 :
893 2011 967 2065 ita
1010 2025 1269 2067 revocare
1312 2010 1381 2066 ad
1445 2011 1814 2066 inevitabilem

1914 1928 2192 1975 cretorum
2239 1929 2456 1974 actuum
2486 1926 2822 1984 nostrorum,
2852 1930 3041 1971 verum
3088 1914 3251 1970 etiam
3293 1913 3496 1983 cogita-

1914 2013 2125 2067 tionum
2153 2021 2473 2067 cunctarum
2500 2010 2753 2066 diurnum
2810 2009 3014 2080 pariter
3060 2017 3494 2078 nocturnumque

1292 2142 1552 2198 ALARDI
1592 2141 1826 2199 GAZJEI
1867 2143 2428 2201 COMMENTARIUS.
2501 2180 2512 2184 -

291 2243 316 2272 ι
347 2233 503 2288 Hanc
535 2235 862 2288 sententiam
894 2235 955 2290 D.
992 2234 1173 2289 Basilii
1206 2235 1348 2289 unde
1377 2236 1646 2303 acceperit
1689 2239 1804 2290 Au-

220 2314 357 2365 ctor,
393 2307 632 2374 nondum
659 2307 806 2371 potui
837 2305 1367 2360 iuvenire.Habetur
1397 2316 1574 2360 tamen
1605 2306 1807 2374 aliqu’d

221 2375 399 2430 simile
424 2377 475 2429 iii
500 2373 908 2430 Commentario
937 2376 1180 2444 ejusdem
1214 2378 1280 2431 de
1315 2375 1450 2431 Vera
1487 2373 1806 2446 Virginitate

221 2446 286 2500 ad
313 2446 576 2500 Latoium
613 2446 950 2500 Meliteiisem
977 2448 1312 2515 episcOpum.
1337 2450 1450 2513 Qua
1479 2462 1610 2501 vero
1639 2463 1804 2502 occa-

219 2519 370 2571 sione
395 2532 576 2586 quove
599 2531 759 2570 sensu
785 2532 906 2571 eam
933 2520 1177 2584 proferre
1206 2520 1440 2585 potuerit
1468 2520 1549 2570 vir
1578 2517 1668 2572 ille
1682 2533 1808 2572 san-

219 2588 493 2642 etissimus
547 2598 600 2640 et
655 2588 1014 2652 castissimus,
1063 2587 1240 2656 colligi
1285 2603 1444 2656 posse
1478 2588 1686 2642 videtur
1735 2605 1803 2644 ex

220 2658 464 2725 ejusdem
487 2658 721 2724 epistola
753 2658 819 2712 ad
846 2657 1126 2713 Chilonem
1159 2659 1500 2726 discipulum,
1520 2660 1570 2713 in
1597 2675 1700 2729 qua
1727 2658 1804 2713 la-

221 2738 369 2782 tetur
405 2729 624 2798 quidem
654 2742 715 2782 se
739 2734 984 2794 corporis
1013 2730 1374 2797 integritatem
1405 2729 1473 2782 ab
1498 2731 1644 2784 omni
1684 2731 1804 2784 libi-

222 2798 357 2853 dine
387 2813 636 2853 servasse
667 2801 1086 2864 imniaculatam,
1114 2809 1169 2853 at
1195 2816 1299 2853 non
1335 2802 1402 2852 ita
1432 2802 1627 2854 mentis
1657 2803 1802 2870 puri-

224 2879 388 2924 tatem
420 2871 470 2922 in
493 2870 782 2938 juventute
823 2870 1080 2924 illibatam
1106 2872 1341 2924 tenuisse
1377 2885 1517 2939 :qua
1541 2871 1606 2924 de
1636 2888 1694 2925 re
1723 2873 1802 2928 sic

221 2941 487 2994 adversus
518 2939 756 3007 seipsum
787 2942 1042 3009 conqueri
1089 2941 1322 2998 videtur,
1356 2955 1476 2994 cum
1513 2946 1626 2996 ait:
1659 2942 1798 3009 Quin

222 3021 272 3064 et
300 3012 542 3064 mulieres
568 3027 623 3064 se
676 3012 802 3063 meis
847 3013 983 3064 hisce
1033 3010 1200 3065 oculis
1229 3013 1466 3064 visendas
1495 3012 1798 3078 o/ferebant,

222 3098 438 3146 quorum
471 3079 786 3153 prwcellenti
811 3083 1062 3153 elegantia
1087 3090 1134 3135 et
1157 3084 1344 3136 decore
1369 3098 1493 3140 mea!
1518 3094 1801 3137 tentaretur
1828 3086 1874 3150 C
1908 3086 2160 3138 Scrutaris
2182 3085 2341 3137 corda
2363 3093 2411 3137 et
2431 3079 2746 3136 renes'Deus
2775 3081 3002 3153 (Psalm.
3029 3083 3142 3152 vtt).
3179 3083 3244 3135 Et
3265 3085 3446 3138 iterum
3472 3105 3491 3140 :
3582 3105 3589 3115 ·

223 3153 491 3224 integritas
524 3151 810 3221 pudicitiae.
845 3152 909 3204 Et
936 3154 1138 3222 quidem
1169 3154 1422 3221 ﬂagitium
1451 3156 1608 3207 vitavi
1635 3156 1802 3224 forni-

221 3225 462 3286 cationis,
495 3232 552 3274 at
577 3224 869 3294 intunditiae
903 3224 1168 3294 virginalis
1195 3225 1379 3292 ﬂorent
1409 3240 1598 3277 arcana
1627 3225 1801 3279 cordis

224 3295 537 3364 cogitatione
558 3293 763 3362 fadavi.
798 3295 919 3347 llaec
942 3293 1056 3362 ipse
1079 3295 1148 3348 de
1175 3308 1231 3347 se
1252 3313 1264 3346 :
1283 3295 1478 3361 quibus
1508 3297 1683 3349 verbis
1707 3311 1800 3350 ve-

225 3379 339 3417 ram
372 3363 744 3432 virginitatem
776 3381 843 3418 ex
869 3364 1104 3433 perlecta
1133 3365 1330 3418 mentis
1354 3374 1407 3418 et
1432 3367 1675 3433 corporis
1724 3368 1803 3420 in-

223 3436 478 3503 tegritate
528 3444 599 3504 et,
637 3435 1039 3502 incorruptione
1077 3435 1317 3489 ilistricte
1347 3435 1586 3504 quidem,
1632 3446 1692 3490 ιιι
1717 3436 1803 3493 hic

224 3504 478 3570 habetur,
511 3503 607 3559 sed
637 3516 818 3559 tamen
865 3521 991 3560 vere
1035 3503 1480 3573 circumscripsit,
1511 3518 1670 3576 atque
1703 3509 1803 3564 hoc

224 3586 546 3644 argumento
594 3576 914 3643 praeclarum
946 3576 1092 3631 illum
1123 3577 1191 3631 de
1222 3576 1540 3644 Virgiiiitate
1586 3579 1805 3644 scripsit

223 3645 703 3700 commentarium.
729 3647 994 3700 Caeterum
1021 3647 1085 3700 [ι.
1113 3645 1410 3716 Gregorius
1435 3646 1805 3704 Nazianzenus

223 3718 282 3772 in
310 3718 561 3788 oratione
591 3715 799 3788 funebri
827 3717 876 3770 iii
898 3717 1107 3788 laudem
1133 3717 1370 3784 ejusdem
1403 3717 1610 3782 Basilii,
1629 3722 1802 3788 ipsum

298 3787 683 3842 rl'ectissimum
717 3786 1038 3855 virginitatis
1063 3789 1328 3842 cultorem
1359 3788 1525 3842 fuisse
1566 3786 1805 3844 declarat

269 3861 312 3912 is
341 3859 522 3930 verbis
551 3873 565 3910 :
604 3857 729 3923 Quis
755 3859 918 3927 igitur
958 3860 1301 3930 virginitatem
1329 3860 1489 3930 magis
1536 3859 1806 3914 honoravit

224 3947 378 3999 quam
395 3926 651 3990 Basilius,
670 3941 757 3980 aut
773 3926 948 3981 carnis
977 3926 1247 3999 puritatem
1267 3926 1542 3999 quast'lege
1563 3933 1800 3999 sancivit,

225 4016 326 4053 non
357 3999 530 4053 solum
561 3999 777 4067 praprio
805 4003 1058 4070 exemplo,
1081 4000 1170 4054 sed
1191 4016 1368 4053 eorum
1414 4001 1596 4070 quibus
1624 4003 1804 4057 stude-

226 4071 310 4123 bat
332 4073 357 4124 ?
380 4080 486 4124 etc.

297 4139 558 4209 ltMagnte
611 4137 928 4210 perfectioni
976 4140 1212 4195 tribuere
1255 4140 1468 4196 videtur
1512 4152 1725 4210 auctor,
1759 4143 1805 4196 si

225 4212 460 4281 pollutio
483 4212 602 4281 sine
631 4209 739 4262 ulla
769 4213 948 4264 carnis
971 4211 1306 4274 titillatione,
1335 4213 1428 4266 sed
1454 4221 1659 4267 niturtn
1689 4209 1806 4268 ttin-

226 4280 340 4335 tum
367 4280 699 4353 necessitate
727 4281 814 4335 vel
845 4281 1154 4353 inﬁrmitate
1193 4285 1246 4335 in
1271 4283 1476 4353 somnis
1504 4285 1802 4353 contingat.

225 4353 342 4420 Qua
371 4353 440 4406 de
464 4367 524 4406 re
549 4352 675 4406 vide
710 4353 858 4419 plura
890 4351 1192 4406 Collatione
1229 4351 1315 4415 12,
1351 4368 1468 4420 qua:
1499 4367 1580 4407 est
1611 4356 1680 4406 de
1701 4351 1807 4407 'ca-

226 4427 448 4487 stitate;
480 4433 536 4475 et
565 4421 856 4476 collatione
885 4421 976 4486 22,
1007 4437 1126 4491 qua:
1165 4423 1232 4476 de
1272 4424 1549 4477 nocturnis
1600 4425 1807 4478 illusio-

225 4468 413 4547 ἷιῖὖῦἐῖ
432 4468 918 4560 ὸῖιῖυἲῖἔᾞὶιῐὲῖἐ
926 4468 1231 4547 libet—hoc
1272 4468 1802 4562 ’ρῑἕὲι’ςι’ὲίἶιη”ζι“ὸῖἷι.
1833 4468 1884 4529 Ι)

223 4563 493 4619 Climacbi
524 4562 593 4617 de
625 4562 862 4632 perfecta
905 4567 1152 4634 castitate
1193 4573 1248 4618 et
1295 4565 1529 4630 puritate
1573 4566 1807 4634 elogium

225 4635 352 4689 huic
383 4635 506 4688 loco
530 4643 950 4688 consentaneum
986 4652 997 4686 :
1023 4632 1246 4688 Castitas
1266 4646 1334 4688 est
1372 4632 1687 4701 incorporea}
1717 4654 1810 4690 na-

223 4715 358 4758 tura
379 4705 734 4774 familiaritas.
761 4702 983 4759 Castitas
1009 4714 1080 4758 est
1113 4703 1302 4758 Christi
1322 4707 1617 4774 jucundum
1645 4707 1810 4760 diver-

224 4779 446 4842 sorium,
474 4777 826 4847 terrestrisque
852 4776 1055 4847 clypeus
1085 4776 1276 4828 cordis.
1305 4776 1525 4829 Castitas
1556 4778 1810 4832 excessiva

225 4857 431 4899 natura
452 4845 747 4915 abnegatio,
794 4845 1124 4915 corporisque
1170 4850 1398 4900 mortalis
1442 4858 1594 4915 atque
1638 4864 1811 4902 corru-

228 4919 430 4985 ptibilis
479 4917 571 4986 adi
597 4917 952 4986 incorporeum
995 4918 1420 4984 spiritualemque
1471 4919 1808 4972 substantiam

225 4987 508 5039 contentio.
534 4985 717 5040 Castus
743 4985 833 5040 ille
861 4998 956 5049 est,
987 4989 1073 5053 qui
1117 5004 1290 5041 amore
1315 5004 1539 5041 amorem
1568 4991 1808 5055 exclusit,

223 5058 500 5127 ignemque
537 5058 643 5126 igni
665 5059 879 5123 spiritus
900 5059 1175 5129 exstinxit.
1203 5057 1429 5111 Pudicus
1462 5072 1534 5112 est
1581 5060 1690 5125 ille,
1723 5063 1812 5129 qui

224 5144 299 5180 ne
315 5129 368 5180 in
384 5129 578 5180 somnis
606 5128 810 5196 quidem
832 5128 993 5180 ullunt
1013 5137 1227 5190 motum,
1245 5128 1507 5197 altamque
1536 5139 1699 5183 status
1725 5128 1812 5184 sui

224 5202 568 5251 mutationem
593 5201 764 5250 sentit.
801 5197 1030 5251 Pudicus
1058 5210 1130 5252 est
1159 5201 1268 5263 ilJe,
1295 5203 1381 5267 qui
1431 5211 1478 5254 et
1527 5204 1577 5253 in
1617 5204 1810 5256 somnis

222 5269 438 5339 quidem
463 5270 741 5336 perfectam
763 5285 962 5331 semper
1002 5271 1054 5322 in
1082 5287 1354 5341 corporum
1375 5272 1540 5341 specie
1571 5281 1614 5324 et
1645 5273 1810 5326 varie-

224 5351 336 5417 tgte
359 5341 804 5417 insensibilitatem
852 5342 1099 5410 possedit.
1149 5341 1274 5394 Haec
1303 5344 1479 5417 regula
1511 5341 1814 5417 huj_usmodi

222 5411 346 5478 ﬁnis
369 5421 440 5462 est
464 5413 702 5481 perfecta:
725 5423 1190 5481 consuininatque
1231 5411 1502 5476 castitatis,
1522 5422 1573 5464 ttt
1597 5415 1667 5466 ita
1698 5417 1816 5466 ani-

197 5489 368 5534 ‘mata
414 5483 546 5534 sicut
591 5483 883 5535 inanimato
933 5482 1264 5547 intueamur;
1306 5493 1455 5552 atque
1478 5487 1550 5536 ita
1587 5486 1814 5537 rationa-

225 5553 361 5606 libus
394 5563 448 5605 ttt
473 5551 634 5606 brutis
665 5553 964 5622 corporibus
993 5553 1292 5622 afﬁciantur.
1326 5553 1395 5607 Et
1440 5552 1577 5608 infra
1611 5572 1622 5606 :
1663 5553 1815 5608 Istud

224 5636 357 5693 certe
384 5625 635 5677 castitatis
676 5635 871 5677 certum
895 5635 1245 5693 argumentum
1273 5635 1368 5688 est,
1421 5624 1730 5678 immobilem
1762 5627 1815 5679 in

225 5692 299 5746 eis
319 5693 796 5767 phantasmalibus,
835 5692 1070 5767 quie’per
1092 5711 1328 5753 somnum
1360 5695 1613 5766 videmus,
1661 5697 1820 5767 persi-

225 5775 384 5838 qters.
412 5765 540 5828 Haec
572 5767 670 5827 ille
698 5764 903 5829 (Gradu
935 5763 1050 5837 15),

1981 2248 2003 2275 ο
2041 2237 2279 2292 Duorum
2319 2237 2530 2308 scilicet
2573 2235 2840 2290 mensium
2873 2236 3140 2306 superiori
3176 2237 3356 2308 capite
3384 2255 3496 2295 me-

1908 2317 2204 2371 moratum,
2235 2322 2306 2362 ne
2325 2307 2554 2376 pollutio
2578 2308 2802 2374 smpius,
2829 2322 2988 2376 quam
3019 2309 3190 2363 semel
3214 2307 3497 2363 dumtaxat

1908 2379 1962 2433 in
1992 2378 2202 2433 duobus
2259 2377 2563 2440 Iliensibus,
2596 2389 2647 2430 et
2680 2377 2885 2448 absque
2925 2377 3210 2444 illusione,
3249 2389 3302 2434 et
3352 2379 3496 2448 turpi

1906 2450 2145 2513 somnio,
2180 2463 2246 2504 ac
2277 2449 2592 2502 titillatione
2634 2449 2816 2501 carnis
2844 2447 3241 2502 dormientibus
3275 2447 3489 2504 contiu-

1905 2528 2028 2590 gat:
2062 2535 2220 2590 quem
2266 2519 2405 2573 dixit
2442 2520 2860 2590 essehperlecta:
2914 2519 3164 2588 puritatis
3209 2529 3407 2575 statum
3439 2531 3495 2577 et

1908 2587 2316 2660 probationem,
2349 2590 2465 2660 sive
2496 2587 2775 2660 indicium.

1976 2658 2002 2698 ἀ
2027 2660 2117 2716 Sic
2149 2661 2208 2714 Ι).
2239 2659 2562 2731 Benedictus
2583 2673 2704 2727 cap.
2729 2659 2766 2731 7,
2787 2658 3008 2731 Regulae
3047 2658 3099 2731 in
3121 2660 3295 2731 primo
3319 2663 3494 2731 gradu

1906 2729 2230 2786 humilitatis
2255 2732 2330 2784 ait
2357 2748 2368 2783 :
2393 2728 2638 2783 Estimet
2669 2746 2723 2782 se
2747 2730 2898 2782 homo
2916 2730 2979 2782 de
3005 2728 3144 2783 cwlis
3163 2747 3195 2782 a
3223 2728 3492 2785 Deo‘sein-

1905 2818 1996 2871 per
2015 2802 2216 2872 respici,
2243 2809 2289 2854 et
2323 2801 2461 2872 facta
2489 2816 2585 2854 sua
2611 2800 2666 2872 in
2697 2802 2835 2872 omni
2880 2801 2992 2853 loco
3020 2800 3084 2872 ab
3124 2810 3338 2870 aspectu
3369 2803 3494 2872 divi-

1904 2864 2286 2941 nitatis-videri,
2315 2864 2360 2924 et
2400 2871 2463 2924 ab
2495 2871 2693 2941 angelis
2717 2868 2827 2924 Deo
2860 2872 2998 2924 omni
3023 2870 3155 2924 hora
3176 2864 3488 2928 renuntt'ari.

1904 2939 2236 3014 Demonstrat
2279 2942 2425 3014 nobis
2451 2939 2869 3012 hoc—propheta,
2916 2957 3030 2994 cum
3073 2945 3126 2995 in
3175 2944 3493 3014 cogitationi-

1903 3013 1996 3068 bus
2011 3016 2197 3067 nostris
2213 3015 2283 3067 ita
2302 3013 2465 3065 Deum
2485 3027 2680 3082 semper
2703 3022 3006 3082 prasentem
3024 3013 3268 3078 ostendit,
3284 3014 3488 3069 dicens:

1906 3153 2158 3226 Dominus
2208 3156 2345 3208 novit
2386 3155 2716 3226 cOgitationes
2743 3155 3028 3217 hominum,
3060 3155 3305 3226 quoniam
3349 3173 3492 3211 rana

1906 3172 2158 3208 "ominus
2208 3172 2345 3208 novit
2386 3172 2716 3226 cognationes
2743 3172 3028 3217 nominum,
3060 3172 3305 3277 quoniam
3349 3173 3492 3211 uarice

1904 3236 2022 3279 sunt
2053 3224 2276 3294 (Psalm.
2302 3223 2595 3294 cxxxvttt).
2640 3223 2878 3294 Itemque
2915 3225 2988 3277 ait
3017 3240 3036 3278 :
3097 3225 3376 3280 ntelleaisti
3405 3244 3492 3281 co-

1903 3296 2168 3366 gitationes
2191 3313 2325 3349 meas
2354 3297 2417 3366 de
2440 3296 2608 3364 longe,
2637 3304 2684 3348 et
2699 3298 2818 3363 quia
2839 3296 3085 3366 cogitatio
3110 3295 3335 3349 hominis
3363 3315 3490 3350 con-

1905 3365 2132 3434 ﬁtebitur
2183 3367 2273 3419 tibi
2319 3365 2549 3436 (Psalm.
2597 3368 2782 3436 μιν).
2837 3365 2930 3436 His
2971 3367 3286 3420 suscribunt
3321 3377 3375 3422 et
3396 3370 3486 3423 alii

1907 3437 2112 3508 Patres.
2145 3437 2202 3492 S.
2236 3435 2554 3508 Ignatiusad
2577 3435 2846 3508 Geronem
2875 3435 3189 3508 diaconum:
3226 3436 3488 3492 Memento

1905 3506 2003 3578 Dei
2055 3517 2103 3560 et
2153 3505 2762 3578 non'peccubisitlc‘pist.
2796 3506 2874 3571 9).
2930 3505 3182 3578 Clemens
3215 3508 3481 3562 Alexand.

1907 3576 1996 3631 lib.
2048 3593 2104 3632 Ill
2163 3575 2644 3646 Paed'agogiiﬂlac
2681 3578 2848 3630 solum
2901 3577 3102 3630 ratione
3149 3577 3229 3645 fit,
3278 3589 3334 3629 ut
3369 3582 3487 3646 quis

1910 3664 2192 3717 numquam
2223 3650 2446 3714 labatur,
2499 3649 2542 3700 si
2595 3647 2756 3717 [leum
2806 3647 2902 3700 sibi
2934 3647 3034 3714 ipsi
3064 3662 3263 3713 semper
3309 3649 3488 3703 adesse

1907 3716 2340 3789 existimatmap.
2397 3717 2566 3789 5).AS.
2612 3716 2966 3786 Hieronymus
3011 3717 3076 3789 in
3108 3717 3487 3789 Ezechieleni:

1909 3788 2162 3842 Memoria
2200 3787 2318 3842 'Dei
2383 3787 2639 3869 excludit.
2677 3790 2849 3840 omnia
2889 3788 3098 3868 ﬂagitia
3121 3787 3311 3910 Is'Lib.
3371 3805 3443 3871 Vle
3469 3832 3484 3854 ,

1909 3875 1954 3910 c.
2007 3859 2122 3910 2‘2).
2175 3860 2232 3910 S.
2294 3859 2551 3910 Enlirem.
2608 3859 2698 3910 lib.
2743 3857 2810 3910 de
2841 3857 3088 3910 Virtute:
3176 3858 3270 3910 iliil
3317 3877 3484 3910 peius.

1907 3875 1954 3912 c.
2007 3859 2122 3924 22).
2175 3860 2232 3912 S.
2294 3859 2551 3928 Ephrem.
2608 3859 2698 3928 lib.
2743 3857 2810 3911 de
2841 3857 3088 3912 Virtute:
3121 3857 3270 3911 Nihil
3317 3862 3487 3928 pejus,

1905 3932 2208 4000 graviusque
2253 3940 2347 3994 est,
2402 3946 2556 3999 quam
2608 3927 2706 3982 Dei
2757 3927 3061 3982 oblivionem
3109 3927 3323 3998 capere.
3351 3927 3485 3984 Con-

1907 4002 2050 4053 tinua
2078 4003 2212 4054 enim
2243 4001 2334 4054 Dei
2363 4000 2720 4054 recordatione
2760 4008 2932 4070 turpes
2977 4000 3167 4054 animle
3217 4001 3486 4069 passiones

1906 4071 2194 4136 recedunt,
2252 4073 2414 4125 instar
2464 4071 2834 4137 male/iceram,
2899 4070 3130 4124 l’rtetore
3181 4073 3489 4134 accedente;

1907 4143 2040 4194 unde
2067 4152 2115 4195 et
2146 4144 2394 4196 mundum
2426 4140 2652 4206 Spiritus
2674 4142 2837 4194 sancti
2866 4140 3218 4194 habitaculum
3251 4142 3486 4210 efﬁcitur.

1913 4211 2012 4265 Ubi
2038 4230 2152 4267 vero
2188 4215 2432 4266 memoria
2466 4213 2559 4266 Dei
2585 4212 2750 4272 abest,
2789 4211 2860 4264 ibi
2906 4212 3124 4265 tenebrat
3167 4227 3287 4282 cum
3331 4215 3492 4282 fetore

1907 4283 2260 4345 dominantur,
2281 4284 2546 4353 omnisque
2563 4299 2642 4336 res
2672 4283 2906 4346 improba
2936 4295 3197 4353 exercetur
3223 4281 3395 4350 (Tom.
3416 4283 3484 4348 II,

1907 4354 1970 4430 de
1997 4353 2124 4430 Virt.
2148 4371 2264 4430 cap.
2288 4355 2397 4430 10A).
2423 4353 2482 4408 S.
2515 4353 2744 4430 Basilius
2771 4353 2823 4430 i_u
2851 4353 3068 4430 Regulis
3094 4352 3204 4407 fus.
3234 4355 3439 4430 disput,
3470 4371 3485 4409 :

1914 4422 1982 4477 Ut
2011 4425 2152 4494 faber
2175 4422 2444 4494 ferrarius,
2490 4424 2627 4477 verbi
2651 4425 2842 4494 gratia,
2875 4422 3304 4492 quandocumque
3327 4422 3491 4479 idola-

1910 4495 2311 4562 bramaliquam,
2336 4494 2412 4548 vel
2434 4496 2625 4547 asciam
2644 4495 2808 4560 cudit,
2832 4495 2875 4546 si
2897 4495 3104 4547 assidue
3128 4496 3270 4547 illius
3297 4511 3496 4549 memor

1907 4566 1995 4627 sig
2027 4565 2168 4619 unde
2197 4567 2584 4618 instrumentum
2612 4563 2745 4617 illud
2767 4565 3060 4636 faciendum
3085 4581 3148 4617 ea:
3173 4577 3324 4636 pacto
3348 4582 3492 4620 acce-

1908 4637 2057 4706 perit,
2117 4645 2164 4688 et
2205 4638 2557 4706 prtescriptam
2586 4636 2680 4687 sibi
2711 4637 2772 4687 ab
2799 4634 2890 4687 illo
2921 4634 3243 4703 formamet
3294 4638 3490 4706 magni-

1911 4707 2136 4777 tudinem
2161 4707 2334 4758 aninto
2366 4715 2550 4767 versat,
2581 4715 2627 4758 et
2656 4707 2724 4758 ad
2743 4709 2851 4777 ejus
2881 4708 3220 4777 voluntatem,
3249 4709 3334 4772 qui
3363 4723 3488 4759 con-

1910 4776 2064 4848 dixit,
2093 4793 2218 4846 opus
2243 4777 2440 4848 dirigit,
2473 4777 2608 4844 quod
2630 4775 2798 4845 facit:
2821 4777 2896 4828 sic
2921 4775 3242 4830 Christianus
3266 4792 3483 4844 quoque,

1910 4847 1952 4916 si
1978 4848 2201 4900 actiones
2227 4847 2360 4900 suasi
2379 4864 2576 4910 omnes,
2608 4848 2712 4900 sive
2750 4849 2999 4916 majores,
3019 4851 3123 4901 sive
3150 4848 3390 4910 minores,
3421 4848 3490 4900 ad

1910 4914 2010 4970 Dei
2034 4918 2342 4971 voluntatem
2374 4919 2636 4980 direxerit,
2662 4918 2705 4972 is
2727 4914 2840 4972 sine
2855 4918 3193 4970 controversia
3224 4926 3269 4968 et
3292 4919 3493 4985 egregie

1911 5004 2039 5054 opus
2063 4988 2196 5040 illud
2221 4987 2445 5059 perﬁcit,
2495 4997 2542 5042 et
2587 4990 2741 5042 simul
2782 4990 3049 5042 assiduam
3076 4989 3214 5040 illius
3246 4989 3295 5039 in
3317 4987 3491 5040 animo

1910 5059 2005 5118 sibi
2035 5065 2332 5111 memoriam
2381 5072 2665 5125 conservat,
2696 5077 2728 5112 a
2756 5076 2854 5130 quo
2882 5061 2935 5112 id
2957 5064 3241 5130 jussus_est
3294 5060 3487 5126 facere,

1913 5143 2126 5198 vereque
2157 5131 2286 5182 illud
2314 5130 2482 5184 dicere
2505 5131 2726 5196 poterit:
2756 5127 3096 5182 Providebam
3123 5127 3405 5180 Dominum
3437 5131 3491 5180 in

1913 5197 2184 5265 conspectu
2209 5215 2318 5253 meo
2337 5216 2535 5266 semper
2557 5215 2576 5254 :
2597 5202 2838 5269 quoniam
2872 5217 2904 5252 a
2952 5199 3146 5252 dextris
3167 5207 3241 5250 est
3274 5197 3402 5269 mihi
3435 5215 3493 5251 ne

1913 5285 2250 5324 commoveor.
2283 5269 2418 5324 Item
2456 5268 2615 5324 Pauli
2639 5281 2892 5339 precepto
2930 5271 3011 5322 illi
3039 5270 3290 5336 satisfacit
3325 5284 3342 5321 :
3375 5268 3493 5323 Sive

1917 5341 2256 5410 manducatis,
2281 5343 2384 5394 sive
2397 5341 2841 5410 bibitis,sivequid
2855 5341 2999 5394 aliud
3015 5340 3206 5408 facitis,
3231 5341 3400 5392 omnia
3427 5339 3494 5392 ad

1915 5411 2132 5494 gloriam
2152 5409 2514 5536 .DeiJ'acitezll
2539 5415 2669 5494 Cor:
2699 5409 2776 5482 x).
2809 5412 2992 5464 Omnia
3017 5426 3132 5479 qua:
3157 5413 3376 5492 [iicimus
3401 5411 3495 5479 (ait

1919 5485 1980 5534 υ.
2008 5483 2235 5536 Basilius
2294 5501 2321 5536 e
2350 5498 2496 5536 Vltlls
2523 5498 2699 5536 carnis
2751 5480 3008 5536 tractans)
3042 5483 3193 5534 veluti
3228 5497 3282 5534 tn
3323 5483 3495 5536 tabula

1919 5485 1980 5534 υ.
2008 5483 2235 5537 Basilius
2255 5480 2321 5537 de
2350 5480 2496 5537 vitiis
2523 5485 2699 5537 carnis
2735 5480 3008 5551 tractans)
3037 5483 3194 5551 tteluti
3228 5482 3282 5534 in
3323 5483 3496 5536 tabula

1919 5555 2056 5622 picta
2085 5573 2174 5621 per
2202 5565 2370 5625 partes
2418 5570 2660 5624 expressa
2685 5550 2994 5625 cernentur.
3023 5550 3206 5625 quue
3242 5569 3300 5606 ea
3330 5554 3496 5625 solum

1917 5641 2034 5694 qua:
2061 5627 2112 5678 in
2137 5622 2266 5694 opus
2302 5622 2680 5696 proruperunt;
2709 5624 2796 5676 sed
2824 5623 2980 5677 etiam
3020 5638 3134 5691 aute
3161 5623 3272 5681 sine
3313 5622 3496 5693 e/[ectu

1919 5697 2087 5768 aperis
2109 5700 2162 5751 in
2191 5695 2361 5768 animi
2396 5697 2573 5768 tabula
2607 5695 2870 5766 inscripta:
2899 5696 3108 5768 [uerunt
3145 5704 3495 5768 cogitationes,

1918 5764 2040 5839 Lib.
2070 5771 2137 5828 de
2163 5784 2291 5826 vera
2323 5766 2568 5838 Virgiii‘tt.

1859 5922 1958 5943 ηἈ-ΓΝ
