3986 6320
656 311 750 372 DE
786 311 1269 374 C(ENOBIOBUM
1305 312 1552 370 INSTIT.
1594 311 1724 368 LIB.
1765 311 1883 369 VII.
1909 342 1978 354 —-
2005 313 2095 368 bis
2135 311 2402 370 SPlRlTU
2442 313 2957 374 PHILARGYRIIE.

3339 321 3450 384 εθι

183 430 496 489 inviscerata
519 427 703 494 carni,
747 427 960 498 ipsique
989 427 1380 496 propemodum
1409 441 1593 482 comva
1625 425 1759 478 nati-
1787 426 1842 488 Α
1866 426 2260 494 reparationem
2289 427 2492 484 sobolis
2516 439 2568 484 et
2597 431 2932 498 posteritatis
2957 433 3302 504 prepaginem
3331 451 3450 494 sus—
3493 469 3516 480 ~-

183 525 324 582 vitati
361 520 762 578 discretionem
806 519 935 575 boni
979 520 1214 590 malique
1261 521 1600 590 praeveniunt
1648 535 1661 571 :
1707 525 1762 571 et

187 619 298 674 licet
311 617 486 687 prima
517 617 796 688 arripiant
826 617 1122 684 hominem,
1152 616 1315 686 longo
1346 623 1526 670 tamen
1573 611 1762 668 labore

189 711 484 765 vincuntur.

799 799 1032 858 CAPUT
1068 801 1134 858 Il.

350 887 501 962 Quod
527 894 853 964 perniciosus
883 894 950 946 sit
979 893 1184 946 morbus
1223 890 1581 964 pltilargyriaz.

251 987 344 1044 llic
367 1001 502 1042 vero
533 987 758 1041 morbus
800 985 1068 1056 posterius
1109 985 1504 1056 superveniens
1527 1023 1542 1048 ,
1582 989 1638 1036 et
1666 994 1762 1035 ex-

191 1079 444 1136 trinsecus
465 1077 735 1133 accedens
759 1077 976 1144 animm,
1002 1087 1207 1147 quanto
1234 1075 1448 1131 facilius
1467 1073 1646 1128 caveri
1671 1088 1764 1142 po-

193 1177 313 1236 test,
337 1183 398 1224 ac
423 1169 640 1238 respui,
673 1177 828 1222 tanto
853 1167 1133 1236 neglectus
1155 1177 1208 1222 et
1231 1165 1574 1222 intromissus
1595 1162 1762 1218 semel

193 1263 360 1325 cordi,
391 1261 452 1316 fit
477 1261 846 1332 perniciosior
873 1261 1116 1328 cunctis,
1141 1259 1528 1330 dilfieilittsque
1551 1257 1765 1328 propel-

195 1357 324 1411 litur.
352 1353 620 1410 Malorum
643 1369 880 1424 namque
903 1353 1144 1408 omnium
1167 1353 1404 1410 efficitur
1427 1351 1602 1418 radix,
1629 1352 1765 1406 mul-

195 1451 388 1522 tiplices
411 1447 754 1506 fructificans
783 1447 998 1508 fomites
1025 1449 1301 1504 vitiorum.

789 1601 1020 1660 CAPUT
1059 1601 1150 1658 Ill.

327 1699 458 1766 Qui:
495 1697 643 1753 nobis
681 1698 736 1751 in
762 1697 896 1752 vitiis
937 1696 1256 1752 naturalibus
1293 1697 1358 1750 sit
1399 1697 1618 1752 utilitas.

255 1821 278 1848 ι
304 1809 372 1870 Ut
401 1822 528 1882 puta
551 1811 735 1868 carnis
759 1811 1033 1883 simplices
1059 1819 1238 1867 motus
1258 1855 1273 1880 ,
1303 1827 1483 1868 nonne
1515 1811 1762 1867 videmus
1793 1825 1841 1886 Β
1865 1823 2100 1878 stabilem
2153 1833 2394 1894 ομρηιιιιν

191 1919 286 1957 non
311 1903 489 1958 solum
531 1903 587 1958 in
629 1902 852 1976 pueris,
895 1903 948 1958 in
993 1905 1189 1974 quibus
1229 1903 1404 1960 adhuc
1447 1905 1760 1958 innocentia

189 1997 306 2054 boni
325 2038 342 2063 ,
371 1997 616 2068 malique
643 1997 906 2068 praevenit
931 1997 1314 2054 discretionem
1333 2041 1348 2064 ,
1381 2013 1566 2053 verum
1596 1999 1760 2054 etiam

189 2093 234 2146 itt
261 2091 538 2162 parvulis,
583 2095 746 2158 atque
775 2091 1134 2146 lactentibus?
1166 2091 1268 2158 Qui
1298 2107 1422 2146 cum
1457 2107 1522 2148 ne
1551 2093 1761 2148 initium

188 2183 388 2253 quidem
417 2183 584 2238 ullius
613 2182 852 2238 libidinis
881 2184 932 2238 in
965 2183 1266 2254 semetipsis
1289 2183 1552 2249 habeant,
1585 2193 1764 2240 motus

187 2277 354 2332 carnis
393 2275 629 2332 naturali
668 2277 1017 2332 incitamento
1063 2276 1168 2332 sibi
1219 2275 1405 2332 inesse
1459 2276 1762 2346 designant.
1805 2333 1810 2338 ,

187 2366 210 2405 δ
235 2370 328 2425 Ira:
358 2383 580 2440 quoque
609 2367 829 2434 aculeos
856 2375 1038 2424 truces
1068 2383 1250 2424 nonne
1277 2367 1531 2424 similiter
1561 2369 1614 2424 itt
1644 2383 1766 2438 par-

191 2463 319 2517 vulis
357 2463 472 2532 jam
504 2463 688 2532 vigere
717 2461 1116 2530 conSpicimus,
1150 2469 1208 2516 et
1234 2471 1524 2530 antequam
1559 2460 1768 2530 patien-

191 2556 268 2610 tia:
304 2557 566 2610 virtutem
599 2564 919 2626 agnoscant,
954 2555 1167 2626 injuriis
1194 2570 1288 2610 cos
1317 2557 1590 2610 cernimus
1619 2569 1770 2612 com-

191 2649 418 2713 moveri;
451 2655 510 2702 et
537 2647 832 2702 verborum
861 2647 1064 2702 sentire
1092 2648 1260 2702 etiam
1285 2663 1380 2716 per
1397 2647 1580 2718 jocttm
1601 2689 1615 2716 ,
1641 2663 1770 2702 con-

197 2741 434 2796 tumelias
479 2739 794 2810 irrogatas?
845 2754 907 2795 ac
957 2753 1365 2810 nonnumquam
1414 2755 1534 2794 cum
1590 2739 1772 2796 desint

195 2835 358 2900 vires,
391 2835 642 2888 voluntas
679 2842 862 2888 tamen
899 2834 1154 2902 ultionis,
1187 2834 1265 2888 ira
1307 2833 1630 2904 instigante,
1665 2847 1770 2890 non

199 2925 360 2982 deest.
399 2923 512 2980 Nec
551 2927 657 2980 hoc
687 2925 834 2990 dico,
864 2939 972 2995 quo
999 2939 1188 2981 vocem
1222 2933 1468 2980 naturam
1501 2927 1776 2981 conditio-

200 3017 276 3071 nis
303 3019 356 3072 in
377 3017 616 3087 culpam,
648 3015 746 3073 sed
777 3031 884 3088 quo
915 3031 1154 3074 asseram
1183 3025 1376 3074 motus
1389 3019 1509 3084 hos,
1538 3019 1628 3090 qui
1652 3033 1776 3090 pro-

204 3112 379 3166 cedunt
413 3127 479 3168 ex
521 3111 712 3178 nobis,
757 3111 1020 3181 quosdam
1064 3111 1282 3182 quidem
1325 3112 1574 3168 utilitatis
1613 3126 1776 3168 causa

1861 517 2166 584 citandam,
2209 519 2415 576 utiliter
2455 531 2582 576 sunt
2619 523 2834 593 corpori
2875 535 3064 580 nostro
3103 529 3450 598 providentia
3523 517 3544 530 θ’

1862 614 2127 668 creatoris
2185 614 2422 670 inserti:
2473 633 2582 672 non
2633 619 2699 674 ad
2747 623 3102 690 perpetranda
3137 633 3448 695 stuprorum

1863 702 2100 774 ﬂagitia,
2129 713 2184 762 et
2223 705 2510 776 adulteria,
2566 725 2686 780 quae
2745 711 2882 782 legis
2923 713 3084 772 etiam
3133 719 3452 776 auctoritate

1863 797 2212 854 damnantur.
2250 810 2272 838 ο
2305 800 2406 856 ira:
2433 801 2593 856 etiam
2623 805 2839 862 aculeos
2865 820 3046 864 nonne
3083 809 3444 870 saluberrime

1863 890 2020 945 nobis
2067 891 2422 962 intelligimus
2465 897 2782 966 attributes,
2842 909 2900 954 ut
2951 901 3153 958 nostris
3193 903 3338 958 vitiis
3391 915 3448 964 et

1865 983 2140 1041 erroribus
2187 987 2518 1056 irascentes,
2569 990 2854 1048 virtutibus
2901 997 3078 1064 potius
3123 1011 3188 1052 ac
3235 999 3456 1064 Spirita-

1867 1075 2006 1132 libus
2043 1077 2235 1133 studiis
2277 1093 2626 1150 occupemur,
2669 1101 2886 1142 onmem
2929 1087 3250 1146 charita'em
3295 1091 3444 1161 Deo,

1866 1177 1922 1224 et
1951 1169 2264 1240 patientiam
2295 1173 2494 1228 nostris
2521 1174 2776 1232 fratribus
2803 1177 3166 1238 exhibentes?
3196 1182 3454 1238 Tristitia:

1865 1277 2080 1332 quoque
2111 1263 2314 1318 utilitas
2343 1275 2543 1336 quanta
2573 1267 2646 1322 sit
2687 1269 2966 1336 novimus;
3001 1287 3120 1342 qua:
3161 1273 3301 1330 inter
3339 1257 3454 1330 ca:-

1868 1363 1982 1409 tera
2011 1354 2135 1408 vitia
2167 1370 2290 1410 cum
2323 1357 2374 1410 itt
2407 1359 2738 1414 contrarium
2785 1359 3032 1416 allectum
3077 1373 3160 1418 est
3203 1372 3406 1422 mutata
3430 1407 3448 1434 ,

1865 1459 2306 1504 connumeratur.
2347 1449 2442 1506 Est
2472 1453 2614 1508 enim
2655 1463 2710 1507 et
2741 1455 3034 1510 secundum
3069 1459 3162 1512 Dei
3195 1458 3446 1518 timorem

1867 1545 2304 1613 pernecessaria,
2329 1553 2384 1598 et
2411 1546 2704 1622 secundum
2731 1548 2982 1602 sceculum
3013 1549 3300 1606 admodum
3331 1567 3456 1622 per-

1869 1635 2076 1690 niciosa
2101 1677 2117 1702 ,
2163 1645 2220 1690 ut
2259 1637 2422 1690 docet
2456 1637 2748 1706 Apostolus
2775 1639 3000 1694 dicens:
3033 1640 3162 1706 Qua:
3202 1645 3338 1696 enim
3377 1660 3457 1700 se-

1869 1729 2096 1782 cundum
2137 1727 2304 1782 Deum
2345 1739 2417 1784 est
2458 1731 2662 1784 tristitia
2687 1773 2700 1796 ,
2732 1735 3079 1802 parnitentiam
3123 1736 3192 1788 ad
3231 1738 3455 1794 salutent

2434 1841 2452 1878 :
2505 1825 2680 1878 saeculi
2743 1835 2916 1880 autem
2969 1829 3183 1882 tristitia
3241 1839 3456 1886 mortem

1865 1925 2109 1988 operatur
2143 1915 2160 1986 (
2183 1915 2226 1971 ll
2253 1915 2372 1970 Cor.
2395 1915 2529 1986 vn).

2479 2010 2706 2066 CAPUT
2749 2013 2839 2068 lV.

2047 2101 2196 2168 Quod
2225 2102 2388 2174 inesse
2416 2101 2560 2154 nobis
2591 2105 2826 2174 qna'dam
2855 2105 3120 2160 naturalia
3151 2107 3278 2162 vitia

2207 2173 2316 2224 sine
2347 2173 2854 2228 creatorisdicamus
2881 2178 3096 2248 injuria.

1938 2279 1966 2320 ἀ
2003 2281 2119 2338 Νοιι
2164 2297 2293 2353 ergo
2339 2285 2387 2338 si
2432 2283 2733 2340 dixerimus
2781 2287 2879 2340 hos
2925 2299 3100 2344 motus
3139 2305 3169 2344 a
3201 2289 3462 2350 Creatorc

1869 2377 2102 2432 insertos
2164 2377 2352 2442 nobis,
2399 2391 2466 2432 ex
2507 2391 2570 2432 eo
2617 2378 2897 2448 culpabilis
2941 2380 3029 2436 ille
3077 2381 3370 2448 videbitur,
3414 2381 3464 2438 si

1871 2471 2116 2540 nequiter
2147 2470 2230 2524 his
2260 2471 2414 2524 abusi
2447 2471 2800 2525 ntalueritnus
2831 2486 2925 2526 eos
2965 2472 3032 2526 ad
3073 2465 3259 2528 noxia'
3281 2475 3459 2543 potius

1873 2563 2176 2618 ministeria
2219 2563 2547 2634 detorquere
2569 2605 2583 2630 ,
2613 2571 2667 2618 et
2696 2563 2925 2618 velimus
2965 2579 3062 2632 pro
3107 2566 3455 2622 infructuosis

1872 2663 1930 2710 et
1959 2653 2314 2708 saecularibus
2347 2653 2514 2708 lucris
2537 2695 2550 2720 ,
2581 2669 2688 2707 non
2721 2669 2816 2722 pro
2853 2655 3072 2709 salutari
3103 2657 3457 2726 paenitentia,

1874 2751 1929 2800 et
1973 2743 2226 2798 vitiorum
2270 2745 2609 2800 correctione
2659 2745 2900 2799 tristari:
2949 2747 3033 2802 vel
3071 2755 3220 2802 certe
3264 2749 3309 2802 si
3353 2763 3462 2804 non

1875 2839 2282 2906 nobismetipsis
2325 2839 2550 2904 utiliter,
2593 2837 2690 2894 sed
2735 2847 2922 2894 contra
2967 2839 3312 2896 interdictum
3357 2841 3466 2898 Do-

1877 2929 2006 2984 mini
2060 2929 2260 2984 nostris
2311 2929 2572 2984 fratribus
2613 2930 2930 2984 irascantur.
2981 2930 3114 2986 Nam
3161 2933 3206 2987 si
3257 2932 3465 2991 ferrum

1876 3019 1998 3090 quis
2029 3019 2096 3074 ad
2129 3019 2492 3076 necessarium
2521 3030 2576 3076 et
2609 3021 2740 3078 utile
2781 3021 3141 3078 ministerium
3179 3025 3464 3083 contribuq

1880 3121 1992 3168 tum
2013 3157 2028 3182 ,
2061 3111 2128 3167 ad
2157 3127 2342 3168 necem
2375 3113 2609 3168 voluerit
2639 3111 2928 3170 insontium
2963 3123 3314 3186 retorquere,
3349 3131 3462 3176 non

205 3203 342 3258 nobis
369 3204 640 3269 insertos.
675 3205 940 3274 quosdam
971 3217 1102 3260 vero
1143 3204 1484 3275 negligentim
1509 3205 1675 3272 vitio,
1707 3219 1769 3261 ac
1793 3208 1840 3272 α
1873 3220 1940 3261 ex
1969 3205 2070 3261 hoc
2097 3203 2378 3260 infamabit
2407 3205 2648 3260 materiae
2677 3205 3016 3261 conditorem
3037 3245 3054 3272 ,
3093 3208 3140 3262 si
3181 3209 3324 3278 quod
3365 3208 3460 3268 ille

207 3294 342 3348 male
375 3293 674 3350 voluntatis
712 3295 942 3350 arbitrio
981 3295 1322 3352 extrinsecus
1360 3279 1764 3354 intro'dtteii'ili

211 3399 446 3458 namque,
499 3403 637 3460 quos
677 3401 837 3460 supra
879 3387 1148 3456 diximus,
1191 3401 1370 3445 motus
1409 3391 1658 3448 carnales
1695 3391 1768 3448 ob

1872 3299 1940 3354 ad
1963 3313 2115 3355 usum
2147 3299 2284 3354 bene
2311 3297 2526 3354 vivendi
2552 3307 2756 3368 aptum,
2777 3315 2839 3354 ac
2861 3301 3226 3357 necessarium
3253 3303 3464 3374 praesti-

1869 3393 1968 3459 tit,
2001 3391 2100 3446 iste
2131 3391 2229 3446 hoc
2259 3405 2386 3446 usus
2411 3399 2492 3446 est
2517 3389 2583 3446 ad
2611 3389 2932 3446 nocendum.

1249 3527 1508 3584 ALARDI
1547 3527 1780 3588 GAZ/EI
1814 3529 2387 3588 COMMENTARIUS.

271 3632 294 3661 ι
319 3621 392 3680 Ita
415 3623 662 3694 plerique
691 3632 798 3680 tam
829 3639 959 3682 mss.
987 3639 1148 3695 quam
1175 3625 1357 3680 excusi
1383 3625 1452 3680 ab
1479 3625 1564 3680 his
1591 3626 1774 3682 verbis

211 3707 351 3764 caput
373 3695 476 3752 hoc
502 3697 728 3752 tertium
753 3697 856 3752 sub
875 3697 1160 3765 prtetnisso
1183 3697 1336 3752 titulo
1359 3696 1632 3750 inchoant.
1653 3695 1776 3751 Cia-

113 3835 118 3838 _
210 3767 380 3838 conius
405 3776 590 3824 tamen
613 3807 628 3828 .
659 3768 844 3822 nescio
871 3782 938 3822 an
967 3781 1034 3822 ex
1067 3765 1336 3838 Vaticanis
1361 3767 1675 3838 codicibus,
1704 3767 1774 3822 ab

211 3835 302 3891 illis
319 3838 536 3892 demunt
557 3839 740 3894 verbis
766 3839 1074 3908 auspicatur
1100 3855 1114 3894 :
1141 3837 1256 3892 Nec
1275 3837 1372 3892 hoc
1393 3837 1531 3902 dico,
1553 3855 1652 3908 quo
1681 3855 1772 3892 υο-

209 3923 302 3962 cent
329 3918 572 3966 naturam
597 3951 614 3974 ,
645 3917 758 3966 etc.
791 3907 984 3979 Utputa
1009 3949 1024 3974 ,
1053 3909 1287 3978 positum
1319 3909 1407 3964 hic
1447 3907 1579 3977 pro,
1611 3909 1774 3965 Verbi

208 3980 380 4048 gratia.
427 3979 676 4048 Explicat
718 3981 864 4034 enim
908 3979 1050 4050 quod
1087 3981 1338 4050 superius
1379 3979 1624 4047 dixerat,
1667 3981 1776 4034 alia

207 4051 316 4122 ritis
341 4051 474 4104 velut
505 4051 736 4120 ingenita
765 4050 818 4103 in
855 4051 1000 4104 nobis
1030 4050 1216 4104 habere
1245 4052 1502 4122 principia
1523 4093 1538 4118 ,
1567 4061 1614 4105 et
1641 4067 1774 4122 quo-

208 4121 468 4176 dammodo
493 4123 801 4175 inniscerata
825 4122 968 4176 carni
987 4163 1002 4187 ,
1032 4129 1138 4176 elc.

267 4191 292 4229 δ
319 4193 396 4248 Ita
423 4191 490 4248 Ι).
521 4193 852 4260 Augustinus
882 4191 976 4248 lib.
997 4207 1012 4246 ι
1035 4191 1338 4248 Confessio.
1369 4207 1491 4260 cap.
1521 4193 1588 4247 7:
1617 4192 1774 4258 Vidi,

208 4263 397 4329 inquit,
436 4273 488 4318 et
529 4274 779 4334 expertus
811 4279 922 4316 sum
957 4263 1208 4334 celantem
1247 4279 1508 4334 puerum:
1549 4265 1776 4318 nondum

205 4335 514 4400 loquebatur,
547 4343 596 4388 et
621 4333 914 4405 intuebatur
937 4333 1167 4405 pallidus
1207 4333 1382 4388 amaro
1423 4345 1632 4402 aspectu
1667 4335 1778 4389 col-

206 4405 486 4458 lactanettm
509 4421 682 4458 suum.
709 4401 980 4460 Caeterum
1007 4413 1185 4460 motus
1209 4405 1294 4459 isti
1327 4401 1602 4460 naturales
1620 4449 1634 4470 ,
1668 4415 1775 4460 tam

209 4475 296 4530 ira:
324 4490 484 4545 quam
509 4475 774 4541 libidinis,
798 4491 903 4530 non
925 4483 1054 4529 sunt
1077 4477 1290 4544 proprfe
1311 4475 1458 4540 vitia,
1481 4491 1604 4530 eum
1627 4477 1776 4530 omni

205 4546 350 4614 culpa
378 4557 631 4610 careant,
663 4547 708 4600 si
739 4547 849 4600 sint
869 4546 1294 4616 absquejudicio
1321 4548 1546 4600 rationis
1571 4557 1624 4601 et
1646 4563 1778 4601 eon-

205 4631 360 4672 sensu
399 4617 730 4682 voluntatis,
759 4617 896 4671 utin
929 4618 1198 4684 parvulis,
1243 4625 1298 4672 et
1339 4618 1771 4672 dormientibus:

204 4688 362 4742 multo
395 4690 566 4754 magis
595 4688 646 4742 in
677 4687 1037 4742 renitentibus
1066 4697 1120 4742 et
1149 4689 1528 4744 resistentibus
1549 4729 1561 4752 ,
1593 4699 1652 4742 ut
1681 4688 1776 4742 do-

205 4769 286 4882 lce‘t.
307 4759 452 4884 ideém
477 4759 817 4884 Augustinus
837 4758 932 4812 lib.
961 4773 978 4812 ι
1003 4759 1071 4813 de
1095 4758 1211 4814 Civ.
1239 4774 1360 4830 cap.
1383 4759 1472 4814 25.
1499 4759 1633 4815 Vide
1656 4759 1778 4813 Col-

221 4843 248 4880 a
277 4845 340 4884 to.
377 4863 392 4878 .
419 4869 431 4884 .
463 4844 516 4884 c.
583 4869 595 4883 .

221 4829 340 4884 alio.
377 4829 431 4890 5.
463 4844 516 4884 c.
541 4831 595 4884 4.

271 4911 292 4936 ε
321 4899 786 4968 Scite_Nemesius
825 4899 917 4954 lib.
949 4899 1016 4954 de
1055 4900 1256 4954 Natura
1288 4899 1522 4954 hominis
1553 4915 1674 4968 cap.
1705 4899 1766 4956 21

209 4967 336 5024 dixit
365 4989 377 5022 :
413 4967 562 5023 Iram
603 4985 710 5024 esse
750 4970 1050 5024 satellitium
1087 4973 1322 5025 rationis.
1355 4973 1421 5025 Et
1453 4972 1514 5024 D.
1547 4967 1774 5026 Basilius

209 5039 256 5093 in
299 5040 518 5096 humilia
561 5041 630 5094 de
675 5040 794 5102 Ira,
841 5041 974 5096 Iram
1021 5043 1224 5097 homini
1254 5058 1280 5094 a
1315 5043 1424 5096 Deo
1453 5042 1630 5095 datam
1656 5087 1670 5108 ,
1715 5051 1774 5098 ut

209 5109 486 5178 imperanti
533 5111 730 5166 rationi
753 5121 1066 5182 ,itamquatn
1119 5115 1272 5168 miles
1321 5121 1558 5182 armatus
1607 5113 1771 5177 duci,

209 5183 416 5236 obediat
455 5193 510 5238 et
548 5186 620 5238 sit
661 5181 880 5253 quidam
919 5181 1118 5238 nervus
1163 5183 1365 5248 animi,
1401 5181 1772 5239 fortitudinem

211 5257 670 5323 constantiamque
731 5253 799 5308 ad
842 5269 930 5308 res
975 5253 1112 5310 bene
1175 5264 1230 5310 et
1277 5253 1465 5308 ordine
1511 5257 1772 5323 gerendas

211 5324 448 5396 praebens
475 5343 487 5378 :
523 5321 590 5378 Et
631 5325 858 5396 animam
878 5366 890 5388 ,
925 5325 1134 5392 inquit,
1165 5327 1424 5396 uoluptate
1462 5321 1733 5378 delinitam
1757 5368 1772 5392 ,

209 5409 264 5446 ac
291 5393 636 5450 lascivientem
655 5435 670 5460 ,
703 5395 858 5448 ueluti
883 5396 1019 5464 ferro
1045 5399 1266 5464 quodam
1286 5393 1540 5450 'coltibens
1563 5438 1576 5462 ,
1606 5407 1777 5450 auste-

209 5465 415 5538 rior-em,
447 5467 816 5538 fortioremque
836 5481 899 5519 ea:
923 5467 1068 5538 molli
1085 5509 1098 5529 ,
1123 5485 1182 5521 ac
1202 5468 1416 5521 remissa
1443 5469 1632 5520 reddit.
1665 5466 1778 5519 Nec

207 5537 338 5589 enim
359 5539 404 5590 si
433 5537 611 5594 contra
639 5537 964 5607 iniquitatem
993 5537 1122 5591 desit
1151 5540 1456 5608 indignatio,
1491 5549 1536 5592 et
1563 5540 1661 5600 ira,
1693 5553 1778 5592 sa-

211 5611 554 5684 tiseamodio
577 5653 592 5672 ,
623 5625 727 5684 quo
753 5609 1182 5684 decet,_persequi
1220 5611 1424 5680 poterit.
1469 5609 1778 5684 Lactantius

207 5676 378 5745 itidem
407 5681 461 5738 in
493 5676 642 5738 libro
679 5679 750 5734 de
801 5679 880 5732 Ira
920 5680 1012 5734 Dei
1043 5699 1054 5732 :
1085 5676 1233 5736 Sicut
1273 5697 1456 5745 corpus
1497 5680 1780 5733 humanum

257 5765 338 5804 eus
361 5753 542 5810 multis
567 5761 622 5807 et
647 5749 812 5805 uariis
831 5753 1062 5806 sensibus
1081 5753 1150 5804 ad
1171 5767 1322 5805 usum
1344 5752 1462 5810 vita:
1485 5752 1782 5807 necessariis

205 5818 435 5882 instruxit
451 5841 473 5884 .'
498 5825 578 5882 sic
603 5831 654 5879 et
685 5821 860 5878 animo
881 5824 1051 5879 variat
1069 5823 1302 5878 attribuit
1329 5819 1568 5892 aﬁ'ectus,
1598 5823 1782 5894 quibus

1879 3627 1995 3679 vim:
2021 3625 2155 3676 ratio
2183 3631 2438 3696 constaret
2461 3639 2481 3690 ;
2509 3633 2564 3676 ut
2607 3623 2866 3678 libidinem
2902 3627 3249 3696 producenda:
3275 3627 3468 3692 sobolis

1878 3697 2050 3766 gratia
2087 3695 2230 3766 dedit
2269 3711 2286 3748 :
2327 3695 2403 3748 sic
2443 3696 2578 3746 iram
2616 3695 3016 3766 cohibendorum
3054 3715 3208 3752 causa
3249 3701 3466 3756 delicto-

1877 3765 2013 3820 rum.
2054 3765 2243 3818 Verum
2287 3765 2354 3826 ii,
2395 3766 2482 3834 qui
2527 3767 2763 3818 nesciunt
2799 3767 2928 3831 ﬁnes
2969 3765 3218 3822 bonorum
3255 3788 3314 3824 ac
3351 3789 3465 3828 ma-

1879 3839 2064 3900 lorum,
2097 3838 2232 3890 sicut
2273 3835 2484 3889 libidine
2521 3843 2736 3888 utuntur
2766 3837 2834 3889 ad
2861 3840 3183 3905 corruptelas
3203 3851 3248 3895 et
3279 3843 3350 3896 ad
3377 3859 3466 3897 voc

1879 3909 2104 3976 luptates
2130 3923 2148 3970 ;
2179 3907 2252 3959 sic
2281 3907 2410 3958 iram
2443 3914 2488 3960 et
2513 3907 2760 3972 affectum
2789 3909 2858 3960 ad
2887 3911 3180 3964 nocendum
3200 3953 3214 3976 ,
3247 3913 3370 3966 dum
3399 3915 3464 3970 iis

1877 3996 2004 4046 quos
2031 3979 2150 4032 odio
2179 3977 2364 4048 habent
2385 4018 2400 4042 ,
2428 3977 2750 4048 irascuntur,
2797 3987 2885 4032 aut
2917 3981 3128 4048 paribus
3147 4021 3162 4046 ,
3195 3995 3285 4038 aut
3312 3986 3465 4042 etiam

1877 4049 2222 4120 superioribus
2251 4047 2430 4116 (Lact.
2459 4047 2520 4100 de
2547 4047 2640 4102 Ira
2671 4048 2768 4102 Dei
2795 4047 3068 4119 capriti).

1949 4122 1976 4158 ά
2011 4121 2072 4174 D.
2106 4119 2334 4174 Basilius
2367 4120 2486 4172 loco
2521 4129 2646 4174 ante
2673 4121 2873 4183 citato,
2910 4121 2997 4176 ttbi
3045 4133 3164 4189 post
3197 4125 3364 4180 multa
3395 4125 3465 4184 de

1877 4191 1978 4246 Ira:
2007 4191 2148 4244 bono
2181 4205 2276 4244 usu
2319 4200 2372 4244 et
2415 4189 2646 4245 utilitate
2671 4233 2684 4255 ,
2719 4191 2992 4246 concludit
3023 4209 3036 4244 :
3081 4194 3172 4248 Sic
3202 4197 3374 4262 itaque
3401 4213 3464 4252 ea:

1879 4263 1958 4316 ira
1987 4263 2110 4316 viris
2137 4262 2280 4314 bonis
2313 4261 2512 4314 utilitas
2545 4263 2764 4328 capitur.
2811 4261 2915 4316 Sed
2947 4273 2992 4315 et
3029 4263 3252 4318 aliarum
3285 4261 3464 4332 poten-

1879 4335 2072 4407 tiorum
2119 4331 2354 4407 qualibet
2381 4349 2446 4407 ea:
2475 4335 2626 4407 modo
2656 4335 2938 4407 adulantis
2967 4341 3015 4386 et
3043 4349 3154 4388 eam
3183 4331 3462 4407 posSiden-

1881 4405 1972 4470 tis,
2007 4401 2139 4458 bona
2171 4401 2248 4477 rel
2275 4403 2422 4477 mala
2449 4404 2644 4477 dicetur
2667 4401 2783 4477 :_Ut
2809 4405 2997 4458 animat
3051 4401 3465 4477 concupiscibilis

1881 4483 2026 4544 parte
2057 4477 2096 4527 si
2128 4475 2240 4548 quis
2269 4474 2319 4526 in
2362 4474 2590 4548 corporis
2611 4473 2972 4548 _vol_up_latem,
3003 4485 3052 4528 et
3081 4473 3466 4548 impurissimas

1879 4543 2102 4620 actiones
2121 4543 2406 4620 Aabutetur,
2449 4543 3102 4620 abominati-ilia__profecto_,
3147 4543 3194 4600 et
3239 4551 3468 4620 nefarius

1865 4617 2087 4686 .fnerita
2113 4614 2170 4670 Si
2218 4617 2332 4686 quis
2373 4630 2491 4686 vero
2531 4615 2676 4666 illant
2715 4616 2770 4668 in
2803 4612 2905 4668 Dei
2947 4612 3010 4668 ac
3053 4618 3262 4672 Domini
3301 4612 3466 4674 nattri

1877 4683 2006 4741 Jesu
2051 4683 2242 4740 Christi
2283 4685 2586 4738 cltaritatem
2627 4694 2675 4738 et
2725 4687 3156 4753 sempiternorum
3211 4691 3463 4744 bonorum

1879 4757 2190 4810 desiderium
2241 4763 2531 4818 convertet,
2581 4755 2710 4824 felix
2749 4771 2810 4808 ac
2852 4757 3051 4812 beatus.
3084 4760 3462 4824 Quamobrem,

1881 4833 2065 4898 fratres
2095 4827 2412 4880 dilectissimi
2437 4867 2452 4890 ,
2486 4826 2680 4898 nolite,
2713 4827 2942 4898 obsecro,
2971 4845 3028 4880 ea
3057 4846 3175 4898 qua,
3199 4847 3230 4883 a
3259 4847 3462 4884 summo

1881 4897 1988 4953 Deo
2023 4905 2070 4952 et
2099 4899 2326 4951 omnium
2351 4907 2562 4950 auctore
2587 4897 2655 4950 ad
2685 4897 2907 4951 salutent
2930 4897 3170 4954 concessa
3194 4911 3312 4953 sunt
3333 4941 3347 4961 ,
3381 4919 3465 4954 oc-

1878 4973 2138 5024 casionem
2169 4979 2494 5037 peccatorum
2521 4967 2658 5020 vobis
2687 4969 2815 5034 ipsis
2845 4973 3033 5038 facere.
3065 4971 3156 5024 Sic
3185 4972 3354 5040 itaque
3381 4972 3464 5024 ira

1877 5041 2084 5110 quando
2116 5047 2346 5110 oportet,
2377 5049 2424 5093 et
2453 5047 2734 5110 utoportet
2753 5079 2768 5106 ,
2807 5055 2872 5092 ea:
2897 5041 3092 5094 ratione
3123 5041 3457 5109 dispensata,

1879 5109 2263 5182 fortitudinem,
2311 5109 2742 5181 patientiamque,
2786 5126 2851 5162 ac
2895 5113 3234 5165 constantiam
3279 5114 3462 5182 parit;

1877 5191 2062 5252 printer
2083 5197 2200 5252 vero
2221 5193 2412 5234 rectam
2433 5183 2684 5234 rationem
2727 5191 2978 5247 tractata,
3013 5185 3160 5250 furor
3172 5191 3228 5252 _et
3257 5183 3468 5238 insania

1880 5249 2125 5322 efﬁcitur.
2173 5249 2380 5306 Idcirco
2437 5269 2530 5305 nos
2579 5253 2808 5322 psalmus
2846 5249 3124 5322 admonet:
3159 5249 3467 5308 Irascimini

1881 5321 2116 5378 etrtolite
2149 5339 2384 5392 peccare.
2429 5321 2696 5377 Similiter
2737 5321 2973 5376 Isidorus
3001 5321 3308 5378 Pelusiotes
3337 5340 3350 5376 :
3387 5322 3466 5378 Ob

1884 5409 1995 5448 eam
2017 5435 2030 5456 ,
2064 5395 2240 5464 inquit
2261 5435 2274 5456 ,
2307 5409 2518 5449 causam
2549 5393 2693 5446 nobis
2719 5395 2797 5446 ira
2823 5393 2980 5446 insita
3017 5401 3088 5446 est
3112 5435 3124 5452 .
3158 5409 3262 5447 non
3289 5403 3344 5447 ut
3373 5412 3468 5450 nos

1883 5481 2080 5535 quoque
2109 5482 2400 5532 peccemus,
2443 5479 2616 5518 verum
2651 5473 2704 5516 ut
2745 5473 3010 5535 peccantes
3053 5465 3420 5532 prohibeamus
3445 5482 3466 5522 :

1885 5533 1974 5589 nec
1997 5533 2058 5588 but
2089 5553 2149 5590 ea
2173 5537 2414 5590 turbidus
2439 5545 2633 5597 motus,
2659 5549 2720 5585 ac
2745 5533 2954 5586 morbus
2977 5535 3041 5586 sit
3067 5551 3084 5587 :
3111 5551 3286 5588 verum
3313 5547 3367 5590 ut
3394 5539 3468 5592 ui-

1885 5608 2134 5660 tiosarum
2181 5608 2514 5676 alfectionum
2554 5605 2825 5658 medicina.
2873 5601 2985 5656 Nos
3026 5617 3200 5660 autem
3239 5611 3468 5662 medica-

1887 5687 2110 5732 mentum
2139 5681 2192 5732 in
2222 5695 2468 5733 venenum
2497 5686 2893 5736 commutamus.
2919 5677 3040 5728 dum
3065 5693 3122 5729 eo
3150 5677 3215 5731 ad
3241 5695 3304 5732 ea
3321 5720 3332 5740 ,
3357 5693 3471 5740 qua

1887 5765 1990 5803 non
2016 5752 2230 5824 decent,
2259 5751 2520 5824 abutimur
2552 5748 2568 5814 (
2590 5743 2788 5824 lsidor.
2819 5745 3106 5824 ερίει-ᾼὸξ)
3130 5749 3173 5820 ).
3207 5745 3340 5805 Vide
3367 5743 3470 5810 Las

1889 5823 2152 5878 ctantium
2181 5816 2275 5878 lib.
2305 5837 2356 5876 vt
2385 5819 2551 5874 divin.
2589 5816 2762 5870 lnstit.
2789 5829 2912 5886 cap.
2947 5816 3030 5876 19.
