3986 6320
482 285 592 348 295

1112 396 1339 455 CAPUT
1377 395 1444 452 V.

485 492 564 550 De
603 494 738 548 vitiis
781 507 898 564 qua:
937 500 1084 547 extra
1133 487 1426 564 naturalem
1485 496 1678 542 motum
1726 494 1906 542 nostra
1947 486 2069 540 vitio

1076 561 1469 616 contrahuntur.

561 674 800 731 Dicimus
837 683 1018 731 tamen
1047 681 1076 710 ι
1103 671 1353 743 quaedam
1390 670 1519 726 vitia
1561 670 1678 726 sine
1715 667 1825 724 ulla
1867 682 2071 740 praece-

487 766 652 823 dente
699 766 930 820 naturali
979 764 1265 820 occasione
1310 777 1703 829 concrescere,
1754 761 1853 816 sed
1900 761 2070 816 solius

489 867 757 928 corrupta:
796 872 859 913 ac
900 858 1054 912 malae
1094 857 1387 912 voluntatis
1426 855 1678 920 arbitrio,
1708 862 1768 909 ut
1805 862 1892 910 est
1933 855 2073 909 invi-

489 953 628 1019 diae,
662 953 935 1021 ipsiusque
964 950 1126 1006 etiam
1169 949 1552 1022 philargyrite:
1596 963 1719 1022 qua:
1757 963 1880 1003 cum
1922 948 2071 1003 nulla

486 1043 721 1099 habeant
749 1042 802 1096 in
835 1041 991 1097 nobis
1021 1042 1087 1096 de
1114 1041 1346 1098 naturali
1369 1041 1624 1094 instinctu
1653 1039 1937 1109 principia,
1971 1053 2072 1092 ex-

486 1142 756 1197 trinsecus
778 1138 1194 1194 contrahuntur.
1219 1137 1350 1203 Quae
1395 1144 1576 1190 tamen
1610 1145 1864 1205 quantum
1893 1132 2072 1188 facilia

487 1240 613 1287 sunt
646 1231 713 1285 ad
743 1229 1048 1286 cavendum
1069 1270 1084 1296 ,
1114 1237 1169 1284 et
1205 1238 1508 1298 Opportuna
1551 1227 1618 1282 ad
1658 1224 2070 1292 declinandum,

484 1333 699 1380 tantum
726 1334 1043 1394 occupatam
1090 1332 1326 1378 mentem
1351 1331 1512 1390 atque
1558 1334 1864 1390 possessam
1911 1319 2074 1373 mise-

485 1430 601 1470 ram
626 1414 830 1470 faciunt
851 1455 867 1482 ,
911 1413 1111 1483 vixque
1138 1412 1206 1468 ad
1233 1411 1480 1466 sanitatis
1505 1410 1809 1466 concedunt
1833 1407 2070 1464 remedia

485 1509 810 1580 pervenire:
843 1508 961 1562 sive
1008 1506 1152 1577 quod
1202 1521 1310 1560 non
1359 1514 1641 1560 merentur
1684 1503 1860 1558 curari
1905 1499 2072 1557 celeri

487 1602 754 1658 medicina
779 1644 794 1668 ,
827 1601 917 1671 qui
952 1600 1021 1656 ab
1051 1600 1135 1654 his
1165 1598 1391 1654 sauciati
1415 1607 1580 1662 sunt,
1613 1611 1731 1666 qua:
1752 1636 1768 1661 ,
1797 1594 1882 1649 vel
1912 1594 2067 1664 igno-

487 1709 647 1760 rare,
691 1693 774 1748 vel
815 1693 1023 1757 vitare,
1065 1690 1151 1745 vel
1196 1690 1449 1744 facillime
1489 1688 1706 1741 vincere
1737 1693 2064 1755 potuerunt;

1807 274 2088 338 JOANNIS
2125 279 2437 338 CASSIANI

3645 284 3760 348 196

2093 401 2145 458 Α
2173 410 2493 466 quemquam
2557 396 2906 467 possederit,
2960 398 3029 454 ad
3078 399 3324 457 sanitatis
3373 402 3612 459 remedia
3665 405 3758 462 vix

2173 488 2462 559 pervenire
2501 489 2770 544 concedit.
2811 490 3227 560 Receptaculum
3269 509 3501 565 namque
3542 504 3630 551 est
3675 495 3762 550 vi-

2175 579 2411 648 tiorum,
2453 581 2831 652 malorumque
2873 587 3114 639 omnium
3153 585 3344 654 radix,
3375 595 3428 642 et
3466 586 3758 642 inextrica-

2176 671 2300 728 bilis
2346 673 2602 744 nequitiae
2653 673 2830 730 fomes
2878 674 3133 746 efﬁcitur,
3189 677 3402 734 dicente
3451 679 3756 747 Apostolo,

2173 761 2202 803 δ
2233 763 2408 819 Radix
2429 765 2656 819 omnium
2684 766 2942 821 malorum
2970 778 3046 822 est
3071 769 3396 843 philargyria
3424 769 3471 843 (Ι
3490 770 3628 828 Tim.
3651 771 3756 846 v1),

2175 855 2228 911 id
2257 864 2375 922 est,
2407 871 2559 912 amor
2586 859 2848 926 pecuniae.

2770 947 2996 1008 CAPUT
3034 951 3148 1007 VII.

2228 1039 2425 1107 Quibus
2447 1039 2582 1095 uitiis
2596 1041 2929 1117 Aphilargyria
2951 1053 3257 1115 generetur;
3275 1046 3354 1100 vel
3374 1058 3686 1117 quantorum

2498 1113 2755 1166 malorum
2784 1125 2848 1167 sit
2878 1113 3055 1168 eadem
3081 1113 3421 1186 procreatria.

2247 1225 2375 1281 Haec
2401 1225 2562 1297 igitur
2586 1243 2711 1282 cum
2741 1227 3048 1295 remissam,
3086 1229 3425 1301 tepidamque
3453 1233 3763 1303 possederit

2175 1318 2428 1373 monachi
2469 1329 2702 1374 mentem
2725 1361 2741 1387 ,
2785 1321 3036 1391 primitus
3075 1337 3198 1378 eum
3230 1323 3284 1377 in
3311 1326 3503 1396 exigua
3541 1341 3756 1381 summa

2175 1407 2469 1464 sollicitans
2490 1450 2506 1475 ,
2527 1409 2706 1480 justos
2735 1411 2994 1481 quosdam
3021 1422 3075 1467 et
3103 1423 3124 1452 ο
3156 1415 3298 1468 velut
3325 1416 3679 1472 rationabiles
3707 1419 3759 1472 ei

2177 1501 2424 1568 colores,
2455 1501 2526 1557 ob
2556 1517 2692 1573 quos
2718 1503 2806 1558 vel
2835 1519 3114 1560 reservare
3142 1504 3245 1560 sibi
3277 1507 3478 1577 aliquid
3512 1511 3760 1577 pecuniae

2174 1592 2402 1661 debeat,
2436 1593 2519 1650 vel
2549 1609 2775 1664 parare,
2809 1595 3086 1651 describit.
3119 1597 3249 1651 Nam
3281 1606 3338 1653 et
3363 1613 3426 1654 ea
3457 1615 3576 1668 quae
3615 1615 3760 1669 prte-

2174 1688 2372 1744 bentur
2396 1689 2448 1744 in
2477 1690 2832 1754 monasterio,
2855 1691 3102 1760 queritur
3125 1706 3229 1744 non
3255 1705 3375 1746 esse
3396 1691 3724 1748 sufﬁcientia
3742 1732 3759 1755 ,

485 1790 573 1846 vel
615 1799 761 1844 certe
803 1787 945 1856 quod
985 1787 1129 1841 male
1168 1785 1413 1848 fundati,
1445 1783 1703 1837 virtutum
1746 1790 2069 1835 strueturam
2097 1783 2146 1844 Β
2173 1787 2228 1834 et
2255 1794 2388 1834 sano
2419 1779 2749 1850 robustaque
2777 1795 3008 1850 corpore
3036 1783 3125 1836 vix
3160 1797 3321 1851 posse
3348 1783 3587 1838 tolerari.
3611 1784 3758 1851 Quid

487 1893 543 1938 et
574 1881 926 1954 perfectionis
957 1879 1236 1947 suscipere
1265 1877 1477 1932 culmen
1508 1873 1709 1944 indigni
1736 1883 1878 1928 sunt.

1097 1988 1326 2045 CAPUT
1367 1987 1454 2042 Vl.

675 2084 929 2156 Receptus
957 2083 1112 2156 semel
1129 2082 1476 2156 philargyrite
1502 2079 1708 2133 morbus
1736 2096 1890 2150 quam

1029 2153 1247 2224 difﬁcile
1275 2155 1522 2222 pellatur.

557 2226 920 2316 Quamobrem
955 2245 1088 2299 nulli
1120 2244 1241 2297 vilis
1282 2245 1682 2326 dgeSpectusque
1709 2241 1954 2296 videatur
1980 2239 2071 2297 hic

486 2341 750 2395 morbus:
782 2342 870 2408 qui
901 2337 1040 2392 sicut
1077 2343 1257 2405 potest
1297 2334 1552 2404 perfacile
1592 2333 1851 2389 declinari
1877 2373 1892 2399 ,
1922 2333 1995 2387 ita
2021 2332 2068 2386 si

2174 1871 2484 1930 faciendum
2513 1873 2561 1928 si
2592 1873 2846 1928 valetudo
2872 1874 3010 1928 mala
3039 1875 3219 1929 carnis
3247 1876 3532 1930 emerserit
3550 1919 3565 1943 ,
3591 1883 3648 1930 et
3669 1892 3762 1931 re-

2173 1964 2450 2018 conditum
2496 1980 2604 2018 non
2637 1963 2800 2019 fuerit
2832 1964 3028 2032 aliquid
3060 1966 3335 2036 peculiare
3355 2007 3371 2032 ,
3399 1981 3507 2038 quo
3537 1977 3760 2022 susten-

2168 2066 2315 2112 tetur
2336 2055 2652 2110 infirmitas?
2673 2055 2700 2092 ἀ
2719 2055 3125 2112 Prmstationem
3149 2058 3464 2113 monasterii
3488 2073 3608 2113 esse
3629 2073 3763 2128 pcr-

2174 2158 2392 2203 tenuem
2414 2192 2427 2216 ,
2453 2155 2508 2202 et
2528 2147 2904 2217 negligentiam
2927 2163 3055 2218 erga
3083 2158 3406 2218 aegrotantes
3433 2149 3752 2203 maximam.

2171 2239 2226 2294 Si
2251 2240 2523 2309 proprium
2547 2239 2746 2309 aliquid
2769 2254 2877 2294 non
2899 2239 3058 2293 fuerit
3077 2255 3183 2309 quo
3200 2255 3326 2295 cura
3343 2241 3555 2310 corpori
3578 2241 3766 2295 valeat

2169 2330 2445 2396 adhiberi,
2468 2332 2663 2387 misere
2690 2345 2812 2386 esse
2837 2330 3198 2386 moriendum.
3229 2331 3408 2401 Ipsum
3435 2331 3598 2388 etiam
3627 2346 3760 2388 ves-

1545 2512 1803 2569 ALARDI
1841 2510 2072 2568 ϐΑΖᾸΞΙ
2108 2509 2648 2567 COMMENTARIUS

559 2666 586 2694 ι
622 2654 946 2725 Dionysius;
998 2651 1442 2725 Dicimus‘tamen
1479 2646 1717 2725 quaedam
1754 2645 1880 2698 uitia
1917 2659 2056 2725 c_res-_

487 2743 626 2793 cere,
655 2742 742 2779 seu
764 2716 895 2778 ἶ)νὶνί
924 2724 980 2776 in
1008 2723 1182 2786 nobis,
1215 2721 1325 2793 sine
1356 2718 1465 2772 ulla
1491 2716 1717 2771 naturali
1754 2717 2060 2784 pra'cedenti

486 2791 753 2852 occasione
773 2835 788 2859 ,
819 2811 909 2848 seu
937 2809 1112 2858 causa,
1147 2808 1210 2845 ex
1237 2791 1345 2844 solo
1375 2798 1649 2855 corruptw,
1684 2803 1743 2859 ac
1770 2802 1939 2859 prava:
1967 2803 2058 2840 vo-

489 2867 703 2921 luntatis
729 2865 939 2918 arbitrio
961 2905 974 2927 ,
1005 2874 1056 2916 ut
1085 2871 1201 2915 sunt
1230 2860 1449 2913 avaritia
1470 2900 1484 2921 ,
1516 2868 1666 2927 atque
1691 2858 1886 2910 inuidia
1904 2898 1918 2922 ,
1950 2872 2064 2925 qua

489 2938 797 2992 extrinsecus
833 2933 1227 2992 contrahuntur,
1260 2947 1377 2984 cum
1414 2927 1560 2982 nulla
1590 2927 1810 2980 habeant
1837 2929 1888 2979 in
1920 2927 2064 2980 nobis

487 3007 759 3078 principia
778 3021 841 3059 ea:
869 3004 1094 3078 naturali
1122 3002 1369 3078 instinctu
1389 3039 1406 3064 ,
1435 3009 1540 3054 etc.
1574 2998 1662 3078 βῆς
1693 2997 2063 3078 ἦὺιηειβεη-

492 3068 616 3147 piou
648 3068 842 3131 Collat.
887 3073 951 3147 75,
970 3097 977 3100 η
996 3087 1118 3142 cap.
1164 3075 1234 3147 ὃς
1285 3070 1491 3125 Horum
1512 3109 1540 3147 _._
1573 3068 1745 3138 inquit
1770 3109 1784 3132 ,
1825 3069 2064 3147 vitiorum

491 3140 676 3218 genera
703 3156 821 3200 sunt
861 3146 964 3199 duo
990 3140 1123 3198 :‘aut
1153 3144 1287 3197 enim
1315 3141 1575 3218 naturalia
1601 3149 1720 3218 sunt
1747 3180 1761 3202 ,
1784 3148 1846 3218 ut
1875 3140 2063 3218 gastri-

491 3208 692 3287 margia
715 3233 732 3269 :
756 3228 844 3269 aut
866 3225 1012 3269 extra
1037 3222 1274 3287 naturam
1296 3253 1311 3287 ,
1337 3220 1391 3264 ut
1415 3209 1766 3287 philargyria.
1783 3208 1986 3287 Etcap.
2010 3208 2066 3265 8:

492 3281 643 3354 Quod
670 3296 816 3341 extra
845 3293 1085 3339 naturam
1111 3285 1176 3337 sit
1203 3283 1526 3355 philargyria
1545 3323 1560 3346 ,
1592 3281 1710 3355 hinc
1731 3281 1925 3355 liquido
1946 3295 2068 3350 per-

491 3352 721 3422 uidetur,
753 3358 874 3426 quia
903 3372 994 3411 nec
1026 3352 1276 3426 originale
1320 3356 1562 3426 probatur
1609 3352 1661 3403 in
1698 3352 1842 3404 nobis
1884 3352 2070 3426 habere

492 3423 801 3500 principium
819 3468 833 3491 ,
863 3443 952 3500 nec
979 3427 1042 3478 de
1071 3423 1622 3500 tuateria_concipitur,
1662 3437 1777 3500 qua:
1813 3424 2070 3500 pertingat

492 3493 560 3551 ad
590 3493 777 3552 anima:
800 3539 814 3563 ,
851 3495 927 3550 uel
965 3495 1136 3550 carnis
1169 3495 1614 3564 participationem
1641 3533 1655 3558 ,
1701 3495 1915 3557 vitazque
1944 3493 2065 3545 sub-

493 3569 759 3622 stantiam.

563 3638 588 3677 δ
616 3639 857 3693 Graecam
887 3651 1075 3692 vocem
1102 3635 1331 3690 retinuit
1354 3642 1564 3697 auctor,
1594 3647 1691 3701 pro
1719 3645 1822 3702 qua
1849 3631 2069 3687 Latinus

493 3709 763 3778 interpres
795 3710 974 3778 posuit
1002 3705 1352 3771 cupiditatem
1381 3745 1396 3769 ,
1444 3705 1507 3778 Ι).
1540 3704 1855 3778 Ambrosius
1891 3705 2068 3778 avari-

496 3774 656 3834 tiam:
676 3774 811 3834 Non'
824 3789 907 3834 est
937 3789 1114 3832 autem
1148 3778 1248 3830 hoc
1276 3779 1393 3830 loco
1422 3776 1706 3838 πλεονιξὶα,
1737 3775 1872 3827 sicut
1903 3774 2066 3828 alibi:

493 3866 612 3919 qua:
645 3865 749 3904 vox
782 3849 940 3902 latius
970 3857 1134 3919 patet,
1156 3862 1320 3919 quam
1362 3861 1515 3900 amor
1547 3845 1785 3910 pecunia:
1813 3863 1827 3907 ;
1863 3847 1955 3898 sed
1985 3868 2068 3917 φι-

491 3918 771 4000 λαργυρία,
809 3934 928 4000 quae
957 3918 1088 4000 nihil
1119 3918 1260 4000 aliud
1293 3927 1478 3981 sonat,
1512 3932 1669 3996 quam
1701 3930 1939 4000 amorem
1966 3930 2069 3995 pe-

493 3985 708 4054 cii'n'iaé;
742 3985 882 4057 quad
917 3987 1280 4042 annotandum
1319 3997 1429 4046 est,
1476 4001 1543 4057 ne
1583 3987 1718 4057 quis
1738 3986 1805 4038 de
1844 3985 2026 4053 gloria:
2050 4026 2065 4050 ,

494 4060 562 4114 de
592 4055 840 4126 imperii,
873 4060 952 4110 vel
985 4057 1053 4112 de
1092 4057 1314 4110 alterius
1357 4056 1573 4125 gent-ris
1602 4055 1897 4120 cupiditate
1924 4057 2067 4123 Apo-

492 4129 688 4184 stolum
709 4131 853 4197 loqui
876 4127 1167 4183 existimet.
1194 4126 1362 4179 Porro
1381 4128 1646 4178 malorum
1665 4127 1877 4197 nomine
1906 4127 2072 4181 voluit

491 4195 792 4268 Apostolus
829 4211 934 4253 tam
975 4213 1178 4268 pinum,
1221 4213 1382 4268 quam
1426 4198 1601 4268 culpae
1641 4195 1778 4248 mala
1819 4211 2068 4268 compre-

493 4266 677 4325 hendi.
728 4269 858 4323 Natu
908 4269 1050 4337 quod
1097 4267 1162 4320 ad
1211 4267 1358 4337 mala
1396 4267 1567 4333 culpa:
1609 4267 1836 4329 attinet,
1872 4266 2070 4321 dieitur

491 4341 752 4402 avaritia,
804 4355 896 4393 seu
931 4336 1208 4405 cupiditas
1257 4336 1588 4400 divitiarum,
1649 4337 1800 4389 radix
1830 4337 2066 4390 omnium

495 4411 757 4464 malorum
804 4409 1145 4476 huiusmodi,
1189 4407 1239 4459 id
1285 4417 1400 4471 est,
1450 4416 1826 4476 pet-calorum,
1872 4408 2067 4474 duplici

490 4481 720 4534 rati0ue.
756 4480 933 4534 Primo
977 4479 1097 4544 quia
1143 4479 1333 4531 divitiw
1379 4480 1604 4546 praebent
1641 4479 1935 4544 facultatem
1965 4518 1978 4539 ,
2021 4486 2066 4531 et

491 4550 774 4603 subsidium
800 4592 813 4614 ,
846 4567 907 4603 ac
933 4551 1066 4603 velut
1095 4549 1424 4610 alimentum,
1456 4559 1501 4601 et
1545 4549 1790 4616 pabulum
1835 4547 2070 4601 omnibus

489 4621 646 4685 uitiis,
665 4631 710 4674 et
739 4623 907 4689 pravis
934 4621 1192 4673 desideriis
1217 4619 1567 4689 exsequendis,
1592 4619 1658 4670 ad
1681 4618 2067 4671 similitudinem

489 4691 675 4744 radicis
707 4688 932 4749 arboris,
963 4706 1076 4759 qua:
1101 4691 1285 4754 praebet
1316 4688 1614 4741 alimentum
1645 4689 1734 4741 toti
1760 4689 1962 4751 arbori,
1994 4693 2070 4744 ait

489 4761 548 4815 S.
571 4760 958 4828 ThomasU-‘i.
981 4778 1033 4831 q.
1053 4761 1150 4831 84,
1175 4770 1276 4814 art.
1300 4760 1375 4826 1).
1412 4759 1648 4831 Videmus
1677 4759 1831 4823 enim,
1866 4761 2060 4828 inquit,

2161 2643 2377 2714 quando
2404 2658 2509 2698 non
2541 2643 2812 2712 impellat:

2475 2758 2602 2817 Quid
2624 2771 2720 2827 n_on
2742 2758 2962 2827 mortalia
2986 2765 3181 2824 pectora
3205 2765 3343 2825 cogis
3357 2802 3371 2827 ,

2350 2820 2470 2870 Auri
2489 2833 2621 2870 sacra
2647 2819 2828 2870 fames!

2167 2924 2315 2998 canit
2339 2923 2722 2998 poeta_(Virg.
2748 2924 3145 2998 tit/Eneidos).
3195 2928 3327 2983 Hinc
3367 2929 3528 2985 etiam
3563 2931 3761 2988 Eccle-

2168 2994 2445 3066 siaSIicusi,
2477 2994 2564 3047 ubi
2594 3009 2796 3066 supra:
2827 2997 3026 3061 Auaro,
3057 2994 3264 3066 inquit,
3294 2999 3427 3053 nihil
3452 3010 3523 3054 est
3553 3005 3758 3058 sceles~

2169 3066 2292 3142 tius.
2323 3065 2394 3142 Et
2415 3065 2604 3142 iterum
2624 3105 2639 3128 ,
2673 3064 2824 3142 Nihil
2849 3077 2920 3121 est
2949 3064 3194 3137 iniquius,
3221 3076 3371 3142 quain
3395 3087 3571 3126 amare
3597 3091 3760 3142 pecu-

2170 3136 2305 3188 niam
2329 3153 2347 3193 :
2375 3135 2458 3189 hic
2485 3138 2619 3188 enim
2648 3145 2694 3188 et
2720 3137 2945 3190 animam
2975 3135 3120 3192 suam
3149 3135 3375 3194 uenalem
3400 3141 3545 3197 habet
3569 3135 3758 3202 {dum

2169 3207 2377 3280 scilicet
2408 3215 2627 3274 propter
2651 3206 2866 3261 divitias
2893 3209 3053 3262 homo
3081 3210 3174 3266 Dei
3206 3222 3474 3280 praecepta
3500 3226 3762 3270 contem-

2171 3277 2284 3354 nit,
2322 3286 2566 3354 paratus.
2594 3286 2667 3354 Aut
2703 3292 2794 3332 eas
2826 3291 3176 3354 assequatur,
3207 3277 3433 3349 quidvis
3468 3299 3628 3354 agere
3658 3298 3760 3342 aut

2172 3349 2304 3415 pati.
2340 3347 2498 3416 Cujus
2527 3350 2605 3402 rei
2630 3349 2934 3415 exemplum
2961 3347 3222 3406 habemus
3240 3347 3756 3412 'ttianifesti'ssimum

2177 3420 2227 3494 i_n
2272 3417 2406 3494 Juda
2446 3416 2646 3472 Christi
2688 3419 2990 3494 discipulo,
3030 3424 3122 3491 qui
3168 3425 3408 3490 pecuniae
3451 3429 3759 3494 cupiditate

2173 3487 2458 3542 Dominum
2503 3504 2656 3543 suum
2695 3492 2971 3555 vendidit,
3018 3487 3068 3545 et
3117 3487 3334 3549 tradidit
3389 3487 3756 3554 occidendum

2173 3559 2191 3628 (
2221 3558 2280 3614 S.
2307 3559 2618 3634 _Leo._serm.
2649 3560 2712 3614 de
2743 3559 2992 3616 Passione
3025 3561 3285 3634 Domini).
3329 3569 3505 3631 Quare
3549 3572 3759 3625 merito

2170 3631 2393 3706 avaritia
2439 3631 2579 3684 inter
2620 3640 2837 3706 peccata
2871 3634 3115 3697 capitalia
3153 3631 3425 3704 censetur,
3457 3654 3576 3706 qure
3617 3651 3761 3696 sunt

2171 3701 2336 3754 veluti
2365 3699 2539 3754 fontes
2574 3711 2628 3756 et
2669 3703 2878 3758 radices
2907 3705 3192 3758 multorum
3228 3699 3485 3762 aliorum.-
3509 3708 3646 3764 Hinc
3680 3711 3752 3765 D.

2171 3770 2463 3839 Gregorius
2495 3771 2629 3825 ﬁlias
2665 3775 2905 3828 avaritias
2944 3786 3222 3830 enumerat
3263 3777 3312 3830 in
3356 3781 3496 3834 hunc
3525 3783 3757 3837 modum

2172 3840 2313 3920 (ιι-ψ.
2339 3857 2468 3920 xxx!
2493 3841 2661 3920 ill-ora.
2686 3859 2738 3920 c._
2758 3843 2884 3920 51))
2918 3843 2996 3920 De
3022 3847 3243 3920 avaritia
3274 3851 3528 3914 proditio,
3561 3853 3716 3920 fraus
3739 3895 3756 3918 ,

2172 3910 2404 3980 fallacia,
2438 3914 2688 3984 perjuria,
2720 3910 3038 3984 inquietudo,
3075 3910 3345 3984 violentia,
3372 3931 3417 3972 et
3444 3910 3619 3974 contra
3649 3910 3760 3976 mi:

2171 3983 2506 4060 sericordiam
2533 3983 3073 4060 obduratianescordis
3095 3983 3350 4042 oriuntur.
3377 3991 3544 4045 Porro
3566 3995 3756 4060 quoad

2173 4053 2312 4105 tnala
2357 4067 2553 4121 paenae,
2599 4054 2795 4108 dicitur
2838 4057 2997 4110 etiam
3042 4062 3258 4112 avaritia
3308 4062 3457 4115 radix
3501 4053 3758 4119 omnium

2123 4138 2132 4148 ·
2172 4123 2471 4198 malorum,
2509 4123 2633 4190 quia
2687 4127 2896 4181 scilicet
2928 4129 2978 4180 in
3011 4142 3170 4182 omne
3209 4145 3378 4198 genus
3423 4132 3760 4192 calamitatis

2169 4204 2222 4267 et
2251 4194 2612 4267 miseriarum,
2643 4198 2878 4251 cultores
2919 4212 3047 4251 suos
3072 4194 3388 4267 praecipitat,
3431 4219 3536 4256 non
3565 4204 3755 4260 solum

2170 4264 2223 4317 in
2250 4264 2428 4338 futuro
2455 4267 2675 4331 sacculo,
2700 4269 2791 4320 sed
2821 4269 2981 4322 etiam
3011 4264 3334 4338 in‘pmsenti
3360 4264 3382 4323 :7
3407 4272 3544 4328 hanc
3596 4277 3753 4330 enim

2170 4335 2432 4412 rationem
2491 4339 2728 4391 insinuat
2765 4335 3101 4412 Apostolus,
3155 4341 3280 4394 dum
3332 4343 3470 4398 inter
3513 4344 3757 4412 plurima

2171 4407 2305 4459 mala
2331 4448 2345 4470 ,
2377 4422 2495 4473 qua:
2525 4423 2601 4482 ex_
2633 4409 3090 4482 avaritizera‘dir‘e
3133 4413 3425 4482 procedunt
3446 4459 3458 4482 ,
3494 4407 3759 4473 recenset

2173 4481 2520 4548 tentationem
2542 4518 2556 4542 ,
2587 4478 2833 4548 laqueum
2867 4479 3098 4543 diaboli,
3133 4481 3395 4537 desideria
3428 4478 3588 4538 multa
3625 4487 3760 4543 inu-

2170 4547 2282 4600 tilia
2324 4551 2589 4624 etnociva
2608 4590 2622 4613 ,
2652 4547 2868 4624 dolores
2911 4551 3140 4624 multos,
3169 4552 3400 4623 denique
3429 4555 3711 4611 interitum
3738 4603 3752 4624 ,

2171 4624 2225 4694 et
2259 4618 2610 4694 perditionem
2642 4619 2800 4694 (fide
2823 4619 2880 4674 S.
2909 4618 3091 4694 Thom.
3112 4623 3246 4694 2-2,
3271 4618 3328 4694 (ιζ
3353 4625 3482 4691 119,
3508 4638 3608 4679 art.
3638 4627 3677 4682 9
3707 4618 3748 4694 )i

2174 4687 2248 4759 De
2274 4691 2466 4756 quibus
2497 4691 2616 4742 vide
2649 4690 2709 4742 Β.
2743 4689 3062 4759 Gregorium
3108 4693 3200 4745 lib.
3237 4687 3311 4747 xv
3339 4687 3533 4750 Moral.
3562 4713 3610 4750 c.
3651 4687 3751 4752 11.

2172 4755 2757 4830 Νεαίρταιιειτειιηόυηι
2815 4755 2954 4830 quod
3001 4763 3066 4815 de
3108 4766 3328 4818 avaritia
3369 4768 3564 4821 cecinit
3607 4767 3754 4822 Prti-

485 4833 752 4905 qnodhper
809 4828 1015 4905 divitias
1065 4830 1218 4882 homo
1283 4830 1500 4898 acquirit
1541 4831 1855 4905 facultatem
1880 4846 2060 4905 perpe-
2085 4837 2139 4896 D
2165 4828 2376 4881 dentius
2408 4830 2455 4905 i_n
2485 4846 2578 4882 sua
2608 4828 3199 4905 PsycltomacliialCap.
3226 4837 3306 4905 5),
3336 4838 3388 4891 id
3417 4848 3521 4904 est,
3545 4841 3753 4894 anima

487 4901 660 4954 trandi
685 4903 1035 4971 quor/cumque
1051 4910 1332 4970 peccatum,
1359 4914 1403 4953 et
1425 4901 1722 4971 exsequendi
1747 4901 2058 4953 desiderium

485 4975 850 5042 cujuscumque
880 4976 1068 5039 peccati
1092 4988 1109 5034 ;
1137 4987 1194 5023 eo
1218 4972 1353 5038 quod
1380 4971 1446 5022 ad
1475 4971 1704 5024 habenda
1730 4987 2058 5038 quacumque

486 5045 782 5109 temporalia
810 5046 938 5096 bona
970 5051 1130 5108 potest
1158 5043 1308 5110 homo
1338 5058 1426 5110 per
1454 5043 1720 5108 pecuniam
1743 5043 1943 5110 jucari,
1975 5057 2057 5093 se-

481 5115 705 5167 cundum
752 5115 888 5182 quod
931 5113 1120 5165 dicitur
1165 5109 1362 5165 Eccles.
1405 5127 1486 5164 x:
1534 5109 1772 5164 Pecuniae
1816 5111 2055 5164 obediunt

483 5187 674 5238 omnia.
726 5183 873 5239 Unde
912 5193 958 5236 et
987 5182 1177 5234 divitia:
1207 5197 1498 5233 mammona
1537 5181 1816 5250 iniquitatis
1859 5198 2054 5234 nuncu-

483 5266 690 5323 pantur,
715 5257 834 5325 quia
860 5255 1123 5306 materiam
1150 5252 1367 5325 prabent
1396 5251 1673 5325 multarum
1704 5252 2046 5325 iniquitatum,

484 5320 585 5376 imo
608 5320 936 5378 incitamenta
966 5331 1084 5377 sunt
1115 5323 1182 5374 ad
1208 5339 1378 5376 omnes
1408 5322 1718 5390 iniquitates,
1753 5332 1810 5372 ut
1837 5323 1891 5375 S.
1921 5320 2052 5374 Atti-

486 5393 696 5463 brosius
727 5397 971 5463 exposuit
1001 5394 1052 5447 in
1084 5408 1201 5460 cap.
1239 5391 1393 5445 Lucae
1419 5407 1525 5444 xvt.
1560 5391 1807 5446 Secundo
1834 5392 1955 5456 quia
1989 5407 2054 5446 ex

481 5462 583 5525 lsac
623 5462 947 5532 cupiditate,
997 5474 1247 5532 tanquam
1296 5478 1365 5516 ex
1411 5463 1633 5524 radice,
1686 5475 1845 5515 omne
1888 5477 2058 5532 genus

480 5531 858 5599 peccati’solet
898 5531 1232 5604 germinare,
1267 5532 1391 5586 dum
1438 5533 1679 5604 pecuniae
1723 5547 1880 5586 causa
1927 5531 2058 5604 nihil

477 5617 591 5672 non
635 5608 835 5660 audent
875 5602 1124 5659 homines
1168 5606 1543 5671 committere,
1595 5603 1739 5657 velut
1785 5602 2052 5672 periuria,

468 5669 691 5745 v-cj‘inas
714 5719 728 5742 ,
777 5675 1064 5729 homicidia
1091 5716 1105 5740 ,
1147 5675 1423 5745 sacrilegia
1451 5716 1464 5740 ,
1507 5669 1562 5729 et
1590 5674 1716 5744 quid
1749 5669 1900 5738 non?
1929 5669 2061 5730 Nul-

474 5741 592 5812 Luto
623 5741 1015 5820 estpeccatum
1053 5746 1120 5807 ad
1151 5745 1294 5818 quod
1328 5741 1932 5819 cupiditas'divitiarum
1959 5746 2062 5803 ali.

2164 4914 2340 4966 pugna
2371 4899 2630 4954 adversus
2661 4901 2967 4968 liujusmodi
3001 4899 3125 4956 vitia
3148 4899 3169 4956 ἐ

2255 5007 2410 5076 ane
2436 5011 2682 5060 hominum
2705 5015 2829 5071 rapit
2850 5013 2930 5063 illa
2954 5028 3139 5076 genus;
3163 5018 3384 5067 mortalia
3407 5027 3583 5072 cuncta

2255 5069 2470 5138 Qccupat
2491 5076 2692 5122 interitu
2718 5090 2728 5124 :
2753 5069 2915 5138 neque
2936 5069 3065 5126 υἷιίίιι
3091 5069 3167 5127 est
3185 5080 3445 5130 violentius
3463 5069 3613 5132 ulluin

2255 5132 2518 5198 :Ijerrarum
2548 5138 2734 5198 vitium,
2771 5132 2899 5198 quod
2923 5143 3070 5188 tantis
3095 5141 3309 5189 cladibus
3333 5156 3490 5191 aevum

2252 5193 2479 5244 Mundani
2506 5193 2922 5262 involvat-populi,
2941 5201 3238 5264 damnetque
3257 5205 3520 5264 gehennae.

2234 5329 2255 5356 ο
2282 5316 2508 5400 Colores
2537 5331 2693 5375 vocat
2717 5334 3039 5400 prtetextus,
3059 5340 3152 5378 seu
3182 5330 3580 5400 excusationes,
3606 5347 3756 5400 quas

2161 5391 2498 5464 proprietarii
2531 5399 2586 5464 et
2612 5394 2759 5446 avari
2791 5397 3041 5447 monachi
3075 5412 3184 5447 sum
3215 5399 3488 5464 cupiditati
3514 5409 3571 5464 ριι
3615 5391 3758 5456 ava-

2163 5463 2300 5514 ritite
2329 5463 2664 5529 praetendere
2692 5466 2884 5518 solent.
2906 5465 3035 5518 Vide
3065 5466 3126 5518 D.
3149 5461 3403 5522 Basilium
3429 5471 3482 5524 in
3504 5461 3750 5529 Constit.

2163 5542 2395 5605 nimiast.
2425 5548 2542 5599 cap.
2575 5534 2645 5605 55
2661 5541 2716 5585 et
2741 5534 3072 5589 Climacliuin
3099 5539 3264 5605 gradu
3298 5541 3381 5593 t6.

2233 5598 2346 5678 {id
2370 5598 2832 5678 est,portiouem,
2867 5598 3209 5675 prehendam
3232 5650 3246 5673 ,
3279 5611 3618 5678 pensionem,
3651 5617 3755 5673 vel

2163 5671 2419 5758 quidquid
2449 5687 2477 5726 a
2509 5671 2838 5730 monasterio
2859 5671 2925 5731 ad
2952 5679 3151 5732 victum
3178 5671 3241 5734 et
3261 5671 3518 5738 amictum
3543 5671 3762 5758 cuique

2166 5755 2434 5806 tuottactto
2466 5760 2770 5814 praestatur.
3653 5755 3669 5758 “
3763 5767 3770 5774 ·
