3986 6320
214 303 311 365 297

699 301 792 361 DE
831 297 1308 361 C(ENOBIORUM
1344 295 1586 358 INSTIT.
1626 299 1754 358 LIB.
1796 296 1910 359 VII.
1935 328 2008 346 -
2035 297 2126 358 DE
2163 299 2434 375 SPIBITU
2481 296 2988 360 PHILARGYRIE.

3361 299 3473 362 298

219 419 494 473 tiinentum
527 427 635 469 non
657 412 911 469 sufﬁcere
933 410 1078 482 quod
1105 411 1398 482 praebetur,
1421 411 1523 466 nisi
1546 425 1800 482 procura-
1825 413 1880 476 Α
1903 428 2008 469 non
2035 413 2326 470 iracundizr.
2354 415 2514 489 noxio
2550 414 2731 472 furore
2761 417 3021 490 suppleri.
3057 415 3114 474 Si
3147 432 3416 490 quoquam
3441 436 3476 479 a

218 507 350 562 verit
378 505 526 561 unde
552 504 655 560 sibi
681 504 828 560 aliud
856 503 1035 559 valeat
1062 501 1328 560 exhiberi.
1377 502 1660 559 Postremo
1699 519 1801 560 nec

219 599 304 653 diu
332 608 492 665 posse
518 594 576 651 in
603 594 796 650 eodem
824 595 942 651 loco
969 592 1054 648 vel
1080 592 1412 649 monasterio
1436 592 1796 649 commorari:

218 697 268 744 et
299 687 398 741 nisi
430 687 709 758 paraverit
738 685 843 741 sibi
872 683 1055 740 viatici
1107 692 1354 756 sumptus
1397 684 1802 755 evectionisque

219 777 598 832 transmarina:
645 777 952 833 mercedem
977 816 994 842 ,
1038 790 1144 831 non
1185 790 1346 847 posse
1380 791 1502 832 cum
1531 777 1800 844 voluerit,

223 871 631 943 transmigrare.
649 880 706 928 et
725 869 1047 927 necessitate
1064 870 1259 938 inopiae
1279 879 1636 937 coarctatum,
1654 869 1805 925 labo-

223 964 416 1019 riosam
447 978 515 1019 ac
563 963 922 1019 miserabilem
965 961 1169 1030 absque
1206 959 1318 1016 ullo
1361 959 1608 1032 profectu
1633 959 1801 1014 vitam

222 1058 416 1128 jugiter
457 1056 818 1113 toleraturum
851 1072 866 1108 :
898 1055 1111 1123 inopem
1153 1067 1213 1108 se
1240 1067 1454 1122 quoque
1504 1066 1718 1122 semper
1742 1065 1806 1106 ac

222 1150 424 1206 nudum
453 1166 566 1206 non
591 1151 710 1205 sine
739 1147 1066 1218 improperio
1086 1146 1259 1201 aliena
1284 1146 1581 1202 substantia
1602 1153 1811 1200 susten-

223 1244 467 1298 tandum.
497 1242 682 1312 Itaque
710 1256 833 1297 cum
875 1238 1246 1308 hujuscemodi
1275 1239 1691 1309 cogitationibus
1729 1238 1809 1293 la-

218 1335 505 1406 queaverit
534 1344 773 1391 mentem
794 1375 812 1402 ,
843 1333 1072 1404 qualiter
1102 1347 1266 1388 unum
1298 1332 1492 1388 saltem
1526 1333 1806 1389 denarium

217 1430 504 1498 acquirere
524 1429 698 1498 possit
715 1427 1011 1497 excogitat.
1037 1424 1191 1480 Tunc
1208 1425 1480 1495 peculiare
1503 1439 1640 1496 opus
1661 1425 1808 1496 quod

219 1527 503 1585 exerceat,
549 1518 746 1574 abbate
784 1517 978 1584 inscio,
1025 1516 1258 1571 sollicita
1301 1525 1484 1573 mente
1523 1515 1808 1588 perquirit.

219 1611 367 1679 Quod
385 1610 638 1666 vendens
668 1610 806 1666 clam
820 1620 874 1665 et
895 1618 1080 1680 optato
1106 1609 1323 1666 tandem
1340 1610 1544 1680 potitus
1564 1625 1807 1676 nummo,

222 1704 451 1774 qualiter
496 1719 622 1759 eum
667 1702 904 1773 duplicet
946 1705 1123 1759 acrius
1148 1749 1162 1772 ,
1191 1705 1672 1775 vehementiusque
1701 1715 1812 1760 tor-

1902 522 1998 578 spe
2026 517 2264 578 quaestus
2287 509 2581 576 deciderit;
2610 526 2717 566 non
2758 511 3058 568 honestatis
3077 554 3093 582 ,
3124 527 3230 568 non
3260 513 3479 570 humili-

1901 601 2028 658 tatis
2055 603 2272 659 modum
2303 599 2684 661 transcendere
2711 606 3076 676 pertimescit,
3104 605 3272 679 ﬁtque
3309 608 3354 663 ei
3382 622 3478 678 per

1905 693 2085 750 omnia
2104 737 2120 763 ,
2149 705 2207 750 ut
2235 693 2356 750 aliis
2380 706 2588 765 venter,
2618 700 2691 752 ita
2730 695 2854 754 huic
2889 713 3077 753 aurum
3107 706 3164 753 et
3191 711 3317 766 spes
3344 698 3480 754 lucri

1905 801 2004 857 pro
2031 785 2165 842 Deo.
2193 785 2347 841 Unde
2375 786 2562 842 beatus
2592 789 2886 858 Apostolus
2924 788 3083 859 hujus
3114 791 3289 846 morbi
3321 790 3482 847 noxia

1905 891 2113 932 venena
2147 877 2519 948 prospiciens,
2551 893 2660 934 non
2711 881 2886 936 solum
2931 896 3050 936 eam
3093 882 3330 938 radicem
3361 897 3484 939 esse

1907 969 2146 1025 omnium
2175 970 2464 1038 malorum,
2494 986 2678 1027 verum
2697 972 2858 1029 etiam
2875 972 3140 1029 idolorum
3167 975 3482 1031 servitutem

1907 1061 2310 1132 pronuntiavit,
2339 1062 2526 1118 dicens
2560 1082 2574 1117 :
2610 1062 2678 1117 Et
2709 1074 2733 1104 ο
2761 1066 2984 1121 avaritia
3013 1066 3191 1136 (quod
3220 1067 3273 1121 in
3299 1067 3488 1124 Graeco

1908 1152 2106 1210 dicitur
2119 1155 2464 1231 φιλαργυρία),
2489 1171 2603 1225 qua:
2621 1167 2693 1212 est
2715 1156 3110 1212 simulacrorum
3128 1159 3342 1214 servitus
3365 1157 3489 1231 (Co-

1911 1247 2037 1304 loss.
2067 1249 2171 1320 III).
2202 1249 2395 1305 Cernis
2421 1250 2582 1322 igitur
2601 1249 2668 1304 ad
2699 1259 2950 1321 quantam
2973 1249 3149 1306 labem
3169 1251 3348 1308 rabies
3370 1251 3488 1307 haec

1909 1355 2010 1412 per
2036 1341 2237 1412 gradus
2258 1342 2499 1413 singulos
2531 1352 2775 1410 crescat,
2819 1354 2877 1398 ut
2913 1343 3075 1400 etiam
3114 1343 3378 1400 idolorum
3402 1347 3489 1402 vel

1909 1432 2320 1488 simulacrorum
2366 1435 2597 1489 servitus
2643 1434 2886 1505 Apostoli
2915 1449 3047 1490 voce
3085 1435 3487 1504 pronuntietur,

1912 1542 1979 1584 eo
2012 1527 2155 1599 quod
2189 1527 2358 1598 ﬁgura
2395 1527 2489 1583 Dei
2537 1536 2594 1584 et
2621 1527 2854 1598 imagine
2882 1528 3248 1598 praetermissa
3279 1526 3493 1600 (quam

1913 1619 2108 1677 devote
2135 1621 2382 1676 serviens
2411 1620 2521 1676 Deo
2563 1619 2963 1674 immaculatam
2993 1620 3047 1675 in
3075 1621 3370 1692 semetipso
3399 1622 3494 1678 de-

1911 1712 2029 1769 bnit
2057 1712 2351 1784 custodire)
2374 1711 2652 1768 hominum
2681 1712 2882 1783 ﬁguras
2900 1713 3190 1784 impressas
3214 1730 3348 1772 auro
3367 1713 3489 1772 dili-

221 1806 440 1866 quetur;
477 1795 573 1849 ubi
604 1803 871 1865 reponat,
897 1794 1053 1851 cuive
1079 1795 1226 1850 illum
1251 1795 1465 1863 credat,
1498 1796 1806 1866 ambiguus.
1839 1792 1888 1855 B
1912 1821 2042 1878 gere
2067 1821 2166 1878 pro
2195 1805 2306 1862 Deo
2326 1805 2548 1874 maluit,
2577 1815 2630 1861 et
2657 1805 2816 1862 tueri.

222 1889 422 1944 Deinde
450 1887 586 1957 quid
613 1902 681 1944 ex
707 1902 775 1943 eo
803 1901 1053 1943 coemere
1075 1928 1090 1953 ,
1120 1887 1373 1957 qualique
1399 1903 1522 1944 eum
1545 1903 1811 1944 commer-

227 1982 311 2036 cio
334 1981 517 2035 valeat
541 1980 850 2051 duplicare,
881 1995 1006 2037 cura
1029 1979 1277 2051 graviore
1300 1981 1625 2037 distenditur
1651 1981 1812 2053 (Vide

223 2077 377 2128 Joan.
407 2072 662 2139 Climac.,
704 2090 819 2147 θνα.
843 2074 930 2142 7).
971 2073 1215 2144 Cumque
1255 2074 1328 2129 illi
1360 2085 1413 2131 et
1456 2075 1560 2131 hoc
1587 2091 1655 2132 ex
1682 2086 1811 2131 voto

223 2166 484 2231 cesserit,
513 2165 728 2221 avidior
754 2165 924 2222 fames
944 2167 1207 2222 accrescit
1248 2167 1402 2233 auri,
1438 2177 1692 2237 tantoque
1717 2183 1808 2223 ve-

223 2257 528 2313 hementius
577 2256 893 2325 suscitatur,
943 2267 1146 2328 quanto
1191 2258 1355 2315 etiam
1411 2273 1622 2314 summa
1673 2259 1810 2340 lucri

222 2347 391 2414 major
416 2345 734 2415 apponitur.
753 2353 780 2383 ι
809 2345 944 2400 Cum
976 2347 1221 2416 pecuniae
1247 2347 1450 2403 etenim
1474 2347 1814 2403 incremento

223 2432 398 2488 rabies
426 2431 748 2502 cupiditatis
775 2443 1023 2503 augetur.
1055 2432 1192 2489 Tum
1216 2433 1412 2490 deinde
1437 2435 1545 2490 vita
1573 2435 1813 2507 longaeva

224 2520 582 2590 promittitur,
615 2527 871 2576 senectus
899 2519 1125 2576 incurva
1149 2561 1167 2586 ,
1209 2521 1552 2578 inﬁrmitates
1581 2522 1814 2578 diversa:

223 2617 384 2678 atque
411 2609 675 2679 prolixae,
713 2622 834 2678 quae
861 2607 964 2662 nisi
994 2607 1166 2678 major
1202 2622 1416 2664 summa
1449 2608 1501 2664 in
1527 2608 1815 2680 juventute

225 2700 386 2756 fuerit
417 2708 724 2769 praeparata
749 2743 765 2768 ,
814 2699 1037 2755 tolerari
1075 2700 1129 2755 in
1173 2711 1396 2756 senecta
1440 2715 1548 2756 non
1577 2703 1810 2773 possint.

230 2794 419 2864 Agitur
441 2795 627 2863 itaque
655 2791 843 2848 infelix
867 2793 1046 2848 anima
1071 2794 1400 2864 serpentinis
1425 2795 1654 2851 nexibus
1677 2795 1816 2850 obli-

230 2896 386 2957 gata,
411 2886 530 2942 dum
560 2885 845 2942 materiam
876 2887 1016 2942 male
1051 2896 1357 2943 concretam
1387 2889 1644 2958 nequiore
1687 2902 1818 2944 cura

226 2979 562 3049 concupiscit
585 2992 803 3048 augere,
827 2985 1035 3048 pestem
1059 2978 1162 3033 sibi
1184 2993 1288 3049 qua
1310 2978 1482 3034 dirius
1510 2980 1818 3035 inﬂamme-

228 3082 335 3138 tur,
368 3073 483 3142 ipsa
512 3072 820 3142 parturiens
844 3111 860 3136 ,
892 3080 1108 3141 totaque
1138 3070 1270 3126 lucri
1313 3071 1643 3142 cogitatione
1670 3086 1804 3142 pos-

2495 1941 2726 1999 CAPUT
2764 1941 2901 1998 VIII.

2095 2034 2248 2102 Quod
2271 2035 2602 2108 philargyriu
2621 2051 2794 2089 omnes
2818 2036 3032 2090 virtutes
3057 2036 3326 2108 impediat.

1984 2144 2014 2185 «ι
2043 2146 2264 2204 Talibus
2293 2148 2457 2218 igitur
2483 2147 2859 2202 decessionum
2889 2145 3227 2217 profectibus
3263 2149 3318 2203 in
3347 2147 3498 2205 dete-

1914 2238 2027 2295 rius
2063 2253 2349 2305 crescens,
2379 2238 2581 2293 nullam
2614 2237 2872 2308 deinceps
2912 2237 3265 2305 humilitatis,
3298 2239 3500 2296 nullam

1913 2329 2214 2398 charitatis,
2246 2329 2449 2386 nullam
2474 2329 2831 2395 obedientite,
2865 2344 2974 2385 non
3004 2329 3181 2385 dicam
3209 2331 3500 2398 virtutem,

1915 2422 2013 2479 sed
2040 2439 2108 2479 ne
2139 2423 2382 2480 umbram
2413 2423 2631 2494 quidem
2665 2423 2877 2478 virtutis
2907 2425 3146 2479 retinere
3173 2435 3460 2480 contentus
3481 2467 3499 2494 ,

1915 2515 2226 2588 indignatur
2253 2517 2321 2573 ad
2351 2517 2531 2573 omnia
2553 2556 2570 2585 ,
2601 2525 2658 2572 et
2682 2516 2750 2572 ad
2777 2517 2985 2586 singula
3013 2531 3179 2587 opera
3202 2526 3504 2573 murmurat

1916 2618 2080 2682 atque
2117 2611 2376 2681 suspirat.
2415 2609 2685 2681 Nullaque
2709 2609 2821 2680 jam
2853 2609 3156 2665 reverentia
3186 2620 3498 2677 reservata,

1917 2705 2252 2774 velutequus
2265 2702 2598 2758 durissimus
2643 2701 2710 2757 ad
2744 2702 3100 2773 praecipitium
3128 2702 3298 2759 fertur
3327 2703 3502 2760 infre-

1919 2797 2050 2853 nis:
2097 2811 2199 2852 nec
2227 2795 2376 2850 victu
2420 2793 2776 2865 quotidiano,
2827 2807 2929 2850 nec
2976 2794 3142 2850 solito
3189 2794 3507 2852 indumento

1919 2897 2206 2946 contentus
2230 2933 2246 2958 ,
2275 2901 2386 2943 non
2413 2901 2472 2943 se
2503 2886 2706 2942 diutius
2743 2886 2860 2942 hinc
2891 2887 3242 2942 toleraturum
3279 2902 3402 2944 esse
3425 2898 3508 2944 te-

1920 2989 2113 3036 statur.
2147 2980 2314 3035 Deum
2353 2991 2568 3048 quoque
2595 2992 2702 3032 non
2734 2978 2805 3033 ibi
2851 2977 3195 3033 solummodo
3224 2993 3347 3035 esse
3377 2995 3506 3050 pro-

1921 3072 2162 3138 clamat,
2192 3083 2293 3126 nec
2318 3068 2547 3124 salutem
2575 3083 2729 3124 suam
2760 3069 2816 3122 in
2846 3067 2943 3122 illo
2979 3076 3187 3123 tantum
3229 3069 3350 3124 loco
3386 3084 3509 3126 esse

228 3179 400 3231 sessa,
430 3164 562 3219 nihil
591 3163 737 3218 aliud
765 3163 986 3233 respicit
1010 3163 1192 3219 cordis
1220 3163 1415 3220 intuitu
1432 3204 1448 3231 ,
1477 3179 1636 3236 quam
1665 3164 1814 3221 unde
1841 3173 1890 3241 ο
1919 3163 2250 3219 conclusam.
2277 3160 2434 3218 Unde
2456 3161 2502 3216 si
2527 3175 2794 3230 quoquam
2836 3174 2897 3216 se
2923 3174 3032 3215 non
3055 3160 3290 3216 celerius
3315 3175 3498 3233 aspor-

231 3258 517 3328 pecuniam
560 3269 759 3325 parare
783 3255 997 3320 valeat,
1021 3269 1116 3324 per
1142 3269 1303 3323 quam
1333 3255 1504 3324 possit
1540 3254 1609 3311 de
1636 3269 1820 3310 mona-

231 3348 388 3403 sterii
411 3347 697 3418 disciplina
723 3347 1042 3418 quantocius
1066 3347 1308 3416 evolare,
1327 3347 1526 3402 nullam
1545 3348 1815 3404 exhibens

232 3439 431 3506 ﬁdem,
461 3437 553 3494 ubi
606 3439 845 3510 potuerit
883 3439 1086 3494 nummi
1137 3453 1262 3509 spes
1303 3439 1482 3509 aliqua
1519 3439 1814 3510 refulgere.

232 3530 261 3570 δ
289 3533 392 3588 Pro
423 3533 524 3586 hac
549 3545 660 3586 non
687 3529 954 3586 mendacii
977 3572 991 3595 ,
1025 3546 1132 3584 non
1161 3531 1415 3601 perjurii,
1447 3545 1553 3586 non
1580 3530 1708 3585 furti
1737 3531 1818 3586 fa-

231 3625 390 3680 cinus
420 3624 710 3680 admittere
749 3623 1157 3693 perhorrescit,
1183 3638 1294 3679 non
1334 3623 1496 3679 ﬁdem
1525 3624 1774 3694 frangere
1799 3666 1816 3692 ,

1922 3258 2146 3324 taverit,
2183 3271 2244 3312 se
2269 3256 2566 3326 periturum
2609 3255 2858 3325 protinus
2900 3255 3138 3326 graviter
3168 3256 3502 3327 ingemiscit.

2519 3368 2749 3426 CAPUT
2787 3367 2880 3425 IX.

1925 3463 2076 3531 Quod
2104 3463 2385 3518 monachus
2411 3462 2604 3517 habens
2645 3463 2923 3544 pecunias,
2948 3462 3004 3516 in
3042 3463 3269 3520 canobio
3303 3480 3507 3537 perma-

2488 3549 2608 3588 nere
2629 3550 2732 3588 non
2755 3542 2938 3605 possit.

1995 3625 2179 3696 Itaque
2210 3635 2234 3663 ⁶
2266 3625 2635 3682 instabilitatis
2673 3639 2787 3702 suas
2815 3625 3070 3681 viaticum
3099 3626 3306 3684 habens
3346 3644 3505 3684 num-

1223 3719 1228 3730 '
1302 3717 1559 3772 ALARDI
1597 3717 1829 3774 GAZIEI
1864 3716 2438 3776 COMMENTARIUS.

305 3815 562 3936 :u?éﬁn;
585 3827 748 3914 quam
771 3811 894 3868 aliis
907 3812 1088 3866 verbis
1113 3810 1306 3866 extulit
1333 3819 1493 3880 poeta
1523 3808 1820 3881 (Iuvenalis

234 3883 697 4012 81³⁸98θὲ3δῷοτ
719 3963 900 4011 nummi
923 3966 1156 4023 quantum
1181 3962 1280 4024 ipsa
1305 3961 1510 4023 pecunia
1535 3962 1730 4011 crescit.

233 4039 329 4093 Cui
358 4051 623 4112 consonat
652 4041 781 4112 illud
805 4040 1015 4095 Eccles.
1048 4040 1246 4094 Avarus
1277 4056 1379 4095 non
1402 4041 1699 4111 implebitur
1729 4058 1820 4112 pe-

233 4112 392 4162 cunia
418 4107 648 4179 (Eccles.
683 4110 760 4178 v).

305 4179 334 4254 ἓν
363 4180 548 4234 Habes
576 4181 663 4254 hic
690 4182 976 4254 plerasque
1020 4180 1259 4254 avaritia:
1285 4222 1299 4246 ,
1349 4195 1445 4254 seu
1472 4181 1816 4254 pllilargyrite

234 4251 399 4312 ﬁlias,
433 4261 487 4304 et
518 4252 756 4316 soboles,
780 4267 807 4302 a
844 4252 905 4304 Ι).
930 4251 1189 4319 Gregorio
1215 4253 1462 4321 superius
1489 4251 1808 4309 recensitas.

312 4332 334 4358 ε
364 4321 608 4376 Avaritia
634 4321 855 4390 ,oinquit
879 4322 943 4376 D.
969 4322 1204 4376 Thomas
1230 4364 1246 4389 ,
1275 4334 1615 4388 comparatur
1637 4325 1812 4380 idolo-

237 4391 434 4455 latriae,
464 4406 558 4458 per
584 4393 872 4461 quamdam
903 4393 1336 4457 similitudinem,
1377 4396 1500 4462 quia
1528 4394 1669 4448 sicut
1699 4396 1816 4450 ido-

238 4464 456 4517 lolatria
484 4463 702 4531 subjicit
731 4479 792 4518 se
826 4472 1116 4527 creaturae;
1141 4465 1220 4518 sic
1249 4473 1302 4519 et
1327 4479 1562 4518 avarus:
1598 4481 1704 4520 non
1738 4477 1816 4520 ta-

236 4549 362 4587 men
391 4532 584 4603 eodem
617 4533 784 4603 modo,
800 4532 825 4603 (
849 4533 970 4598 2-2,
994 4551 1047 4603 q.
1075 4535 1200 4596 118,
1231 4549 1283 4587 a.
1315 4534 1350 4588 5
1370 4534 1440 4586 ad
1471 4534 1525 4600 4,
1553 4546 1602 4589 et
1628 4537 1682 4588 in
1711 4553 1759 4590 c.
1783 4551 1816 4589 v

237 4604 310 4657 ad
338 4603 472 4674 Eph.
505 4601 630 4674 lect.
662 4603 738 4672 5).
769 4601 900 4657 Nam
933 4601 1234 4658 idololatria
1264 4604 1481 4672 subjicit
1507 4620 1567 4660 se
1603 4615 1818 4661 creatuo

235 4689 318 4729 rae
345 4714 362 4737 ,
382 4673 455 4726 ut
481 4673 736 4728 exhibeat
765 4675 814 4728 ei
846 4674 1045 4728 cultum
1085 4675 1325 4728 divinum
1359 4691 1372 4727 :
1403 4689 1597 4730 avarus
1636 4684 1814 4732 autem

234 4743 460 4813 subjicit
487 4754 841 4813 se_creaturaa
861 4744 1214 4800 immoderate
1243 4759 1361 4798 eam
1383 4747 1817 4812 concupiscendo

234 4815 307 4868 ad
331 4811 746 4887 usumA(l’Itilip.
770 4829 849 4878 tu,
875 4813 1362 4887 S.4I_Iieron.gepist.
1391 4815 1508 4886 22).
1533 4811 1632 4872 Est
1659 4819 1818 4887 igitur

233 4899 435 4939 avarus
463 4883 770 4956 idololatra,
798 4899 902 4940 non
924 4885 1030 4938 ﬁde
1050 4898 1103 4939 et
1122 4883 1267 4939 cultu
1289 4927 1305 4950 ,
1329 4887 1424 4940 sed
1451 4883 1814 4956 aﬂectufquia

235 4956 410 5026 magis
438 4952 688 5026 addictus
714 4970 848 5026 auro
871 4995 888 5020 ,
924 4970 1084 5026 quam
1116 4956 1246 5021 Deo,
1278 4957 1415 5011 sicut
1443 4957 1666 5026 gulosus
1687 4952 1818 5013 ven-

365 5023 521 5080 Unde
548 5035 602 5079 et
628 5023 697 5080 de
727 5025 929 5094 gulosis
942 5023 1153 5080 dicitur
1180 5042 1195 5081 :
1225 5023 1618 5094 Quorum'Deus
1647 5038 1819 5083 venter

233 5105 336 5150 est.
365 5095 502 5148 Hinc
527 5095 668 5159 apud
700 5096 946 5150 ethnicos
978 5096 1130 5150 Pluto
1150 5105 1206 5152 et
1244 5097 1484 5151 Bacchus
1509 5098 1563 5152 in
1591 5113 1818 5155 numero

233 5167 468 5220 deorum
503 5165 669 5219 habiti
695 5174 840 5228 sunt,
872 5168 1124 5235 quoniam
1149 5168 1236 5220 ille
1266 5183 1573 5232 avarorum,
1603 5168 1690 5225 hic
1723 5183 1818 5224 vo-

232 5237 615 5303 luptuosorum
646 5235 788 5290 Deus
818 5246 921 5292 est.
948 5237 1205 5292 Eamdem
1229 5253 1397 5306 porro
1426 5238 1670 5307 Apostoli
1694 5254 1820 5294 sen-

233 5309 467 5361 tentiam
499 5307 774 5377 illustrat,
823 5317 878 5362 et
903 5309 1159 5377 explanat
1187 5311 1350 5364 etiam
1390 5309 1733 5364 Innocentius
1763 5310 1817 5364 in

231 5377 432 5434 libello
454 5377 522 5431 de
551 5376 771 5431 miseria
818 5378 1140 5433 conditionis
1174 5380 1418 5434 humana:
1448 5381 1502 5434 in
1531 5379 1674 5433 hunc
1698 5395 1818 5434 mo-

230 5449 370 5504 dum
407 5465 422 5500 :
451 5447 680 5500 Avaritia
706 5488 724 5514 ,
758 5449 1038 5501 secundum
1085 5451 1416 5518 Apostolum,
1456 5461 1530 5503 est
1562 5450 1820 5504 idolorum

232 5520 464 5573 servitus
492 5558 509 5580 ,
538 5519 661 5587 quia
708 5520 841 5571 sicut
870 5519 1147 5572 idololatra
1184 5523 1335 5573 servit
1375 5521 1655 5575 simulacro
1685 5560 1704 5587 ,
1749 5522 1824 5575 sic

231 5605 424 5643 avarus
439 5589 592 5643 servit
609 5590 870 5650 thesauro.
888 5587 1027 5642 Nam
1046 5591 1134 5645 ille
1156 5589 1353 5643 cultum
1377 5590 1688 5645 idololatriae
1703 5592 1826 5645 dili-

342 5670 421 5715 ter
431 5659 648 5730 ampliat
661 5674 681 5713 :
691 5661 1036 5731 isteacervum
1048 5664 1281 5730 pecunia:
1291 5661 1563 5731 diligenter
1574 5664 1821 5716 cumulat.

277 5731 345 5786 lle
370 5748 487 5786 cum
511 5729 655 5784 omni
697 5729 970 5800 diligentia
1006 5729 1126 5785 colit
1148 5729 1520 5796 simulacrum;
1569 5735 1665 5787 iste
1706 5749 1823 5786 cum

234 5803 380 5862 omni
409 5817 535 5857 cura
563 5801 789 5854 custodit
808 5799 1134 5855 thesaurum.
1176 5799 1279 5858 Ille
1299 5819 1440 5874 spem
1471 5805 1610 5874 ponit
1631 5804 1684 5858 in
1710 5803 1822 5858 ido-

520 5900 803 5963 Pa'rnon.
849 5893 1079 5965 XLIX.

1933 3811 2176 3876 lolatria;
2200 3813 2298 3865 iste
2322 3828 2463 3878 spem
2489 3827 2635 3864 suam
2675 3813 2934 3866 constituit
2972 3812 3026 3866 in
3053 3815 3291 3881 pecunia.
3324 3813 3426 3870 Ille
3447 3819 3508 3872 ti~

1930 3893 2029 3936 met
2054 3881 2296 3936 mutitare
2324 3881 2689 3944 simulacrum;
2710 3890 2758 3936 et
2776 3885 2868 3937 iste
2895 3884 3033 3936 timet
3058 3883 3286 3938 minuere
3307 3887 3508 3942 thesau-

1929 3968 2064 4006 rum.
2114 3954 2240 4007 Haac
2269 3953 2634 4024 Innocentius.
2662 3954 2838 4007 Aliam
2866 3954 3131 4009 rationem
3161 3958 3348 4024 accipe
3377 3974 3406 4009 a
3441 3961 3506 4013 D.

1927 4025 2214 4095 Ambrosio
2249 4042 2260 4078 :
2295 4024 2447 4095 Sicut
2488 4022 2785 4077 idololatria
2831 4026 2921 4077 uni
2951 4024 3057 4077 Deo
3086 4022 3510 4095 nititur—auferre

1926 4093 2172 4164 gloriam,
2205 4112 2268 4148 ne
2289 4094 2426 4159 quod
2454 4095 2500 4147 ei
2525 4095 2792 4164 proprium
2818 4105 2910 4158 est,
2941 4095 3082 4149 solus
3111 4095 3296 4151 habeat
3325 4093 3510 4155 nomen

1927 4163 2211 4240 divinitatis
2233 4167 2340 4220 :sic
2363 4163 2582 4218 avaritia
2608 4170 2660 4218 in
2681 4163 2776 4240 _Dei
2818 4182 2872 4219 se
2910 4182 2990 4219 res
3031 4167 3105 4218 ita
3142 4170 3388 4240 eatendit,
3426 4182 3504 4240 ut,

1915 4236 1960 4288 si
1981 4236 2094 4304 ﬁeri
2113 4245 2316 4310 posset,
2349 4253 2482 4290 unus
2517 4247 2565 4290 et
2612 4237 2755 4290 solus
2794 4247 3083 4310 creaturam
3125 4237 3222 4290 sibi
3256 4236 3504 4310 usurpet,

1913 4322 2072 4376 quam
2103 4305 2238 4361 Deus
2261 4310 2495 4360 omnibus
2523 4322 2839 4360 communem
2869 4307 2993 4375 fecit
3021 4305 3109 4376 (In
3135 4305 3403 4364 comment.
3437 4305 3508 4367 ad

1920 4375 2121 4433 Coloss.
2165 4378 2269 4447 III).
2301 4377 2366 4430 Et
2394 4377 2522 4431 alibi
2557 4379 2749 4431 iterum
2783 4394 2797 4430 :
2831 4375 3059 4429 Avaritia
3089 4377 3285 4433 idcirco
3333 4383 3506 4436 idolo-

1917 4447 2087 4501 latria
2113 4455 2411 4516 comparata
2438 4458 2532 4510 est,
2563 4448 2684 4516 quia
2713 4464 2793 4513 ea,
2824 4463 2938 4514 quin
2955 4446 3052 4501 Dei
3077 4456 3221 4511 sunt,
3244 4451 3338 4503 sibi
3361 4468 3510 4507 usur-

1921 4528 2010 4584 pat
2036 4525 2084 4570 et
2112 4519 2376 4581 recondit;
2406 4525 2460 4568 ut
2486 4532 2600 4584 qua:
2631 4518 2806 4570 usibus
2834 4520 3060 4570 omnium
3082 4522 3328 4574 concessit
3366 4521 3508 4581 Deus

1921 4590 2284 4654 communiter,
2331 4587 2547 4640 avaritia
2587 4587 2825 4657 denegat.
2858 4588 3063 4654 quando
3105 4589 3297 4644 idcirco
3323 4596 3509 4650 retinet

1844 4661 1895 4722 D
1921 4674 2018 4733 sua
2044 4659 2186 4733 apud
2210 4673 2376 4733 se,_ne
2401 4658 2493 4733 alii
2521 4666 2754 4733 utantur.
2795 4657 2976 4733 Aliam
2999 4661 3130 4713 item
3165 4673 3194 4714 a
3325 4665 3508 4733 Augu.

1919 4729 2063 4804 stino
2095 4747 2108 4782 :
2142 4728 2296 4781 Avari
2323 4728 2429 4796 frui
2451 4727 2624 4781 volunt
2648 4744 2878 4804 nummo,
2903 4729 2977 4782 uti
2998 4739 3169 4804 autem
3198 4729 3310 4804 l_)eo
3336 4748 3354 4786 :
3379 4727 3508 4804 quo-

1920 4800 2060 4870 niam
2103 4816 2207 4851 non
2254 4813 2518 4852 nummum
2569 4809 2780 4866 propter
2820 4797 3330 4870 DeumAimpendunt
3357 4797 3507 4866 {sed

1919 4866 2090 4946 Deum
2117 4879 2327 4946 prOpfer
2347 4870 2807 4946 nummumncolunt
2832 4873 2861 4946 ί
2871 4867 2947 4923 De
2976 4866 3127 4924 Civit.
3157 4870 3194 4923 l.
3226 4886 3280 4925 xt
3305 4889 3354 4926 c.
3383 4871 3500 4946 25).

1918 4937 2056 4994 Vide
2081 4936 2230 5006 plura
2255 4941 2321 4993 ad
2352 4939 2544 4992 Cullat.
2578 4936 2645 4991 12
2678 4953 2797 5006 cap.
2829 4939 2886 4993 2.

1989 5017 2018 5055 ἀ
2048 5019 2334 5089 Dionysius
2361 5017 2646 5089 dilucidius
2677 5036 2689 5071 :
2725 5017 2938 5072 Talibus
2983 5019 3305 5073 eversionum
3344 5031 3392 5075 et
3427 5025 3506 5078 vi-

1920 5089 2110 5143 tiorum
2130 5087 2478 5144 incrementis.
2510 5087 2613 5143 Ubi
2637 5098 2938 5158 opportune
2960 5091 3228 5144 succurrit
3254 5091 3347 5144 illa
3377 5106 3507 5148 sen-
3538 5119 3547 5128 ι

1919 5161 2088 5215 tentia
2116 5161 2175 5214 D.
2200 5158 2486 5230 Augustini
2511 5158 2635 5212 huic
2655 5157 2776 5213 luco
2800 5174 3056 5228 perquam
3076 5161 3506 5230 accommodata,

1921 5244 2025 5300 qua
2057 5231 2130 5301 ait
2159 5247 2171 5282 :
2203 5229 2516 5301 Simpliciter
2541 5230 2707 5296 fateor
2733 5230 2976 5284 charitati
2996 5240 3172 5301 vestrm
3197 5245 3371 5284 coram
3390 5229 3507 5288 Do;

1924 5299 2062 5371 mino
2089 5299 2198 5355 Deo
2227 5299 2399 5354 nostro
2419 5340 2434 5364 ,
2464 5302 2552 5371 qui
2581 5301 2724 5353 testis
2745 5309 2818 5354 est
2855 5315 3008 5371 super
3034 5299 3256 5371 animam
3286 5316 3455 5358 meam
3484 5322 3506 5360 :

1923 5369 2010 5424 Ea:
2037 5388 2136 5441 quo
2167 5371 2275 5424 Deo
2306 5368 2492 5425 servire
2518 5371 2645 5440 cmpi
2669 5412 2686 5436 ,
2729 5387 2828 5438 quo
2859 5369 3012 5422 modo
3039 5368 3252 5441 difﬁcile
3275 5387 3390 5425 sum
3416 5392 3508 5432 ex-

1925 5440 2097 5512 pertus
2141 5443 2376 5496 meliores
2403 5457 2554 5508 quam
2594 5442 2681 5508 qui
2709 5441 2762 5494 in
2788 5440 3111 5514 monasteriis
3140 5442 3468 5510 profecerunt
3489 5491 3507 5514 ,

1929 5510 2005 5564 ita
2024 5528 2128 5565 non
2149 5529 2263 5566 sum
2285 5521 2523 5580 expertus
2547 5515 2744 5581 pejores
2782 5526 2934 5580 quam
2963 5510 3049 5578 qui
3090 5512 3146 5562 in
3183 5510 3510 5581 monasteriis

1934 5583 2223 5636 ceciderunt
2272 5599 2290 5636 :
2330 5579 2406 5635 ita
2435 5591 2488 5634 ut
2527 5579 2644 5652 hinc
2687 5579 2903 5634 arbitrer
2929 5581 2984 5652 in
3013 5579 3327 5652 Apocalypsi
3381 5591 3510 5642 seri-

1934 5661 2077 5718 ptum
2108 5653 2340 5725 .f_.lustus
2361 5651 2676 5725 justiorﬁat
2691 5669 2711 5717 ;
2741 5652 2899 5725 atqui
2922 5649 2977 5703 in
2995 5649 3282 5725 sordibus,
3332 5662 3510 5712 sorde-

1931 5734 2040 5778 scat
2060 5723 2229 5776 adhuc
2250 5720 2433 5792 (Apoc.
2453 5720 2609 5801 xxii).
2639 5721 2764 5776 Haec
2783 5722 3114 5790 Augustinus
3136 5721 3330 5793 (Epist.
3354 5727 3504 5801 157).

2002 5813 2033 5875 ε
2063 5801 2324 5858 Viaticum
2378 5800 2612 5857 sumitur
2643 5815 2742 5871 pro
2794 5801 2918 5857 cibo
2940 5843 2956 5868 ,
2985 5804 3280 5882 pecuniave
3305 5845 3320 5872 ,
3347 5800 3508 5880 quam

2931 5895 3010 5960 10
