3986 6320
503 248 610 329 β99

1821 251 2101 327 JOANNIS
2137 251 2450 328 cassum

3659 269 3756 329 500

502 379 646 442 mos,
673 362 729 436 in
753 375 984 440 quorum
1014 358 1270 457 praesidio
1294 359 1503 418 alarum
1530 359 1630 418 sibi
1661 360 1832 420 instar
1856 367 2083 436 aptavit,
2109 371 2161 432 Α
2187 371 2354 440 mnia,
2389 387 2494 427 non
2516 370 2848 446 jejuniorum
2876 374 3119 446 modum,
3147 393 3254 438 non
3281 379 3580 454 vigiliarum
3601 400 3757 457 regn.

500 457 722 532 jamque
761 457 830 534 ad
877 455 1362 534 transmigrandum
1413 459 1632 532 paratus
1677 457 1972 530 insolenter
2011 460 2081 516 ad

501 551 680 628 pmnia
709 557 980 630 praecepta
1007 547 1335 620 respondet;
1358 557 1412 622 et
1438 557 1712 620 tamquam
1735 552 2080 622 peregrinum

502 627 935 732 extraneumque
979 656 1044 714 se
1094 655 1291 713 gerens
1321 680 1338 708 ,
1392 656 1745 724 quaecumque
1787 642 2082 720 indigentia

498 739 847 814 porrectione
890 737 1262 810 perspexerit,
1294 736 1517 809 negligit
1555 745 1720 809 atque
1760 739 2077 806 contemnit.

500 831 746 903 Cumque
767 831 951 900 furtim
977 828 1250 900 possideat
1276 829 1612 908 reconditam
1641 832 1950 902 pecuniam,
1979 845 2083 888 nec

501 925 867 994 calceamenta
912 921 1128 990 quidem
1171 936 1236 978 ac
1261 923 1578 978 vestimenta
1618 938 1679 978 se
1703 923 1903 980 habere
1945 938 2081 980 con-

497 1016 764 1091 queritur,
795 1012 1023 1083 darique
1049 1012 1154 1085 sibi
1181 1013 1388 1068 tardius
1407 1013 1739 1087 indignatur.
1769 1017 1847 1084 Ac
1868 1013 1915 1068 si
1943 1013 2082 1070 forte

499 1106 908 1181 dispensatione
937 1106 1172 1180 senioris
1201 1106 1251 1162 ei
1281 1107 1449 1178 prius,
1482 1108 1573 1178 qui
1594 1107 1728 1180 nihil
1751 1109 1964 1181 penitus
1986 1109 2083 1164 lia-

493 1197 628 1277 bere
658 1199 1021 1272 cognoscitur,
1051 1198 1253 1270 aliquid
1282 1198 1472 1270 horum
1513 1199 1678 1273 luerit
1703 1201 2037 1278 impartitum
2059 1242 2077 1268 ,

492 1291 793 1370 majoribus
819 1291 917 1346 ira:
938 1291 1169 1346 stimulis
1187 1291 1502 1359 inardescit,
1521 1306 1685 1365 seque
1706 1291 1910 1363 despici
1933 1293 2082 1350 velut

489 1395 822 1464 extraneum
842 1393 1022 1454 putat,
1052 1399 1153 1440 nec
1176 1383 1244 1440 ad
1267 1384 1433 1442 ullum
1461 1399 1596 1454 opus
1621 1400 1808 1440 manus
1832 1400 1959 1442 suas
1988 1401 2080 1443 ac-

491 1475 846 1554 commodare
874 1483 1194 1542 contentus,
1222 1475 1569 1546 reprehendit
1598 1476 1776 1532 omnia
1795 1520 1808 1544 ,
1833 1491 1954 1546 quae
1985 1493 2080 1554 ne-

494 1553 733 1646 cessario
759 1567 878 1624 ﬁeri
899 1566 1212 1622 monasterii
1238 1566 1514 1638 compellit
1540 1567 1743 1622 utilitas
1766 1567 1923 1640 (Vide
1949 1567 2079 1624 Tur-

493 1643 626 1732 recr.
660 1643 808 1716 tract.
835 1659 906 1717 95
925 1661 981 1716 in
1003 1660 1132 1732 Reg.
1163 1659 1234 1714 Ι).
1262 1659 1507 1730 Bened.).
1534 1659 1742 1718 Deinde
1765 1662 2078 1718 occasiones

2183 461 2290 518 lam
2317 466 2590 524 custodire
2617 472 2907 540 permittit,
2940 488 3052 528 non
3077 483 3100 512 ε
3129 474 3473 532 honestarum
3500 478 3757 537 interces-

2183 557 2396 614 sionum
2443 562 2670 631 explere
2695 564 2876 621 ofﬁcia
2915 565 3064 632 sinit,
3091 567 3383 624 dummodo
3403 571 3490 626 vel
3516 574 3757 629 avaritia

2181 653 2388 710 rabiem
2416 660 2645 728 satiare,
2673 663 2760 717 vel
2789 663 3126 728 quotidianis
3156 663 3348 720 usibus
3377 667 3547 733 possit
3575 680 3758 724 occur-

2181 747 2658 813 rere:cupiditatis
2687 751 2864 820 ignem
2894 751 3024 808 dum
3049 755 3381 825 acquirendo
3409 756 3758 828 exstinguen-

2182 831 2308 888 dum
2345 837 2521 893 credit
2536 883 2552 909 ,
2583 841 2906 896 accendens.

2183 1007 2336 1079 Quod
2356 1014 2618 1069 occasione
2646 931 3246 1090 custog'Aeifdliisziimiw
3261 1060 3276 1086 ,
3306 1019 3619 1090 feminarum
3639 1036 3759 1075 con-

2667 1086 2900 1144 tubernia
2925 1089 3268 1158 requirantur.

2254 1194 2390 1252 Hinc
2410 1196 2522 1266 jam
2567 1199 2810 1256 nonnulli
2846 1215 2938 1268 per
2976 1201 3261 1272 abruptum
3293 1204 3647 1273 praecipitium
3677 1205 3758 1264 la-

2177 1288 2263 1360 psi
2293 1289 2630 1346 irrevocabili
2661 1293 2814 1346 ruina
2845 1293 3092 1348 feruntur
3131 1294 3199 1348 ad
3248 1303 3478 1351 mortem
3502 1340 3517 1365 ,
3567 1305 3624 1352 et
3652 1311 3759 1354 non

2179 1383 2420 1438 contenti
2460 1382 2564 1438 soli
2592 1383 2875 1452 possidere
2899 1425 2915 1449 ,
2945 1401 3080 1454 quas
3102 1384 3186 1441 vel
3220 1401 3508 1454 numquam
3552 1386 3762 1442 habue-

2179 1482 2324 1541 rant,
2361 1474 2447 1529 vel
2476 1473 2630 1528 initio
2659 1476 3238 1532 maloreservaverant
3269 1479 3545 1546 pecunias,
3580 1481 3762 1550 inqui-

2175 1575 2306 1640 runt
2335 1566 2691 1621 contubernia
2723 1567 3042 1624 feminarum
3064 1610 3079 1635 ,
3109 1584 3234 1640 quae
3265 1571 3498 1627 debeant
3521 1589 3609 1637 ea,
3639 1591 3761 1643 qua:

2179 1658 2321 1714 male
2344 1668 2597 1729 congesta
2618 1659 2699 1714 vel
2723 1669 2933 1714 retenta
2963 1669 3112 1725 sunt,
3135 1663 3428 1718 custodire.
3463 1663 3763 1734 Tantisque

493 1727 688 1822 quibus
728 1750 926 1807 odendi
951 1753 1036 1807 vel
1060 1727 1220 1808 irasci
1250 1727 1474 1818 debeat,
1508 1753 1749 1809 studiose
1789 1756 2070 1824 perquirit,
2102 1757 2150 1819 Β
2177 1765 2236 1806 se
2265 1727 2712 1818 occupationibus
2737 1752 2913 1808 noxiis
2943 1767 3007 1807 ac
3033 1753 3352 1822 perniciosis
3371 1727 3685 1823 involvunt,
3706 1765 3765 1810 ut

491 1857 562 1897 ne
579 1842 965 1898 levitermotus
991 1841 1059 1896 de
1077 1842 1311 1897 coetwbii
1336 1843 1621 1912 disciplina
1633 1844 1876 1899 videatur
1902 1846 2072 1902 exire.

491 1932 603 1990 Nec
633 1934 781 1989 solus
820 1940 998 1988 tamen
1042 1933 1428 2004 transmigrare
1465 1943 1750 1990 contentus
1773 1975 1790 2003 ,
1823 1950 1892 1991 ne
1942 1946 2078 1990 tam-

491 2042 653 2098 quam
683 2015 783 2082 suo
807 2027 941 2082 vitio
979 2025 1288 2082 deseruisse
1326 2025 1600 2091 credatur,
1633 2019 1863 2098 quantos
1889 2036 2077 2098 potue-

489 2117 563 2172 rit
604 2117 1066 2173 susurrationibus
1100 2117 1451 2174 clandestinis
1479 2117 1776 2187 depravare
1798 2134 1904 2173 non
1933 2119 2077 2173 desi-

488 2209 589 2263 nit.
617 2208 774 2275 Quod
815 2210 862 2263 si
889 2209 1048 2264 etiam
1083 2210 1344 2277 temporis
1371 2209 1640 2277 asperitas
1665 2249 1681 2276 ,
1727 2208 1956 2278 itineris,
1981 2222 2076 2264 seu

487 2301 845 2373 navigationis
870 2302 988 2371 ejus
1008 2300 1372 2356 intercluserit
1395 2309 1777 2368 commeatum,
1797 2315 1894 2370 per
1915 2315 2077 2356 omne

481 2393 617 2460 illud
652 2405 864 2463 tempus
891 2407 1178 2464 suspenso,
1205 2392 1477 2464 anxioque
1497 2392 1742 2450 residens
1771 2393 1955 2460 corde,
1983 2395 2078 2450 tri-

483 2486 662 2541 stitias
709 2500 893 2542 serere
925 2488 1013 2542 vel
1043 2486 1279 2542 excitare
1307 2502 1415 2542 non
1445 2496 1654 2553 cessat;
1684 2487 1957 2543 discessus
1984 2502 2076 2543 so-

479 2579 673 2642 latium
702 2589 757 2636 et
780 2580 1184 2636 excusationem
1209 2579 1443 2634 levitatis
1478 2593 1588 2634 non
1618 2593 1678 2634 se
1711 2579 1892 2646 aliter,
1913 2595 2075 2650 quam

486 2679 609 2728 nota
638 2673 728 2729 vel
756 2673 967 2728 macula
995 2671 1316 2727 monasterii
1345 2683 1715 2742 reperturum.

1109 2784 1338 2842 CAPUT
1375 2783 1446 2841 Χ.

485 2876 650 2945 Quem
671 2877 1013 2951 philargyrite
1034 2876 1258 2951 laborem
1288 2879 1467 2951 subeat
1491 2877 1724 2937 desertor
1747 2879 2074 2951 monasterii,

485 2968 516 2990 -τ
545 2968 558 2978 ι
611 2949 702 3021 qui
731 2960 849 3003 ante
870 2965 964 3019 pro
993 2949 1263 3004 leuissimis
1289 2949 1527 3020 cperibus
1555 2950 1931 3004 murmurabat.

556 3043 748 3113 Agitur
768 3042 948 3112 itaque
969 3041 1175 3096 facibus
1198 3041 1552 3112 pecuniarum
1577 3057 1796 3097 suarum
1821 3042 1992 3113 magis
2011 3057 2076 3098 ac

2179 1858 2352 1914 usque
2377 1844 2443 1896 ad
2459 1842 2783 1912 profundum
2806 1843 2959 1914 inferi
2981 1843 3392 1914 devoluti,dum
3416 1847 3766 1914 acquiescere

2177 1933 2255 1988 illi
2283 1933 2610 2003 Apostolicae
2655 1936 2944 2002 sententia:
2980 1943 3252 2002 renuunt,
3291 1948 3348 1990 ut
3385 1928 3646 1992 habentes
3684 1939 3769 1992 vi-

2177 2036 2324 2082 ctum
2354 2037 2408 2081 et
2436 2026 2820 2082 vestimentum
2850 2025 2934 2082 his
2959 2030 3198 2083 contenti
3241 2027 3350 2102 sint
3376 2029 3434 2098 (l
3462 2029 3599 2084 Tim.
3629 2046 3683 2084 vi
3705 2029 3726 2102 )
3751 2073 3766 2095 ,

2177 2131 2296 2188 qua;
2324 2117 2643 2172 monasterii
2673 2118 2951 2188 frugalitas
2979 2119 3297 2186 exhibebat,
3325 2117 3353 2157 ἀ
3387 2123 3480 2176 scd
3514 2123 3769 2178 volentes

2178 2208 2372 2264 divites
2399 2208 2542 2277 fieri,
2573 2209 2812 2263 incidant
2833 2209 2885 2269 in
2917 2211 3268 2286 tentationetn
3299 2221 3354 2268 et
3377 2213 3625 2282 laqueum
3657 2215 3770 2269 dia-

2178 2301 2319 2368 boli,
2354 2313 2406 2356 et
2432 2301 2702 2357 desideria
2746 2301 2939 2368 multa,
2972 2313 3027 2358 et
3055 2304 3286 2371 inutilia,
3315 2312 3370 2360 et
3395 2307 3607 2372 nociva,
3641 2322 3771 2377 quae

2177 2403 2430 2463 mergunt
2472 2394 2746 2448 hominem
2818 2394 2871 2449 in
2944 2396 3224 2450 interitum
3287 2406 3340 2452 et
3403 2397 3768 2465 perditionem

2181 2483 2408 2554 (Ibid.).
2434 2483 2602 2540 Radix
2631 2485 2777 2540 enim
2806 2486 3056 2542 omnium
3096 2489 3360 2544 malorum
3393 2497 3480 2546 est
3509 2494 3772 2558 pecunia-

2179 2595 2300 2634 rum
2323 2580 2590 2648 cupiditas
2615 2624 2630 2649 ,
2665 2580 2718 2636 id
2751 2588 2834 2635 est
2858 2624 2872 2648 ,
2909 2581 3238 2653 philargyria
3286 2601 3300 2637 :
3347 2599 3507 2651 quam
3543 2585 3770 2655 quidam

2179 2682 2498 2744 appetentes
2525 2684 2850 2730 erraverunt
2873 2691 2905 2729 a
2932 2673 3036 2730 ﬁde
3063 2717 3079 2741 ,
3106 2684 3162 2730 et
3202 2677 3548 2732 inseruerunt
3577 2693 3638 2734 se
3670 2679 3772 2735 do-

2177 2767 2387 2824 loribus
2416 2767 2622 2822 multis.

2759 2858 2988 2916 CAPUT
3027 2859 3147 2915 XII.

2176 2949 2486 3023 Exeunplum
2515 2950 2788 3018 cujusdam
2817 2952 2976 3025 tepidi
3007 2952 3273 3018 monachi,
3303 2951 3646 3025 philargyric
3687 2956 3774 3011 la-

2773 3024 2918 3094 queis
2947 3025 3179 3095 obligati.

484 3135 958 3205 magisaccensus,
984 3149 1104 3204 quae
1125 3147 1413 3203 possessas,
1435 3147 1724 3205 numquam
1748 3134 2070 3190 monachum
2097 3138 2144 3202 C
2243 3135 2361 3192 Non
2401 3137 2593 3206 ignoro
2638 3135 2947 3205 quemdam,
2983 3137 3074 3204 qui
3121 3135 3470 3206 semetipsum
3519 3146 3777 3194 autumat

483 3228 571 3283 vel
608 3228 662 3282 in
703 3227 1036 3283 monasterio
1080 3227 1325 3283 residere
1347 3266 1363 3294 ,
1409 3227 1497 3283 vel
1526 3229 1709 3283 vivere
1737 3227 1840 3282 sub
1865 3229 2067 3298 regulae
2171 3231 2514 3296 monachum,
2537 3228 2767 3298 sibique,
2793 3227 2936 3298 quod
2964 3236 3048 3282 est
3069 3227 3327 3296 deterius,
3346 3228 3412 3284 de
3431 3227 3776 3299 perfectione

481 3320 819 3377 institutione
849 3319 1186 3389 permittunt.
1212 3328 1239 3357 ι
1269 3317 1513 3390 Cumque
1539 3319 1737 3375 exinde
1767 3334 1890 3375 eum
1919 3321 2070 3375 velut
2167 3319 2463 3386 blanditur,
2492 3319 2582 3388 qui
2609 3328 2854 3388 receptus
2899 3319 2951 3373 in
2981 3319 3250 3384 ctenobio,
3276 3334 3398 3373 cum
3431 3335 3463 3374 a
3500 3334 3598 3374 suo
3629 3337 3769 3377 mo-

482 3412 664 3489 feralis
707 3411 952 3486 quaedam
989 3410 1161 3482 bestia
1205 3410 1275 3468 de
1319 3421 1464 3466 coetu
1512 3411 1694 3483 gregis
1735 3427 2066 3484 segregans,
2167 3419 2388 3466 neretur
2435 3411 2669 3476 abbate,
2708 3426 2774 3465 ne
2821 3411 3196 3465 revolveretur
3223 3411 3292 3464 ad
3335 3409 3446 3475 illa,
3489 3426 3611 3482 qua;
3671 3429 3772 3469 re-

482 3503 512 3546 δ
536 3521 701 3576 pecus
734 3515 1096 3576 opportunum
1140 3505 1335 3574 praedae
1359 3546 1376 3574 ,
1407 3504 1762 3560 destitutione
1800 3506 2066 3560 sodalium
2174 3505 2426 3560 nuntians
2468 3503 2760 3565 abdicarat,
2793 3519 2960 3574 seque
2989 3503 3058 3560 de
3095 3504 3360 3558 malorum
3391 3505 3631 3560 omnium
3686 3523 3779 3561 ra-

481 3601 695 3666 tecerit,
717 3611 774 3657 et
790 3599 1129 3657 devorationi
1153 3598 1368 3654 facilem
1390 3597 1734 3657 contubernii
1759 3599 2068 3669 privatione
2177 3595 2298 3652 dice
2334 3597 2689 3667 pltilargyria,
2730 3597 3064 3664 terrenisque
3101 3597 3311 3668 laqueis
3342 3596 3668 3666 expediret;
3709 3615 3778 3654 ac

481 3694 822 3763 reddiderit,
854 3709 977 3750 eum
1000 3733 1016 3760 ,
1049 3694 1139 3764 qui
1187 3691 1339 3761 prius
1368 3705 1536 3761 opera
1577 3691 1894 3746 monasterii
1930 3691 2072 3745 levia

481 3802 742 3844 exercere
770 3785 1114 3857 despexerat,
1146 3784 1235 3839 die
1259 3798 1324 3838 ac
1354 3791 1517 3839 nocte
1536 3797 1633 3852 spe
1665 3795 1904 3852 quaestus
1932 3781 2070 3838 infa-

481 3878 773 3950 tigabiliter
808 3878 1054 3955 laborare
1077 3875 1355 3950 compellit
1387 3891 1402 3929 :
1435 3889 1543 3931 non
1578 3875 1882 3931 orationum
1923 3874 2067 3948 sole-

2177 3691 2223 3745 si
2265 3688 2456 3744 mallet
2508 3687 2750 3757 pristinis
2795 3688 3136 3756 passionibus
3203 3689 3507 3754 emundari,
3563 3689 3779 3758 quibus

2175 3798 2297 3837 eum
2327 3782 2646 3852 gravissime
2671 3780 2900 3850 singulis
2937 3780 3230 3835 momentis
3284 3780 3500 3836 videbat
3546 3785 3775 3851 urgeri,

2178 3882 2202 3910 ε
2225 3879 2466 3927 cessaret
2482 3869 2736 3925 affectare
2757 3885 2838 3938 ea,
2856 3886 2975 3941 qua:
2997 3887 3064 3926 ne
3083 3881 3240 3926 antea
3261 3871 3478 3941 quidem
3499 3874 3778 3942 possede-

1568 4008 1820 4064 ALARDI
1858 4006 2093 4064 GAZABI
2128 4004 2693 4064 COMMENTARIUS.

477 4111 587 4180 iter
610 4117 832 4180 agentes
853 4104 1304 4180 circumferimus,
1329 4118 1425 4180 seu
1455 4117 1554 4180 pro
1573 4093 1838 4180 apparatu
1865 4102 1933 4180 ad
1953 4099 2060 4180 iter
2167 4101 2347 4154 circuit
2368 4115 2604 4180 auferens
2625 4115 2776 4180 quem
2801 4098 3004 4180 devoret
3023 4099 3066 4171 (1
3089 4098 3207 4180 P_et.
3229 4098 3527 4180 ttt‘l._(.2_ujus
3554 4100 3627 4180 rei
3656 4101 3780 4180 duo

477 4169 872 4253 capessendum
894 4173 1061 4252 :‘ltinc
1081 4169 1367 4253 ‘Qicero'ad
1397 4169 1670 4253 Atticum;
1701 4172 1866 4253 Velim
1887 4173 2060 4253 videas
2167 4172 2412 4253 exempla
2439 4170 2607 4253 habes
2635 4171 2775 4253 apud
2810 4171 2872 4222 D.
2920 4169 3246 4253 Gregorium.
3278 4173 3296 4242 (
3327 4170 3443 4253 [:ib.
3478 4186 3514 4224 tt
3542 4170 3777 4253 Dial-ig.

475 4259 528 4306 'et
550 4241 677 4320 quid
700 4243 973 4320 viatici,u'et
1002 4245 1126 4320 quid
1159 4246 1486 4299 instrumenti
1521 4243 1645 4298 satis
1672 4244 1758 4298 sit.
1794 4243 2056 4320 Viaticum
2167 4258 2284 4320 cap.
2307 4241 2404 4320 ‘25)
2439 4259 2452 4292 :
2487 4243 2716 4320 alterum
2744 4241 2811 4295 de
2842 4243 3110 4320 monacho
3147 4241 3248 4320 qui
3277 4283 3292 4304 ,
3315 4241 3392 4320 tie
3423 4241 3779 4320 monasterio

477 4312 660 4389 itaque
688 4312 1054 4374 instabilitatis
1078 4325 1258 4389 vocat
1277 4324 1469 4389 auctor
1501 4327 1750 4368 nummos
1781 4316 2055 4389 repositos
2167 4312 2494 4389 discedens,
2514 4312 2900 4389 _draconem_in
2929 4313 3122 4366 itinere
3146 4313 3353 4389 invenit
3389 4314 3479 4380 qui
3507 4327 3628 4389 eum
3672 4316 3774 4368 lie-

480 4393 549 4462 ad
570 4383 901 4462 evagandum
928 4429 944 4454 ,
973 4396 1064 4462 aut
1103 4385 1462 4462 recedendum
1491 4400 1522 4439 e
1551 4385 1900 4462 monasterio,
1921 4393 2058 4462 cum
2165 4397 2360 4462 vorare
2389 4383 2628 4462 volebat,
2664 4383 2768 4437 nisi
2807 4383 3001 4462 fratres
3037 4384 3464 4462 succurrissent;
3497 4383 3777 4462 alterum,

475 4452 720 4522 libuerit.
740 4461 908 4514 Porro
925 4452 992 4514 ex
1021 4458 1121 4513 hoc
1146 4459 1322 4525 capite
1345 4463 1400 4510 et
1424 4456 1778 4526 sequentibus
1803 4456 2059 4510 discimus
2165 4454 2234 4510 de
2263 4455 2436 4526 altero
2459 4455 2590 4526 item
2623 4454 2888 4507 monacho
2916 4456 3000 4507 cui
3034 4454 3051 4526 (
3078 4453 3276 4526 Regist.
3317 4454 3356 4526 l.
3409 4468 3461 4507 ix
3514 4468 3594 4519 ep.
3639 4452 3779 4524 58),

475 4525 859 4604 'philargyriae,
886 4545 979 4583 seu
1012 4525 1557 4604 proprietatisvitium
1585 4527 1640 4580 in
1670 4531 1932 4580 monacho
1957 4527 2060 4581 iui-
2085 4536 2140 4597 Ῑ)
2165 4525 2420 4579 similiter
2440 4525 2509 4578 de
2538 4527 2871 4604 monaSterio
2901 4525 3384 4604 lugere_co-gitanti,
3417 4526 3565 4604 cauis
3599 4527 3779 4604 niger

477 4593 611 4658 iium
642 4593 764 4657 esse
793 4593 1082 4664 apostasia:
1117 4593 1174 4652 et
1201 4597 1524 4654 defectionis
1553 4613 1584 4651 a
1610 4611 1708 4651 suo
1736 4607 1898 4652 statu.
2085 4593 2123 4597 ⁷
2163 4611 2286 4650 enm
2312 4607 2599 4650 voraturus
2626 4597 2905 4664 apparuit;
2938 4596 3033 4650 sed
3077 4593 3304 4649 fratrum
3339 4596 3589 4664 precibus
3614 4593 3780 4651 libe-

551 4683 577 4710 ⁸
607 4673 771 4727 Addit
793 4669 1083 4741 DionyAsius
1101 4669 1511 4741 substantivum,
1533 4667 1600 4722 de
1623 4683 1729 4735 quo
1753 4669 1839 4741 hic
1861 4667 2059 4741 agitur,
2162 4676 2423 4741 ratuscst
2449 4708 2463 4730 ,
2486 4675 2541 4741 et
2566 4668 2631 4720 ad
2661 4668 2930 4720 saniorem
2963 4674 3197 4741 mentem
3231 4665 3531 4741 reductus._
3661 4675 3666 4678 '

479 4753 536 4798 et
571 4743 888 4797 subauditur
910 4735 1167 4810 :Cumqne
1196 4740 1485 4808 praprietas
1516 4749 1780 4808 tamquam
1803 4739 1961 4793 bestia
1988 4735 2065 4809 fe;-
2198 4808 2207 4810 μ
2239 4746 2263 4775 ο
2291 4737 2346 4791 Id
2373 4747 2455 4791 est
2499 4739 2752 4810 honestas
2781 4740 3164 4810 occupationes
3200 4746 3255 4790 et
3299 4735 3784 4810 regularia_exer-

474 4821 572 4869 rex
600 4831 715 4869 eum
758 4813 822 4866 de
845 4820 977 4866 cmtu
1015 4808 1325 4879 separaverit
1365 4810 1626 4882 fratrum,
1658 4819 1704 4864 et
1734 4808 2064 4882 destitutidne
2161 4808 2463 4882 citia,_pnta
2494 4808 2731 4882 privatas
2757 4809 3035 4882 orationes
3059 4849 3072 4872 ,
3107 4808 3373 4882 lectiones
3399 4851 3413 4873 ,
3446 4808 3784 4864 meditatio-

475 4884 734 4939 ‘s‘ndalium
763 4882 935 4951 fecerit
967 4878 1501 4951 errabundum,etc.
1531 4879 1632 4936 Ubi
1666 4881 2058 4951 proprietatem
2163 4893 2281 4943 nes,
2310 4879 2742 4951 disputationes,
2771 4887 2956 4951 mutua
2983 4878 3268 4948 obsequia,
3300 4881 3514 4948 aliaque
3543 4882 3786 4934 exerci-

474 4957 655 5025 posuit
681 4949 777 5023 pro
806 4952 1131 5025 philargyria
1155 4990 1172 5016 ,
1203 4950 1346 5025 quod
1379 4950 1495 5004 haec
1522 4949 1837 5025 progriasit
1869 4966 2058 5025 mona-
2157 4951 2258 5025 tia,
2287 4949 2480 5018 quibus
2507 4963 2601 5010 per
2643 4949 2791 5004 vices
2821 4960 2876 5004 et
2907 4950 3193 5025 inters‘titia
3221 4957 3529 5025 temporum
3564 4965 3780 5004 mona-

475 5021 700 5081 chorum
741 5021 1084 5094 philargyria.
1131 5031 1189 5076 ut
1232 5021 1436 5094 dictum
1455 5029 1583 5094 est._
1620 5021 1936 5094 El_videtur
1969 5021 2060 5078 hic
2159 5021 2626 5094 'c_t.i_9ccnpamu!,

471 5099 679 5152 'Auctor
707 5087 982 5162 spectasse
1006 5091 1102 5162 illa
1131 5091 1296 5146 verba
1326 5090 1653 5159 patriarchm
1680 5091 1850 5146 Jacob
1890 5093 2054 5162 filium
2161 5101 2167 5110 '
2195 5092 2200 5100 ’
2234 5087 2532 5162 "Ytnnotat
2555 5088 2980 5162 Chrysostomus
3022 5107 3125 5145 non
3151 5090 3355 5162 dixisse
3384 5089 3720 5162 Apostolum
3761 5109 3776 5143 :

470 5184 630 5238 suum
660 5158 890 5238 lugentis
923 5180 936 5218 :
969 5161 1110 5217 Fera
1134 5158 1364 5238 pessima
1393 5162 1651 5238 deuorauit
1689 5163 1858 5232 ﬁlium
1888 5158 2058 5238 meum
2164 5165 2255 5238 qui
2286 5161 2480 5215 divites
2505 5158 2781 5238 _sunt_,"sed
2807 5163 3112 5238 Qui_volun‘t
3132 5161 3312 5238 diuite!
3345 5161 3565 5238 ﬁeri,uu_t
3594 5161 3782 5238 intel-

470 5236 668 5305 Jos‘eph
693 5230 1352 5308 (’Genes.__xxxvtt)'.'Hanc
1385 5236 1528 5308 enim
1559 5230 1725 5288 feram
1759 5234 2050 5301 pessimam
2165 5233 2298 5308 ligas
2331 5249 2437 5308 non
2487 5233 2749 5308 divitias,
2788 5233 2882 5308 sed
2908 5235 3102 5308 barum
3129 5232 3482 5308 cupiditatem
3511 5230 3578 5284 ab
3607 5230 3784 5308 Apo—

471 5303 716 5363 nonnulli
768 5305 1048 5361 moraliter
1091 5318 1193 5359 nec
1246 5304 1425 5373 inepte
1473 5303 1898 5373 interpretantur
1923 5317 2054 5373 pro—
2163 5305 2304 5358 stoln
2335 5303 2600 5357 damnari.
2635 5304 2767 5358 Vide
2815 5304 2872 5373 δ.
2907 5304 3167 5358 Thomam
3215 5305 3265 5357 in
3314 5303 3729 5373 commentario
3760 5345 3780 5368 ,

469 5379 756 5448 prietatem
786 5387 839 5433 et
869 5375 1173 5448 avaritiam,
1207 5371 1582 5448 qutejdev‘orat
1613 5371 1676 5448 ac
1716 5374 1887 5442 perdit
1915 5371 2055 5430 filios
2166 5375 2252 5430 ubi
2284 5375 2425 5448 inter
2454 5375 2558 5448 alia
2587 5375 2718 5430 dicit
2751 5392 2761 5425 :
2806 5372 3017 5448 Diuitias
3063 5374 3509 5448 tentationessunt
3538 5381 3552 5435 ,
3577 5378 3625 5448 et
3681 5371 3785 5448 (a-

471 5442 665 5513 ila'cob,
715 5449 767 5504 id
814 5455 897 5503 est
943 5442 1262 5510 monachos,
1292 5444 1488 5500 diaboli
1519 5445 1955 5515 supplantatores
2002 5454 2057 5501 et
2162 5447 2317 5516 quei;
2341 5445 2427 5514 qui
2456 5446 2622 5511 primo
2654 5453 2870 5507 tentant,
2896 5447 2950 5497 in
2968 5456 3216 5516 quantum
3236 5442 3784 5516 alliciunt,etindu-

471 5519 748 5590 Spiritalcs
776 5517 1106 5590 Israelitas._
1178 5587 1187 5590 _
1281 5586 1295 5590 Α
1533 5587 1543 5590 _
1593 5514 1600 5515 ί
1630 5514 1636 5515 ί
1863 5585 1875 5590 _
1904 5587 1911 5590 _
1979 5587 1989 5590 Α
2163 5514 2377 5590 cuntad
2403 5517 2568 5590 multa
2587 5522 2818 5590 pecrata,
2848 5523 2894 5590 et
2938 5514 3050 5585 past
3072 5519 3125 5590 in
3153 5515 3376 5590 peccatis
3415 5514 3675 5590 detinent,
3728 5526 3788 5569 et

499 5584 522 5598 ”
547 5589 574 5627 δ
616 5587 706 5641 Vae
730 5588 850 5653 soli,
883 5587 957 5642 ait
990 5586 1422 5653 Ecclesiasticus,
1453 5587 1577 5658 quia
1625 5585 2010 5658 cum_ceciderit
2037 5627 2053 5653 ,
2161 5588 2324 5658 quasi
2348 5588 2528 5655 laqueo
2551 5584 2831 5639 involvunt.
2863 5584 3049 5658 Itaque
3070 5584 3261 5640 divitite
3280 5597 3397 5656 sunt
3429 5601 3528 5638 non
3562 5585 3790 5638 haben-

469 5677 575 5716 non
603 5659 752 5713 habet
777 5659 1117 5711 sublevantem
1141 5671 1185 5712 et
1214 5655 1560 5729 protegentem
1601 5671 1656 5711 se
1710 5655 1901 5729 (Eccli.
1935 5656 2052 5727 tv):
2163 5655 2301 5712 tibus
2329 5659 2394 5710 ad
2426 5659 2785 5722 tentationem,
2824 5657 3128 5729 habentibus
3154 5665 3207 5711 in
3240 5655 3512 5728 laqueum.

472 5732 600 5790 dum
623 5730 840 5786 interim
867 5730 1197 5784 adversarius
1226 5725 1425 5801 noster,
1447 5725 1817 5800 tamquamleo
1843 5725 2056 5800 rugiens
2236 5739 2260 5767 θ
2301 5729 2457 5784 Tales
2495 5736 2658 5783 etiam
2697 5728 2996 5784 monachos
3039 5725 3314 5802 suggillat
3342 5740 3396 5786 et
3431 5725 3796 5802 perstringit
