3986 6320
228 347 308 410 Boii
702 356 1314 417 DE'CmNOBIORUM
1351 356 1594 417 INSTIT.
1636 359 1767 418 LIB.
1807 359 1920 418 VII.
1951 391 2018 404 —-
2041 359 2132 417 DE
2171 361 2444 420 SPIRITU
2482 362 3004 423 PHILARGYRIE.

3391 365 3504 430 506

236 474 454 548 ‘Siquis
485 485 566 533 est
603 478 768 534 homo
796 481 1162 549 formidolosus
1190 489 1237 537 et
1271 483 1425 537 corde
1451 484 1638 555 pavido
1663 523 1677 548 ,
1709 498 1816 539 non
1840 483 1896 547 Α
1921 491 1998 538 est
2053 484 2189 538 enim
2238 500 2340 538 non
2383 501 2586 551 vovere,
2633 500 2789 555 quam
2827 498 3038 550 vovere,
3065 492 3115 538 et
3157 497 3263 538 non
3288 484 3509 543 reddere

245 569 529 643 egrediatur
558 571 632 625 ad
669 572 876 627 bellum
905 573 1098 627 :vadat
1139 584 1185 629 et
1224 585 1504 630 revertatur
1527 577 1581 630 in
1611 577 1822 630 domum

245 686 383 734 suam,
416 684 482 722 ne
509 685 708 740 pavere
737 670 896 741 faciat
927 670 1084 723 corda
1113 671 1336 739 fratrum
1363 686 1596 732 suorum,
1621 671 1749 724 sicut
1775 677 1824 724 et

248 767 338 838 ipse
361 765 541 817 timore
571 764 887 830 perterritus
917 772 987 816 est
1015 761 1194 830 (Deut.
1228 760 1340 833 xx).
1373 761 1482 816 Hoc
1511 762 1824 819 testimonio

248 857 355 928 quid
371 854 706 920 evidentius,
730 855 952 924 quaeso?
973 854 1165 909 Nonne
1194 854 1480 910 manifeste
1507 855 1708 909 mavult
1727 869 1825 910 eos

249 948 507 1018 Scriptura
553 946 922 1016 professionis
969 946 1133 1016 hujus
1192 961 1291 1001 nec
1349 947 1561 1001 initium
1607 947 1824 1002 sibimet

247 1057 518 1110 usurpare,
548 1055 651 1094 nec
688 1055 912 1107 nomen,
944 1055 1102 1109 quam
1134 1039 1515 1094 exhortatione
1543 1039 1820 1108 exemplo-

247 1153 339 1208 que
363 1147 626 1207 corrupto
653 1137 818 1191 etiam
860 1134 999 1190 alios
1037 1135 1106 1190 ab
1136 1133 1461 1204 Evangelica
1495 1133 1826 1203 perfectione

248 1244 512 1294 revocare,
547 1239 601 1284 et
630 1227 837 1283 inﬁdeli
876 1227 1154 1282 inﬁrmare
1185 1227 1435 1283 terrore?
1463 1226 1689 1282 Jubelur
1719 1225 1825 1280 ita-

245 1339 341 1394 que
364 1325 444 1378 eis
487 1333 544 1376 ut
587 1321 937 1376 discedentes
965 1336 996 1376 e
1026 1337 1202 1390 pugna
1255 1331 1594 1376 revertantur
1631 1320 1685 1375 in
1722 1319 1825 1375 do-

245 1431 383 1472 mum
404 1431 554 1470 suam
577 1457 595 1482 ,
625 1414 753 1485 quia
779 1430 886 1469 non
909 1424 1088 1484 potest
1119 1414 1409 1484 quisquam
1440 1413 1639 1483 duplici
1663 1413 1828 1469 corde

244 1507 375 1564 bella
398 1506 615 1561 Domini
647 1506 902 1576 praeliari.
936 1505 1030 1559 Vir
1053 1506 1190 1560 enim
1213 1505 1408 1578 duplex
1428 1506 1625 1570 animo,
1645 1507 1828 1560 incon-

243 1611 380 1654 stans
408 1610 483 1652 est
510 1601 563 1653 in
591 1599 828 1653 omnibus
847 1599 941 1651 viis
969 1598 1076 1652 suis
1098 1596 1307 1670 (Iacob.
1337 1601 1399 1668 t).
1436 1598 1503 1653 Et
1527 1599 1829 1669 cogitantes

247 1695 542 1753 secundum
576 1694 727 1748 illam
751 1693 1031 1762 Evangelii
1056 1693 1368 1762 parabolam
1389 1735 1404 1760 ,
1437 1709 1559 1748 eum
1587 1693 1675 1764 qui
1704 1707 1827 1748 cum

245 1788 423 1844 decem
456 1785 702 1842 millibus
732 1784 1108 1856 progreditur,
1132 1794 1322 1840 contra
1370 1800 1557 1856 regem
1595 1801 1718 1840 cum
1749 1785 1826 1841 vi-

1922 578 2252 650 (Eccles.v).
2297 579 2530 635 Pulchre
2565 588 2746 634 autem
2797 578 2883 634 hic
2930 593 3054 636 cum
3105 579 3294 635 decem
3341 577 3510 635 milli-

1922 674 2054 740 bus,
2090 685 2146 728 et
2178 674 2268 728 ille
2305 688 2430 729 cum
2459 673 2646 744 viginti
2676 674 2865 730 venire
2894 673 3513 744 describitur.Amplior

1924 769 2068 824 enim
2089 769 2343 824 vitiorum
2366 783 2464 823 nos
2491 769 2916 839 impugnantium
2940 782 3199 824 numerus
3219 776 3326 835 est,
3341 782 3510 838 quam

1925 865 2185 917 virtutum
2217 877 2315 932 pro
2343 861 2504 916 nobis
2530 859 2921 917 dimicantium.
2952 859 2980 900 ι’
3013 860 3186 915 Nemo
3214 869 3386 914 autem
3415 874 3515 929 po-

1925 966 2022 1013 test
2050 956 2160 1011 Deo
2191 957 2398 1022 seruire,
2433 963 2482 1010 et
2513 971 2817 1010 mammona:
2846 955 3059 1028 (Matth.
3087 953 3186 1026 vt).
3219 965 3243 994 θ
3277 953 3390 1008 Nec
3414 968 3514 1024 po-

1925 1065 2051 1103 nens
2078 1048 2349 1118 quisquam
2378 1062 2588 1100 manum
2629 1062 2772 1099 suam
2800 1062 2955 1115 super
2981 1056 3247 1112 aratrum,
3273 1052 3322 1098 et
3348 1041 3518 1114 respi-

1925 1141 2064 1196 ciens
2093 1149 2252 1208 retro,
2283 1147 2436 1207 aptus
2461 1149 2535 1194 est
2556 1155 2713 1210 regno
2741 1137 2836 1192 Dei
2860 1136 3016 1208 (Luc.
3036 1135 3139 1210 ιι).

2524 1250 2750 1310 CAPUT
2789 1250 2930 1308 XVI.

1927 1345 2090 1420 Cujus
2118 1346 2397 1401 testimonii
2426 1362 2480 1400 se
2496 1346 2681 1420 colore
2701 1354 2977 1420 tueantur,
3025 1343 3114 1415 qui
3142 1343 3264 1399 exui
3290 1344 3520 1415 faculta-

1924 1425 1926 1428 '
1998 1415 2013 1420 ⁷
2467 1415 2604 1469 tibus
2633 1416 2738 1470 suis
2769 1415 2973 1470 nolunt.

2001 1509 2066 1564 Hi
2097 1523 2226 1578 ergo
2254 1506 2598 1562 occasionem
2631 1506 2874 1562 avaritiae
2913 1506 3156 1577 pristina:
3183 1506 3403 1564 sibimet
3431 1507 3520 1564 in-

1931 1603 2238 1659 tromittere
2261 1600 2493 1672 quadam
2526 1598 2827 1668 Scriptura:
2852 1607 3058 1654 sanctae
3080 1599 3402 1657 auctoritate
3426 1614 3522 1656 co-

1933 1704 2134 1751 nantur
2178 1711 2190 1745 :
2230 1688 2392 1763 quam
2426 1690 2710 1745 vitiosiore
2760 1689 3037 1745 intellectu
3067 1690 3523 1761 interpretantes,

1934 1786 2204 1857 Apostoli,
2239 1786 2406 1841 immo
2440 1783 2654 1839 Domini
2684 1783 3015 1838 sententiam
3041 1797 3418 1854 corrumpere,
3442 1792 3526 1838 at-

245 1881 370 1952 ginti
421 1878 670 1934 millibus
720 1877 1032 1933 venientem
1059 1921 1075 1947 ,
1127 1892 1234 1934 non
1280 1893 1440 1948 posse
1488 1879 1823 1951 confligere,
1854 1862 1903 1924 Β
1934 1896 2039 1952 que
2066 1881 2135 1935 ad
2184 1894 2339 1934 suum
2387 1876 2725 1933 desiderium
2773 1877 3011 1946 gestiunt
3054 1875 3382 1946 depravare;
3414 1889 3527 1932 non

246 1974 412 2029 adhuc
439 1987 508 2028 eo
553 1971 715 2042 longe
764 1971 944 2042 posito
976 1971 1250 2041 postulent
1289 1986 1475 2042 pacem
1497 1971 1649 2044 (Luc.
1675 1972 1821 2044 xiv);

246 2065 299 2120 id
326 2075 435 2130 est,
470 2073 640 2120 utne
685 2063 902 2118 initium
951 2064 1170 2134 quidem
1216 2065 1636 2120 renuntiationis
1683 2067 1824 2120 arri-

241 2161 396 2232 piant,
431 2159 650 2230 potius,
701 2173 861 2228 quam
913 2157 1096 2228 tepide
1125 2172 1244 2211 eam
1295 2166 1421 2227 post
1459 2170 1826 2228 exsequentes

241 2252 428 2325 majori
498 2251 824 2308 discrimine
899 2251 1226 2322 semetipsos
1278 2251 1575 2308 involvant.
1634 2253 1828 2310 Melius

1934 1991 2089 2032 suam
2119 1975 2316 2038 vitam,
2367 1971 2455 2028 vel
2505 1970 2844 2026 intellectum
2891 1969 3291 2040 Scripturarum
3335 1966 3528 2024 sensui

1932 2076 2279 2138 coaptantes,
2309 2064 2410 2120 sed
2464 2063 2571 2118 vim
2615 2061 2918 2131 Scripturis
2967 2076 3066 2131 pro
3107 2059 3387 2118 desiderio
3413 2074 3528 2115 sua:

1935 2159 2178 2217 libidinis
2201 2156 2503 2214 inferentes
2537 2172 2552 2208 :
2580 2155 2894 2210 consentire
2915 2168 3010 2210 eas
3038 2153 3153 2208 suis
3179 2152 3528 2224 opinionibus

1931 2254 2144 2318 volunt,
2168 2250 2425 2320 aiuntque
2446 2246 2716 2317 scriptum
2737 2261 2861 2303 esse
2885 2245 2943 2302 τά
2960 2245 3175 2302 Beatius
3195 2247 3360 2319 magis
3379 2247 3529 2313 dare,

1299 2365 1556 2421 ALARDI
1598 2367 1837 2426 GAZAEI
1873 2353 2446 2429 COMMENTARIUS.

239 2472 331 2515 tem
358 2462 660 2515 ostendente
688 2475 1054 2532 corpussuum
1095 2458 1413 2532 laceratum,
1445 2459 1578 2513 dixit
1609 2472 1824 2532 sanctus

236 2534 486 2587 Antonius
514 2548 533 2586 :
558 2533 658 2598 Qui
686 2529 991 2604 renuntiant
1011 2529 1224 2604 saeculo,
1248 2529 1501 2604 etpolunt
1525 2531 1713 2584 habere
1737 2549 1828 2604 pe-

237 2606 434 2667 cunias,
459 2619 577 2656 ecce
608 2606 679 2655 ita
705 2602 994 2674 impugnati
1018 2619 1052 2674 a
1086 2601 1403 2674 daemonibus
1433 2601 1825 2674 discerpuntur.

309 2685 336 2712 ι
363 2674 567 2729 Textus
586 2674 735 2743 vulg.
760 2671 924 2740 :Quis
935 2684 1008 2728 est
1027 2671 1180 2725 homo
1198 2672 1586 2742 formidolosus,
1606 2684 1652 2726 et
1672 2677 1828 2729 corde

241 2745 458 2814 pavido?
487 2747 665 2812 vadat,
691 2745 1042 2799 et'revertatur
1064 2745 1118 2796 in
1139 2745 1351 2797 domum
1377 2761 1526 2814 suam
1547 2788 1560 2810 ,
1586 2754 1692 2798 etc.
1723 2744 1825 2802 Cui

240 2813 435 2871 Similis
462 2817 727 2872 sententia
748 2816 844 2871 lib.
867 2815 1111 2871 Judicum
1142 2829 1266 2883 cap.
1301 2830 1376 2869 vn
1405 2833 1418 2866 :
1449 2813 1551 2880 Qui
1576 2817 1830 2886 formido-

239 2890 415 2951 losus,
449 2897 495 2940 et
523 2888 738 2941 timidus
767 2897 867 2949 est,
899 2895 1197 2940 revertatur.

307 2957 337 2998 δ
367 2959 604 3013 Matthmi
639 2968 795 3011 sexto
819 2957 1082 3011 habetur:
1113 2955 1236 3010 Non
1263 2957 1476 3027 potestis
1497 2954 1605 3010 Deo
1633 2959 1825 3013 servire

235 3039 284 3084 et
313 3045 638 3084 mammona.
685 3028 784 3082 Est
835 3036 1013 3083 autem
1066 3042 1369 3081 mammona
1402 3042 1506 3081 vox
1561 3029 1824 3099 Syriaca,

237 3116 355 3170 qua»
384 3101 526 3170 apud
559 3114 655 3153 eos
681 3099 903 3153 divitias
933 3099 1224 3168 signiﬁcat,
1258 3099 1399 3152 sicut
1431 3100 1575 3167 apud
1608 3100 1826 3155 Graecos

235 3173 473 3234 πλοῦτος.
508 3170 730 3226 Servire
759 3179 940 3225 autem
983 3185 1322 3232 mammonae,
1358 3185 1462 3222 non
1502 3181 1584 3224 est
1625 3171 1826 3227 habere

237 3244 499 3298 divitias:
551 3257 674 3295 nam
715 3241 1042 3311 patriarcha:
1089 3241 1306 3295 divitias
1343 3239 1677 3305 habuerunt;
1717 3259 1823 3296 non

237 3315 316 3368 eis
344 3314 658 3368 servierunt
684 3329 700 3368 :
733 3315 900 3366 servit
928 3327 1060 3366 vero
1087 3311 1182 3382 qui
1214 3314 1294 3367 eis
1325 3327 1419 3365 cor
1446 3313 1704 3382 apponit,
1736 3314 1828 3382 qui

235 3400 334 3454 per
359 3385 440 3439 fas
466 3396 522 3438 et
549 3384 702 3438 nefas
727 3392 1040 3454 congregat,
1066 3383 1158 3453 qui
1180 3383 1496 3455 contraDei
1529 3384 1702 3455 legem
1744 3386 1831 3442 vel

236 3453 424 3510 contra
451 3463 642 3508 votum
669 3469 825 3509 suum
844 3453 1102 3524 usurpat,
1131 3454 1225 3523 qui
1253 3453 1566 3510 felicitatem
1589 3453 1749 3510 suam
1775 3457 1831 3511 in

238 3527 318 3580 eis
341 3527 610 3581 collocat:
644 3527 788 3596 quod
827 3537 911 3582 est
949 3539 1258 3580 mammona
1305 3540 1404 3594 pro
1437 3527 1545 3580 Deo
1584 3528 1828 3583 habere:

236 3611 345 3665 quo
374 3596 540 3652 modo
569 3596 862 3666 Apostolus
895 3597 1176 3652 avaritiam
1208 3605 1368 3652 vocat
1412 3598 1681 3652 idolorum
1715 3613 1833 3653 ser-

235 3667 486 3730 vitutem,
513 3675 578 3722 ut
607 3667 746 3721 infra
779 3667 1012 3722 dicetur.

309 3748 333 3776 ε
362 3738 570 3795 Textus
620 3738 976 3808 Evangelicus
1003 3757 1016 3792 :
1048 3737 1217 3793 Nemo
1261 3738 1723 3794 mittens'manum
1763 3741 1833 3795 ad

231 3819 497 3878 aratrum,
527 3817 576 3862 et
603 3811 882 3882 respiciens
914 3818 1073 3882 retro,
1100 3821 1254 3882 aptus
1293 3819 1364 3864 est
1402 3826 1563 3882 regno
1591 3810 1709 3866 Dei.
1737 3811 1834 3866 Est

234 3891 422 3934 autem
455 3885 776 3949 metaphora
811 3881 880 3935 ab
908 3881 1192 3949 agricolis,
1223 3895 1319 3934 seu
1348 3881 1654 3936 aratoribus
1684 3899 1834 3937 sum-

236 3960 348 4016 pta,
363 3953 479 4021 qui,
506 3967 669 4006 manu
687 3951 882 4007 stivam
897 3961 1167 4016 tenentes,
1183 3952 1370 4006 oculos
1399 3966 1615 4020 semper
1632 3952 1834 4008 habent

234 4021 290 4093 in
321 4025 531 4077 sulcum
572 4023 848 4088 intentos,
878 4032 937 4076 ut
973 4023 1044 4076 sit
1083 4030 1286 4079 rectus.
1315 4023 1431 4076 Non
1471 4024 1615 4077 enim
1656 4034 1834 4093 potest

237 4091 414 4148 bonus
443 4104 631 4149 arator
659 4109 803 4156 esse,
836 4095 930 4162 qui
960 4095 1185 4164 respicit
1213 4095 1264 4147 in
1298 4104 1525 4160 tergum.
1557 4091 1832 4161 Quemad-

236 4164 458 4218 modum
486 4180 619 4233 ergo
640 4165 855 4235 ineptus
878 4173 962 4220 est
984 4166 1050 4218 ad
1074 4165 1359 4226 arandum.
1376 4165 1467 4234 qui
1487 4166 1645 4220 missa
1670 4181 1832 4221 manu
1871 4176 1877 4182 ‘

235 4235 306 4288 ad
349 4247 592 4290 aratrum
641 4238 865 4306 reSpicit
914 4245 1098 4302 retro;
1155 4252 1224 4290 eo
1276 4235 1420 4304 quod
1472 4247 1723 4292 araturus
1776 4247 1834 4292 ut

237 4315 491 4374 Oportet,
524 4321 742 4374 semper
774 4307 970 4362 debeat
1016 4310 1067 4361 in
1099 4307 1370 4361 anteriora
1405 4309 1699 4374 respicere.
1753 4306 1832 4364 lla

238 4378 482 4446 quisquis
513 4378 758 4433 melioris
806 4387 864 4432 et
895 4377 1164 4447 religiosa:
1193 4377 1318 4430 vitae
1349 4386 1548 4431 statum
1581 4380 1830 4448 suscipit,

237 4459 296 4500 et
317 4451 542 4519 respicit
568 4447 866 4519 retro,rhoc
890 4458 992 4516 est,
1021 4450 1088 4502 ad
1118 4464 1298 4503 rerum
1320 4449 1710 4503 mundanarum
1735 4447 1832 4503 eu-

237 4533 356 4571 ram
387 4518 632 4589 animum
659 4518 925 4584 deﬂectit,
950 4529 1112 4589 aptus
1137 4536 1241 4573 nou
1269 4527 1352 4573 est
1385 4519 1452 4573 ad
1483 4535 1706 4588 regnum
1738 4520 1834 4574 Dei

236 4588 708 4658 consequendum.
740 4591 954 4646 Manum
979 4588 1106 4660 ergo
1137 4589 1202 4643 ad
1231 4599 1472 4644 aratrum
1505 4593 1710 4657 mittit,
1739 4591 1834 4659 qui

243 4663 562 4716 monastica:
589 4661 716 4715 vitae
740 4662 1039 4715 institutum
1062 4661 1413 4728 amplectitur
1439 4677 1451 4713 :
1475 4673 1626 4716 retro
1654 4673 1834 4717 autem

240 4733 490 4802 respicit,
533 4733 622 4803 qui
664 4732 730 4788 ad
769 4736 980 4802 priores
1017 4733 1200 4788 saeculi
1233 4747 1398 4803 curas
1453 4743 1508 4786 et
1563 4734 1834 4789 mundana

240 4805 462 4871 negotia
493 4801 737 4858 animum
767 4801 1070 4873 convertit,
1097 4802 1412 4857 desiderans
1442 4804 1508 4857 ad
1538 4819 1600 4858 ea
1627 4804 1830 4873 redire,

235 4885 335 4926 aut
363 4874 444 4928 eis
474 4889 536 4929 se
565 4873 899 4942 immiscere.
932 4872 1088 4929 Unde
1120 4875 1410 4942 Apostolus
1458 4875 1564 4927 alia
1588 4915 1603 4936 ,
1638 4875 1730 4929 sed
1760 4872 1833 4929 si-

236 4944 353 4998 mili
384 4955 549 4999 utens
576 4937 934 5016 metaphora:
965 4937 1400 5016 Nemo,finu_uit,
1435 4944 1830 5016 militausDeo,

233 5014 780 5085 implicatsenegotiis
802 5015 1136 5087 swcularibus
1160 5015 1225 5086 (ll
1245 5014 1483 5087 rTifmoth.
1515 5017 1611 5087 tv).
1650 5015 1719 5070 Et
1743 5019 1833 5087 qui

173 5107 184 5117 -
312 5087 486 5160 stadio
509 5096 748 5160 currunt,
779 5087 842 5160 ab
867 5085 1098 5139 omnibus
1128 5085 1180 5160 se
1200 5086 1454 5160 abstinent
1487 5085 1545 5156 (ι
1574 5086 1694 5140 Cor.
1724 5085 1828 5160 tit).

229 5155 303 5208 Et
334 5157 468 5211 alibi
494 5160 564 5213 de
586 5173 649 5212 se
676 5159 794 5227 ipso
826 5157 1054 5226 loquens
1087 5175 1100 5210 :
1129 5156 1259 5223 Quae
1284 5155 1658 5226 quidentretro
1688 5155 1829 5224 sunt,

227 5226 570 5294 obliviscens,
615 5226 773 5281 adea
811 5244 927 5281 vero
952 5267 968 5291 ,
1007 5244 1119 5294 qum
1163 5237 1278 5280 sunt
1313 5231 1513 5293 priora,
1556 5231 1832 5284 extendens

225 5298 596 5368 meipsunt,ad
615 5299 930 5369 destinatum
951 5315 1244 5369 persequor,
1265 5300 1332 5350 ad
1353 5300 1580 5351 bravium
1598 5315 1833 5366 superna:

222 5367 518 5425 rocatiouis
547 5372 602 5423 in
634 5368 842 5424 Christo
875 5367 1000 5422 Jesu
1030 5367 1291 5439 (Philipp.
1325 5370 1426 5438 tu).
1459 5371 1569 5423 lluc
1603 5370 1835 5438 pertinet

221 5441 374 5506 quod
405 5442 462 5494 in
485 5441 683 5496 Genesi
713 5441 852 5494 dixit
875 5441 1095 5509 angelus
1125 5441 1191 5493 ad
1220 5441 1356 5494 Loth
1386 5457 1398 5493 :
1427 5441 1582 5494 Salva
1603 5442 1830 5495 animam

220 5518 376 5564 tuam
403 5528 426 5565 .°
455 5514 564 5566 noli
611 5514 868 5580 respicere
913 5521 1025 5579 post
1079 5523 1278 5582 tergunt
1312 5529 1330 5565 :
1361 5529 1423 5564 ne
1472 5522 1518 5565 et
1557 5523 1608 5563 tu
1648 5529 1872 5580 pereas...

217 5583 386 5646 (Gen.
419 5582 560 5654 xtx).
595 5583 665 5638 Et
703 5583 942 5636 terribile
974 5586 1282 5650 exemplum
1315 5583 1506 5636 uxoris
1542 5582 1782 5650 ejusdem
1807 5628 1822 5653 ,

214 5669 352 5724 qua:
384 5659 688 5724 respiciens
733 5663 855 5721 post
891 5667 951 5707 se
981 5667 1136 5706 versa
1175 5663 1258 5724 est
1309 5654 1361 5706 in
1409 5662 1640 5706 statuam
1675 5655 1826 5709 salis.

213 5723 305 5796 [ιβ
335 5743 444 5792 quo
479 5723 539 5781 ἰ).
585 5725 925 5796 Augustinus
953 5739 1040 5777 xvt
1073 5723 1324 5796 deCivit.
1365 5724 1455 5776 Dei
1487 5725 1558 5796 ita
1590 5725 1782 5779 scribit
1811 5744 1822 5776 :

214 5793 375 5849 Nam
404 5814 508 5866 quo
533 5793 755 5869 pertinet
787 5794 926 5869 quod
953 5794 1197 5869 prohibiti
1239 5804 1379 5860 sunt,
1410 5796 1496 5862 qui
1538 5794 1829 5869 liberaban-

209 5873 336 5935 tur,
369 5865 508 5923 retro
533 5865 797 5939 respicere
820 5883 838 5931 ,'
869 5865 968 5920 nisi
999 5866 1122 5932 quia
1151 5882 1251 5920 non
1279 5877 1355 5920 est
1401 5869 1572 5942 animo
1613 5867 1829 5922 redeun-

1930 2462 2055 2516 dum
2096 2459 2167 2512 ad
2207 2468 2422 2511 veterem
2451 2457 2643 2518 vitam.
2676 2470 2778 2525 qua
2829 2467 2924 2522 per
2959 2451 3192 2525 gratiam
3239 2451 3531 2525 "generati

1929 2533 2192 2596 exuimur,
2216 2529 2261 2582 si
2288 2529 2528 2600 ultimum
2545 2521 2811 2600 judicium
2832 2521 3060 2600 euadere
3078 2523 3368 2600 cogitamus
3385 2522 3412 2575 ?
3430 2521 3531 2600 se-

1929 2604 2112 2659 dulius
2136 2590 2265 2656 item
2291 2609 2446 2670 poeta
2474 2590 2756 2670 ele'ganter
2783 2593 2985 2651 cecinit
3003 2590 3212 2668 (Lith,
3234 2591 3335 2648 121
3362 2590 3530 2664 seq.):

2025 2736 2152 2788 Loth
2172 2736 2397 2786 Sodoma
2421 2733 2650 2796 fugiente
2669 2733 2837 2793 chaos,
2855 2732 2972 2796 dum
2993 2730 3198 2792 respicit
3209 2740 3346 2796 uxor

2025 2801 2085 2850 In
2109 2808 2319 2849 statuam
2343 2793 2526 2846 mutaia
2549 2795 2686 2857 salis,
2710 2794 2986 2858 stupefacta
3004 2793 3262 2852 remansit,

1964 2917 1971 2924 .
2027 2864 2103 2912 Ad
2129 2873 2320 2923 pinnam
2341 2870 2581 2924 conversa
2603 2870 2740 2924 suam
2764 2870 2777 2905 :
2800 2858 2920 2924 quia
2944 2860 3414 2924 itemo_retrorsum,

2027 2915 2188 2974 Noxia
2204 2921 2472 2982 contempti
2493 2923 2648 2970 vitans
2665 2915 2944 2982 discrimina
2967 2915 3155 2982 mundi,

2028 2985 2321 3048 Respiciens
2342 2979 2604 3032 salvandus
2628 2983 2726 3030 erit
2753 2992 2888 3048 :_nec
2906 2979 3064 3048 debet
3084 2983 3250 3048 arator

2027 3039 2242 3112 Dignum
2261 3059 2384 3110 opus
2408 3056 2674 3106 exercens,
2701 3040 2888 3093 vultum
2905 3043 2956 3090 in
2978 3053 3065 3091 sua
3085 3047 3228 3102 terga
3249 3039 3467 3092 referre.

1933 3175 2110 3245 Hujus
2140 3175 2324 3230 itidem
2347 3173 2583 3245 exempli
2614 3172 2876 3245 Dominus
2901 3187 3003 3228 nos
3035 3171 3342 3237 admonuit,
3372 3171 3535 3227 Luem

1935 3244 2072 3314 xvtt,
2100 3247 2326 3302 dicens:
2351 3244 2420 3299 In
2451 3246 2545 3299 illa
2575 3245 2704 3299 liora
2738 3246 2827 3315 qui
2855 3244 3014 3314 fuerit
3042 3245 3097 3298 in
3135 3253 3290 3309 tecto,
3325 3251 3375 3298 et
3411 3259 3537 3296 vasa

1855 3300 1904 3365 (ἶ
1935 3300 2131 3390 διίῗὶίι
2157 3300 2335 3383 domo,
2365 3333 2431 3371 ne
2461 3316 2736 3390 descendat
2751 3300 2941 3390 tollere
2960 3316 3055 3369 illa
3073 3331 3092 3370 :
3113 3324 3160 3369 et
3186 3300 3358 3385 quiin
3379 3330 3536 3390 agro,

1935 3385 2176 3444 similiter
2225 3405 2330 3442 non
2392 3389 2570 3442 redeat
2626 3396 2788 3441 retro.
2847 3385 3102 3441 Memores
3157 3395 3317 3441 estote
3359 3385 3537 3440 uxoris

1934 3459 2094 3515 Loth.
2116 3461 2362 3528 Denique
2385 3459 2524 3527 apud
2552 3456 2894 3513 Ezechielem
2911 3501 2924 3524 ,
2956 3465 3139 3511 sancta
3160 3455 3410 3528 animalia
3431 3472 3536 3510 non

1932 3527 2314 3586 revertebantur
2339 3545 2457 3583 cum
2503 3529 2824 3591 incederent,
2869 3528 2959 3581 sed
2990 3527 3387 3597 unumquodque
3416 3536 3537 3581 ante

1934 3604 2122 3673 [aciem
2164 3617 2312 3655 suam
2355 3597 2946 3673 gradiebaturlEseclt.
2980 3597 3054 3670 ι).
3084 3597 3184 3673 Ubi
3234 3596 3538 3666 D.Grego-

1935 3669 2051 3728 rius
2079 3691 2092 3727 :
2126 3675 2257 3726 Ante
2287 3669 2508 3741 faciem,
2555 3671 2762 3739 inquit,
2815 3677 2966 3722 suam
3008 3669 3326 3741 gradiuntur
3354 3679 3536 3722 sancta

1934 3743 2210 3806 animalia,
2242 3738 2368 3812 quia
2397 3753 2444 3795 et
2475 3757 2536 3794 ea
2557 3738 2671 3807 quis
2690 3738 3034 3812 reliquerunt,
3066 3738 3209 3792 nullo
3224 3741 3345 3810 jam
3361 3754 3536 3812 _appe-

1935 3816 2032 3868 titu
2063 3807 2348 3884 respiciunt
2368 3854 2382 3879 ,
2413 3823 2460 3866 et
2483 3811 2765 3884 initeternis
2787 3807 2809 3875 ,⁷
2843 3826 2959 3884 qua:
2985 3807 3256 3884 appetunt,
3289 3807 3383 3861 sub
3410 3807 3533 3862 con-

1939 3881 2286 3953 templationis
2312 3898 2420 3937 sua:
2441 3883 2613 3953 oculos
2631 3882 2748 3936 boni
2778 3882 2948 3952 operis
2968 3881 3148 3952 pedem
3174 3887 3530 3953 ponunt,_etc.

1938 3949 2075 4010 Vide
2096 3957 2158 4010 ι).
2187 3955 2443 4009 Dasilium
2472 3951 2768 4008 Constitut.
2795 3949 3031 4006 monast.
3055 3949 3183 4021 cap.
3205 3949 3298 4019 21,
3317 3959 3373 4006 et
3399 3950 3532 4006 Pro~

1935 4041 2156 4097 Sperum
2188 4027 2256 4080 de
2281 4023 2545 4080 Promiss.
2578 4034 2720 4097 par_t.
2753 4038 2792 4088 1,
2824 4038 2944 4094 cap.
2981 4023 3070 4097 16.

2008 4095 2036 4135 ἀ
2069 4096 2401 4152 Adverbium
2454 4090 2620 4166 magis
2667 4095 2858 4150 Latine
2892 4090 3220 4166 redundat:
3265 4090 3361 4148 sed
3405 4106 3531 4166 cum

1935 4168 2126 4225 Graece
2157 4165 2706 4240 habeaturgpunéptov
2744 4167 2956 4240 μᾶλλρν,
2986 4167 3150 4240 magis
3179 4165 3391 4240 beatust:
3406 4181 3426 4229 ;
3450 4165 3533 4218 vi-

1937 4241 2095 4314 detur
2125 4240 2395 4314 interpres
2438 4234 2637 4314 legisse
2677 4234 3092 4314 partemin!)on
3106 4237 3326 4290 beatius.
3356 4234 3532 4314 Porro

1939 4312 2042 4365 hoc
2066 4328 2097 4364 a
2129 4305 2380 4376 Domino,
2414 4319 2469 4363 et
2499 4305 2792 4363 Salvatore
2819 4305 3011 4362 'nostro
3043 4309 3249 4362 dictant
3280 4305 3530 4376 quamvis

1939 4381 2306 4448 Evangelistze
2330 4375 2439 4434 nun
2463 4379 2837 4445 meminerint,
2855 4380 3051 4434 asserit
3076 4379 3140 4433 D.
3160 4375 3528 4448 Paulus.‘Act.

1937 4469 2006 4506 xx
2035 4471 2048 4505 :
2075 4445 2290 4521 Oportet
2318 4492 2332 4513 ,
2375 4451 2551 4521 inquit
2570 4492 2584 4515 ,
2632 4451 2924 4504 meminisse
2954 4450 3094 4504 uerbi
3121 4448 3336 4502 Domini
3365 4445 3494 4521 Jesu
3511 4490 3528 4512 ,

1937 4469 2006 4506 xx
2035 4471 2048 4505 :
2075 4466 2290 4521 Uportct
2318 4492 2332 4513 ,
2375 4466 2551 4574 ιιιῖἰιιι
2570 4492 2584 4515 ,
2632 4466 2924 4504 meminisse
2954 4466 3094 4504 uerat
3121 4466 3334 4502 uorum:
3365 4466 3492 4501 Jesu
3511 4490 3528 4512 ,

1937 4525 2185 4602 quoniam
2221 4522 2355 4602 dixit
2383 4537 2401 4574 :
2483 4523 2649 4576 eatius
2679 4531 2753 4574 est
2776 4521 2967 4602 “magis
2997 4522 3346 4602 darenquam
3387 4520 3528 4571 acci-

1938 4610 2077 4663 pere.
2107 4592 2261 4658 Quod
2288 4601 2468 4646 tamen
2498 4607 2626 4646 cum
2647 4607 2678 4646 a
2701 4591 2848 4646 nullo
2873 4591 3346 4663 Evangelistarum
3373 4603 3532 4663 repe-

1941 4660 2112 4719 riatur
2140 4677 2461 4731 expressum
2489 4679 2509 4728 ;
2539 4678 2608 4717 ex
2657 4663 2724 4717 iis
2754 4664 2968 4718 censeri
3002 4660 3186 4730 tiebet,
3217 4662 3287 4716 de
3330 4660 3529 4728 quibus

1937 4734 2203 4789 Dominus
2231 4734 2390 4787 Joan.
2417 4747 2509 4787 xvr
2538 4733 2613 4788 ait
2638 4750 2650 4786 :
2679 4733 2846 4788 Multa
2871 4733 3032 4789 habeo
3063 4733 3201 4788 nobis
3222 4731 3410 4796 dicere,
3438 4733 3529 4782 sed

1937 4823 2039 4860 non
2061 4806 2274 4875 potestis
2301 4815 2511 4877 portare
2536 4805 2714 4877 modo.
2739 4805 2807 4859 Et
2835 4805 2951 4876 ipse
2979 4807 3219 4877 J_oannes
3249 4816 3369 4877 cap.
3405 4801 3524 4877 u1t_:

1937 4872 2076 4930 Sunt
2102 4885 2270 4930 autem
2299 4872 2344 4929 et
2370 4876 2479 4930 alia
2508 4876 2673 4930 multa
2699 4891 2814 4946 qua:
2844 4872 2962 4945 fecit
2982 4874 3158 4940 Iesus,
3186 4872 3370 4946 quaesi
3397 4872 3528 4923 scri-

1935 4947 2121 5001 bantur
2150 4963 2239 5017 per
2266 4948 2511 5022 singula,
2556 4963 2655 5022 nec
2680 4943 2852 5022 ipsum
2895 4947 3120 5022 arbitror
3158 4943 3524 5022 mundumnca-

1934 5036 2054 5089 pere
2086 5011 2233 5086 posse
2262 5011 2370 5089 eos.
2400 5011 2504 5087 qui
2533 5011 2790 5089 scribendi
2818 5029 2935 5070 sunt
2991 5018 3168 5071 libros.
3198 5014 3279 5068 Ex
3310 5011 3525 5089 ‘qujbus

1936 5082 2116 5144 verbis
2146 5082 2423 5158 colligitur
2451 5088 2620 5143 multa
2651 5089 2938 5143 Dominum
2981 5082 3524 5158 fecisse_et_dixisse,

1935 5177 2055 5230 quur
2082 5175 2188 5214 non
2212 5154 2337 5214 sunt
2364 5161 2562 5228 scripta
2594 5159 2662 5214 ab
2691 5159 3068 5230 Evangelistis.
3087 5156 3239 5230 Unde
3261 5154 3526 5230 innocen-

1935 5225 2041 5284 tius
2065 5231 2129 5285 Ill
2160 5231 2407 5300 pontifex
2434 5225 2491 5285 in
2511 5231 2738 5300 quadam
2755 5225 3022 5286 Decretaii
3045 5245 3111 5284 ex
3134 5227 3235 5300 hoc
3257 5226 3381 5300 ipso
3390 5225 3526 5300 _loco

1934 5295 2257 5356 traditiones
2300 5295 2626 5369 apostoli'cas
2668 5300 2954 5356 conﬁrmat
2998 5301 3084 5355 his
3117 5297 3300 5352 verbis
3333 5314 3346 5350 :
3380 5295 3526 5369 Sane

1935 5374 2097 5426 multa
2120 5383 2222 5426 tam
2244 5375 2307 5426 de
2326 5367 2486 5426 t-erbis
2515 5389 2668 5442 quam
2689 5373 2752 5426 de
2773 5373 2922 5442 factis
2949 5369 3216 5442 dominicis
3239 5367 3525 5442 inignintus

1934 5448 1996 5496 ab
2016 5443 2365 5517 Evangelistis
2409 5438 2782 5517 omissa,quw:
2821 5438 3524 5517 Apostoli,_uel‘supplevisse

1933 5516 2106 5580 uerbo,
2137 5509 2212 5569 υὲι
2246 5517 2391 5587 facta
2421 5509 2732 5587 expressisse
2763 5509 3019 5587 leguntur.
3040 5509 3262 5587 Paulus
3291 5509 3428 5562 enim
3467 5511 3524 5563 in

1933 5588 2143 5640 Actibus
2174 5583 2544 5654 Apostolorum
2573 5588 2647 5639 sic
2685 5585 2755 5637 ait
2788 5583 3130 5654 {Meminisse
3169 5597 3258 5636 vos
3317 5589 3522 5651 Oportet

1930 5659 2069 5711 uerbi
2109 5653 2318 5711 Domini
2343 5656 2489 5722 Iesu,
2517 5659 2602 5727 qui
2630 5656 2758 5709 dixit
2783 5671 2801 5708 :
2831 5653 3045 5727 B__eatius
3068 5661 3152 5727 est
3189 5656 3519 5727 dare,_quar_n

1930 5731 2183 5797 accipere.
2232 5727 2356 5781 ch
2385 5723 2554 5781 nullus
2593 5736 2814 5796 quatuor
2844 5723 3516 5797 Evangelistaruwrdescri-

1931 5792 2058 5869 psit:
2108 5799 2185 5853 Ita
2226 5800 2488 5866 pontifex.
2545 5792 2869 5869 Sc'drugude,
2907 5792 3141 5867 inq'uies,
3175 5796 3373 5850 Paulus
3413 5792 3519 5869 hoc

1932 5865 2162 5945 verbum
2193 5865 2410 5926 Domini
2449 5868 2690 5939 accepit?
2723 5867 2914 5927 Glossa
2939 5910 2955 5938 ,
2980 5865 3160 5940 quam
3189 5873 3387 5927 vocant
3412 5865 3516 5919 Urb
