3986 6320
244 224 345 285 309

845 347 1075 406 CAPUT
1121 346 1288 404 XVII.

254 435 329 493 De
355 441 764 517 renuntiatione
800 443 1156 513 apostolorum
1191 449 1240 498 et
1276 440 1524 499 Ecclesia
1560 444 1854 517 primitivis.

327 533 492 614 Quasi
522 550 663 590 vero
695 515 751 592 el
784 533 874 593 ille
914 537 1165 594 similiter
1192 552 1300 592 non
1332 515 1576 608 potuerit
1631 535 1856 594 faculta-

260 627 401 683 tibus
456 627 708 698 pristinis
764 621 1097 697 sustentari,
1146 629 1238 701 qui
1291 645 1352 686 se
1397 645 1506 686 non
1563 623 1856 700 ignobilem'

264 721 424 777 etiam
451 721 503 776 in
532 720 704 794 hujus
745 721 935 778 mundi
963 721 1156 779 ordine
1207 721 1372 779 fuisse
1411 725 1641 780 testatur
1664 767 1680 793 ,
1731 738 1856 780 cum

265 822 293 851 ⁸
325 831 380 871 se
427 815 625 871 asserit
681 829 713 870 a
768 815 1081 884 nativitate,
1135 815 1267 873 civis
1320 816 1551 873 Romani
1594 815 1858 888 dignitate

263 909 546 980 praelatum
578 899 782 982 (Actor.
812 912 992 978 nn);
1019 909 1065 967 si
1090 912 1197 967 hoc
1224 926 1346 967 esse
1376 910 1445 967 ad
1469 907 1855 982 perfectionem

262 1001 604 1058 commodius
621 1003 981 1073 iudicavisset
1002 1021 1017 1058 :
1040 1015 1096 1060 et
1123 1003 1200 1059 illi
1229 1003 1318 1075 qui
1349 1003 1707 1077 Jerosolymis
1728 1007 1854 1061 cum

262 1104 443 1150 essent
477 1095 832 1166 possessores
854 1111 1128 1168 agrorum,
1162 1097 1248 1154 vel
1270 1095 1582 1165 domorum,
1615 1095 1854 1153 venden-

262 1197 343 1243 tes
370 1189 555 1243 omnia
580 1230 594 1252 ,
627 1179 683 1244 et
708 1187 844 1245 nihil
874 1189 978 1245 sibi
1007 1191 1226 1262 penitus
1253 1205 1324 1246 ex
1349 1188 1434 1245 bis
1463 1199 1805 1247 reservantes
1828 1233 1847 1260 ,

258 1278 566 1335 aﬂerebant
595 1281 766 1350 pretia
797 1295 984 1337 eorum
1011 1322 1028 1349 ,
1078 1289 1135 1338 et
1179 1282 1456 1352 ponebant
1506 1292 1632 1338 ante
1683 1284 1852 1354 pedes

257 1371 656 1443 discipulorum
680 1374 882 1445 (Actor.
912 1373 1020 1448 tv);
1047 1389 1155 1431 non
1178 1375 1448 1444 potuerint
1472 1377 1850 1434 necessitatem

259 1465 510 1534 corporis
539 1467 622 1520 sui
654 1466 1002 1522 facultatibus
1032 1467 1264 1538 propriis
1293 1476 1625 1538 sustentare,
1658 1468 1704 1524 si
1745 1470 1850 1525 hoc

258 1558 557 1631 perfectius
607 1557 801 1614 fuisset
848 1559 918 1615 ab
964 1560 1230 1630 apostolis
1277 1559 1598 1630 iudicatum,
1629 1560 1715 1616 vel
1743 1560 1850 1630 ipsi

261 1669 376 1707 esse
405 1645 602 1706 utilius
634 1650 1058 1720 probavissent?
1095 1651 1192 1707 sed
1216 1650 1498 1708 universas
1533 1653 1692 1708 simul
1715 1652 1850 1721 abji-

766 233 858 292 DE
894 231 1380 292 C(ENOBIORU-M
1415 233 1660 294 INSTIT.
1701 235 1830 294 LIB.
1871 233 2077 295 Vll.-
2106 237 2198 293 DE
2236 238 2508 298 SPIBITU
2547 237 3065 302 munerum.

3438 248 3544 308 310

1879 357 1938 420 Α
1957 362 2346 422 prapararent.
2377 352 2458 409 De
2479 354 2707 412 collectis
2726 364 2897 413 autem
2923 372 3040 430 qua
3060 359 3196 430 ﬁunt
3222 376 3280 416 in
3305 363 3496 418 sanctis
3520 403 3542 433 ,

1957 447 2092 500 sicut
2135 446 2372 502 ordinavi
2421 447 2668 504 Ecclesiis
2713 447 2974 520 Galatia,
3025 452 3104 507 ita
3132 460 3180 507 et
3223 467 3313 508 uos
3363 453 3540 524 facile.

1962 535 2324 608 Unusquisque
2371 549 2596 596 uestrum
2638 559 2732 612 per
2772 559 2931 598 unam
2983 543 3182 600 sabbati
3230 547 3544 601 thesauriset

1955 632 2097 700 apud
2117 630 2446 703 semetipsum
2484 634 2769 690 recondens
2793 635 2934 707 quod
2986 637 3034 691 ei
3080 636 3204 692 bene
3244 637 3540 710 placuerit,

1957 732 2015 778 ut
2041 739 2146 778 non
2173 739 2290 779 cum
2315 731 2531 792 uenero,
2571 737 2694 782 tunc
2739 729 2968 784 collectas
3005 729 3158 799 ﬁant.
3197 727 3329 785 Cum
3367 739 3543 784 autem

1954 830 2140 871 unero
2159 861 2174 886 ,
2207 832 2337 888 quos
2363 817 2704 891 probaueritis
2725 835 2819 888 per
2847 821 3091 891 epistolas
3108 858 3128 888 ,
3160 821 3252 878 bos
3275 823 3544 877 transmit-

1956 919 2060 966 tam
2072 910 2529 984 perferregratiam
2540 923 2760 968 vestram
2775 914 2830 968 in
2849 915 3141 970 Jerusalem
3167 913 3186 985 (
3201 914 3227 970 l
3241 913 3360 972 Cor.
3383 927 3476 970 xvt
3496 915 3538 984 ).

1954 1001 2028 1058 Et
2067 1013 2129 1057 ut
2172 1017 2267 1058 eos
2314 1005 2383 1058 ad
2435 1004 2722 1075 largiorem
2769 1005 3114 1062 collationem
3171 1014 3539 1075 provocaret‘,

1953 1093 2117 1152 infert
2142 1113 2158 1150 :
2190 1097 2344 1164 Quod
2367 1098 2415 1151 si
2438 1097 2650 1169 dignum
2671 1099 2848 1170 fuerit,
2877 1109 2931 1153 ut
2950 1107 2998 1152 et
3025 1113 3123 1169 ego
3149 1113 3263 1153 eam
3284 1140 3302 1167 ,
3335 1112 3542 1153 mecum

1952 1185 2140 1242 ibunt:
2170 1187 2222 1242 id
2251 1197 2366 1254 est,
2395 1188 2443 1243 si
2470 1189 2595 1244 talis
2621 1188 2790 1245 fuerit
2816 1189 3020 1244 oblatio
3047 1196 3251 1256 vestra,
3272 1204 3397 1260 quae
3417 1204 3538 1245 men

1953 1293 2168 1349 quoque
2191 1289 2467 1336 mereatur
2489 1282 2869 1350 prosecutione
2921 1280 3148 1338 deferri.
3185 1282 3270 1338 Ad
3317 1282 3542 1340 Galatas

1951 1384 2169 1442 quoque
2197 1385 2324 1426 cum
2370 1373 2774 1444 praedicationis
2827 1375 3189 1430 ministerium
3236 1389 3360 1431 cum
3404 1390 3541 1446 spo-

1951 1464 2106 1520 stolis
2131 1466 2460 1535 partiretur,
2493 1467 2599 1522 hoc
2626 1467 2768 1523 idem
2799 1481 2861 1523 se
2884 1470 3172 1537 depactutn
3219 1483 3342 1524 cum
3374 1468 3536 1524 laeuo

1951 1557 2022 1614 bo
2043 1599 2058 1624 ,
2085 1559 2249 1615 Petro
2270 1571 2324 1615 et
2344 1560 2553 1617 Joanne
2583 1567 2844 1617 testatur:
2870 1570 2930 1615 ut
2954 1561 3084 1617 licet
3101 1560 3541 1630 praedicationem

1949 1651 2255 1720 susciperet
2281 1653 2556 1722 gentium,
2615 1666 2923 1722 pauperum
2966 1661 3177 1717 tamen,
3237 1651 3330 1723 qui
3382 1659 3542 1708 erant

259 1745 465 1800 cientes
497 1741 837 1800 substantias
883 1743 1195 1799 maluerunt
1243 1743 1430 1800 labore
1473 1745 1732 1815 proprio,
1764 1745 1850 1800 vel
1879 1761 1929 1826 Β
1954 1741 2340 1813 Jerosolymis.
2385 1745 2723 1814 nequaquam
2773 1743 3194 1800 sollicitudinem
3242 1755 3539 1813 curamque

259 1838 553 1891 collatione
584 1837 828 1907 gentium
871 1837 1185 1892 sustentari.
1234 1837 1311 1893 De
1352 1851 1584 1907 quorum
1634 1846 1851 1906 sumptu

261 1937 478 1984 sanctus
501 1927 806 1998 Apostolus
841 1927 907 1983 ad
932 1928 1206 1984 Romanos
1250 1928 1531 1998 scribens,
1585 1939 1851 2000 suumquo

259 2025 417 2079 eisin
449 2024 559 2079 hoc
601 2023 962 2079 ministerium
995 2022 1301 2093 praedicans
1323 2065 1337 2088 ,
1369 2037 1433 2079 ac
1455 2023 1730 2080 subtiliter
1755 2037 1851 2080 eos

257 2118 322 2172 ad
372 2118 517 2171 hanc
568 2117 914 2172 collationem
942 2132 1271 2186 provocans,
1315 2117 1433 2175 ait:
1485 2115 1641 2170 Nunc
1679 2126 1852 2172 autem

258 2210 559 2280 proﬁciscor
598 2206 898 2263 Jerusalem
927 2210 1222 2265 ministrare
1265 2211 1476 2266 sanctis.
1526 2210 1848 2283 Complacuit

256 2304 388 2356 enim
418 2301 746 2357 Macedonica
770 2312 818 2356 et
837 2301 1047 2357 Aehaim
1075 2303 1405 2357 collationem
1431 2304 1658 2373 aliquam
1679 2305 1850 2373 facere

255 2401 310 2452 in
336 2415 590 2470 pauperes
619 2406 917 2451 sanctorum
936 2438 951 2463 ,
979 2398 1068 2468 qui
1097 2407 1216 2450 sunt
1261 2394 1550 2451 Jerusalem
1572 2414 1592 2452 :
1622 2397 1850 2470 compla-

255 2495 358 2547 cuit
379 2492 539 2557 enim,
559 2501 606 2544 et
623 2484 879 2545 debitores
897 2499 1015 2544 sunt
1037 2505 1212 2543 eorum
1239 2488 1413 2560 (Rom.
1439 2488 1552 2560 xv).
1577 2489 1847 2558 Quoniam

255 2587 302 2640 ’si
333 2584 658 2655 spiritalium
687 2598 880 2639 eorum
912 2582 1206 2652 participes
1237 2581 1394 2636 factae
1439 2593 1565 2636 sunt
1614 2589 1802 2652 gentes
1827 2623 1845 2650 ,

259 2678 462 2733 debent
490 2686 544 2732 et
571 2677 627 2732 in
664 2675 976 2731 carnalibus
1020 2675 1336 2729 ministrare
1374 2673 1478 2729 eis.
1529 2673 1611 2729 Ad
1650 2674 1845 2729 Corin-

263 2771 413 2826 thios
442 2784 652 2840 quoque
684 2768 877 2823 horum
909 2767 1330 2822 sollicitudinem
1353 2766 1603 2821 similiter
1625 2781 1839 2837 gerens,

257 2872 444 2918 monet
471 2877 566 2918 eos
593 2869 659 2917 ut
712 2868 840 2916 ante
892 2859 1187 2914 adventum
1242 2873 1401 2914 suum
1453 2858 1837 2928 collationem,

256 2976 416 3032 quam
442 2959 509 3016 ad
535 2972 664 3014 usus
683 2971 874 3014 eorum
903 2954 1118 3010 mittere
1141 2953 1470 3025 disponebat
1491 2997 1508 3024 ,
1553 2953 1840 3010 sollicitius

1952 1845 2266 1905 respueret,
2309 1837 2400 1906 qui
2456 1843 2678 1908 propter
2725 1835 2998 1891 Christum
3051 1836 3324 1892 universis
3373 1835 3539 1892 rebus

1952 1927 2070 1983 suis
2095 1928 2470 1985 renuntiantes
2491 1973 2506 1997 ,
2542 1938 2894 2000 spontaneam
2927 1929 3209 1986 subierant
3236 1936 3540 1998 egestatem

1950 2017 2152 2091 (Galat.
2186 2019 2270 2090 ιι).
2301 2020 2370 2074 Et
2417 2039 2534 2076 cum
2562 2022 2824 2086 uidissent,
2865 2021 3072 2092 inquit,
3129 2022 3352 2095 gratiam
3396 2017 3539 2088 Dei,

1951 2127 2070 2182 qua
2096 2114 2219 2165 data
2245 2123 2317 2166 est
2343 2114 2492 2178 mihi,
2515 2113 2740 2169 Jacobus
2764 2123 2814 2169 et
2843 2111 3047 2186 Cephas
3072 2124 3122 2167 et
3150 2111 3382 2168 Joannes
3401 2152 3419 2178 ,
3447 2112 3541 2184 qui

1951 2205 2252 2260 uidebantur
2274 2205 2528 2261 columna:
2555 2223 2694 2273 esse,
2725 2208 2934 2262 dextras
2980 2207 3235 2261 dederunt
3282 2205 3443 2271 milii,
3489 2212 3541 2260 et

1947 2295 2205 2354 Barnaba:
2232 2301 2512 2364 societatis,
2541 2309 2596 2353 nt
2624 2316 2720 2355 nos
2751 2300 2886 2354 inter
2911 2309 3086 2372 gentes
3112 2299 3535 2371 pradicaremus,

1946 2393 2049 2465 ipsi
2073 2405 2242 2448 autem
2265 2397 2318 2448 in
2341 2395 2763 2463 circumcisione;
2790 2403 2990 2449 tantum
3016 2403 3074 2448 ut
3119 2408 3409 2465 pauperum
3432 2408 3538 2445 me-

1951 2505 2118 2544 mores
2144 2505 2383 2544 essemus.
2415 2491 2585 2559 Quam
2618 2504 2734 2544 rem
2773 2489 2921 2542 omni
2973 2485 3336 2541 sollicitudine
3365 2497 3426 2540 se
3454 2493 3537 2538 to-

1947 2590 2121 2636 statur
2145 2581 2432 2651 implesse,
2480 2581 2706 2636 dicens:
2745 2580 2897 2648 Quod
2953 2579 3105 2633 etiam
3155 2577 3408 2632 sollicitus
3457 2575 3535 2646 fui

1950 2675 2049 2728 hoc
2075 2677 2242 2741 ipsum
2271 2673 2459 2744 facere.
2486 2672 2592 2742 Qui
2619 2673 2780 2743 igitur
2810 2679 2938 2726 sunt
2966 2668 3271 2735 beatiores,
3328 2676 3535 2722 utrum-

1949 2784 2075 2822 nam
2103 2767 2156 2821 hi
2187 2768 2276 2838 qui
2307 2781 2479 2837 nuper
2507 2765 2576 2820 de
2604 2779 2833 2820 numero
2879 2762 3123 2834 gentium
3170 2758 3486 2831 congregati
3513 2796 3531 2824 ,

1950 2874 2053 2915 nec
2077 2859 2434 2930 prtevalentes
2455 2857 2825 2926 evangelicam
2859 2853 3246 2925 perfectionem
3268 2863 3535 2906 conscen-

1947 2953 2103 3024 dere,
2128 2953 2156 2992 δ
2187 2953 2364 3009 adhuc
2391 2953 2509 3009 suis
2532 2949 2856 3007 substantiis
2885 2945 3316 3013 inbaarebant,in
3333 2942 3535 3015 quibus

395 3155 398 3158 q
1325 3090 1585 3148 ALARDI
1622 3087 1843 3148 GAZ‘EI

1946 3089 2458 3146 [)MMENTARIUS.

328 3205 354 3234 ει
382 3192 583 3248 Paulus
640 3188 918 3260 apostolus
964 3202 1025 3243 se
1078 3187 1252 3260 civem
1308 3184 1612 3240 Romanum
1672 3200 1794 3260 esse
1827 3226 1843 3252 ,
1869 3182 1917 3249 C
1951 3184 2509 3260 r_ur_n_lioru_trariorum
2535 3183 2965 3260 participesesse
2984 3185 3252 3260 poterant,
3283 3187 3339 3260 ut
3366 3175 3530 3232 refert

257 3275 479 3337 cogente
524 3255 1168 3337 necesisitate,‘_aper.uit_,
1196 3270 1303 3311 non
1349 3263 1408 3337 ut
1447 3255 1842 3337 mortem-clitu-

255 3326 433 3409 getv’et;
461 3334 559 3389 sed
583 3345 643 3387 ut
667 3326 1017 3409 Evangelium
1041 3329 1203 3409 latius
1223 3326 1568 3409 praedicaret,
1587 3327 1845 3409 et_Ec_cle-

257 3399 384 3464 siam
416 3407 578 3460 Itoni.
611 3399 844 3465 expleti?
860 3417 956 3456 suo
983 3399 1286 3455 ministerio
1309 3439 1325 3460 ,
1360 3399 1572 3451 tandem
1603 3399 1845 3467 glorioso

257 3477 515 3551 martyrio
545 3473 879 3530 nobilitaret.
911 3471 1238 3551 (Eumuenim
1273 3469 1664 3551 ljierosolymis
1689 3471 1844 3551 a_tri_~

259 3540 648 3606 buno'vinctus
679 3554 735 3600 et
763 3559 886 3598 mox
919 3541 1147 3612 ﬂagellis
1189 3540 1481 3596 caedendus
1503 3548 1678 3606 esset,
1710 3540 1847 3595 dixit

257 3620 561 3675 centurioni
592 3616 791 3671 astanti
823 3633 837 3669 :
886 3614 947 3669 Si
977 3613 1234 3666 hominem
1270 3614 1564 3666 Romanum
1611 3624 1657 3666 et
1706 3613 1845 3666 inde-

258 3703 490 3744 mnatmn
542 3690 659 3743 licet
687 3687 828 3740 vobis
865 3684 1177 3755 ﬂagellare?
1224 3683 1350 3755 Qui?
1391 3683 1570 3755 audito
1613 3683 1844 3755 centurio

260 3763 469 3816 accessit
498 3762 567 3813 ad
597 3753 900 3823 tribunum,
927 3753 975 3810 et
996 3753 1254 3808 nuntiauit
1283 3754 1457 3808 dicens
1481 3769 1499 3807 :
1524 3754 1665 3820 Quid
1691 3763 1843 3808 actu-

257 3850 343 3886 rus
370 3851 420 3887 es
445 3833 472 3885 ?
513 3830 617 3884 Hic
645 3833 781 3882 enim
827 3827 980 3882 homo
1003 3827 1127 3880 ciuis
1164 3823 1433 3878 Romanus
1460 3833 1554 3876 est.
1585 3825 1843 3880 Accedens

261 3913 429 3956 autem
456 3902 694 3955 tribunus
725 3901 856 3953 dixit
885 3897 998 3952 illi:
1025 3895 1124 3949 Dic
1153 3895 1277 3948 mihi
1306 3896 1351 3948 si
1375 3904 1430 3948 tu
1454 3894 1720 3948 Romanus
1745 3913 1796 3949 es
1821 3899 1846 3951 ?

259 3985 309 4027 at
331 3976 417 4029 ille
441 3974 597 4036 dixit,
631 3970 826 4024 Etiam.
855 3968 922 4022 Et
949 3967 1215 4034 respondit
1242 3965 1474 4019 tribunus
1497 3981 1516 4019 :
1535 3964 1846 4037 ⁸Εςιο-ηιυιιιι

260 4062 455 4099 nmmo
497 4035 793 4097 civilitatem
817 4041 950 4094 hanc
978 4047 1278 4093 consecutus
1327 4052 1441 4090 sum
1463 4052 1483 4091 :
1526 4035 1607 4090 Et
1643 4035 1843 4093 Paulus

261 4118 331 4168 ait
359 4132 378 4170 :
407 4115 533 4186 Ego
553 4123 726 4167 autem
753 4121 800 4186 et
830 4119 982 4186 natus
1006 4125 1122 4164 sum
1135 4109 1288 4186 _(Act.
1313 4110 1478 4186 _xxn)._
1507 4107 1613 4162 Sed
1637 4118 1693 4186 _et
1715 4109 1842 4164 alibi

263 4186 394 4256 (Act.
427 4177 546 4252 x'v1)
577 4185 723 4238 idem
753 4183 950 4238 Paulus
979 4195 1099 4236 cum
1131 4178 1390 4256 fl_arnaba_
1411 4178 1606 4256 missu‘s
1635 4177 1687 4232 in
1720 4193 1840 4234 car-

261 4247 435 4312 cerem
454 4299 470 4321 ,
514 4247 636 4311 cum
667 4266 982 4324 rogaretur,
1013 4262 1073 4305 ut
1097 4249 1303 4324 abiret;
1344 4247 1478 4324 dixit
1506 4266 1522 4304 :
1552 4248 1720 4324 Cresae
1751 4265 1841 4304 nos

261 4320 464 4398 publice
480 4320 834 4392 indemnaios,
855 4323 1099 4398 homines
1110 4320 1379 4398 _R_omano_s_
1388 4321 1640 4398 miserunt
1655 4321 1709 4373 in
1729 4337 1843 4374 car-

261 4389 453 4464 cerem;
480 4408 533 4452 et
561 4413 697 4450 nunc
718 4389 912 4448 occulte
935 4409 1029 4448 nos
1050 4390 1262 4464 ejiciunt
1283 4392 1312 4464 ξ
1339 4389 1464 4464 Haec
1489 4396 1546 4444 et
1569 4390 1698 4464 alia,
1721 4407 1840 4460 quin

261 4460 444 4525 coram
468 4467 654 4526 Felice
681 4475 737 4522 et
764 4465 927 4520 Festo
950 4460 1420 4520 sure'defensionis
1449 4474 1607 4515 causa
1641 4460 1841 4518 Paulus

1948 3255 2158 3311 Gellius
2189 3255 2282 3309 lib.
2316 3270 2438 3321 xvt,
2479 3249 2654 3322 capite
2685 3249 2751 3308 l3
2775 3271 2785 3304 :
2813 3251 3128 3320 Municipes,
3173 3249 3366 3322 inquit.
3413 3258 3533 3322 sunt

1946 3326 2078 3380 cives
2098 3325 2318 3379 Romani
2357 3317 2433 3379 esi
2471 3317 2788 3393 municipiis,
2834 3339 2930 3377 suo
2981 3317 3174 3393 iureﬁet
3200 3317 3396 3393 legibus
3425 3319 3532 3393 suis

1947 3405 2178 3462 utentes;
2211 3399 2438 3451 muneris
2470 3390 2677 3450 tantum
2707 3411 2822 3448 cum
2867 3390 3059 3462 populo
3086 3390 3532 3462 Rom.’ltonorarii

1947 3460 2256 3538 participes;
2277 3484 2309 3521 a
2328 3483 2428 3536 quo
2449 3482 2656 3538 munere
2672 3460 2981 3538 capessendo
3003 3462 3258 3538 appellati
3272 3460 3533 3538 videntur;

1947 3529 2104 3593 nullis
2135 3529 2254 3591 aliis
2284 3529 2665 3592 necessitatibus
2684 3577 2696 3597 .
2727 3529 2817 3589 nec
2845 3533 2956 3589 ulla
2983 3529 3176 3603 populi
3215 3529 3366 3603 Rom.
3417 3533 3530 3602 lege

1947 3611 2164 3663 astricti.
2196 3605 2314 3662 Fuit
2346 3607 2525 3673 itaque
2552 3607 2614 3661 Β.
2644 3606 2842 3660 Paulus
2873 3601 3219 3658 ba'reditario
3242 3601 3371 3673 jure
3392 3601 3528 3658 civis

1947 3678 2245 3744 Romanus,
2278 3688 2332 3733 et
2355 3671 2457 3732 hoc
2485 3677 2645 3734 modo
2672 3688 2849 3730 natus.
2883 3676 3013 3730 Nam
3037 3684 3092 3728 et
3111 3673 3299 3728 Cicero
3327 3671 3526 3744 civium

1947 3739 2313 3804 Romanorum
2336 3747 2444 3802 duo
2465 3763 2662 3819 genera
2692 3743 2996 3819 distinguit,
3022 3752 3090 3819 ut
3111 3743 3328 3814 quidam
3370 3739 3481 3797 nati
3506 3787 3522 3813 ,

1946 3821 2035 3876 alii
2064 3819 2171 3875 sint
2197 3820 2415 3874 civitate
2435 3815 2621 3876 donati
2651 3819 2668 3886 (
2694 3834 2729 3872 ll
2759 3819 2812 3870 in
2843 3815 2998 3871 Catil.
3019 3815 3062 3884 ).

2017 3871 2412 3955 iiii’és'i',£u5s'
2427 3871 2707 3946 facultates
2728 3897 2782 3943 et
2804 3871 3172 3957 possessiones
3193 3871 3521 3957 retineba'nt,

1947 3977 2055 4018 non
2087 3964 2139 4016 in
2162 3977 2447 4016 commune
2481 3955 2866 4029 conferebant,
2886 3972 2986 4014 nec
3008 3956 3333 4029 pauperibus
3363 3955 3524 4029 simul

1945 4044 2000 4088 et
2053 4032 2220 4088 semel
2271 4033 2586 4101 erogabant.
2645 4026 3292 4101 Licuiss'edenimAetiam
3333 4026 3524 4101 primis

1944 4104 2269 4160 Christianis
2318 4097 2454 4158 bona
2511 4118 2607 4156 sua
2661 4098 2972 4167 temporalia
3018 4097 3290 4164 retinere,
3335 4098 3523 4166 eisque

1943 4174 2054 4231 lrui
2082 4218 2096 4234 .
2143 4175 2244 4228 nisi
2268 4189 2328 4229 se
2357 4184 2657 4243 spontaneo
2683 4181 2862 4243 voto,
2914 4177 2969 4225 et
2997 4167 3203 4238 privata
3231 4168 3524 4243 devotione

1943 4246 2011 4299 ad
2042 4237 2413 4315 paupertatem
2466 4242 2784 4300 servandam
2812 4251 2931 4315 ,Jet
2982 4237 3327 4315 communem
3353 4237 3518 4292 vitam

1943 4309 2244 4372 ducendam
2277 4316 2682 4379 astrinxissent,
2709 4311 2990 4374 manifeste
3010 4309 3280 4380 colligitur
3303 4324 3370 4365 ex
3394 4325 3520 4364 ver-

1943 4386 2028 4442 bis
2055 4388 2160 4441 illis
2189 4386 2331 4440 Petri
2377 4385 2606 4454 apostoli
2649 4385 2714 4439 ad
2754 4383 3047 4439 Ananiam:
3080 4380 3270 4436 Nonne
3308 4393 3520 4435 manens

1945 4458 2038 4511 tibi
2084 4456 2359 4520 manebat,
2400 4465 2445 4510 et
2495 4457 2811 4509 venundatus
2861 4455 2915 4508 in
2969 4463 3061 4506 tua
3111 4461 3224 4523 erat
3271 4460 3520 4523 potestate

261 4520 771 4622 é?{."é6nsid:erﬁtls
931 4535 1294 4622 Augustinus,
1342 4531 1460 4622 bare
1499 4531 1609 4584 ait:
1651 4529 1841 4622 .I‘Velque
1867 4525 2216 4622 D(‘Act..v)?
2243 4527 2451 4608 Quibus
2473 4524 3034 4622 apprtefignilicavit,
3070 4520 3301 4578 liberum
3353 4520 3519 4578 fuisse

260 4601 388 4665 enim
412 4610 680 4674 apostolus
708 4607 905 4662 Paulus
925 4601 1043 4660 uitii
1062 4619 1171 4658 sua:
1191 4601 1503 4656 transitorire
1518 4603 1836 4674 consulebat,

259 4685 342 4736 sed
373 4673 623 4734 Ecclesia:
657 4679 773 4746 Dei,
804 4677 1224 4749 quandocontra
1257 4674 1376 4727 illos
1396 4711 1410 4734 ,
1442 4673 1527 4749 qui
1565 4687 1682 4726 eum
1702 4675 1838 4728 occi-

260 4757 372 4806 dere
390 4742 832 4816 conspiraverant',
865 4747 1137 4801 consilium
1165 4746 1376 4797 illorum
1405 4742 1604 4816 tribuno
1627 4753 1682 4816 ut
1709 4761 1836 4814 pro-

260 4825 488 4884 deretur,
518 4813 711 4889 effecit.
777 4817 924 4874 Unde
954 4818 1145 4886 factum
1171 4825 1270 4880 est,
1299 4824 1355 4868 ut
1379 4830 1497 4889 eum
1526 4813 1595 4866 ad
1624 4813 1794 4867 locum
1813 4856 1830 4882 ,

257 4911 350 4961 quo
387 4885 576 4962 fuerat
597 4885 976 4962 producendus,
1007 4889 1276 4962 deduceret
1323 4885 1470 4962 miles
1496 4895 1837 4962 armatus..ne

256 4955 466 5018 illorum
493 4955 755 5031 pateretur
783 4960 1017 5014 insidias.
1048 4958 1308 5031 Romanas
1332 4956 1466 5008 enim
1488 4955 1620 5024 leges
1649 4955 1836 5031 implo-

197 5065 199 5068 ‹
254 5052 366 5089 rare
394 5028 502 5089 non
530 5033 819 5093 dubitavit,
869 5031 1024 5084 ciuem
1077 5029 1370 5083 Romanum
1414 5041 1467 5079 se
1494 5041 1602 5080 esse
1629 5028 1836 5096 procla-

193 5146 196 5149 -
254 5123 429 5171 mons,
462 5121 590 5169 quos
612 5113 734 5156 tunc
772 5101 942 5172 afﬂigi
982 5099 1270 5172 verberibus
1319 5114 1423 5172 non
1449 5096 1648 5172 licebat.
1707 5098 1832 5172 llaec

255 5168 588 5246 Augustinus
615 5173 634 5243 (
659 5168 951 5246 Epist'._t._').
986 5169 1112 5246 _Sed
1140 5184 1244 5246 qua
1289 5168 1528 5246 ratione)
1566 5168 1794 5246 inquies
1813 5208 1831 5231 ,

254 5237 448 5301 Paulus
476 5259 536 5300 se
583 5237 766 5299 natum
797 5237 925 5296 dicit
951 5242 1122 5297 civem
1160 5237 1516 5294 Romanum?
1565 5237 1681 5292 Non
1729 5239 1829 5292 alia

254 5329 431 5382 certe.
464 5315 567 5370 nisi
598 5314 739 5384 quod
764 5323 920 5368 antea
951 5312 1016 5366 ad
1037 5310 1252 5366 Judaeos
1278 5309 1833 5384 pro_conci_one_dixe-

251 5395 337 5442 rat
363 5377 428 5444 se
449 5377 662 5441 That-so
689 5383 895 5440 Ciliciae
922 5391 1100 5437 ortum
1140 5395 1261 5436 esse
1281 5377 1304 5431 ἐ
1353 5377 1488 5446 Ego,
1542 5379 1789 5442 inquiens
1813 5421 1830 5445 ,

252 5476 362 5512 sum
383 5460 458 5512 uir
478 5457 723 5521 Judteus,
748 5464 896 5509 natus
914 5451 1116 5508 Tharso
1139 5449 1357 5506 Ciliciae.
1401 5449 1467 5506 Et
1495 5449 1656 5521 paulo
1702 5457 1827 5505 ante

251 5531 578 5585 municipem
604 5541 665 5582 se
694 5519 1054 5581 Tharsensem
1077 5523 1354 5594 professus
1397 5528 1534 5594 erat.
1576 5519 1826 5594 :l‘harsus

251 5604 389 5656 enim
418 5599 625 5656 Cilicia
653 5597 969 5665 metropolis
998 5591 1092 5663 jus
1133 5593 1460 5663 municipale
1498 5607 1528 5646 a
1574 5591 1828 5646 Romanis

252 5670 425 5728 fuerat
448 5679 751 5727 consecuta
781 5686 796 5723 :
829 5667 1126 5734 municipes
1153 5674 1332 5720 autem
1362 5679 1467 5719 non
1518 5670 1721 5718 tantum
1770 5670 1829 5717 ut

248 5743 425 5801 coloni
443 5783 461 5811 ,
489 5743 815 5800 dicebantur
841 5739 989 5794 cives
1015 5737 1280 5802 Romani;
1323 5736 1417 5792 sed
1446 5736 1609 5792 etiam
1638 5749 1826 5790 mune-

1946 4595 2171 4655 Ananiaé
2189 4638 2203 4662 ,
2233 4595 2484 4666 quamvis
2503 4595 2828 4660 Christiano,
2853 4609 3039 4664 agrum
3063 4608 3220 4666 suum
3250 4608 3358 4648 non
3389 4608 3519 4666 ven-g

1941 4670 2108 4736 dere,
2158 4679 2223 4724 et.
2245 4661 2474 4737 pretium
2531 4666 2667 4734 agri,
2724 4666 2850 4720 licet
2890 4661 3225 4737 venundati,
3258 4661 3517 4737 apostolis

1941 4756 2049 4796 non
2078 4729 2304 4805 diferre,
2351 4753 2522 4807 neque
2557 4729 2610 4791 in
2642 4750 2924 4807 commune
2977 4729 3226 4807 conferre
3249 4729 3418 4807 ,_'_ni_si
3462 4729 3517 4787 id

1939 4801 2134 4878 sponte
2158 4819 2210 4864 et
2233 4801 2398 4864 libere
2437 4801 2712 4879 professus
2741 4806 2952 4879 fuisset.
2981 4801 3516 4879 [indeintelligimus

1939 4871 1992 4936 id
2018 4880 2160 4950 quod
2184 4871 2582 4950 narratur'act.
2613 4895 2664 4933 tv
2692 4879 2759 4932 de
2797 4876 2985 4950 primis
3023 4871 3388 4950 Christianis...
3423 4873 3515 4950 qui

1935 4952 1992 5031 in
2025 4943 2358 5031 Hierusalem
2387 4943 2895 5031 habitabanthquod
2939 4943 3515 5031 neruosuumhaliquid

1936 5024 2165 5090 diceret,
2188 5022 2275 5075 sed
2307 5023 2480 5074 omnia
2505 5030 2664 5074 essent
2698 5017 2805 5073 illis
2853 5017 3188 5090 Communia;
3218 5029 3338 5090 non
3362 5027 3511 5090 Prte-
3555 5035 3565 5044 ·

1932 5095 2075 5161 cepti
2102 5135 2114 5156 ,
2150 5083 2252 5147 sed
2279 5091 2492 5147 consilii
2520 5090 2720 5155 fuisse,
2759 5104 2931 5159 neque
2976 5086 3043 5161 ab
3084 5083 3336 5161 omnibus
3355 5083 3514 5161 Chri-

1931 5153 2124 5220 stianis
2148 5163 2272 5219 alibi
2300 5164 2667 5218 observatum.
2707 5153 2884 5216 Fuere
2913 5158 3056 5214 enim
3087 5157 3138 5210 in
3173 5153 3303 5225 ipsis
3350 5155 3511 5209 etiam

1933 5235 2196 5292 Ecclesiae
2250 5233 2557 5304 primordiis
2606 5232 2714 5304 duo
2769 5225 3508 5304 hominum_Cbristiauo_rum

1933 5321 2165 5376 genera,
2206 5295 2267 5360 ut
2315 5305 2401 5358 bic
2438 5303 2614 5358 innuit
2643 5302 2975 5376 Cassianus.
3026 5297 3158 5376 13am
3213 5295 3302 5376 alii
3344 5295 3508 5366 vitam

1933 5365 2273 5432 communem
2305 5386 2604 5450 spontanee
2641 5365 2698 5430 et
2742 5365 2908 5426 libere
2930 5366 3358 5450 profitebantur,
3389 5365 3512 5450 0m-

1933 5463 2166 5517 nemque
2214 5437 2873 5517 rerumproprietatema
3018 5437 3389 5517 a_bdic_abant_:
3442 5438 3512 5517 de

1931 5507 2132 5590 quibus
2157 5517 2275 5574 Act.
2305 5533 2377 5571 tv.
2400 5507 2503 5590 A'lii
2525 5507 2657 5590 vero
2673 5515 2783 5590 suis
2802 5507 3143 5590 facultatist
3167 5507 3507 5590 insistebant.

1933 5579 2002 5646 de
2033 5590 2224 5659 quibus
2246 5585 2572 5658 Apostolus]
2594 5585 2659 5640 ad
2685 5581 2922 5659 Timoth.
2952 5595 3037 5636 v1:
3069 5579 3511 5659 piuitibus‘ltujus

1931 5651 2357 5732 σα·οάιὶμανεὶρᾳ
2393 5675 2496 5732 non
2533 5655 2769 5732 _superbe_
2799 5668 2982 5721 sapere
2995 5669 3035 5732 ί-
3068 5653 3219 5732 facile
3266 5651 3507 5732 tribuere.

1935 5721 2074 5790 Hinc
2100 5721 2315 5801 semper
2341 5729 2396 5785 in
2424 5721 2667 5783 Eccleéia
2695 5723 2796 5781 fuit
2821 5738 2955 5782 usus
2993 5721 3356 5783 Collectarum
3398 5721 3508 5790 (de
