  <div class='ocr_page' id='page_1' title='image "/cluster/home/n/w/nwhite01/storage/ocr_20150623/49/hvd.32044015471543/161.png"; bbox 0 0 3986 6320; ppageno 0'>
   <div class='ocr_carea' id='block_1_1' title="bbox 494 235 599 299">
    <p class='ocr_par' dir='ltr' id='par_1_1' title="bbox 494 235 599 299">
     <span class='ocr_line' id='line_1_1' title="bbox 494 235 599 299; baseline 0 -1"><span class='ocrx_word' id='word_1_1' title='bbox 494 235 599 299; x_wconf 75' lang='lat' dir='ltr'><strong>5H</strong></span> 
     </span>
    </p>
   </div>
   <div class='ocr_carea' id='block_1_2' title="bbox 1818 223 2451 293">
    <p class='ocr_par' dir='ltr' id='par_1_2' title="bbox 1818 223 2451 293">
     <span class='ocr_line' id='line_1_2' title="bbox 1818 223 2451 293; baseline -0.009 -1"><span class='ocrx_word' id='word_1_2' title='bbox 1818 231 2100 293; x_wconf 81' lang='lat' dir='ltr'><strong>JOANNIS</strong></span> <span class='ocrx_word' id='word_1_3' title='bbox 2135 223 2451 291; x_wconf 77' lang='lat' dir='ltr'><strong>CASSIANI</strong></span> 
     </span>
    </p>
   </div>
   <div class='ocr_carea' id='block_1_3' title="bbox 3659 221 3768 283">
    <p class='ocr_par' dir='ltr' id='par_1_3' title="bbox 3659 221 3768 283">
     <span class='ocr_line' id='line_1_3' title="bbox 3659 221 3768 283; baseline 0 0"><span class='ocrx_word' id='word_1_4' title='bbox 3659 221 3768 283; x_wconf 73' lang='lat' dir='ltr'><strong>3l2</strong></span> 
     </span>
    </p>
   </div>
   <div class='ocr_carea' id='block_1_4' title="bbox 492 335 3768 428">
    <p class='ocr_par' dir='ltr' id='par_1_4' title="bbox 492 335 3768 428">
     <span class='ocr_line' id='line_1_4' title="bbox 492 335 3768 428; baseline -0.005 -17"><span class='ocrx_word' id='word_1_5' title='bbox 492 369 717 428; x_wconf 83' lang='lat' dir='ltr'><strong>magnus</strong></span> <span class='ocrx_word' id='word_1_6' title='bbox 747 354 951 410; x_wconf 87' lang='lat' dir='ltr'><strong>fructus</strong></span> <span class='ocrx_word' id='word_1_7' title='bbox 974 353 1043 409; x_wconf 89' lang='lat' dir='ltr'><strong>ab</strong></span> <span class='ocrx_word' id='word_1_8' title='bbox 1063 354 1317 426; x_wconf 84' lang='lat' dir='ltr'><strong>Apostolo</strong></span> <span class='ocrx_word' id='word_1_9' title='bbox 1338 352 1636 408; x_wconf 75' lang='lat' dir='ltr'><strong>ducebatur</strong></span> <span class='ocrx_word' id='word_1_10' title='bbox 1665 350 1883 423; x_wconf 81' lang='lat' dir='ltr'><strong>(Actor.</strong></span> <span class='ocrx_word' id='word_1_11' title='bbox 1939 348 2073 418; x_wconf 90' lang='lat' dir='ltr'><strong>xv),</strong></span> <span class='ocrx_word' id='word_1_12' title='bbox 2099 349 2156 412; x_wconf 72' lang='grc' dir='ltr'><strong>Α</strong></span> <span class='ocrx_word' id='word_1_13' title='bbox 2178 359 2368 402; x_wconf 88' lang='lat' dir='ltr'><strong>eorum</strong></span> <span class='ocrx_word' id='word_1_14' title='bbox 2395 344 2593 417; x_wconf 87' lang='lat' dir='ltr'><strong>nostris</strong></span> <span class='ocrx_word' id='word_1_15' title='bbox 2621 342 2954 414; x_wconf 89' lang='lat' dir='ltr'><strong>temporibus</strong></span> <span class='ocrx_word' id='word_1_16' title='bbox 2997 347 3404 407; x_wconf 87' lang='lat' dir='ltr'><strong>successerunt,</strong></span> <span class='ocrx_word' id='word_1_17' title='bbox 3457 335 3768 396; x_wconf 82' lang='lat' dir='ltr'><strong>imitatores</strong></span> 
     </span>
    </p>
   </div>
   <div class='ocr_carea' id='block_1_5' title="bbox 490 441 2080 503">
    <p class='ocr_par' dir='ltr' id='par_1_5' title="bbox 490 441 2080 503">
     <span class='ocr_line' id='line_1_5' title="bbox 490 441 2080 503; baseline -0.004 0"><span class='ocrx_word' id='word_1_18' title='bbox 490 448 537 503; x_wconf 89' lang='lat' dir='ltr'><strong>si</strong></span> <span class='ocrx_word' id='word_1_19' title='bbox 570 449 755 502; x_wconf 86' lang='lat' dir='ltr'><strong>saltem</strong></span> <span class='ocrx_word' id='word_1_20' title='bbox 779 448 847 502; x_wconf 91' lang='lat' dir='ltr'><strong>ab</strong></span> <span class='ocrx_word' id='word_1_21' title='bbox 876 447 1138 502; x_wconf 85' lang='lat' dir='ltr'><strong>idolorum</strong></span> <span class='ocrx_word' id='word_1_22' title='bbox 1168 449 1314 502; x_wconf 88' lang='lat' dir='ltr'><strong>cultu</strong></span> <span class='ocrx_word' id='word_1_23' title='bbox 1329 455 1396 501; x_wconf 86' lang='lat' dir='ltr'><strong>&#39;et</strong></span> <span class='ocrx_word' id='word_1_24' title='bbox 1425 443 1780 500; x_wconf 73' lang='lat' dir='ltr'><strong>fornicatione</strong></span> <span class='ocrx_word' id='word_1_25' title='bbox 1829 450 1886 498; x_wconf 90' lang='lat' dir='ltr'><strong>et</strong></span> <span class='ocrx_word' id='word_1_26' title='bbox 1909 441 2080 498; x_wconf 82' lang='lat' dir='ltr'><strong>suffo-</strong></span> 
     </span>
    </p>
   </div>
   <div class='ocr_carea' id='block_1_6' title="bbox 491 535 2078 610">
    <p class='ocr_par' dir='ltr' id='par_1_6' title="bbox 491 535 2078 610">
     <span class='ocr_line' id='line_1_6' title="bbox 491 535 2078 610; baseline -0.001 -17"><span class='ocrx_word' id='word_1_27' title='bbox 491 541 628 594; x_wconf 77' lang='lat' dir='ltr'><strong>catis</strong></span> <span class='ocrx_word' id='word_1_28' title='bbox 655 549 708 594; x_wconf 91' lang='lat' dir='ltr'><strong>et</strong></span> <span class='ocrx_word' id='word_1_29' title='bbox 737 539 1002 610; x_wconf 73' lang='lat' dir='ltr'><strong>sanguine</strong></span> <span class='ocrx_word' id='word_1_30' title='bbox 1043 539 1318 606; x_wconf 91' lang='lat' dir='ltr'><strong>revocati,</strong></span> <span class='ocrx_word' id='word_1_31' title='bbox 1352 537 1513 593; x_wconf 84' lang='lat' dir='ltr'><strong>fidem</strong></span> <span class='ocrx_word' id='word_1_32' title='bbox 1552 535 1753 592; x_wconf 83' lang='lat' dir='ltr'><strong>Christi</strong></span> <span class='ocrx_word' id='word_1_33' title='bbox 1798 551 1920 591; x_wconf 92' lang='lat' dir='ltr'><strong>cum</strong></span> <span class='ocrx_word' id='word_1_34' title='bbox 1963 535 2078 591; x_wconf 83' lang='lat' dir='ltr'><strong>suis</strong></span> 
     </span>
    </p>
   </div>
   <div class='ocr_carea' id='block_1_7' title="bbox 489 626 2079 699">
    <p class='ocr_par' dir='ltr' id='par_1_7' title="bbox 489 626 2079 699">
     <span class='ocr_line' id='line_1_7' title="bbox 489 626 2079 699; baseline -0.001 -14"><span class='ocrx_word' id='word_1_35' title='bbox 489 630 840 685; x_wconf 76' lang='lat' dir='ltr'><strong>facultatibus</strong></span> <span class='ocrx_word' id='word_1_36' title='bbox 888 631 1294 699; x_wconf 84' lang='lat' dir='ltr'><strong>suscepissent;</strong></span> <span class='ocrx_word' id='word_1_37' title='bbox 1368 644 1436 683; x_wconf 84' lang='lat' dir='ltr'><strong>an</strong></span> <span class='ocrx_word' id='word_1_38' title='bbox 1488 629 1565 684; x_wconf 84' lang='lat' dir='ltr'><strong>illi</strong></span> <span class='ocrx_word' id='word_1_39' title='bbox 1608 627 1701 698; x_wconf 89' lang='lat' dir='ltr'><strong>qui</strong></span> <span class='ocrx_word' id='word_1_40' title='bbox 1741 626 2079 695; x_wconf 68' lang='lat' dir='ltr'><strong>Evangelicas</strong></span> 
     </span>
    </p>
   </div>
   <div class='ocr_carea' id='block_1_8' title="bbox 489 721 2078 792">
    <p class='ocr_par' dir='ltr' id='par_1_8' title="bbox 489 721 2078 792">
     <span class='ocr_line' id='line_1_8' title="bbox 489 721 2078 792; baseline 0.001 -16"><span class='ocrx_word' id='word_1_41' title='bbox 489 723 892 778; x_wconf 78' lang='lat' dir='ltr'><strong>satisfacientes</strong></span> <span class='ocrx_word' id='word_1_42' title='bbox 937 723 1258 786; x_wconf 67' lang='lat' dir='ltr'><strong>sententiae,</strong></span> <span class='ocrx_word' id='word_1_43' title='bbox 1307 737 1524 777; x_wconf 90' lang='lat' dir='ltr'><strong>crucem</strong></span> <span class='ocrx_word' id='word_1_44' title='bbox 1581 721 1794 776; x_wconf 83' lang='lat' dir='ltr'><strong>Domini</strong></span> <span class='ocrx_word' id='word_1_45' title='bbox 1839 721 2078 792; x_wconf 91' lang='lat' dir='ltr'><strong>quotidie</strong></span> 
     </span>
    </p>
   </div>
   <div class='ocr_carea' id='block_1_9' title="bbox 489 814 2078 887">
    <p class='ocr_par' dir='ltr' id='par_1_9' title="bbox 489 814 2078 887">
     <span class='ocr_line' id='line_1_9' title="bbox 489 814 2078 887; baseline 0.003 -20"><span class='ocrx_word' id='word_1_46' title='bbox 489 825 771 886; x_wconf 87' lang='lat' dir='ltr'><strong>portantes</strong></span> <span class='ocrx_word' id='word_1_47' title='bbox 803 815 1020 887; x_wconf 80' lang='lat' dir='ltr'><strong>(Matth.</strong></span> <span class='ocrx_word' id='word_1_48' title='bbox 1050 814 1108 886; x_wconf 89' lang='lat' dir='ltr'><strong>x)</strong></span> <span class='ocrx_word' id='word_1_49' title='bbox 1131 857 1147 880; x_wconf 95' lang='lat'><strong>,</strong></span> <span class='ocrx_word' id='word_1_50' title='bbox 1182 815 1316 870; x_wconf 85' lang='lat' dir='ltr'><strong>nihil</strong></span> <span class='ocrx_word' id='word_1_51' title='bbox 1361 815 1464 870; x_wconf 83' lang='lat' dir='ltr'><strong>sibi</strong></span> <span class='ocrx_word' id='word_1_52' title='bbox 1494 815 1561 869; x_wconf 93' lang='lat' dir='ltr'><strong>de</strong></span> <span class='ocrx_word' id='word_1_53' title='bbox 1587 816 1821 886; x_wconf 88' lang='lat' dir='ltr'><strong>propriis</strong></span> <span class='ocrx_word' id='word_1_54' title='bbox 1852 816 2078 872; x_wconf 88' lang='lat' dir='ltr'><strong>faculta-</strong></span> 
     </span>
    </p>
   </div>
   <div class='ocr_carea' id='block_1_10' title="bbox 487 908 2077 980">
    <p class='ocr_par' dir='ltr' id='par_1_10' title="bbox 487 908 2077 980">
     <span class='ocr_line' id='line_1_10' title="bbox 487 908 2077 980; baseline 0.001 -18"><span class='ocrx_word' id='word_1_55' title='bbox 487 909 636 964; x_wconf 86' lang='lat' dir='ltr'><strong>tibus</strong></span> <span class='ocrx_word' id='word_1_56' title='bbox 693 924 981 976; x_wconf 85' lang='lat' dir='ltr'><strong>superesse</strong></span> <span class='ocrx_word' id='word_1_57' title='bbox 1025 909 1365 964; x_wconf 72' lang='lat' dir='ltr'><strong>voluerunt?</strong></span> <span class='ocrx_word' id='word_1_58' title='bbox 1428 908 1672 977; x_wconf 87' lang='lat' dir='ltr'><strong>Cumque</strong></span> <span class='ocrx_word' id='word_1_59' title='bbox 1724 910 1840 980; x_wconf 91' lang='lat' dir='ltr'><strong>ipse</strong></span> <span class='ocrx_word' id='word_1_60' title='bbox 1888 910 2077 965; x_wconf 90' lang='lat' dir='ltr'><strong>beatus</strong></span> 
     </span>
    </p>
   </div>
   <div class='ocr_carea' id='block_1_11' title="bbox 489 997 2076 1072">
    <p class='ocr_par' dir='ltr' id='par_1_11' title="bbox 489 997 2076 1072">
     <span class='ocr_line' id='line_1_11' title="bbox 489 997 2076 1072; baseline 0.002 -19"><span class='ocrx_word' id='word_1_61' title='bbox 489 997 780 1068; x_wconf 80' lang='lat' dir='ltr'><strong>Apostolus</strong></span> <span class='ocrx_word' id='word_1_62' title='bbox 806 1000 1034 1054; x_wconf 86' lang='lat' dir='ltr'><strong>vinculis</strong></span> <span class='ocrx_word' id='word_1_63' title='bbox 1059 1007 1116 1054; x_wconf 89' lang='lat' dir='ltr'><strong>et</strong></span> <span class='ocrx_word' id='word_1_64' title='bbox 1144 999 1457 1056; x_wconf 87' lang='lat' dir='ltr'><strong>carceribus</strong></span> <span class='ocrx_word' id='word_1_65' title='bbox 1477 1001 1766 1072; x_wconf 88' lang='lat' dir='ltr'><strong>obligatus,</strong></span> <span class='ocrx_word' id='word_1_66' title='bbox 1791 1016 1887 1057; x_wconf 91' lang='lat' dir='ltr'><strong>seu</strong></span> <span class='ocrx_word' id='word_1_67' title='bbox 1911 1016 2076 1057; x_wconf 90' lang='lat' dir='ltr'><strong>vexa-</strong></span> 
     </span>
    </p>
   </div>
   <div class='ocr_carea' id='block_1_12' title="bbox 488 1088 2074 1160">
    <p class='ocr_par' dir='ltr' id='par_1_12' title="bbox 488 1088 2074 1160">
     <span class='ocr_line' id='line_1_12' title="bbox 488 1088 2074 1160; baseline 0.003 -16"><span class='ocrx_word' id='word_1_68' title='bbox 488 1088 637 1145; x_wconf 86' lang='lat' dir='ltr'><strong>tione</strong></span> <span class='ocrx_word' id='word_1_69' title='bbox 687 1090 899 1145; x_wconf 85' lang='lat' dir='ltr'><strong>itineris</strong></span> <span class='ocrx_word' id='word_1_70' title='bbox 954 1091 1276 1160; x_wconf 90' lang='lat' dir='ltr'><strong>impeditus,</strong></span> <span class='ocrx_word' id='word_1_71' title='bbox 1308 1100 1364 1148; x_wconf 88' lang='lat' dir='ltr'><strong>et</strong></span> <span class='ocrx_word' id='word_1_72' title='bbox 1405 1092 1477 1148; x_wconf 93' lang='lat' dir='ltr'><strong>ob</strong></span> <span class='ocrx_word' id='word_1_73' title='bbox 1530 1092 1634 1148; x_wconf 94' lang='lat' dir='ltr'><strong>hoc</strong></span> <span class='ocrx_word' id='word_1_74' title='bbox 1685 1101 1714 1131; x_wconf 79' lang='grc' dir='ltr'>ι</span> <span class='ocrx_word' id='word_1_75' title='bbox 1761 1105 2074 1150; x_wconf 84' lang='lat' dir='ltr'><strong>consuetam</strong></span> 
     </span>
    </p>
   </div>
   <div class='ocr_carea' id='block_1_13' title="bbox 486 1181 2078 1253">
    <p class='ocr_par' dir='ltr' id='par_1_13' title="bbox 486 1181 2078 1253">
     <span class='ocr_line' id='line_1_13' title="bbox 486 1181 2078 1253; baseline 0.001 -15"><span class='ocrx_word' id='word_1_76' title='bbox 486 1181 664 1238; x_wconf 84' lang='lat' dir='ltr'><strong>victus</strong></span> <span class='ocrx_word' id='word_1_77' title='bbox 693 1183 1048 1238; x_wconf 82' lang='lat' dir='ltr'><strong>substantiam</strong></span> <span class='ocrx_word' id='word_1_78' title='bbox 1081 1198 1270 1253; x_wconf 89' lang='lat' dir='ltr'><strong>parare</strong></span> <span class='ocrx_word' id='word_1_79' title='bbox 1291 1224 1307 1250; x_wconf 94' lang='lat'><strong>,</strong></span> <span class='ocrx_word' id='word_1_80' title='bbox 1340 1192 1400 1239; x_wconf 88' lang='lat' dir='ltr'><strong>ut</strong></span> <span class='ocrx_word' id='word_1_81' title='bbox 1427 1193 1544 1240; x_wconf 88' lang='lat' dir='ltr'><strong>erat</strong></span> <span class='ocrx_word' id='word_1_82' title='bbox 1565 1186 1790 1253; x_wconf 89' lang='lat' dir='ltr'><strong>solitus,</strong></span> <span class='ocrx_word' id='word_1_83' title='bbox 1820 1186 1935 1242; x_wconf 86' lang='lat' dir='ltr'><strong>suis</strong></span> <span class='ocrx_word' id='word_1_84' title='bbox 1962 1201 2078 1242; x_wconf 88' lang='lat' dir='ltr'><strong>ma-</strong></span> 
     </span>
    </p>
   </div>
   <div class='ocr_carea' id='block_1_14' title="bbox 486 1274 2078 1347">
    <p class='ocr_par' dir='ltr' id='par_1_14' title="bbox 486 1274 2078 1347">
     <span class='ocr_line' id='line_1_14' title="bbox 486 1274 2078 1347; baseline 0.004 -17"><span class='ocrx_word' id='word_1_85' title='bbox 486 1274 647 1330; x_wconf 91' lang='lat' dir='ltr'><strong>nibus</strong></span> <span class='ocrx_word' id='word_1_86' title='bbox 671 1288 777 1330; x_wconf 92' lang='lat' dir='ltr'><strong>non</strong></span> <span class='ocrx_word' id='word_1_87' title='bbox 800 1289 1096 1331; x_wconf 89' lang='lat' dir='ltr'><strong>occurrens</strong></span> <span class='ocrx_word' id='word_1_88' title='bbox 1117 1320 1130 1344; x_wconf 93' lang='lat'><strong>,</strong></span> <span class='ocrx_word' id='word_1_89' title='bbox 1159 1291 1190 1329; x_wconf 89' lang='lat' dir='ltr'><strong>a</strong></span> <span class='ocrx_word' id='word_1_90' title='bbox 1220 1275 1478 1332; x_wconf 81' lang='lat' dir='ltr'><strong>fratribus</strong></span> <span class='ocrx_word' id='word_1_91' title='bbox 1504 1319 1518 1343; x_wconf 95' lang='lat'><strong>,</strong></span> <span class='ocrx_word' id='word_1_92' title='bbox 1551 1279 1642 1347; x_wconf 90' lang='lat' dir='ltr'><strong>qui</strong></span> <span class='ocrx_word' id='word_1_93' title='bbox 1667 1279 1739 1336; x_wconf 91' lang='lat' dir='ltr'><strong>de</strong></span> <span class='ocrx_word' id='word_1_94' title='bbox 1764 1279 2078 1336; x_wconf 69' lang='lat' dir='ltr'><strong>Macedonia</strong></span> 
     </span>
    </p>
   </div>
   <div class='ocr_carea' id='block_1_15' title="bbox 485 1370 2077 1440">
    <p class='ocr_par' dir='ltr' id='par_1_15' title="bbox 485 1370 2077 1440">
     <span class='ocr_line' id='line_1_15' title="bbox 485 1370 2077 1440; baseline 0.004 -18"><span class='ocrx_word' id='word_1_95' title='bbox 485 1379 788 1433; x_wconf 90' lang='lat' dir='ltr'><strong>venerant,</strong></span> <span class='ocrx_word' id='word_1_96' title='bbox 829 1370 1264 1440; x_wconf 89' lang='lat' dir='ltr'><strong>supplementum</strong></span> <span class='ocrx_word' id='word_1_97' title='bbox 1288 1386 1402 1426; x_wconf 65' lang='lat' dir='ltr'><strong>suae</strong></span> <span class='ocrx_word' id='word_1_98' title='bbox 1425 1373 1768 1429; x_wconf 81' lang='lat' dir='ltr'><strong>necessitatis</strong></span> <span class='ocrx_word' id='word_1_99' title='bbox 1793 1388 1854 1429; x_wconf 89' lang='lat' dir='ltr'><strong>se</strong></span> <span class='ocrx_word' id='word_1_100' title='bbox 1883 1377 2077 1429; x_wconf 86' lang='lat' dir='ltr'><strong>asserit</strong></span> 
     </span>
    </p>
   </div>
   <div class='ocr_carea' id='block_1_16' title="bbox 484 1462 2079 1536">
    <p class='ocr_par' dir='ltr' id='par_1_16' title="bbox 484 1462 2079 1536">
     <span class='ocr_line' id='line_1_16' title="bbox 484 1462 2079 1536; baseline 0.003 -20"><span class='ocrx_word' id='word_1_101' title='bbox 484 1462 800 1531; x_wconf 88' lang='lat' dir='ltr'><strong>accepisse:</strong></span> <span class='ocrx_word' id='word_1_102' title='bbox 829 1479 948 1516; x_wconf 89' lang='lat' dir='ltr'><strong>nam</strong></span> <span class='ocrx_word' id='word_1_103' title='bbox 967 1462 1108 1534; x_wconf 84' lang='lat' dir='ltr'><strong>quod</strong></span> <span class='ocrx_word' id='word_1_104' title='bbox 1139 1462 1285 1531; x_wconf 80' lang='lat' dir='ltr'><strong>mihi,</strong></span> <span class='ocrx_word' id='word_1_105' title='bbox 1319 1464 1603 1534; x_wconf 86' lang='lat' dir='ltr'><strong>inquiens,</strong></span> <span class='ocrx_word' id='word_1_106' title='bbox 1643 1466 1834 1531; x_wconf 90' lang='lat' dir='ltr'><strong>deerat,</strong></span> <span class='ocrx_word' id='word_1_107' title='bbox 1865 1467 2079 1536; x_wconf 82' lang='lat' dir='ltr'><strong>supple-</strong></span> 
     </span>
    </p>
   </div>
   <div class='ocr_carea' id='block_1_17' title="bbox 483 1556 2072 1632">
    <p class='ocr_par' dir='ltr' id='par_1_17' title="bbox 483 1556 2072 1632">
     <span class='ocr_line' id='line_1_17' title="bbox 483 1556 2072 1632; baseline 0.006 -26"><span class='ocrx_word' id='word_1_108' title='bbox 483 1564 666 1608; x_wconf 89' lang='lat' dir='ltr'><strong>verunt</strong></span> <span class='ocrx_word' id='word_1_109' title='bbox 692 1556 897 1623; x_wconf 80' lang='lat' dir='ltr'><strong>fratres,</strong></span> <span class='ocrx_word' id='word_1_110' title='bbox 923 1557 1011 1624; x_wconf 85' lang='lat' dir='ltr'><strong>qui</strong></span> <span class='ocrx_word' id='word_1_111' title='bbox 1037 1565 1280 1611; x_wconf 84' lang='lat' dir='ltr'><strong>venerunt</strong></span> <span class='ocrx_word' id='word_1_112' title='bbox 1303 1574 1336 1611; x_wconf 89' lang='lat' dir='ltr'><strong>a</strong></span> <span class='ocrx_word' id='word_1_113' title='bbox 1357 1558 1662 1614; x_wconf 76' lang='lat' dir='ltr'><strong>Macedonia</strong></span> <span class='ocrx_word' id='word_1_114' title='bbox 1684 1560 1704 1631; x_wconf 96' lang='lat'><strong>(</strong></span> <span class='ocrx_word' id='word_1_115' title='bbox 1725 1559 1766 1614; x_wconf 88' lang='lat' dir='ltr'><strong>ll</strong></span> <span class='ocrx_word' id='word_1_116' title='bbox 1784 1559 1905 1616; x_wconf 89' lang='lat' dir='ltr'><strong>Cor.</strong></span> <span class='ocrx_word' id='word_1_117' title='bbox 1937 1561 2072 1632; x_wconf 86' lang='lat' dir='ltr'><strong>xu);</strong></span> 
     </span>
    </p>
   </div>
   <div class='ocr_carea' id='block_1_18' title="bbox 481 1646 2068 1722">
    <p class='ocr_par' dir='ltr' id='par_1_18' title="bbox 481 1646 2068 1722">
     <span class='ocr_line' id='line_1_18' title="bbox 481 1646 2068 1722; baseline 0.003 -20"><span class='ocrx_word' id='word_1_118' title='bbox 481 1655 537 1702; x_wconf 87' lang='lat' dir='ltr'><strong>et</strong></span> <span class='ocrx_word' id='word_1_119' title='bbox 566 1647 632 1701; x_wconf 88' lang='lat' dir='ltr'><strong>ad</strong></span> <span class='ocrx_word' id='word_1_120' title='bbox 663 1646 1036 1717; x_wconf 85' lang='lat' dir='ltr'><strong>Philippenses</strong></span> <span class='ocrx_word' id='word_1_121' title='bbox 1063 1649 1180 1717; x_wconf 91' lang='lat' dir='ltr'><strong>ipse</strong></span> <span class='ocrx_word' id='word_1_122' title='bbox 1203 1649 1441 1704; x_wconf 82' lang='lat' dir='ltr'><strong>referens</strong></span> <span class='ocrx_word' id='word_1_123' title='bbox 1465 1668 1480 1703; x_wconf 89' lang='lat'><strong>:</strong></span> <span class='ocrx_word' id='word_1_124' title='bbox 1513 1651 1674 1711; x_wconf 71' lang='lat' dir='ltr'><strong>Sa‘tis</strong></span> <span class='ocrx_word' id='word_1_125' title='bbox 1701 1652 1840 1706; x_wconf 89' lang='lat' dir='ltr'><strong>enim</strong></span> <span class='ocrx_word' id='word_1_126' title='bbox 1865 1661 1916 1706; x_wconf 88' lang='lat' dir='ltr'><strong>et</strong></span> <span class='ocrx_word' id='word_1_127' title='bbox 1943 1670 2068 1722; x_wconf 88' lang='lat' dir='ltr'><strong>vos,</strong></span> 
     </span>
    </p>
   </div>
   <div class='ocr_carea' id='block_1_19' title="bbox 2182 434 3762 504">
    <p class='ocr_par' dir='ltr' id='par_1_19' title="bbox 2182 434 3762 504">
     <span class='ocr_line' id='line_1_19' title="bbox 2182 434 3762 504; baseline -0.004 -8"><span class='ocrx_word' id='word_1_128' title='bbox 2182 439 2415 496; x_wconf 75' lang='lat' dir='ltr'><strong>existere</strong></span> <span class='ocrx_word' id='word_1_129' title='bbox 2442 453 2458 504; x_wconf 94' lang='lat'><strong>;</strong></span> <span class='ocrx_word' id='word_1_130' title='bbox 2491 453 2599 492; x_wconf 91' lang='lat' dir='ltr'><strong>non</strong></span> <span class='ocrx_word' id='word_1_131' title='bbox 2627 439 2828 500; x_wconf 85' lang='lat' dir='ltr'><strong>nostris</strong></span> <span class='ocrx_word' id='word_1_132' title='bbox 2858 435 3264 493; x_wconf 88' lang='lat' dir='ltr'><strong>definitionibus</strong></span> <span class='ocrx_word' id='word_1_133' title='bbox 3311 434 3720 504; x_wconf 84' lang='lat' dir='ltr'><strong>acquiescamus</strong></span> <span class='ocrx_word' id='word_1_134' title='bbox 3739 471 3762 502; x_wconf 88' lang='lat'><strong>,</strong></span> 
     </span>
    </p>
   </div>
   <div class='ocr_carea' id='block_1_20' title="bbox 2181 526 3768 600">
    <p class='ocr_par' dir='ltr' id='par_1_20' title="bbox 2181 526 3768 600">
     <span class='ocr_line' id='line_1_20' title="bbox 2181 526 3768 600; baseline -0.003 -14"><span class='ocrx_word' id='word_1_135' title='bbox 2181 533 2250 588; x_wconf 92' lang='lat' dir='ltr'><strong>de</strong></span> <span class='ocrx_word' id='word_1_136' title='bbox 2278 531 2380 586; x_wconf 90' lang='lat' dir='ltr'><strong>hoc</strong></span> <span class='ocrx_word' id='word_1_137' title='bbox 2412 531 2591 600; x_wconf 88' lang='lat' dir='ltr'><strong>tepido</strong></span> <span class='ocrx_word' id='word_1_138' title='bbox 2615 547 2680 588; x_wconf 89' lang='lat' dir='ltr'><strong>ac</strong></span> <span class='ocrx_word' id='word_1_139' title='bbox 2699 530 2993 586; x_wconf 82' lang='lat' dir='ltr'><strong>miserabili</strong></span> <span class='ocrx_word' id='word_1_140' title='bbox 3023 537 3166 586; x_wconf 89' lang='lat' dir='ltr'><strong>statu</strong></span> <span class='ocrx_word' id='word_1_141' title='bbox 3187 527 3577 599; x_wconf 87' lang='lat' dir='ltr'><strong>perfectionem</strong></span> <span class='ocrx_word' id='word_1_142' title='bbox 3608 526 3768 582; x_wconf 84' lang='lat' dir='ltr'><strong>nobis</strong></span> 
     </span>
    </p>
   </div>
   <div class='ocr_carea' id='block_1_21' title="bbox 2182 613 3770 694">
    <p class='ocr_par' dir='ltr' id='par_1_21' title="bbox 2182 613 3770 694">
     <span class='ocr_line' id='line_1_21' title="bbox 2182 613 3770 694; baseline -0.003 -16"><span class='ocrx_word' id='word_1_143' title='bbox 2182 613 2557 694; x_wconf 76' lang='lat' dir='ltr'><strong>Evangelicam</strong></span> <span class='ocrx_word' id='word_1_144' title='bbox 2577 623 2894 694; x_wconf 89' lang='lat' dir='ltr'><strong>pollicentes</strong></span> <span class='ocrx_word' id='word_1_145' title='bbox 2917 641 2930 676; x_wconf 89' lang='lat'>:</span> <span class='ocrx_word' id='word_1_146' title='bbox 2951 623 3049 678; x_wconf 87' lang='lat' dir='ltr'><strong>sed</strong></span> <span class='ocrx_word' id='word_1_147' title='bbox 3073 623 3284 678; x_wconf 90' lang='lat' dir='ltr'><strong>illorum</strong></span> <span class='ocrx_word' id='word_1_148' title='bbox 3312 627 3581 677; x_wconf 82' lang='lat' dir='ltr'><strong>sectantes</strong></span> <span class='ocrx_word' id='word_1_149' title='bbox 3602 618 3770 674; x_wconf 88' lang='lat' dir='ltr'><strong>vesti-</strong></span> 
     </span>
    </p>
   </div>
   <div class='ocr_carea' id='block_1_22' title="bbox 2179 709 3764 785">
    <p class='ocr_par' dir='ltr' id='par_1_22' title="bbox 2179 709 3764 785">
     <span class='ocr_line' id='line_1_22' title="bbox 2179 709 3764 785; baseline -0.004 -14"><span class='ocrx_word' id='word_1_150' title='bbox 2179 715 2265 784; x_wconf 90' lang='lat' dir='ltr'><strong>gia</strong></span> <span class='ocrx_word' id='word_1_151' title='bbox 2291 713 2687 771; x_wconf 88' lang='lat' dir='ltr'><strong>circumvenire</strong></span> <span class='ocrx_word' id='word_1_152' title='bbox 2714 715 3082 785; x_wconf 87' lang='lat' dir='ltr'><strong>nosmetipsos</strong></span> <span class='ocrx_word' id='word_1_153' title='bbox 3130 712 3359 768; x_wconf 89' lang='lat' dir='ltr'><strong>minime</strong></span> <span class='ocrx_word' id='word_1_154' title='bbox 3409 709 3764 776; x_wconf 83' lang='lat' dir='ltr'><strong>studeamus;</strong></span> 
     </span>
    </p>
   </div>
   <div class='ocr_carea' id='block_1_23' title="bbox 2179 804 3766 877">
    <p class='ocr_par' dir='ltr' id='par_1_23' title="bbox 2179 804 3766 877">
     <span class='ocr_line' id='line_1_23' title="bbox 2179 804 3766 877; baseline -0.004 -11"><span class='ocrx_word' id='word_1_155' title='bbox 2179 818 2235 866; x_wconf 91' lang='lat' dir='ltr'><strong>et</strong></span> <span class='ocrx_word' id='word_1_156' title='bbox 2261 808 2334 863; x_wconf 91' lang='lat' dir='ltr'><strong>ita</strong></span> <span class='ocrx_word' id='word_1_157' title='bbox 2360 809 2681 865; x_wconf 88' lang='lat' dir='ltr'><strong>monasterii</strong></span> <span class='ocrx_word' id='word_1_158' title='bbox 2707 809 3048 877; x_wconf 89' lang='lat' dir='ltr'><strong>disciplinam</strong></span> <span class='ocrx_word' id='word_1_159' title='bbox 3083 806 3588 876; x_wconf 89' lang='lat' dir='ltr'><strong>institutionemque</strong></span> <span class='ocrx_word' id='word_1_160' title='bbox 3618 804 3766 875; x_wconf 89' lang='lat' dir='ltr'><strong>pari-</strong></span> 
     </span>
    </p>
   </div>
   <div class='ocr_carea' id='block_1_24' title="bbox 2178 895 3767 971">
    <p class='ocr_par' dir='ltr' id='par_1_24' title="bbox 2178 895 3767 971">
     <span class='ocr_line' id='line_1_24' title="bbox 2178 895 3767 971; baseline -0.003 -15"><span class='ocrx_word' id='word_1_161' title='bbox 2178 907 2262 956; x_wconf 89' lang='lat' dir='ltr'><strong>ter</strong></span> <span class='ocrx_word' id='word_1_162' title='bbox 2311 911 2633 971; x_wconf 80' lang='lat' dir='ltr'><strong>expetamus</strong></span> <span class='ocrx_word' id='word_1_163' title='bbox 2659 942 2676 967; x_wconf 95' lang='lat'><strong>,</strong></span> <span class='ocrx_word' id='word_1_164' title='bbox 2732 911 2791 956; x_wconf 93' lang='lat' dir='ltr'><strong>ut</strong></span> <span class='ocrx_word' id='word_1_165' title='bbox 2843 901 2900 956; x_wconf 92' lang='lat' dir='ltr'><strong>in</strong></span> <span class='ocrx_word' id='word_1_166' title='bbox 2952 899 3180 956; x_wconf 86' lang='lat' dir='ltr'><strong>veritate</strong></span> <span class='ocrx_word' id='word_1_167' title='bbox 3221 897 3590 954; x_wconf 89' lang='lat' dir='ltr'><strong>renuntiemus</strong></span> <span class='ocrx_word' id='word_1_168' title='bbox 3638 895 3767 952; x_wconf 87' lang='lat' dir='ltr'><strong>huic</strong></span> 
     </span>
    </p>
   </div>
   <div class='ocr_carea' id='block_1_25' title="bbox 2178 988 3767 1064">
    <p class='ocr_par' dir='ltr' id='par_1_25' title="bbox 2178 988 3767 1064">
     <span class='ocr_line' id='line_1_25' title="bbox 2178 988 3767 1064; baseline -0.003 -16"><span class='ocrx_word' id='word_1_169' title='bbox 2178 993 2379 1048; x_wconf 88' lang='lat' dir='ltr'><strong>mundo</strong></span> <span class='ocrx_word' id='word_1_170' title='bbox 2404 1012 2416 1046; x_wconf 92' lang='lat'><strong>:</strong></span> <span class='ocrx_word' id='word_1_171' title='bbox 2447 993 2580 1048; x_wconf 88' lang='lat' dir='ltr'><strong>nihil</strong></span> <span class='ocrx_word' id='word_1_172' title='bbox 2603 1008 2673 1049; x_wconf 88' lang='lat' dir='ltr'><strong>ex</strong></span> <span class='ocrx_word' id='word_1_173' title='bbox 2701 993 2786 1048; x_wconf 91' lang='lat' dir='ltr'><strong>his</strong></span> <span class='ocrx_word' id='word_1_174' title='bbox 2812 1008 2934 1064; x_wconf 69' lang='lat' dir='ltr'><strong>quae</strong></span> <span class='ocrx_word' id='word_1_175' title='bbox 2960 991 3385 1061; x_wconf 88' lang='lat' dir='ltr'><strong>contempsimus</strong></span> <span class='ocrx_word' id='word_1_176' title='bbox 3402 1029 3420 1056; x_wconf 91' lang='lat'><strong>,</strong></span> <span class='ocrx_word' id='word_1_177' title='bbox 3448 988 3767 1045; x_wconf 78' lang='lat' dir='ltr'><strong>infidelitate</strong></span> 
     </span>
    </p>
   </div>
   <div class='ocr_carea' id='block_1_26' title="bbox 2179 1081 3766 1155">
    <p class='ocr_par' dir='ltr' id='par_1_26' title="bbox 2179 1081 3766 1155">
     <span class='ocr_line' id='line_1_26' title="bbox 2179 1081 3766 1155; baseline -0.003 -14"><span class='ocrx_word' id='word_1_178' title='bbox 2179 1101 2280 1142; x_wconf 91' lang='lat' dir='ltr'><strong>nos</strong></span> <span class='ocrx_word' id='word_1_179' title='bbox 2308 1084 2645 1154; x_wconf 89' lang='lat' dir='ltr'><strong>retrahente,</strong></span> <span class='ocrx_word' id='word_1_180' title='bbox 2672 1093 2994 1142; x_wconf 88' lang='lat' dir='ltr'><strong>servantes:</strong></span> <span class='ocrx_word' id='word_1_181' title='bbox 3019 1083 3390 1155; x_wconf 88' lang='lat' dir='ltr'><strong>quotidianum</strong></span> <span class='ocrx_word' id='word_1_182' title='bbox 3427 1081 3627 1136; x_wconf 88' lang='lat' dir='ltr'><strong>victum</strong></span> <span class='ocrx_word' id='word_1_183' title='bbox 3653 1095 3766 1137; x_wconf 90' lang='lat' dir='ltr'><strong>non</strong></span> 
     </span>
    </p>
   </div>
   <div class='ocr_carea' id='block_1_27' title="bbox 2177 1175 3769 1251">
    <p class='ocr_par' dir='ltr' id='par_1_27' title="bbox 2177 1175 3769 1251">
     <span class='ocr_line' id='line_1_27' title="bbox 2177 1175 3769 1251; baseline -0.002 -15"><span class='ocrx_word' id='word_1_184' title='bbox 2177 1178 2454 1236; x_wconf 90' lang='lat' dir='ltr'><strong>recondita</strong></span> <span class='ocrx_word' id='word_1_185' title='bbox 2478 1180 2705 1251; x_wconf 88' lang='lat' dir='ltr'><strong>pecunia</strong></span> <span class='ocrx_word' id='word_1_186' title='bbox 2727 1220 2746 1247; x_wconf 94' lang='lat'><strong>,</strong></span> <span class='ocrx_word' id='word_1_187' title='bbox 2786 1179 2882 1236; x_wconf 90' lang='lat' dir='ltr'><strong>sed</strong></span> <span class='ocrx_word' id='word_1_188' title='bbox 2913 1193 3081 1249; x_wconf 89' lang='lat' dir='ltr'><strong>opere</strong></span> <span class='ocrx_word' id='word_1_189' title='bbox 3105 1177 3332 1248; x_wconf 89' lang='lat' dir='ltr'><strong>proprio</strong></span> <span class='ocrx_word' id='word_1_190' title='bbox 3357 1175 3769 1247; x_wconf 76' lang='lat' dir='ltr'><strong>conquiramus.</strong></span> 
     </span>
    </p>
   </div>
   <div class='ocr_carea' id='block_1_28' title="bbox 2767 1292 3186 1350">
    <p class='ocr_par' dir='ltr' id='par_1_28' title="bbox 2767 1292 3186 1350">
     <span class='ocr_line' id='line_1_28' title="bbox 2767 1292 3186 1350; baseline -0.002 -1"><span class='ocrx_word' id='word_1_191' title='bbox 2767 1293 2996 1350; x_wconf 80' lang='lat' dir='ltr'><strong>CAPUT</strong></span> <span class='ocrx_word' id='word_1_192' title='bbox 3043 1292 3186 1350; x_wconf 79' lang='lat' dir='ltr'><strong>XIX.</strong></span> 
     </span>
    </p>
   </div>
   <div class='ocr_carea' id='block_1_29' title="bbox 2179 1385 3770 1513">
    <p class='ocr_par' dir='ltr' id='par_1_29' title="bbox 2179 1385 3770 1513">
     <span class='ocr_line' id='line_1_29' title="bbox 2179 1385 3770 1513; baseline -0.001 -69"><span class='ocrx_word' id='word_1_193' title='bbox 2179 1388 2444 1444; x_wconf 83' lang='lat' dir='ltr'><strong>Sententia</strong></span> <span class='ocrx_word' id='word_1_194' title='bbox 2468 1389 2634 1442; x_wconf 78' lang='lat' dir='ltr'><strong>sancti</strong></span> <span class='ocrx_word' id='word_1_195' title='bbox 2657 1385 2841 1442; x_wconf 80' lang='lat' dir='ltr'><strong>Basilii</strong></span> <span class='ocrx_word' id='word_1_196' title='bbox 2869 1389 3101 1513; x_wconf 57' lang='lat' dir='ltr'><strong>eplisfopi</strong></span> <span class='ocrx_word' id='word_1_197' title='bbox 3123 1387 3370 1443; x_wconf 82' lang='lat' dir='ltr'><strong>adversus</strong></span> <span class='ocrx_word' id='word_1_198' title='bbox 3409 1386 3770 1458; x_wconf 77' lang='lat' dir='ltr'><strong>Syncleticum</strong></span> 
     </span>
     <span class='ocr_line' id='line_1_30' title="bbox 2825 1475 3056 1513; baseline 0 0"><span class='ocrx_word' id='word_1_199' title='bbox 2825 1475 2919 1513; x_wconf 78' lang='lat' dir='ltr'><strong>ora</strong></span> <span class='ocrx_word' id='word_1_200' title='bbox 2947 1478 2978 1513; x_wconf 89' lang='lat' dir='ltr'><strong>a</strong></span> <span class='ocrx_word' id='word_1_201' title='bbox 3004 1477 3056 1513; x_wconf 91' lang='lat' dir='ltr'><strong>a.</strong></span> 
     </span>
    </p>
   </div>
   <div class='ocr_carea' id='block_1_30' title="bbox 2825 1475 3056 1532">
    <p class='ocr_par' dir='ltr' id='par_1_30' title="bbox 2825 1475 3056 1532">
     <span class='ocr_line' id='line_1_31' title="bbox 2825 1475 3056 1532; baseline 0.009 -20"><span class='ocrx_word' id='word_1_202' title='bbox 2825 1475 3056 1532; x_wconf 81' lang='lat' dir='ltr'><strong>protata.</strong></span> 
     </span>
    </p>
   </div>
   <div class='ocr_carea' id='block_1_31' title="bbox 2248 1551 3771 1624">
    <p class='ocr_par' dir='ltr' id='par_1_31' title="bbox 2248 1551 3771 1624">
     <span class='ocr_line' id='line_1_32' title="bbox 2248 1551 3771 1624; baseline 0 -16"><span class='ocrx_word' id='word_1_203' title='bbox 2248 1553 2442 1610; x_wconf 86' lang='lat' dir='ltr'><strong>Fertur</strong></span> <span class='ocrx_word' id='word_1_204' title='bbox 2489 1552 2755 1609; x_wconf 86' lang='lat' dir='ltr'><strong>sententia</strong></span> <span class='ocrx_word' id='word_1_205' title='bbox 2796 1551 2854 1610; x_wconf 92' lang='lat' dir='ltr'><strong>S.</strong></span> <span class='ocrx_word' id='word_1_206' title='bbox 2888 1552 3074 1607; x_wconf 88' lang='lat' dir='ltr'><strong>Basilii</strong></span> <span class='ocrx_word' id='word_1_207' title='bbox 3119 1552 3470 1610; x_wconf 65' lang='lat' dir='ltr'><strong>Caesariensis</strong></span> <span class='ocrx_word' id='word_1_208' title='bbox 3521 1552 3771 1624; x_wconf 77' lang='lat' dir='ltr'><strong>episcopi</strong></span> 
     </span>
    </p>
   </div>
   <div class='ocr_carea' id='block_1_32' title="bbox 2176 1641 3774 1715">
    <p class='ocr_par' dir='ltr' id='par_1_32' title="bbox 2176 1641 3774 1715">
     <span class='ocr_line' id='line_1_33' title="bbox 2176 1641 3774 1715; baseline 0.001 -16"><span class='ocrx_word' id='word_1_209' title='bbox 2176 1644 2242 1699; x_wconf 91' lang='lat' dir='ltr'><strong>ad</strong></span> <span class='ocrx_word' id='word_1_210' title='bbox 2266 1645 2560 1715; x_wconf 88' lang='lat' dir='ltr'><strong>quemdam</strong></span> <span class='ocrx_word' id='word_1_211' title='bbox 2587 1644 2796 1715; x_wconf 87' lang='lat' dir='ltr'><strong>prolata</strong></span> <span class='ocrx_word' id='word_1_212' title='bbox 2828 1641 2856 1681; x_wconf 75' lang='grc' dir='ltr'>ἀ</span> <span class='ocrx_word' id='word_1_213' title='bbox 2887 1644 3295 1715; x_wconf 82' lang='lat' dir='ltr'><strong>Syncleticum;</strong></span> <span class='ocrx_word' id='word_1_214' title='bbox 3323 1645 3453 1712; x_wconf 90' lang='lat' dir='ltr'><strong>tali,</strong></span> <span class='ocrx_word' id='word_1_215' title='bbox 3488 1659 3597 1714; x_wconf 91' lang='lat' dir='ltr'><strong>quo</strong></span> <span class='ocrx_word' id='word_1_216' title='bbox 3623 1645 3774 1702; x_wconf 79' lang='lat' dir='ltr'><strong>dixi-</strong></span> 
     </span>
    </p>
   </div>
   <div class='ocr_carea' id='block_1_33' title="bbox 481 1737 3773 1814">
    <p class='ocr_par' dir='ltr' id='par_1_33' title="bbox 481 1737 3773 1814">
     <span class='ocr_line' id='line_1_34' title="bbox 481 1737 3773 1814; baseline 0.001 -22"><span class='ocrx_word' id='word_1_217' title='bbox 481 1737 868 1810; x_wconf 82' lang='lat' dir='ltr'><strong>Pliilippenses.</strong></span> <span class='ocrx_word' id='word_1_218' title='bbox 897 1741 1019 1808; x_wconf 84' lang='lat' dir='ltr'><strong>quia</strong></span> <span class='ocrx_word' id='word_1_219' title='bbox 1044 1741 1097 1793; x_wconf 89' lang='lat' dir='ltr'><strong>in</strong></span> <span class='ocrx_word' id='word_1_220' title='bbox 1126 1741 1384 1809; x_wconf 86' lang='lat' dir='ltr'><strong>principio</strong></span> <span class='ocrx_word' id='word_1_221' title='bbox 1410 1739 1701 1813; x_wconf 81' lang='lat' dir='ltr'><strong>Evangelii,</strong></span> <span class='ocrx_word' id='word_1_222' title='bbox 1721 1744 1928 1813; x_wconf 78' lang='lat' dir='ltr'><strong>quando</strong></span> <span class='ocrx_word' id='word_1_223' title='bbox 1949 1761 2074 1814; x_wconf 84' lang='lat' dir='ltr'><strong>pro-</strong></span> <span class='ocrx_word' id='word_1_224' title='bbox 2101 1741 2152 1803; x_wconf 83' lang='lat' dir='ltr'><strong>B</strong></span> <span class='ocrx_word' id='word_1_225' title='bbox 2178 1756 2299 1796; x_wconf 89' lang='lat' dir='ltr'><strong>mus</strong></span> <span class='ocrx_word' id='word_1_226' title='bbox 2321 1782 2337 1803; x_wconf 89' lang='lat'><strong>.</strong></span> <span class='ocrx_word' id='word_1_227' title='bbox 2385 1750 2580 1810; x_wconf 89' lang='lat' dir='ltr'><strong>tepore</strong></span> <span class='ocrx_word' id='word_1_228' title='bbox 2630 1747 2934 1811; x_wconf 83' lang='lat' dir='ltr'><strong>torpentem</strong></span> <span class='ocrx_word' id='word_1_229' title='bbox 2959 1782 2976 1806; x_wconf 95' lang='lat'><strong>,</strong></span> <span class='ocrx_word' id='word_1_230' title='bbox 3020 1739 3112 1811; x_wconf 89' lang='lat' dir='ltr'><strong>qui</strong></span> <span class='ocrx_word' id='word_1_231' title='bbox 3151 1754 3274 1795; x_wconf 87' lang='lat' dir='ltr'><strong>cum</strong></span> <span class='ocrx_word' id='word_1_232' title='bbox 3318 1738 3660 1795; x_wconf 89' lang='lat' dir='ltr'><strong>renuntiasse</strong></span> <span class='ocrx_word' id='word_1_233' title='bbox 3704 1754 3773 1796; x_wconf 85' lang='lat' dir='ltr'><strong>se</strong></span> 
     </span>
    </p>
   </div>
   <div class='ocr_carea' id='block_1_34' title="bbox 481 1829 2074 1901">
    <p class='ocr_par' dir='ltr' id='par_1_34' title="bbox 481 1829 2074 1901">
     <span class='ocr_line' id='line_1_35' title="bbox 481 1829 2074 1901; baseline 0.006 -18"><span class='ocrx_word' id='word_1_234' title='bbox 481 1831 648 1901; x_wconf 85' lang='lat' dir='ltr'><strong>fectus</strong></span> <span class='ocrx_word' id='word_1_235' title='bbox 675 1847 787 1885; x_wconf 88' lang='lat' dir='ltr'><strong>sum</strong></span> <span class='ocrx_word' id='word_1_236' title='bbox 803 1848 836 1884; x_wconf 92' lang='lat' dir='ltr'><strong>a</strong></span> <span class='ocrx_word' id='word_1_237' title='bbox 861 1829 1194 1899; x_wconf 80' lang='lat' dir='ltr'><strong>Macedonia,</strong></span> <span class='ocrx_word' id='word_1_238' title='bbox 1219 1831 1248 1871; x_wconf 71' lang='grc' dir='ltr'>δ</span> <span class='ocrx_word' id='word_1_239' title='bbox 1277 1833 1424 1888; x_wconf 84' lang='lat' dir='ltr'><strong>nulla</strong></span> <span class='ocrx_word' id='word_1_240' title='bbox 1445 1832 1683 1890; x_wconf 84' lang='lat' dir='ltr'><strong>Ecclesia</strong></span> <span class='ocrx_word' id='word_1_241' title='bbox 1703 1835 1832 1891; x_wconf 82' lang='lat' dir='ltr'><strong>mihi</strong></span> <span class='ocrx_word' id='word_1_242' title='bbox 1851 1853 2074 1892; x_wconf 79' lang='lat' dir='ltr'><strong>commu-</strong></span> 
     </span>
    </p>
   </div>
   <div class='ocr_carea' id='block_1_35' title="bbox 480 1922 2076 1998">
    <p class='ocr_par' dir='ltr' id='par_1_35' title="bbox 480 1922 2076 1998">
     <span class='ocr_line' id='line_1_36' title="bbox 480 1922 2076 1998; baseline 0.008 -24"><span class='ocrx_word' id='word_1_243' title='bbox 480 1922 670 1976; x_wconf 87' lang='lat' dir='ltr'><strong>nicavit</strong></span> <span class='ocrx_word' id='word_1_244' title='bbox 698 1923 752 1976; x_wconf 86' lang='lat' dir='ltr'><strong>in</strong></span> <span class='ocrx_word' id='word_1_245' title='bbox 779 1925 979 1978; x_wconf 83' lang='lat' dir='ltr'><strong>ratione</strong></span> <span class='ocrx_word' id='word_1_246' title='bbox 1007 1923 1118 1978; x_wconf 85' lang='lat' dir='ltr'><strong>dati</strong></span> <span class='ocrx_word' id='word_1_247' title='bbox 1140 1934 1192 1979; x_wconf 89' lang='lat' dir='ltr'><strong>et</strong></span> <span class='ocrx_word' id='word_1_248' title='bbox 1219 1927 1439 1994; x_wconf 86' lang='lat' dir='ltr'><strong>accepti,</strong></span> <span class='ocrx_word' id='word_1_249' title='bbox 1471 1927 1574 1980; x_wconf 90' lang='lat' dir='ltr'><strong>nisi</strong></span> <span class='ocrx_word' id='word_1_250' title='bbox 1599 1944 1686 1983; x_wconf 87' lang='lat' dir='ltr'><strong>vos</strong></span> <span class='ocrx_word' id='word_1_251' title='bbox 1707 1930 1829 1993; x_wconf 88' lang='lat' dir='ltr'><strong>soli,</strong></span> <span class='ocrx_word' id='word_1_252' title='bbox 1861 1931 1983 1998; x_wconf 82' lang='lat' dir='ltr'><strong>quia</strong></span> <span class='ocrx_word' id='word_1_253' title='bbox 2027 1946 2076 1992; x_wconf 83' lang='lat' dir='ltr'><strong>et</strong></span> 
     </span>
    </p>
   </div>
   <div class='ocr_carea' id='block_1_36' title="bbox 479 2013 2074 2080">
    <p class='ocr_par' dir='ltr' id='par_1_36' title="bbox 479 2013 2074 2080">
     <span class='ocr_line' id='line_1_37' title="bbox 479 2013 2074 2080; baseline 0.006 -10"><span class='ocrx_word' id='word_1_254' title='bbox 479 2013 906 2071; x_wconf 76' lang='lat' dir='ltr'><strong>Thessalonicam</strong></span> <span class='ocrx_word' id='word_1_255' title='bbox 934 2028 982 2072; x_wconf 90' lang='lat' dir='ltr'><strong>et</strong></span> <span class='ocrx_word' id='word_1_256' title='bbox 1012 2017 1166 2072; x_wconf 85' lang='lat' dir='ltr'><strong>semel</strong></span> <span class='ocrx_word' id='word_1_257' title='bbox 1195 2027 1243 2072; x_wconf 90' lang='lat' dir='ltr'><strong>et</strong></span> <span class='ocrx_word' id='word_1_258' title='bbox 1283 2019 1360 2074; x_wconf 89' lang='lat' dir='ltr'><strong>bis</strong></span> <span class='ocrx_word' id='word_1_259' title='bbox 1409 2019 1464 2074; x_wconf 87' lang='lat' dir='ltr'><strong>in</strong></span> <span class='ocrx_word' id='word_1_260' title='bbox 1508 2037 1662 2075; x_wconf 86' lang='lat' dir='ltr'><strong>usum</strong></span> <span class='ocrx_word' id='word_1_261' title='bbox 1690 2022 1818 2078; x_wconf 82' lang='lat' dir='ltr'><strong>mihi</strong></span> <span class='ocrx_word' id='word_1_262' title='bbox 1866 2025 2074 2080; x_wconf 84' lang='lat' dir='ltr'><strong>misistis</strong></span> 
     </span>
    </p>
   </div>
   <div class='ocr_carea' id='block_1_37' title="bbox 481 2105 2073 2180">
    <p class='ocr_par' dir='ltr' id='par_1_37' title="bbox 481 2105 2073 2180">
     <span class='ocr_line' id='line_1_38' title="bbox 481 2105 2073 2180; baseline 0.007 -21"><span class='ocrx_word' id='word_1_263' title='bbox 481 2105 712 2180; x_wconf 84' lang='lat' dir='ltr'><strong>(Philip.</strong></span> <span class='ocrx_word' id='word_1_264' title='bbox 746 2109 858 2176; x_wconf 85' lang='lat' dir='ltr'><strong>tv):</strong></span> <span class='ocrx_word' id='word_1_265' title='bbox 906 2118 1068 2164; x_wconf 90' lang='lat' dir='ltr'><strong>erunt</strong></span> <span class='ocrx_word' id='word_1_266' title='bbox 1121 2111 1415 2166; x_wconf 92' lang='lat' dir='ltr'><strong>secundum</strong></span> <span class='ocrx_word' id='word_1_267' title='bbox 1471 2111 1702 2168; x_wconf 84' lang='lat' dir='ltr'><strong>istorum</strong></span> <span class='ocrx_word' id='word_1_268' title='bbox 1748 2116 2073 2170; x_wconf 87' lang='lat' dir='ltr'><strong>sententiam</strong></span> 
     </span>
    </p>
   </div>
   <div class='ocr_carea' id='block_1_38' title="bbox 480 2201 2074 2272">
    <p class='ocr_par' dir='ltr' id='par_1_38' title="bbox 480 2201 2074 2272">
     <span class='ocr_line' id='line_1_39' title="bbox 480 2201 2074 2272; baseline 0.006 -19"><span class='ocrx_word' id='word_1_269' title='bbox 480 2215 646 2268; x_wconf 90' lang='lat' dir='ltr'><strong>quam</strong></span> <span class='ocrx_word' id='word_1_270' title='bbox 678 2209 862 2256; x_wconf 91' lang='lat' dir='ltr'><strong>mente</strong></span> <span class='ocrx_word' id='word_1_271' title='bbox 906 2201 1086 2271; x_wconf 86' lang='lat' dir='ltr'><strong>tepida</strong></span> <span class='ocrx_word' id='word_1_272' title='bbox 1127 2211 1529 2272; x_wconf 89' lang='lat' dir='ltr'><strong>conceperunt,</strong></span> <span class='ocrx_word' id='word_1_273' title='bbox 1560 2213 1616 2260; x_wconf 91' lang='lat' dir='ltr'><strong>et</strong></span> <span class='ocrx_word' id='word_1_274' title='bbox 1661 2204 1752 2260; x_wconf 90' lang='lat' dir='ltr'><strong>isti</strong></span> <span class='ocrx_word' id='word_1_275' title='bbox 1802 2205 2074 2263; x_wconf 89' lang='lat' dir='ltr'><strong>beatiores</strong></span> 
     </span>
    </p>
   </div>
   <div class='ocr_carea' id='block_1_39' title="bbox 480 2290 2076 2362">
    <p class='ocr_par' dir='ltr' id='par_1_39' title="bbox 480 2290 2076 2362">
     <span class='ocr_line' id='line_1_40' title="bbox 480 2290 2076 2362; baseline 0.007 -19"><span class='ocrx_word' id='word_1_276' title='bbox 480 2290 780 2360; x_wconf 78' lang='lat' dir='ltr'><strong>Apostolo,</strong></span> <span class='ocrx_word' id='word_1_277' title='bbox 808 2292 935 2362; x_wconf 91' lang='lat' dir='ltr'><strong>quia</strong></span> <span class='ocrx_word' id='word_1_278' title='bbox 963 2292 1034 2348; x_wconf 91' lang='lat' dir='ltr'><strong>de</strong></span> <span class='ocrx_word' id='word_1_279' title='bbox 1082 2294 1196 2348; x_wconf 91' lang='lat' dir='ltr'><strong>suis</strong></span> <span class='ocrx_word' id='word_1_280' title='bbox 1252 2293 1599 2352; x_wconf 85' lang='lat' dir='ltr'><strong>inveniuntur</strong></span> <span class='ocrx_word' id='word_1_281' title='bbox 1651 2297 1704 2352; x_wconf 92' lang='lat' dir='ltr'><strong>ei</strong></span> <span class='ocrx_word' id='word_1_282' title='bbox 1757 2298 2076 2355; x_wconf 90' lang='lat' dir='ltr'><strong>substantiis</strong></span> 
     </span>
    </p>
   </div>
   <div class='ocr_carea' id='block_1_40' title="bbox 480 2382 2075 2458">
    <p class='ocr_par' dir='ltr' id='par_1_40' title="bbox 480 2382 2075 2458">
     <span class='ocr_line' id='line_1_41' title="bbox 480 2382 2075 2458; baseline 0.006 -21"><span class='ocrx_word' id='word_1_283' title='bbox 480 2382 841 2452; x_wconf 76' lang='lat' dir='ltr'><strong>impertisse?</strong></span> <span class='ocrx_word' id='word_1_284' title='bbox 889 2385 1045 2454; x_wconf 86' lang='lat' dir='ltr'><strong>Quod</strong></span> <span class='ocrx_word' id='word_1_285' title='bbox 1091 2402 1283 2444; x_wconf 91' lang='lat' dir='ltr'><strong>amens</strong></span> <span class='ocrx_word' id='word_1_286' title='bbox 1325 2388 1555 2458; x_wconf 86' lang='lat' dir='ltr'><strong>quilibet</strong></span> <span class='ocrx_word' id='word_1_287' title='bbox 1607 2389 1792 2448; x_wconf 87' lang='lat' dir='ltr'><strong>dicere</strong></span> <span class='ocrx_word' id='word_1_288' title='bbox 1835 2407 1942 2448; x_wconf 93' lang='lat' dir='ltr'><strong>non</strong></span> <span class='ocrx_word' id='word_1_289' title='bbox 1979 2407 2075 2447; x_wconf 79' lang='lat' dir='ltr'><strong>au-</strong></span> 
     </span>
    </p>
   </div>
   <div class='ocr_carea' id='block_1_41' title="bbox 481 2476 650 2533">
    <p class='ocr_par' dir='ltr' id='par_1_41' title="bbox 481 2476 650 2533">
     <span class='ocr_line' id='line_1_42' title="bbox 481 2476 650 2533; baseline 0.006 -2"><span class='ocrx_word' id='word_1_290' title='bbox 481 2476 650 2533; x_wconf 89' lang='lat' dir='ltr'><strong>debit.</strong></span> 
     </span>
    </p>
   </div>
   <div class='ocr_carea' id='block_1_42' title="bbox 568 2573 1494 2650">
    <p class='ocr_par' dir='ltr' id='par_1_42' title="bbox 568 2573 1494 2650">
     <span class='ocr_line' id='line_1_43' title="bbox 568 2573 1494 2650; baseline 0.006 -23"><span class='ocrx_word' id='word_1_291' title='bbox 568 2623 592 2650; x_wconf 70' lang='lat'><strong>,</strong></span> <span class='ocrx_word' id='word_1_292' title='bbox 1041 2573 1268 2632; x_wconf 85' lang='lat' dir='ltr'><strong>CAPUT</strong></span> <span class='ocrx_word' id='word_1_293' title='bbox 1309 2575 1494 2633; x_wconf 86' lang='lat' dir='ltr'><strong>xvm.</strong></span> 
     </span>
    </p>
   </div>
   <div class='ocr_carea' id='block_1_43' title="bbox 482 2683 2074 2758">
    <p class='ocr_par' dir='ltr' id='par_1_43' title="bbox 482 2683 2074 2758">
     <span class='ocr_line' id='line_1_44' title="bbox 482 2683 2074 2758; baseline 0.007 -21"><span class='ocrx_word' id='word_1_294' title='bbox 482 2683 636 2752; x_wconf 80' lang='lat' dir='ltr'><strong>Quod</strong></span> <span class='ocrx_word' id='word_1_295' title='bbox 662 2687 706 2740; x_wconf 90' lang='lat' dir='ltr'><strong>si</strong></span> <span class='ocrx_word' id='word_1_296' title='bbox 728 2689 990 2758; x_wconf 86' lang='lat' dir='ltr'><strong>apostolos</strong></span> <span class='ocrx_word' id='word_1_297' title='bbox 1013 2690 1209 2744; x_wconf 88' lang='lat' dir='ltr'><strong>imitari</strong></span> <span class='ocrx_word' id='word_1_298' title='bbox 1237 2692 1471 2758; x_wconf 83' lang='lat' dir='ltr'><strong>velimus,</strong></span> <span class='ocrx_word' id='word_1_299' title='bbox 1508 2708 1608 2746; x_wconf 88' lang='lat' dir='ltr'><strong>non</strong></span> <span class='ocrx_word' id='word_1_300' title='bbox 1658 2691 1931 2748; x_wconf 87' lang='lat' dir='ltr'><strong>debeamus</strong></span> <span class='ocrx_word' id='word_1_301' title='bbox 1978 2711 2074 2748; x_wconf 83' lang='lat' dir='ltr'><strong>no-</strong></span> 
     </span>
    </p>
   </div>
   <div class='ocr_carea' id='block_1_44' title="bbox 551 2758 2077 2882">
    <p class='ocr_par' dir='ltr' id='par_1_44' title="bbox 551 2758 2077 2882">
     <span class='ocr_line' id='line_1_45' title="bbox 551 2758 2077 2882; baseline 0.007 -72"><span class='ocrx_word' id='word_1_302' title='bbox 551 2758 672 2882; x_wconf 53' lang='lat' dir='ltr'><strong>:zri‘s</strong></span> <span class='ocrx_word' id='word_1_303' title='bbox 729 2759 1120 2841; x_wconf 69' lang='lat' dir='ltr'><strong>deﬁnitionibus</strong></span> <span class='ocrx_word' id='word_1_304' title='bbox 1171 2763 1377 2832; x_wconf 85' lang='lat' dir='ltr'><strong>vivere,</strong></span> <span class='ocrx_word' id='word_1_305' title='bbox 1433 2763 1523 2818; x_wconf 85' lang='lat' dir='ltr'><strong>sed</strong></span> <span class='ocrx_word' id='word_1_306' title='bbox 1574 2761 1788 2818; x_wconf 84' lang='lat' dir='ltr'><strong>illorum</strong></span> <span class='ocrx_word' id='word_1_307' title='bbox 1840 2766 2077 2838; x_wconf 64' lang='lat' dir='ltr'><strong>exempla</strong></span> 
     </span>
     <span class='ocr_line' id='line_1_46' title="bbox 608 2845 762 2882; baseline 0.006 -1"><span class='ocrx_word' id='word_1_308' title='bbox 608 2845 635 2881; x_wconf 91' lang='lat' dir='ltr'><strong>c</strong></span> <span class='ocrx_word' id='word_1_309' title='bbox 659 2845 762 2882; x_wconf 82' lang='lat' dir='ltr'><strong>art.</strong></span> 
     </span>
    </p>
   </div>
   <div class='ocr_carea' id='block_1_45' title="bbox 608 2845 762 2883">
    <p class='ocr_par' dir='ltr' id='par_1_45' title="bbox 608 2845 762 2883">
     <span class='ocr_line' id='line_1_47' title="bbox 608 2845 762 2883; baseline 0.013 -2"><span class='ocrx_word' id='word_1_310' title='bbox 608 2845 762 2883; x_wconf 75' lang='lat' dir='ltr'><strong>Claﬂ.</strong></span> 
     </span>
    </p>
   </div>
   <div class='ocr_carea' id='block_1_46' title="bbox 550 2944 2077 3021">
    <p class='ocr_par' dir='ltr' id='par_1_46' title="bbox 550 2944 2077 3021">
     <span class='ocr_line' id='line_1_48' title="bbox 550 2944 2077 3021; baseline 0.007 -22"><span class='ocrx_word' id='word_1_311' title='bbox 550 2944 915 3013; x_wconf 84' lang='lat' dir='ltr'><strong>Quamobrem</strong></span> <span class='ocrx_word' id='word_1_312' title='bbox 970 2949 1016 3003; x_wconf 90' lang='lat' dir='ltr'><strong>si</strong></span> <span class='ocrx_word' id='word_1_313' title='bbox 1066 2959 1088 2988; x_wconf 69' lang='grc' dir='ltr'><strong><em>ο</em></strong></span> <span class='ocrx_word' id='word_1_314' title='bbox 1121 2949 1448 3020; x_wconf 85' lang='lat' dir='ltr'><strong>Evangelico</strong></span> <span class='ocrx_word' id='word_1_315' title='bbox 1499 2960 1772 3021; x_wconf 71' lang='lat' dir='ltr'><strong>praecepto</strong></span> <span class='ocrx_word' id='word_1_316' title='bbox 1826 2951 2077 3009; x_wconf 87' lang='lat' dir='ltr'><strong>volumus</strong></span> 
     </span>
    </p>
   </div>
   <div class='ocr_carea' id='block_1_47' title="bbox 480 3037 2076 3115">
    <p class='ocr_par' dir='ltr' id='par_1_47' title="bbox 480 3037 2076 3115">
     <span class='ocr_line' id='line_1_49' title="bbox 480 3037 2076 3115; baseline 0.005 -23"><span class='ocrx_word' id='word_1_317' title='bbox 480 3037 702 3094; x_wconf 89' lang='lat' dir='ltr'><strong>obedire</strong></span> <span class='ocrx_word' id='word_1_318' title='bbox 725 3079 741 3104; x_wconf 91' lang='lat'><strong>,</strong></span> <span class='ocrx_word' id='word_1_319' title='bbox 773 3049 830 3094; x_wconf 93' lang='lat' dir='ltr'><strong>et</strong></span> <span class='ocrx_word' id='word_1_320' title='bbox 853 3041 1100 3110; x_wconf 88' lang='lat' dir='ltr'><strong>Apostoli</strong></span> <span class='ocrx_word' id='word_1_321' title='bbox 1130 3056 1194 3096; x_wconf 90' lang='lat' dir='ltr'><strong>ac</strong></span> <span class='ocrx_word' id='word_1_322' title='bbox 1217 3043 1384 3097; x_wconf 91' lang='lat' dir='ltr'><strong>totius</strong></span> <span class='ocrx_word' id='word_1_323' title='bbox 1411 3041 1558 3098; x_wconf 88' lang='lat' dir='ltr'><strong>illius</strong></span> <span class='ocrx_word' id='word_1_324' title='bbox 1599 3042 1856 3099; x_wconf 73' lang='lat' dir='ltr'><strong>Ecclesia:</strong></span> <span class='ocrx_word' id='word_1_325' title='bbox 1885 3044 2076 3115; x_wconf 90' lang='lat' dir='ltr'><strong>primi-</strong></span> 
     </span>
    </p>
   </div>
   <div class='ocr_carea' id='block_1_48' title="bbox 2175 1832 3772 1905">
    <p class='ocr_par' dir='ltr' id='par_1_48' title="bbox 2175 1832 3772 1905">
     <span class='ocr_line' id='line_1_50' title="bbox 2175 1832 3772 1905; baseline -0.003 -13"><span class='ocrx_word' id='word_1_326' title='bbox 2175 1837 2385 1892; x_wconf 89' lang='lat' dir='ltr'><strong>diceret</strong></span> <span class='ocrx_word' id='word_1_327' title='bbox 2415 1836 2541 1891; x_wconf 89' lang='lat' dir='ltr'><strong>huic</strong></span> <span class='ocrx_word' id='word_1_328' title='bbox 2567 1834 2799 1900; x_wconf 90' lang='lat' dir='ltr'><strong>mundo,</strong></span> <span class='ocrx_word' id='word_1_329' title='bbox 2831 1833 3078 1905; x_wconf 69' lang='lat' dir='ltr'><strong>quaedam</strong></span> <span class='ocrx_word' id='word_1_330' title='bbox 3106 1833 3209 1889; x_wconf 92' lang='lat' dir='ltr'><strong>sibi</strong></span> <span class='ocrx_word' id='word_1_331' title='bbox 3231 1832 3299 1888; x_wconf 92' lang='lat' dir='ltr'><strong>de</strong></span> <span class='ocrx_word' id='word_1_332' title='bbox 3331 1832 3567 1903; x_wconf 88' lang='lat' dir='ltr'><strong>propriis</strong></span> <span class='ocrx_word' id='word_1_333' title='bbox 3591 1832 3772 1889; x_wconf 81' lang='lat' dir='ltr'><strong>facul-</strong></span> 
     </span>
    </p>
   </div>
   <div class='ocr_carea' id='block_1_49' title="bbox 2176 1925 3769 1996">
    <p class='ocr_par' dir='ltr' id='par_1_49' title="bbox 2176 1925 3769 1996">
     <span class='ocr_line' id='line_1_51' title="bbox 2176 1925 3769 1996; baseline -0.001 -12"><span class='ocrx_word' id='word_1_334' title='bbox 2176 1930 2373 1984; x_wconf 86' lang='lat' dir='ltr'><strong>tatibus</strong></span> <span class='ocrx_word' id='word_1_335' title='bbox 2393 1927 2724 1996; x_wconf 86' lang='lat' dir='ltr'><strong>reservavit,</strong></span> <span class='ocrx_word' id='word_1_336' title='bbox 2755 1928 2946 1983; x_wconf 88' lang='lat' dir='ltr'><strong>nolens</strong></span> <span class='ocrx_word' id='word_1_337' title='bbox 2973 1925 3236 1983; x_wconf 89' lang='lat' dir='ltr'><strong>exercitio</strong></span> <span class='ocrx_word' id='word_1_338' title='bbox 3258 1941 3515 1981; x_wconf 90' lang='lat' dir='ltr'><strong>manuum</strong></span> <span class='ocrx_word' id='word_1_339' title='bbox 3539 1941 3769 1982; x_wconf 87' lang='lat' dir='ltr'><strong>suarum</strong></span> 
     </span>
    </p>
   </div>
   <div class='ocr_carea' id='block_1_50' title="bbox 2175 2017 3773 2087">
    <p class='ocr_par' dir='ltr' id='par_1_50' title="bbox 2175 2017 3773 2087">
     <span class='ocr_line' id='line_1_52' title="bbox 2175 2017 3773 2087; baseline -0.002 -11"><span class='ocrx_word' id='word_1_340' title='bbox 2175 2020 2487 2087; x_wconf 89' lang='lat' dir='ltr'><strong>sustentari,</strong></span> <span class='ocrx_word' id='word_1_341' title='bbox 2519 2028 2576 2078; x_wconf 91' lang='lat' dir='ltr'><strong>et</strong></span> <span class='ocrx_word' id='word_1_342' title='bbox 2593 2020 2952 2076; x_wconf 88' lang='lat' dir='ltr'><strong>humilitatem</strong></span> <span class='ocrx_word' id='word_1_343' title='bbox 2972 2034 3156 2075; x_wconf 92' lang='lat' dir='ltr'><strong>veram</strong></span> <span class='ocrx_word' id='word_1_344' title='bbox 3183 2017 3429 2074; x_wconf 88' lang='lat' dir='ltr'><strong>nuditate</strong></span> <span class='ocrx_word' id='word_1_345' title='bbox 3476 2026 3533 2072; x_wconf 89' lang='lat' dir='ltr'><strong>et</strong></span> <span class='ocrx_word' id='word_1_346' title='bbox 3583 2018 3773 2087; x_wconf 86' lang='lat' dir='ltr'><strong>operis</strong></span> 
     </span>
    </p>
   </div>
   <div class='ocr_carea' id='block_1_51' title="bbox 2174 2110 3770 2183">
    <p class='ocr_par' dir='ltr' id='par_1_51' title="bbox 2174 2110 3770 2183">
     <span class='ocr_line' id='line_1_53' title="bbox 2174 2110 3770 2183; baseline -0.003 -15"><span class='ocrx_word' id='word_1_347' title='bbox 2174 2113 2519 2178; x_wconf 90' lang='lat' dir='ltr'><strong>contritione,</strong></span> <span class='ocrx_word' id='word_1_348' title='bbox 2553 2112 2976 2183; x_wconf 90' lang='lat' dir='ltr'><strong>monasteriique</strong></span> <span class='ocrx_word' id='word_1_349' title='bbox 3009 2111 3348 2183; x_wconf 90' lang='lat' dir='ltr'><strong>subjectione</strong></span> <span class='ocrx_word' id='word_1_350' title='bbox 3399 2110 3722 2180; x_wconf 90' lang='lat' dir='ltr'><strong>conquirere</strong></span> <span class='ocrx_word' id='word_1_351' title='bbox 3750 2127 3770 2163; x_wconf 89' lang='lat'><strong>:</strong></span> 
     </span>
    </p>
   </div>
   <div class='ocr_carea' id='block_1_52' title="bbox 2176 2203 3771 2278">
    <p class='ocr_par' dir='ltr' id='par_1_52' title="bbox 2176 2203 3771 2278">
     <span class='ocr_line' id='line_1_54' title="bbox 2176 2203 3771 2278; baseline 0.001 -18"><span class='ocrx_word' id='word_1_352' title='bbox 2176 2206 2248 2261; x_wconf 90' lang='lat' dir='ltr'><strong>Et</strong></span> <span class='ocrx_word' id='word_1_353' title='bbox 2274 2213 2602 2272; x_wconf 86' lang='lat' dir='ltr'><strong>senatorem,</strong></span> <span class='ocrx_word' id='word_1_354' title='bbox 2636 2205 2832 2278; x_wconf 90' lang='lat' dir='ltr'><strong>inquit,</strong></span> <span class='ocrx_word' id='word_1_355' title='bbox 2870 2205 3176 2274; x_wconf 87' lang='lat' dir='ltr'><strong>perdidisti,</strong></span> <span class='ocrx_word' id='word_1_356' title='bbox 3204 2212 3261 2261; x_wconf 90' lang='lat' dir='ltr'><strong>et</strong></span> <span class='ocrx_word' id='word_1_357' title='bbox 3279 2203 3609 2260; x_wconf 88' lang='lat' dir='ltr'><strong>monachum</strong></span> <span class='ocrx_word' id='word_1_358' title='bbox 3652 2219 3771 2262; x_wconf 90' lang='lat' dir='ltr'><strong>non</strong></span> 
     </span>
    </p>
   </div>
   <div class='ocr_carea' id='block_1_53' title="bbox 2176 2299 2372 2357">
    <p class='ocr_par' dir='ltr' id='par_1_53' title="bbox 2176 2299 2372 2357">
     <span class='ocr_line' id='line_1_55' title="bbox 2176 2299 2372 2357; baseline 0.005 -3"><span class='ocrx_word' id='word_1_359' title='bbox 2176 2299 2372 2357; x_wconf 85' lang='lat' dir='ltr'><strong>fecisti.</strong></span> 
     </span>
    </p>
   </div>
   <div class='ocr_carea' id='block_1_54' title="bbox 2768 2393 3150 2451">
    <p class='ocr_par' dir='ltr' id='par_1_54' title="bbox 2768 2393 3150 2451">
     <span class='ocr_line' id='line_1_56' title="bbox 2768 2393 3150 2451; baseline -0.008 0"><span class='ocrx_word' id='word_1_360' title='bbox 2768 2393 2994 2451; x_wconf 84' lang='lat' dir='ltr'><strong>CAPUT</strong></span> <span class='ocrx_word' id='word_1_361' title='bbox 3033 2393 3150 2449; x_wconf 78' lang='lat' dir='ltr'><strong>XX.</strong></span> 
     </span>
    </p>
   </div>
   <div class='ocr_carea' id='block_1_55' title="bbox 2286 2485 3673 2559">
    <p class='ocr_par' dir='ltr' id='par_1_55' title="bbox 2286 2485 3673 2559">
     <span class='ocr_line' id='line_1_57' title="bbox 2286 2485 3673 2559; baseline -0.001 -18"><span class='ocrx_word' id='word_1_362' title='bbox 2286 2487 2456 2554; x_wconf 85' lang='lat' dir='ltr'><strong>Quam</strong></span> <span class='ocrx_word' id='word_1_363' title='bbox 2483 2487 2883 2558; x_wconf 76' lang='lat' dir='ltr'><strong>ignominiosum</strong></span> <span class='ocrx_word' id='word_1_364' title='bbox 2913 2488 2979 2541; x_wconf 88' lang='lat' dir='ltr'><strong>sit</strong></span> <span class='ocrx_word' id='word_1_365' title='bbox 3010 2504 3043 2541; x_wconf 91' lang='lat' dir='ltr'><strong>a</strong></span> <span class='ocrx_word' id='word_1_366' title='bbox 3067 2485 3390 2558; x_wconf 80' lang='lat' dir='ltr'><strong>philargyrta</strong></span> <span class='ocrx_word' id='word_1_367' title='bbox 3415 2488 3673 2559; x_wconf 86' lang='lat' dir='ltr'><strong>superari.</strong></span> 
     </span>
    </p>
   </div>
   <div class='ocr_carea' id='block_1_56' title="bbox 2249 2581 3772 2652">
    <p class='ocr_par' dir='ltr' id='par_1_56' title="bbox 2249 2581 3772 2652">
     <span class='ocr_line' id='line_1_58' title="bbox 2249 2581 3772 2652; baseline 0.001 -16"><span class='ocrx_word' id='word_1_368' title='bbox 2249 2581 2434 2652; x_wconf 88' lang='lat' dir='ltr'><strong>Itaque</strong></span> <span class='ocrx_word' id='word_1_369' title='bbox 2460 2585 2506 2637; x_wconf 91' lang='lat' dir='ltr'><strong>si</strong></span> <span class='ocrx_word' id='word_1_370' title='bbox 2545 2597 2772 2652; x_wconf 78' lang='lat' dir='ltr'><strong>agonem</strong></span> <span class='ocrx_word' id='word_1_371' title='bbox 2811 2582 3110 2651; x_wconf 79' lang='lat' dir='ltr'><strong>spiritalem</strong></span> <span class='ocrx_word' id='word_1_372' title='bbox 3151 2591 3364 2638; x_wconf 89' lang='lat' dir='ltr'><strong>certare</strong></span> <span class='ocrx_word' id='word_1_373' title='bbox 3401 2581 3643 2652; x_wconf 80' lang='lat' dir='ltr'><strong>legitime</strong></span> <span class='ocrx_word' id='word_1_374' title='bbox 3669 2596 3772 2637; x_wconf 77' lang='lat' dir='ltr'><strong>cu-</strong></span> 
     </span>
    </p>
   </div>
   <div class='ocr_carea' id='block_1_57' title="bbox 2177 2673 3776 2745">
    <p class='ocr_par' dir='ltr' id='par_1_57' title="bbox 2177 2673 3776 2745">
     <span class='ocr_line' id='line_1_59' title="bbox 2177 2673 3776 2745; baseline 0.002 -17"><span class='ocrx_word' id='word_1_375' title='bbox 2177 2675 2358 2744; x_wconf 88' lang='lat' dir='ltr'><strong>pimus</strong></span> <span class='ocrx_word' id='word_1_376' title='bbox 2379 2717 2394 2739; x_wconf 93' lang='lat'><strong>,</strong></span> <span class='ocrx_word' id='word_1_377' title='bbox 2425 2675 2568 2730; x_wconf 91' lang='lat' dir='ltr'><strong>hunc</strong></span> <span class='ocrx_word' id='word_1_378' title='bbox 2607 2689 2824 2745; x_wconf 90' lang='lat' dir='ltr'><strong>quoque</strong></span> <span class='ocrx_word' id='word_1_379' title='bbox 2858 2673 3221 2744; x_wconf 88' lang='lat' dir='ltr'><strong>perniciosum</strong></span> <span class='ocrx_word' id='word_1_380' title='bbox 3262 2673 3473 2729; x_wconf 92' lang='lat' dir='ltr'><strong>hostem</strong></span> <span class='ocrx_word' id='word_1_381' title='bbox 3504 2689 3533 2728; x_wconf 89' lang='lat' dir='ltr'><strong>a</strong></span> <span class='ocrx_word' id='word_1_382' title='bbox 3561 2675 3776 2733; x_wconf 87' lang='lat' dir='ltr'><strong>nostris</strong></span> 
     </span>
    </p>
   </div>
   <div class='ocr_carea' id='block_1_58' title="bbox 2177 2766 3776 2838">
    <p class='ocr_par' dir='ltr' id='par_1_58' title="bbox 2177 2766 3776 2838">
     <span class='ocr_line' id='line_1_60' title="bbox 2177 2766 3776 2838; baseline 0.002 -17"><span class='ocrx_word' id='word_1_383' title='bbox 2177 2766 2436 2823; x_wconf 86' lang='lat' dir='ltr'><strong>cordibus</strong></span> <span class='ocrx_word' id='word_1_384' title='bbox 2465 2766 2842 2822; x_wconf 88' lang='lat' dir='ltr'><strong>extrudamus.</strong></span> <span class='ocrx_word' id='word_1_385' title='bbox 2875 2766 3045 2834; x_wconf 84' lang='lat' dir='ltr'><strong>Quem</strong></span> <span class='ocrx_word' id='word_1_386' title='bbox 3074 2776 3334 2838; x_wconf 90' lang='lat' dir='ltr'><strong>quantum</strong></span> <span class='ocrx_word' id='word_1_387' title='bbox 3365 2781 3623 2838; x_wconf 88' lang='lat' dir='ltr'><strong>superare</strong></span> <span class='ocrx_word' id='word_1_388' title='bbox 3655 2783 3776 2825; x_wconf 87' lang='lat' dir='ltr'><strong>non</strong></span> 
     </span>
    </p>
   </div>
   <div class='ocr_carea' id='block_1_59' title="bbox 2178 2860 3776 2933">
    <p class='ocr_par' dir='ltr' id='par_1_59' title="bbox 2178 2860 3776 2933">
     <span class='ocr_line' id='line_1_61' title="bbox 2178 2860 3776 2933; baseline -0.002 -14"><span class='ocrx_word' id='word_1_389' title='bbox 2178 2877 2388 2933; x_wconf 74' lang='lat' dir='ltr'><strong>magnae</strong></span> <span class='ocrx_word' id='word_1_390' title='bbox 2429 2861 2645 2917; x_wconf 90' lang='lat' dir='ltr'><strong>virtutis</strong></span> <span class='ocrx_word' id='word_1_391' title='bbox 2673 2870 2788 2926; x_wconf 91' lang='lat' dir='ltr'><strong>est,</strong></span> <span class='ocrx_word' id='word_1_392' title='bbox 2843 2871 3048 2916; x_wconf 88' lang='lat' dir='ltr'><strong>tantum</strong></span> <span class='ocrx_word' id='word_1_393' title='bbox 3086 2861 3155 2916; x_wconf 90' lang='lat' dir='ltr'><strong>ab</strong></span> <span class='ocrx_word' id='word_1_394' title='bbox 3191 2875 3259 2917; x_wconf 94' lang='lat' dir='ltr'><strong>eo</strong></span> <span class='ocrx_word' id='word_1_395' title='bbox 3295 2860 3438 2918; x_wconf 92' lang='lat' dir='ltr'><strong>vinci</strong></span> <span class='ocrx_word' id='word_1_396' title='bbox 3471 2869 3496 2899; x_wconf 74' lang='grc' dir='ltr'>ε</span> <span class='ocrx_word' id='word_1_397' title='bbox 3527 2861 3776 2932; x_wconf 77' lang='lat' dir='ltr'><strong>ignomi-</strong></span> 
     </span>
    </p>
   </div>
   <div class='ocr_carea' id='block_1_60' title="bbox 2177 2953 3774 3024">
    <p class='ocr_par' dir='ltr' id='par_1_60' title="bbox 2177 2953 3774 3024">
     <span class='ocr_line' id='line_1_62' title="bbox 2177 2953 3774 3024; baseline -0.001 -15"><span class='ocrx_word' id='word_1_398' title='bbox 2177 2955 2398 3010; x_wconf 83' lang='lat' dir='ltr'><strong>niosum</strong></span> <span class='ocrx_word' id='word_1_399' title='bbox 2424 2954 2748 3024; x_wconf 90' lang='lat' dir='ltr'><strong>plenumque</strong></span> <span class='ocrx_word' id='word_1_400' title='bbox 2775 2953 3082 3009; x_wconf 87' lang='lat' dir='ltr'><strong>dedecoris.</strong></span> <span class='ocrx_word' id='word_1_401' title='bbox 3113 2953 3157 3008; x_wconf 86' lang='lat' dir='ltr'><strong>A</strong></span> <span class='ocrx_word' id='word_1_402' title='bbox 3187 2961 3408 3023; x_wconf 91' lang='lat' dir='ltr'><strong>potente</strong></span> <span class='ocrx_word' id='word_1_403' title='bbox 3431 2953 3575 3008; x_wconf 91' lang='lat' dir='ltr'><strong>enim</strong></span> <span class='ocrx_word' id='word_1_404' title='bbox 3607 2954 3774 3021; x_wconf 85' lang='lat' dir='ltr'><strong>elidi,</strong></span> 
     </span>
    </p>
   </div>
   <div class='ocr_carea' id='block_1_61' title="bbox 2179 3046 3774 3117">
    <p class='ocr_par' dir='ltr' id='par_1_61' title="bbox 2179 3046 3774 3117">
     <span class='ocr_line' id='line_1_63' title="bbox 2179 3046 3774 3117; baseline 0.001 -15"><span class='ocrx_word' id='word_1_405' title='bbox 2179 3047 2306 3103; x_wconf 89' lang='lat' dir='ltr'><strong>licet</strong></span> <span class='ocrx_word' id='word_1_406' title='bbox 2333 3048 2405 3102; x_wconf 91' lang='lat' dir='ltr'><strong>sit</strong></span> <span class='ocrx_word' id='word_1_407' title='bbox 2433 3048 2485 3102; x_wconf 93' lang='lat' dir='ltr'><strong>in</strong></span> <span class='ocrx_word' id='word_1_408' title='bbox 2513 3046 2814 3117; x_wconf 87' lang='lat' dir='ltr'><strong>dejectione</strong></span> <span class='ocrx_word' id='word_1_409' title='bbox 2847 3046 3021 3112; x_wconf 92' lang='lat' dir='ltr'><strong>dolor,</strong></span> <span class='ocrx_word' id='word_1_410' title='bbox 3052 3057 3108 3101; x_wconf 90' lang='lat' dir='ltr'><strong>et</strong></span> <span class='ocrx_word' id='word_1_411' title='bbox 3129 3047 3365 3117; x_wconf 86' lang='lat' dir='ltr'><strong>gemitus</strong></span> <span class='ocrx_word' id='word_1_412' title='bbox 3389 3046 3442 3100; x_wconf 94' lang='lat' dir='ltr'><strong>in</strong></span> <span class='ocrx_word' id='word_1_413' title='bbox 3467 3046 3774 3104; x_wconf 89' lang='lat' dir='ltr'><strong>amissione</strong></span> 
     </span>
    </p>
   </div>
   <div class='ocr_carea' id='block_1_62' title="bbox 479 3127 3775 3210">
    <p class='ocr_par' dir='ltr' id='par_1_62' title="bbox 479 3127 3775 3210">
     <span class='ocr_line' id='line_1_64' title="bbox 479 3127 3775 3210; baseline 0.002 -23"><span class='ocrx_word' id='word_1_414' title='bbox 479 3133 634 3200; x_wconf 68' lang='lat' dir='ltr'><strong>tivaa,</strong></span> <span class='ocrx_word' id='word_1_415' title='bbox 697 3148 795 3190; x_wconf 92' lang='lat' dir='ltr'><strong>seu</strong></span> <span class='ocrx_word' id='word_1_416' title='bbox 845 3133 1068 3192; x_wconf 89' lang='lat' dir='ltr'><strong>Patrum</strong></span> <span class='ocrx_word' id='word_1_417' title='bbox 1121 3138 1212 3206; x_wconf 92' lang='lat' dir='ltr'><strong>qui</strong></span> <span class='ocrx_word' id='word_1_418' title='bbox 1264 3137 1557 3194; x_wconf 86' lang='lat' dir='ltr'><strong>virtutibus</strong></span> <span class='ocrx_word' id='word_1_419' title='bbox 1621 3153 1684 3193; x_wconf 92' lang='lat' dir='ltr'><strong>ac</strong></span> <span class='ocrx_word' id='word_1_420' title='bbox 1743 3138 2065 3208; x_wconf 89' lang='lat' dir='ltr'><strong>perfectioni</strong></span> <span class='ocrx_word' id='word_1_421' title='bbox 2090 3127 2137 3193; x_wconf 89' lang='lat' dir='ltr'><strong>C</strong></span> <span class='ocrx_word' id='word_1_422' title='bbox 2167 3141 2448 3196; x_wconf 59' lang='lat' dir='ltr'><strong>victorias:</strong></span> <span class='ocrx_word' id='word_1_423' title='bbox 2485 3151 2665 3196; x_wconf 87' lang='lat' dir='ltr'><strong>tamen</strong></span> <span class='ocrx_word' id='word_1_424' title='bbox 2691 3139 3106 3210; x_wconf 90' lang='lat' dir='ltr'><strong>quodammodo</strong></span> <span class='ocrx_word' id='word_1_425' title='bbox 3136 3138 3206 3194; x_wconf 93' lang='lat' dir='ltr'><strong>de</strong></span> <span class='ocrx_word' id='word_1_426' title='bbox 3237 3137 3538 3196; x_wconf 82' lang='lat' dir='ltr'><strong>adversarii</strong></span> <span class='ocrx_word' id='word_1_427' title='bbox 3567 3140 3775 3196; x_wconf 79' lang='lat' dir='ltr'><strong>robora</strong></span> 
     </span>
    </p>
   </div>
   <div class='ocr_carea' id='block_1_63' title="bbox 1547 3295 2683 3356">
    <p class='ocr_par' dir='ltr' id='par_1_63' title="bbox 1547 3295 2683 3356">
     <span class='ocr_line' id='line_1_65' title="bbox 1547 3295 2683 3356; baseline -0.003 -2"><span class='ocrx_word' id='word_1_428' title='bbox 1547 3295 1804 3355; x_wconf 79' lang='lat' dir='ltr'><strong>ALARDI</strong></span> <span class='ocrx_word' id='word_1_429' title='bbox 1843 3295 2080 3355; x_wconf 70' lang='lat' dir='ltr'><strong>GAZAEI</strong></span> <span class='ocrx_word' id='word_1_430' title='bbox 2115 3295 2683 3356; x_wconf 79' lang='lat' dir='ltr'><strong>COMMENTARIUS.</strong></span> 
     </span>
    </p>
   </div>
   <div class='ocr_carea' id='block_1_64' title="bbox 478 3411 2059 3482">
    <p class='ocr_par' dir='ltr' id='par_1_64' title="bbox 478 3411 2059 3482">
     <span class='ocr_line' id='line_1_66' title="bbox 478 3411 2059 3482; baseline 0.003 -17"><span class='ocrx_word' id='word_1_431' title='bbox 478 3411 674 3481; x_wconf 89' lang='lat' dir='ltr'><strong>quibus</strong></span> <span class='ocrx_word' id='word_1_432' title='bbox 697 3411 783 3465; x_wconf 91' lang='lat' dir='ltr'><strong>hic</strong></span> <span class='ocrx_word' id='word_1_433' title='bbox 801 3412 1005 3466; x_wconf 88' lang='lat' dir='ltr'><strong>mentio</strong></span> <span class='ocrx_word' id='word_1_434' title='bbox 1033 3411 1438 3482; x_wconf 69' lang='lat' dir='ltr'><strong>habetur),ohoc</strong></span> <span class='ocrx_word' id='word_1_435' title='bbox 1457 3421 1561 3480; x_wconf 91' lang='lat' dir='ltr'><strong>est,</strong></span> <span class='ocrx_word' id='word_1_436' title='bbox 1585 3423 1642 3468; x_wconf 92' lang='lat' dir='ltr'><strong>ut</strong></span> <span class='ocrx_word' id='word_1_437' title='bbox 1668 3415 1860 3471; x_wconf 89' lang='lat' dir='ltr'><strong>diebus</strong></span> <span class='ocrx_word' id='word_1_438' title='bbox 1880 3415 2059 3470; x_wconf 90' lang='lat' dir='ltr'><strong>domi-</strong></span> 
     </span>
    </p>
   </div>
   <div class='ocr_carea' id='block_1_65' title="bbox 479 3481 2059 3546">
    <p class='ocr_par' dir='ltr' id='par_1_65' title="bbox 479 3481 2059 3546">
     <span class='ocr_line' id='line_1_67' title="bbox 479 3481 2059 3546; baseline 0.002 -9"><span class='ocrx_word' id='word_1_439' title='bbox 479 3484 616 3537; x_wconf 91' lang='lat' dir='ltr'><strong>nicis</strong></span> <span class='ocrx_word' id='word_1_440' title='bbox 656 3483 707 3536; x_wconf 88' lang='lat' dir='ltr'><strong>in</strong></span> <span class='ocrx_word' id='word_1_441' title='bbox 749 3494 1016 3537; x_wconf 90' lang='lat' dir='ltr'><strong>conventu</strong></span> <span class='ocrx_word' id='word_1_442' title='bbox 1045 3481 1483 3538; x_wconf 90' lang='lat' dir='ltr'><strong>Christianorum</strong></span> <span class='ocrx_word' id='word_1_443' title='bbox 1515 3485 1756 3546; x_wconf 69' lang='lat' dir='ltr'><strong>pecunia:</strong></span> <span class='ocrx_word' id='word_1_444' title='bbox 1785 3501 1814 3539; x_wconf 91' lang='lat' dir='ltr'><strong>a</strong></span> <span class='ocrx_word' id='word_1_445' title='bbox 1846 3487 2059 3540; x_wconf 88' lang='lat' dir='ltr'><strong>ditiori-</strong></span> 
     </span>
    </p>
   </div>
   <div class='ocr_carea' id='block_1_66' title="bbox 478 3553 2055 3627">
    <p class='ocr_par' dir='ltr' id='par_1_66' title="bbox 478 3553 2055 3627">
     <span class='ocr_line' id='line_1_68' title="bbox 478 3553 2055 3627; baseline 0.001 -19"><span class='ocrx_word' id='word_1_446' title='bbox 478 3553 580 3627; x_wconf 84' lang='lat' dir='ltr'><strong>bus</strong></span> <span class='ocrx_word' id='word_1_447' title='bbox 599 3555 1020 3627; x_wconf 79' lang='lat' dir='ltr'><strong>colligerentur,</strong></span> <span class='ocrx_word' id='word_1_448' title='bbox 1045 3555 1370 3624; x_wconf 89' lang='lat' dir='ltr'><strong>pauperibus</strong></span> <span class='ocrx_word' id='word_1_449' title='bbox 1399 3555 1686 3627; x_wconf 64' lang='lat' dir='ltr'><strong>erogandae</strong></span> <span class='ocrx_word' id='word_1_450' title='bbox 1708 3596 1724 3620; x_wconf 92' lang='lat'><strong>,</strong></span> <span class='ocrx_word' id='word_1_451' title='bbox 1766 3557 1928 3627; x_wconf 90' lang='lat' dir='ltr'><strong>idque</strong></span> <span class='ocrx_word' id='word_1_452' title='bbox 1958 3573 2055 3625; x_wconf 88' lang='lat' dir='ltr'><strong>pro</strong></span> 
     </span>
    </p>
   </div>
   <div class='ocr_carea' id='block_1_67' title="bbox 477 3625 2060 3689">
    <p class='ocr_par' dir='ltr' id='par_1_67' title="bbox 477 3625 2060 3689">
     <span class='ocr_line' id='line_1_69' title="bbox 477 3625 2060 3689; baseline 0.006 -14"><span class='ocrx_word' id='word_1_453' title='bbox 477 3625 701 3679; x_wconf 88' lang='lat' dir='ltr'><strong>arbitrio</strong></span> <span class='ocrx_word' id='word_1_454' title='bbox 753 3635 808 3679; x_wconf 89' lang='lat' dir='ltr'><strong>et</strong></span> <span class='ocrx_word' id='word_1_455' title='bbox 847 3625 1136 3681; x_wconf 90' lang='lat' dir='ltr'><strong>devotione</strong></span> <span class='ocrx_word' id='word_1_456' title='bbox 1181 3626 1598 3689; x_wconf 89' lang='lat' dir='ltr'><strong>conferentium,</strong></span> <span class='ocrx_word' id='word_1_457' title='bbox 1657 3637 1714 3681; x_wconf 88' lang='lat' dir='ltr'><strong>ut</strong></span> <span class='ocrx_word' id='word_1_458' title='bbox 1757 3625 2060 3684; x_wconf 39' lang='lat' dir='ltr'><strong>ex_multis</strong></span> 
     </span>
    </p>
   </div>
   <div class='ocr_carea' id='block_1_68' title="bbox 477 3695 1775 3768">
    <p class='ocr_par' dir='ltr' id='par_1_68' title="bbox 477 3695 1775 3768">
     <span class='ocr_line' id='line_1_70' title="bbox 477 3695 1775 3768; baseline 0.004 -20"><span class='ocrx_word' id='word_1_459' title='bbox 477 3695 874 3768; x_wconf 18' lang='lat' dir='ltr'><strong>locisﬁApostoli</strong></span> <span class='ocrx_word' id='word_1_460' title='bbox 929 3698 980 3750; x_wconf 93' lang='lat' dir='ltr'><strong>in</strong></span> <span class='ocrx_word' id='word_1_461' title='bbox 1012 3696 1116 3751; x_wconf 93' lang='lat' dir='ltr'><strong>hoc</strong></span> <span class='ocrx_word' id='word_1_462' title='bbox 1136 3712 1256 3766; x_wconf 90' lang='lat' dir='ltr'><strong>cap.</strong></span> <span class='ocrx_word' id='word_1_463' title='bbox 1285 3698 1462 3752; x_wconf 89' lang='lat' dir='ltr'><strong>citatis</strong></span> <span class='ocrx_word' id='word_1_464' title='bbox 1485 3699 1775 3768; x_wconf 90' lang='lat' dir='ltr'><strong>colligitur.</strong></span> 
     </span>
    </p>
   </div>
   <div class='ocr_carea' id='block_1_69' title="bbox 547 3767 2057 3841">
    <p class='ocr_par' dir='ltr' id='par_1_69' title="bbox 547 3767 2057 3841">
     <span class='ocr_line' id='line_1_71' title="bbox 547 3767 2057 3841; baseline 0.002 -20"><span class='ocrx_word' id='word_1_465' title='bbox 547 3767 824 3841; x_wconf 60' lang='lat' dir='ltr'><strong>fPhrasis</strong></span> <span class='ocrx_word' id='word_1_466' title='bbox 876 3768 1108 3841; x_wconf 67' lang='lat' dir='ltr'><strong>obscura</strong></span> <span class='ocrx_word' id='word_1_467' title='bbox 1159 3780 1213 3823; x_wconf 89' lang='lat' dir='ltr'><strong>et</strong></span> <span class='ocrx_word' id='word_1_468' title='bbox 1257 3784 1447 3841; x_wconf 87' lang='lat' dir='ltr'><strong>parum</strong></span> <span class='ocrx_word' id='word_1_469' title='bbox 1493 3767 1688 3823; x_wconf 88' lang='lat' dir='ltr'><strong>usitata</strong></span> <span class='ocrx_word' id='word_1_470' title='bbox 1718 3812 1734 3837; x_wconf 90' lang='lat'><strong>,</strong></span> <span class='ocrx_word' id='word_1_471' title='bbox 1785 3785 1904 3841; x_wconf 90' lang='lat' dir='ltr'><strong>pro,</strong></span> <span class='ocrx_word' id='word_1_472' title='bbox 1949 3786 2057 3824; x_wconf 91' lang='lat' dir='ltr'><strong>non</strong></span> 
     </span>
    </p>
   </div>
   <div class='ocr_carea' id='block_1_70' title="bbox 476 3837 2058 3907">
    <p class='ocr_par' dir='ltr' id='par_1_70' title="bbox 476 3837 2058 3907">
     <span class='ocr_line' id='line_1_72' title="bbox 476 3837 2058 3907; baseline 0.003 -16"><span class='ocrx_word' id='word_1_473' title='bbox 476 3838 685 3899; x_wconf 81' lang='lat' dir='ltr'><strong>valens,</strong></span> <span class='ocrx_word' id='word_1_474' title='bbox 711 3847 804 3892; x_wconf 88' lang='lat' dir='ltr'><strong>aut</strong></span> <span class='ocrx_word' id='word_1_475' title='bbox 829 3837 1104 3894; x_wconf 84' lang='lat' dir='ltr'><strong>sufficiens</strong></span> <span class='ocrx_word' id='word_1_476' title='bbox 1136 3837 1326 3907; x_wconf 82' lang='lat' dir='ltr'><strong>parare</strong></span> <span class='ocrx_word' id='word_1_477' title='bbox 1355 3840 1555 3894; x_wconf 88' lang='lat' dir='ltr'><strong>victum</strong></span> <span class='ocrx_word' id='word_1_478' title='bbox 1579 3837 1894 3896; x_wconf 79' lang='lat' dir='ltr'><strong>consuetum</strong></span> <span class='ocrx_word' id='word_1_479' title='bbox 1917 3861 1930 3895; x_wconf 92' lang='lat'><strong>:</strong></span> <span class='ocrx_word' id='word_1_480' title='bbox 1952 3844 2058 3906; x_wconf 87' lang='lat' dir='ltr'><strong>vel,</strong></span> 
     </span>
    </p>
   </div>
   <div class='ocr_carea' id='block_1_71' title="bbox 474 3909 2061 3983">
    <p class='ocr_par' dir='ltr' id='par_1_71' title="bbox 474 3909 2061 3983">
     <span class='ocr_line' id='line_1_73' title="bbox 474 3909 2061 3983; baseline 0.003 -22"><span class='ocrx_word' id='word_1_481' title='bbox 474 3910 855 3983; x_wconf 24' lang='lat' dir='ltr'><strong>ut‘l)ionysi_us</strong></span> <span class='ocrx_word' id='word_1_482' title='bbox 882 3911 1059 3964; x_wconf 89' lang='lat' dir='ltr'><strong>reddit</strong></span> <span class='ocrx_word' id='word_1_483' title='bbox 1091 3929 1104 3964; x_wconf 88' lang='lat'>:</span> <span class='ocrx_word' id='word_1_484' title='bbox 1137 3909 1265 3966; x_wconf 87' lang='lat' dir='ltr'><strong>Cum</strong></span> <span class='ocrx_word' id='word_1_485' title='bbox 1287 3927 1388 3963; x_wconf 89' lang='lat' dir='ltr'><strong>non</strong></span> <span class='ocrx_word' id='word_1_486' title='bbox 1410 3913 1660 3982; x_wconf 85' lang='lat' dir='ltr'><strong>potuisset</strong></span> <span class='ocrx_word' id='word_1_487' title='bbox 1684 3913 1780 3966; x_wconf 88' lang='lat' dir='ltr'><strong>sibi</strong></span> <span class='ocrx_word' id='word_1_488' title='bbox 1801 3914 1901 3983; x_wconf 90' lang='lat' dir='ltr'><strong>ipsi</strong></span> <span class='ocrx_word' id='word_1_489' title='bbox 1939 3930 2061 3983; x_wconf 66' lang='lat' dir='ltr'><strong>pro«</strong></span> 
     </span>
    </p>
   </div>
   <div class='ocr_carea' id='block_1_72' title="bbox 475 3980 1773 4050">
    <p class='ocr_par' dir='ltr' id='par_1_72' title="bbox 475 3980 1773 4050">
     <span class='ocr_line' id='line_1_74' title="bbox 475 3980 1773 4050; baseline 0.002 -18"><span class='ocrx_word' id='word_1_490' title='bbox 475 3980 605 4050; x_wconf 80' lang='lat' dir='ltr'><strong>priis</strong></span> <span class='ocrx_word' id='word_1_491' title='bbox 637 3980 867 4034; x_wconf 87' lang='lat' dir='ltr'><strong>monibus</strong></span> <span class='ocrx_word' id='word_1_492' title='bbox 893 3983 1155 4050; x_wconf 86' lang='lat' dir='ltr'><strong>acquirere</strong></span> <span class='ocrx_word' id='word_1_493' title='bbox 1181 3984 1370 4034; x_wconf 88' lang='lat' dir='ltr'><strong>victum</strong></span> <span class='ocrx_word' id='word_1_494' title='bbox 1393 3980 1773 4050; x_wconf 74' lang='lat' dir='ltr'><strong>quotidianum.</strong></span> 
     </span>
    </p>
   </div>
   <div class='ocr_carea' id='block_1_73' title="bbox 547 4047 2056 4113">
    <p class='ocr_par' dir='ltr' id='par_1_73' title="bbox 547 4047 2056 4113">
     <span class='ocr_line' id='line_1_75' title="bbox 547 4047 2056 4113; baseline 0.003 -10"><span class='ocrx_word' id='word_1_495' title='bbox 547 4047 574 4086; x_wconf 65' lang='grc' dir='ltr'>δ</span> <span class='ocrx_word' id='word_1_496' title='bbox 603 4050 659 4103; x_wconf 89' lang='lat' dir='ltr'><strong>Id</strong></span> <span class='ocrx_word' id='word_1_497' title='bbox 687 4062 792 4113; x_wconf 88' lang='lat' dir='ltr'><strong>est,</strong></span> <span class='ocrx_word' id='word_1_498' title='bbox 822 4047 975 4106; x_wconf 77' lang='lat' dir='ltr'><strong>nulla</strong></span> <span class='ocrx_word' id='word_1_499' title='bbox 990 4051 1231 4106; x_wconf 86' lang='lat' dir='ltr'><strong>Ecclesia</strong></span> <span class='ocrx_word' id='word_1_500' title='bbox 1257 4047 1600 4108; x_wconf 86' lang='lat' dir='ltr'><strong>communem</strong></span> <span class='ocrx_word' id='word_1_501' title='bbox 1635 4053 1821 4106; x_wconf 88' lang='lat' dir='ltr'><strong>habuit</strong></span> <span class='ocrx_word' id='word_1_502' title='bbox 1849 4068 2056 4108; x_wconf 91' lang='lat' dir='ltr'><strong>mecum</strong></span> 
     </span>
    </p>
   </div>
   <div class='ocr_carea' id='block_1_74' title="bbox 475 4121 2058 4192">
    <p class='ocr_par' dir='ltr' id='par_1_74' title="bbox 475 4121 2058 4192">
     <span class='ocr_line' id='line_1_76' title="bbox 475 4121 2058 4192; baseline 0.003 -18"><span class='ocrx_word' id='word_1_503' title='bbox 475 4121 741 4176; x_wconf 83' lang='lat' dir='ltr'><strong>rationem</strong></span> <span class='ocrx_word' id='word_1_504' title='bbox 782 4122 892 4175; x_wconf 89' lang='lat' dir='ltr'><strong>dati</strong></span> <span class='ocrx_word' id='word_1_505' title='bbox 921 4133 973 4176; x_wconf 91' lang='lat' dir='ltr'><strong>et</strong></span> <span class='ocrx_word' id='word_1_506' title='bbox 1002 4124 1205 4192; x_wconf 89' lang='lat' dir='ltr'><strong>accepti</strong></span> <span class='ocrx_word' id='word_1_507' title='bbox 1240 4140 1253 4174; x_wconf 92' lang='lat'>:</span> <span class='ocrx_word' id='word_1_508' title='bbox 1305 4123 1430 4190; x_wconf 89' lang='lat' dir='ltr'><strong>quia</strong></span> <span class='ocrx_word' id='word_1_509' title='bbox 1480 4123 1624 4177; x_wconf 89' lang='lat' dir='ltr'><strong>nulla</strong></span> <span class='ocrx_word' id='word_1_510' title='bbox 1668 4125 1911 4178; x_wconf 77' lang='lat' dir='ltr'><strong>Ecclesia</strong></span> <span class='ocrx_word' id='word_1_511' title='bbox 1963 4140 2058 4192; x_wconf 93' lang='lat' dir='ltr'><strong>pro</strong></span> 
     </span>
    </p>
   </div>
   <div class='ocr_carea' id='block_1_75' title="bbox 474 4194 2055 4262">
    <p class='ocr_par' dir='ltr' id='par_1_75' title="bbox 474 4194 2055 4262">
     <span class='ocr_line' id='line_1_77' title="bbox 474 4194 2055 4262; baseline 0.003 -17"><span class='ocrx_word' id='word_1_512' title='bbox 474 4194 716 4260; x_wconf 88' lang='lat' dir='ltr'><strong>acceptis</strong></span> <span class='ocrx_word' id='word_1_513' title='bbox 742 4194 1108 4262; x_wconf 86' lang='lat' dir='ltr'><strong>spiritualibus</strong></span> <span class='ocrx_word' id='word_1_514' title='bbox 1138 4194 1452 4261; x_wconf 90' lang='lat' dir='ltr'><strong>temporalia</strong></span> <span class='ocrx_word' id='word_1_515' title='bbox 1483 4196 1915 4249; x_wconf 88' lang='lat' dir='ltr'><strong>communicavit.</strong></span> <span class='ocrx_word' id='word_1_516' title='bbox 1949 4195 2055 4250; x_wconf 84' lang='lat' dir='ltr'><strong>Ra-</strong></span> 
     </span>
    </p>
   </div>
   <div class='ocr_carea' id='block_1_76' title="bbox 478 4263 2055 4334">
    <p class='ocr_par' dir='ltr' id='par_1_76' title="bbox 478 4263 2055 4334">
     <span class='ocr_line' id='line_1_78' title="bbox 478 4263 2055 4334; baseline 0.003 -18"><span class='ocrx_word' id='word_1_517' title='bbox 478 4263 555 4317; x_wconf 86' lang='lat' dir='ltr'><strong>tio</strong></span> <span class='ocrx_word' id='word_1_518' title='bbox 584 4266 727 4318; x_wconf 88' lang='lat' dir='ltr'><strong>enim</strong></span> <span class='ocrx_word' id='word_1_519' title='bbox 760 4266 964 4332; x_wconf 81' lang='lat' dir='ltr'><strong>accepti</strong></span> <span class='ocrx_word' id='word_1_520' title='bbox 994 4274 1096 4329; x_wconf 71' lang='lat' dir='ltr'><strong>est,</strong></span> <span class='ocrx_word' id='word_1_521' title='bbox 1128 4279 1289 4333; x_wconf 87' lang='lat' dir='ltr'><strong>quam</strong></span> <span class='ocrx_word' id='word_1_522' title='bbox 1331 4264 1490 4334; x_wconf 83' lang='lat' dir='ltr'><strong>vulgo</strong></span> <span class='ocrx_word' id='word_1_523' title='bbox 1517 4274 1789 4333; x_wconf 83' lang='lat' dir='ltr'><strong>receptant</strong></span> <span class='ocrx_word' id='word_1_524' title='bbox 1824 4277 2017 4321; x_wconf 84' lang='lat' dir='ltr'><strong>vocant</strong></span> <span class='ocrx_word' id='word_1_525' title='bbox 2042 4285 2055 4320; x_wconf 92' lang='lat'><strong>:</strong></span> 
     </span>
    </p>
   </div>
   <div class='ocr_carea' id='block_1_77' title="bbox 474 4335 2054 4402">
    <p class='ocr_par' dir='ltr' id='par_1_77' title="bbox 474 4335 2054 4402">
     <span class='ocr_line' id='line_1_79' title="bbox 474 4335 2054 4402; baseline 0.003 -14"><span class='ocrx_word' id='word_1_526' title='bbox 474 4336 616 4388; x_wconf 77' lang='lat' dir='ltr'><strong>ratio</strong></span> <span class='ocrx_word' id='word_1_527' title='bbox 645 4335 784 4401; x_wconf 88' lang='lat' dir='ltr'><strong>dati,</strong></span> <span class='ocrx_word' id='word_1_528' title='bbox 814 4350 972 4401; x_wconf 79' lang='lat' dir='ltr'><strong>quam</strong></span> <span class='ocrx_word' id='word_1_529' title='bbox 995 4350 1291 4402; x_wconf 80' lang='lat' dir='ltr'><strong>expensas,</strong></span> <span class='ocrx_word' id='word_1_530' title='bbox 1333 4335 1446 4388; x_wconf 89' lang='lat' dir='ltr'><strong>sive</strong></span> <span class='ocrx_word' id='word_1_531' title='bbox 1473 4347 1738 4402; x_wconf 86' lang='lat' dir='ltr'><strong>sumptus.</strong></span> <span class='ocrx_word' id='word_1_532' title='bbox 1771 4335 2054 4392; x_wconf 82' lang='lat' dir='ltr'><strong>Rationem</strong></span> 
     </span>
    </p>
   </div>
   <div class='ocr_carea' id='block_1_78' title="bbox 473 4403 2056 4476">
    <p class='ocr_par' dir='ltr' id='par_1_78' title="bbox 473 4403 2056 4476">
     <span class='ocr_line' id='line_1_80' title="bbox 473 4403 2056 4476; baseline 0.003 -18"><span class='ocrx_word' id='word_1_533' title='bbox 473 4418 606 4470; x_wconf 87' lang='lat' dir='ltr'><strong>ergo</strong></span> <span class='ocrx_word' id='word_1_534' title='bbox 628 4405 831 4471; x_wconf 90' lang='lat' dir='ltr'><strong>accepti</strong></span> <span class='ocrx_word' id='word_1_535' title='bbox 866 4403 1124 4466; x_wconf 87' lang='lat' dir='ltr'><strong>fecerant,</strong></span> <span class='ocrx_word' id='word_1_536' title='bbox 1153 4407 1282 4476; x_wconf 86' lang='lat' dir='ltr'><strong>quia</strong></span> <span class='ocrx_word' id='word_1_537' title='bbox 1309 4405 1612 4474; x_wconf 89' lang='lat' dir='ltr'><strong>spiritualia</strong></span> <span class='ocrx_word' id='word_1_538' title='bbox 1644 4408 1712 4460; x_wconf 89' lang='lat' dir='ltr'><strong>ab</strong></span> <span class='ocrx_word' id='word_1_539' title='bbox 1744 4409 1859 4470; x_wconf 92' lang='lat' dir='ltr'><strong>ipso</strong></span> <span class='ocrx_word' id='word_1_540' title='bbox 1901 4423 2056 4462; x_wconf 87' lang='lat' dir='ltr'><strong>recc-</strong></span> 
     </span>
    </p>
   </div>
   <div class='ocr_carea' id='block_1_79' title="bbox 473 4475 2053 4554">
    <p class='ocr_par' dir='ltr' id='par_1_79' title="bbox 473 4475 2053 4554">
     <span class='ocr_line' id='line_1_81' title="bbox 473 4475 2053 4554; baseline 0.006 -30"><span class='ocrx_word' id='word_1_541' title='bbox 473 4483 712 4554; x_wconf 65' lang='lat' dir='ltr'><strong>perant:</strong></span> <span class='ocrx_word' id='word_1_542' title='bbox 748 4477 1012 4554; x_wconf 80' lang='lat' dir='ltr'><strong>rationem</strong></span> <span class='ocrx_word' id='word_1_543' title='bbox 1057 4475 1186 4554; x_wconf 35' lang='lat' dir='ltr'><strong>dati&quot;</strong></span> <span class='ocrx_word' id='word_1_544' title='bbox 1219 4493 1328 4530; x_wconf 90' lang='lat' dir='ltr'><strong>non</strong></span> <span class='ocrx_word' id='word_1_545' title='bbox 1379 4475 1638 4554; x_wconf 68' lang='lat' dir='ltr'><strong>fecerant,</strong></span> <span class='ocrx_word' id='word_1_546' title='bbox 1670 4478 1955 4554; x_wconf 85' lang='lat' dir='ltr'><strong>quia_ni_hil</strong></span> <span class='ocrx_word' id='word_1_547' title='bbox 2006 4480 2053 4533; x_wconf 89' lang='lat' dir='ltr'><strong>ei</strong></span> 
     </span>
    </p>
   </div>
   <div class='ocr_carea' id='block_1_80' title="bbox 473 4545 2054 4627">
    <p class='ocr_par' dir='ltr' id='par_1_80' title="bbox 473 4545 2054 4627">
     <span class='ocr_line' id='line_1_82' title="bbox 473 4545 2054 4627; baseline 0.003 -29"><span class='ocrx_word' id='word_1_548' title='bbox 473 4545 714 4598; x_wconf 81' lang='lat' dir='ltr'><strong>vicissim</strong></span> <span class='ocrx_word' id='word_1_549' title='bbox 735 4545 804 4627; x_wconf 74' lang='lat' dir='ltr'><strong>de</strong></span> <span class='ocrx_word' id='word_1_550' title='bbox 829 4547 983 4600; x_wconf 91' lang='lat' dir='ltr'><strong>bonis</strong></span> <span class='ocrx_word' id='word_1_551' title='bbox 1021 4547 1136 4627; x_wconf 79' lang='lat' dir='ltr'><strong>suis</strong></span> <span class='ocrx_word' id='word_1_552' title='bbox 1161 4546 1375 4602; x_wconf 86' lang='lat' dir='ltr'><strong>fuerant</strong></span> <span class='ocrx_word' id='word_1_553' title='bbox 1419 4548 1626 4616; x_wconf 91' lang='lat' dir='ltr'><strong>elargiti</strong></span> <span class='ocrx_word' id='word_1_554' title='bbox 1649 4593 1662 4614; x_wconf 89' lang='lat'><strong>,</strong></span> <span class='ocrx_word' id='word_1_555' title='bbox 1688 4545 1920 4614; x_wconf 84' lang='lat' dir='ltr'><strong>proinde</strong></span> <span class='ocrx_word' id='word_1_556' title='bbox 1950 4565 2054 4604; x_wconf 92' lang='lat' dir='ltr'><strong>non</strong></span> 
     </span>
    </p>
   </div>
   <div class='ocr_carea' id='block_1_81' title="bbox 473 4619 2055 4687">
    <p class='ocr_par' dir='ltr' id='par_1_81' title="bbox 473 4619 2055 4687">
     <span class='ocr_line' id='line_1_83' title="bbox 473 4619 2055 4687; baseline 0.005 -20"><span class='ocrx_word' id='word_1_557' title='bbox 473 4619 1094 4687; x_wconf 75' lang='lat' dir='ltr'><strong>communicaverantei,</strong></span> <span class='ocrx_word' id='word_1_558' title='bbox 1126 4619 1160 4671; x_wconf 89' lang='lat' dir='ltr'><strong>i.</strong></span> <span class='ocrx_word' id='word_1_559' title='bbox 1192 4635 1244 4673; x_wconf 93' lang='lat' dir='ltr'><strong>e.</strong></span> <span class='ocrx_word' id='word_1_560' title='bbox 1267 4633 1375 4673; x_wconf 92' lang='lat' dir='ltr'><strong>non</strong></span> <span class='ocrx_word' id='word_1_561' title='bbox 1399 4633 1742 4672; x_wconf 88' lang='lat' dir='ltr'><strong>communem</strong></span> <span class='ocrx_word' id='word_1_562' title='bbox 1766 4629 1819 4674; x_wconf 92' lang='lat' dir='ltr'><strong>et</strong></span> <span class='ocrx_word' id='word_1_563' title='bbox 1847 4635 2055 4687; x_wconf 69' lang='lat' dir='ltr'><strong>mquam</strong></span> 
     </span>
    </p>
   </div>
   <div class='ocr_carea' id='block_1_82' title="bbox 472 4684 2055 4758">
    <p class='ocr_par' dir='ltr' id='par_1_82' title="bbox 472 4684 2055 4758">
     <span class='ocr_line' id='line_1_84' title="bbox 472 4684 2055 4758; baseline 0.004 -20"><span class='ocrx_word' id='word_1_564' title='bbox 472 4684 722 4758; x_wconf 86' lang='lat' dir='ltr'><strong>feceran_t</strong></span> <span class='ocrx_word' id='word_1_565' title='bbox 760 4687 1021 4742; x_wconf 89' lang='lat' dir='ltr'><strong>rationem</strong></span> <span class='ocrx_word' id='word_1_566' title='bbox 1047 4689 1154 4742; x_wconf 89' lang='lat' dir='ltr'><strong>dati</strong></span> <span class='ocrx_word' id='word_1_567' title='bbox 1181 4699 1237 4744; x_wconf 93' lang='lat' dir='ltr'><strong>et</strong></span> <span class='ocrx_word' id='word_1_568' title='bbox 1262 4691 1501 4758; x_wconf 88' lang='lat' dir='ltr'><strong>accepti;</strong></span> <span class='ocrx_word' id='word_1_569' title='bbox 1531 4689 1673 4754; x_wconf 85' lang='lat' dir='ltr'><strong>quod</strong></span> <span class='ocrx_word' id='word_1_570' title='bbox 1697 4684 2055 4745; x_wconf 33' lang='lat' dir='ltr'><strong>Gallice—dici-</strong></span> 
     </span>
    </p>
   </div>
   <div class='ocr_carea' id='block_1_83' title="bbox 473 4756 2058 4831">
    <p class='ocr_par' dir='ltr' id='par_1_83' title="bbox 473 4756 2058 4831">
     <span class='ocr_line' id='line_1_85' title="bbox 473 4756 2058 4831; baseline 0.004 -21"><span class='ocrx_word' id='word_1_571' title='bbox 473 4771 599 4811; x_wconf 88' lang='lat' dir='ltr'><strong>mus</strong></span> <span class='ocrx_word' id='word_1_572' title='bbox 619 4799 634 4822; x_wconf 94' lang='lat'><strong>,</strong></span> <span class='ocrx_word' id='word_1_573' title='bbox 667 4756 823 4812; x_wconf 88' lang='lat' dir='ltr'><strong>Tenir</strong></span> <span class='ocrx_word' id='word_1_574' title='bbox 847 4768 1044 4828; x_wconf 88' lang='lat' dir='ltr'><strong>compte</strong></span> <span class='ocrx_word' id='word_1_575' title='bbox 1063 4759 1126 4813; x_wconf 88' lang='lat' dir='ltr'><strong>de</strong></span> <span class='ocrx_word' id='word_1_576' title='bbox 1153 4763 1204 4814; x_wconf 90' lang='lat' dir='ltr'><strong>la</strong></span> <span class='ocrx_word' id='word_1_577' title='bbox 1232 4756 1416 4816; x_wconf 81' lang='lat' dir='ltr'><strong>recettc</strong></span> <span class='ocrx_word' id='word_1_578' title='bbox 1457 4769 1504 4814; x_wconf 86' lang='lat' dir='ltr'><strong>et</strong></span> <span class='ocrx_word' id='word_1_579' title='bbox 1531 4761 1618 4815; x_wconf 89' lang='lat' dir='ltr'><strong>des</strong></span> <span class='ocrx_word' id='word_1_580' title='bbox 1638 4761 1788 4817; x_wconf 88' lang='lat' dir='ltr'><strong>mises</strong></span> <span class='ocrx_word' id='word_1_581' title='bbox 1827 4763 2058 4831; x_wconf 73' lang='lat' dir='ltr'><strong>recipro-</strong></span> 
     </span>
    </p>
   </div>
   <div class='ocr_carea' id='block_1_84' title="bbox 472 4839 1522 4896">
    <p class='ocr_par' dir='ltr' id='par_1_84' title="bbox 472 4839 1522 4896">
     <span class='ocr_line' id='line_1_86' title="bbox 472 4839 1522 4896; baseline 0 -14"><span class='ocrx_word' id='word_1_582' title='bbox 472 4839 726 4896; x_wconf 86' lang='lat' dir='ltr'><strong>quement.</strong></span> <span class='ocrx_word' id='word_1_583' title='bbox 1520 4879 1522 4882; x_wconf 76' lang='grc'>,</span> 
     </span>
    </p>
   </div>
   <div class='ocr_carea' id='block_1_85' title="bbox 553 4898 2055 4972">
    <p class='ocr_par' dir='ltr' id='par_1_85' title="bbox 553 4898 2055 4972">
     <span class='ocr_line' id='line_1_87' title="bbox 553 4898 2055 4972; baseline 0.003 -20"><span class='ocrx_word' id='word_1_584' title='bbox 553 4908 574 4935; x_wconf 77' lang='grc' dir='ltr'><strong>ο</strong></span> <span class='ocrx_word' id='word_1_585' title='bbox 616 4898 950 4972; x_wconf 47' lang='lat' dir='ltr'><strong>Praeceptum</strong></span> <span class='ocrx_word' id='word_1_586' title='bbox 989 4899 1377 4969; x_wconf 87' lang='lat' dir='ltr'><strong>Evangelicum</strong></span> <span class='ocrx_word' id='word_1_587' title='bbox 1416 4901 1668 4972; x_wconf 89' lang='lat' dir='ltr'><strong>intelligit</strong></span> <span class='ocrx_word' id='word_1_588' title='bbox 1698 4902 1828 4958; x_wconf 93' lang='lat' dir='ltr'><strong>illud</strong></span> <span class='ocrx_word' id='word_1_589' title='bbox 1865 4903 2055 4959; x_wconf 84' lang='lat' dir='ltr'><strong>Matth.</strong></span> 
     </span>
    </p>
   </div>
   <div class='ocr_carea' id='block_1_86' title="bbox 472 4968 2061 5045">
    <p class='ocr_par' dir='ltr' id='par_1_86' title="bbox 472 4968 2061 5045">
     <span class='ocr_line' id='line_1_88' title="bbox 472 4968 2061 5045; baseline 0.005 -25"><span class='ocrx_word' id='word_1_590' title='bbox 472 4983 601 5045; x_wconf 66' lang='lat' dir='ltr'><strong>xix:</strong></span> <span class='ocrx_word' id='word_1_591' title='bbox 644 4968 705 5024; x_wconf 88' lang='lat' dir='ltr'><strong>Si</strong></span> <span class='ocrx_word' id='word_1_592' title='bbox 730 4971 803 5024; x_wconf 88' lang='lat' dir='ltr'><strong>vis</strong></span> <span class='ocrx_word' id='word_1_593' title='bbox 832 4973 1085 5043; x_wconf 86' lang='lat' dir='ltr'><strong>perfectus</strong></span> <span class='ocrx_word' id='word_1_594' title='bbox 1122 4968 1263 5045; x_wconf 75' lang='lat' dir='ltr'><strong>esse,</strong></span> <span class='ocrx_word' id='word_1_595' title='bbox 1296 4974 1423 5026; x_wconf 83' lang='lat' dir='ltr'><strong>vade</strong></span> <span class='ocrx_word' id='word_1_596' title='bbox 1447 5015 1463 5038; x_wconf 93' lang='lat'><strong>,</strong></span> <span class='ocrx_word' id='word_1_597' title='bbox 1518 4968 1677 5028; x_wconf 67' lang='lat' dir='ltr'><strong>vende</strong></span> <span class='ocrx_word' id='word_1_598' title='bbox 1724 4975 1901 5028; x_wconf 89' lang='lat' dir='ltr'><strong>omnia</strong></span> <span class='ocrx_word' id='word_1_599' title='bbox 1947 4991 2061 5045; x_wconf 77' lang='lat' dir='ltr'><strong>qua:</strong></span> 
     </span>
    </p>
   </div>
   <div class='ocr_carea' id='block_1_87' title="bbox 472 5036 2061 5114">
    <p class='ocr_par' dir='ltr' id='par_1_87' title="bbox 472 5036 2061 5114">
     <span class='ocr_line' id='line_1_89' title="bbox 472 5036 2061 5114; baseline 0.007 -25"><span class='ocrx_word' id='word_1_600' title='bbox 472 5036 628 5114; x_wconf 80' lang='lat' dir='ltr'><strong>habes</strong></span> <span class='ocrx_word' id='word_1_601' title='bbox 655 5080 670 5103; x_wconf 95' lang='lat'><strong>,</strong></span> <span class='ocrx_word' id='word_1_602' title='bbox 696 5049 804 5095; x_wconf 89' lang='lat' dir='ltr'><strong>etc.</strong></span> <span class='ocrx_word' id='word_1_603' title='bbox 822 5036 843 5104; x_wconf 77' lang='grc' dir='ltr'><strong>ς’</strong></span> <span class='ocrx_word' id='word_1_604' title='bbox 867 5036 1021 5110; x_wconf 85' lang='lat' dir='ltr'><strong>cujus</strong></span> <span class='ocrx_word' id='word_1_605' title='bbox 1049 5036 1427 5114; x_wconf 85' lang='lat' dir='ltr'><strong>meminitcap.</strong></span> <span class='ocrx_word' id='word_1_606' title='bbox 1448 5036 1565 5099; x_wconf 16' lang='lat' dir='ltr'><strong>rxvr.</strong></span> <span class='ocrx_word' id='word_1_607' title='bbox 1595 5045 1685 5100; x_wconf 85' lang='lat' dir='ltr'><strong>Vel</strong></span> <span class='ocrx_word' id='word_1_608' title='bbox 1710 5045 1855 5100; x_wconf 88' lang='lat' dir='ltr'><strong>illam</strong></span> <span class='ocrx_word' id='word_1_609' title='bbox 1886 5036 2061 5100; x_wconf 74' lang='lat' dir='ltr'><strong>Evan-</strong></span> 
     </span>
    </p>
   </div>
   <div class='ocr_carea' id='block_1_88' title="bbox 471 5110 2058 5186">
    <p class='ocr_par' dir='ltr' id='par_1_88' title="bbox 471 5110 2058 5186">
     <span class='ocr_line' id='line_1_90' title="bbox 471 5110 2058 5186; baseline 0.005 -23"><span class='ocrx_word' id='word_1_610' title='bbox 471 5110 702 5186; x_wconf 82' lang='lat' dir='ltr'><strong>gelicam</strong></span> <span class='ocrx_word' id='word_1_611' title='bbox 726 5114 1052 5186; x_wconf 80' lang='lat' dir='ltr'><strong>sententiam</strong></span> <span class='ocrx_word' id='word_1_612' title='bbox 1084 5116 1152 5168; x_wconf 89' lang='lat' dir='ltr'><strong>de</strong></span> <span class='ocrx_word' id='word_1_613' title='bbox 1175 5129 1336 5170; x_wconf 90' lang='lat' dir='ltr'><strong>cruce</strong></span> <span class='ocrx_word' id='word_1_614' title='bbox 1363 5110 1574 5171; x_wconf 81' lang='lat' dir='ltr'><strong>Domini</strong></span> <span class='ocrx_word' id='word_1_615' title='bbox 1602 5117 1860 5186; x_wconf 88' lang='lat' dir='ltr'><strong>portanda</strong></span> <span class='ocrx_word' id='word_1_616' title='bbox 1886 5159 1902 5182; x_wconf 96' lang='lat'><strong>,</strong></span> <span class='ocrx_word' id='word_1_617' title='bbox 1959 5132 2058 5184; x_wconf 90' lang='lat' dir='ltr'><strong>per</strong></span> 
     </span>
    </p>
   </div>
   <div class='ocr_carea' id='block_1_89' title="bbox 471 5182 2052 5254">
    <p class='ocr_par' dir='ltr' id='par_1_89' title="bbox 471 5182 2052 5254">
     <span class='ocr_line' id='line_1_91' title="bbox 471 5182 2052 5254; baseline 0.006 -22"><span class='ocrx_word' id='word_1_618' title='bbox 471 5182 828 5254; x_wconf 58' lang='lat' dir='ltr'><strong>voluntariam</strong></span> <span class='ocrx_word' id='word_1_619' title='bbox 876 5185 1087 5239; x_wconf 91' lang='lat' dir='ltr'><strong>scilicet</strong></span> <span class='ocrx_word' id='word_1_620' title='bbox 1145 5195 1513 5254; x_wconf 88' lang='lat' dir='ltr'><strong>paupertatem</strong></span> <span class='ocrx_word' id='word_1_621' title='bbox 1564 5182 1620 5243; x_wconf 79' lang='lat' dir='ltr'><strong>ei</strong></span> <span class='ocrx_word' id='word_1_622' title='bbox 1665 5182 2052 5242; x_wconf 80' lang='lat' dir='ltr'><strong>obedientiam.</strong></span> 
     </span>
    </p>
   </div>
   <div class='ocr_carea' id='block_1_90' title="bbox 468 5247 2053 5326">
    <p class='ocr_par' dir='ltr' id='par_1_90' title="bbox 468 5247 2053 5326">
     <span class='ocr_line' id='line_1_92' title="bbox 468 5247 2053 5326; baseline 0.004 -22"><span class='ocrx_word' id='word_1_623' title='bbox 468 5247 806 5326; x_wconf 47' lang='lat' dir='ltr'><strong>PraIceptiim</strong></span> <span class='ocrx_word' id='word_1_624' title='bbox 836 5268 1016 5310; x_wconf 88' lang='lat' dir='ltr'><strong>autem</strong></span> <span class='ocrx_word' id='word_1_625' title='bbox 1049 5247 1212 5311; x_wconf 51' lang='lat' dir='ltr'><strong>hic&#39;et</strong></span> <span class='ocrx_word' id='word_1_626' title='bbox 1237 5247 1364 5311; x_wconf 76' lang='lat' dir='ltr'><strong>alibi</strong></span> <span class='ocrx_word' id='word_1_627' title='bbox 1393 5257 1705 5326; x_wconf 89' lang='lat' dir='ltr'><strong>frequenter</strong></span> <span class='ocrx_word' id='word_1_628' title='bbox 1732 5257 1923 5326; x_wconf 88' lang='lat' dir='ltr'><strong>accipit</strong></span> <span class='ocrx_word' id='word_1_629' title='bbox 1957 5272 2053 5324; x_wconf 90' lang='lat' dir='ltr'><strong>pro</strong></span> 
     </span>
    </p>
   </div>
   <div class='ocr_carea' id='block_1_91' title="bbox 467 5323 2054 5396">
    <p class='ocr_par' dir='ltr' id='par_1_91' title="bbox 467 5323 2054 5396">
     <span class='ocr_line' id='line_1_93' title="bbox 467 5323 2054 5396; baseline 0.006 -24"><span class='ocrx_word' id='word_1_630' title='bbox 467 5323 697 5396; x_wconf 65' lang='lat' dir='ltr'><strong>consilio</strong></span> <span class='ocrx_word' id='word_1_631' title='bbox 725 5323 1054 5396; x_wconf 85' lang='lat' dir='ltr'><strong>Evangelico</strong></span> <span class='ocrx_word' id='word_1_632' title='bbox 1077 5369 1094 5392; x_wconf 94' lang='lat'><strong>,</strong></span> <span class='ocrx_word' id='word_1_633' title='bbox 1149 5342 1299 5382; x_wconf 93' lang='lat' dir='ltr'><strong>more</strong></span> <span class='ocrx_word' id='word_1_634' title='bbox 1328 5339 1384 5382; x_wconf 91' lang='lat' dir='ltr'><strong>et</strong></span> <span class='ocrx_word' id='word_1_635' title='bbox 1441 5323 1545 5383; x_wconf 82' lang='lat' dir='ltr'><strong>usu</strong></span> <span class='ocrx_word' id='word_1_636' title='bbox 1591 5323 1886 5396; x_wconf 85' lang='lat' dir='ltr'><strong>primorum</strong></span> <span class='ocrx_word' id='word_1_637' title='bbox 1920 5323 2054 5381; x_wconf 86' lang='lat' dir='ltr'><strong>fide-</strong></span> 
     </span>
    </p>
   </div>
   <div class='ocr_carea' id='block_1_92' title="bbox 467 5390 2052 5470">
    <p class='ocr_par' dir='ltr' id='par_1_92' title="bbox 467 5390 2052 5470">
     <span class='ocr_line' id='line_1_94' title="bbox 467 5390 2052 5470; baseline 0.005 -25"><span class='ocrx_word' id='word_1_638' title='bbox 467 5390 622 5456; x_wconf 86' lang='lat' dir='ltr'><strong>lium,</strong></span> <span class='ocrx_word' id='word_1_639' title='bbox 655 5397 743 5464; x_wconf 89' lang='lat' dir='ltr'><strong>qui</strong></span> <span class='ocrx_word' id='word_1_640' title='bbox 785 5390 905 5470; x_wconf 43' lang='lat' dir='ltr'><strong>non—</strong></span> <span class='ocrx_word' id='word_1_641' title='bbox 908 5398 989 5470; x_wconf 84' lang='lat' dir='ltr'><strong>ita</strong></span> <span class='ocrx_word' id='word_1_642' title='bbox 1017 5390 1229 5470; x_wconf 84' lang='lat' dir='ltr'><strong>curiose</strong></span> <span class='ocrx_word' id='word_1_643' title='bbox 1271 5390 1676 5470; x_wconf 78' lang='lat' dir='ltr'><strong>distinguebant</strong></span> <span class='ocrx_word' id='word_1_644' title='bbox 1731 5398 1872 5470; x_wconf 87' lang='lat' dir='ltr'><strong>inter</strong></span> <span class='ocrx_word' id='word_1_645' title='bbox 1910 5413 2052 5467; x_wconf 70' lang='lat' dir='ltr'><strong>prte-</strong></span> 
     </span>
    </p>
   </div>
   <div class='ocr_carea' id='block_1_93' title="bbox 468 5469 2054 5539">
    <p class='ocr_par' dir='ltr' id='par_1_93' title="bbox 468 5469 2054 5539">
     <span class='ocr_line' id='line_1_95' title="bbox 468 5469 2054 5539; baseline 0.004 -21"><span class='ocrx_word' id='word_1_646' title='bbox 468 5472 622 5530; x_wconf 82' lang='lat' dir='ltr'><strong>cepta</strong></span> <span class='ocrx_word' id='word_1_647' title='bbox 645 5475 700 5539; x_wconf 79' lang='lat' dir='ltr'><strong>et</strong></span> <span class='ocrx_word' id='word_1_648' title='bbox 725 5469 950 5539; x_wconf 88' lang='lat' dir='ltr'><strong>consilia</strong></span> <span class='ocrx_word' id='word_1_649' title='bbox 985 5469 1299 5539; x_wconf 85' lang='lat' dir='ltr'><strong>Evangelica</strong></span> <span class='ocrx_word' id='word_1_650' title='bbox 1323 5488 1338 5532; x_wconf 91' lang='lat'><strong>;</strong></span> <span class='ocrx_word' id='word_1_651' title='bbox 1369 5469 1463 5524; x_wconf 87' lang='lat' dir='ltr'><strong>sed</strong></span> <span class='ocrx_word' id='word_1_652' title='bbox 1517 5470 1728 5524; x_wconf 87' lang='lat' dir='ltr'><strong>fervore</strong></span> <span class='ocrx_word' id='word_1_653' title='bbox 1755 5469 2054 5524; x_wconf 87' lang='lat' dir='ltr'><strong>devotionis</strong></span> 
     </span>
    </p>
   </div>
   <div class='ocr_carea' id='block_1_94' title="bbox 468 5534 2054 5610">
    <p class='ocr_par' dir='ltr' id='par_1_94' title="bbox 468 5534 2054 5610">
     <span class='ocr_line' id='line_1_96' title="bbox 468 5534 2054 5610; baseline 0.006 -25"><span class='ocrx_word' id='word_1_654' title='bbox 468 5534 692 5588; x_wconf 88' lang='lat' dir='ltr'><strong>accensi</strong></span> <span class='ocrx_word' id='word_1_655' title='bbox 717 5575 732 5599; x_wconf 93' lang='lat'><strong>,</strong></span> <span class='ocrx_word' id='word_1_656' title='bbox 762 5538 1022 5608; x_wconf 86' lang='lat' dir='ltr'><strong>quidquid</strong></span> <span class='ocrx_word' id='word_1_657' title='bbox 1053 5534 1171 5595; x_wconf 53' lang='lat' dir='ltr'><strong>era&#39;t</strong></span> <span class='ocrx_word' id='word_1_658' title='bbox 1192 5541 1527 5610; x_wconf 67' lang='lat' dir='ltr'><strong>Evangelica:</strong></span> <span class='ocrx_word' id='word_1_659' title='bbox 1565 5540 1828 5594; x_wconf 70' lang='lat' dir='ltr'><strong>doctrinae</strong></span> <span class='ocrx_word' id='word_1_660' title='bbox 1852 5580 1867 5604; x_wconf 91' lang='lat'><strong>,</strong></span> <span class='ocrx_word' id='word_1_661' title='bbox 1907 5541 2054 5594; x_wconf 88' lang='lat' dir='ltr'><strong>velut</strong></span> 
     </span>
    </p>
   </div>
   <div class='ocr_carea' id='block_1_95' title="bbox 469 5610 2049 5688">
    <p class='ocr_par' dir='ltr' id='par_1_95' title="bbox 469 5610 2049 5688">
     <span class='ocr_line' id='line_1_97' title="bbox 469 5610 2049 5688; baseline 0.004 -31"><span class='ocrx_word' id='word_1_662' title='bbox 469 5612 1298 5688; x_wconf 65' lang='lat' dir='ltr'><strong>praeceptumamplexabantur,</strong></span> <span class='ocrx_word' id='word_1_663' title='bbox 1349 5622 1404 5688; x_wconf 90' lang='lat' dir='ltr'><strong>c_t</strong></span> <span class='ocrx_word' id='word_1_664' title='bbox 1445 5624 1663 5688; x_wconf 56' lang='lat' dir='ltr'><strong>scrvare</strong></span> <span class='ocrx_word' id='word_1_665' title='bbox 1716 5610 2049 5688; x_wconf 55' lang='lat' dir='ltr'><strong>studebant;</strong></span> 
     </span>
    </p>
   </div>
   <div class='ocr_carea' id='block_1_96' title="bbox 469 5681 2053 5757">
    <p class='ocr_par' dir='ltr' id='par_1_96' title="bbox 469 5681 2053 5757">
     <span class='ocr_line' id='line_1_98' title="bbox 469 5681 2053 5757; baseline 0.007 -31"><span class='ocrx_word' id='word_1_666' title='bbox 469 5682 531 5757; x_wconf 84' lang='lat' dir='ltr'><strong>ut</strong></span> <span class='ocrx_word' id='word_1_667' title='bbox 557 5684 699 5757; x_wconf 65' lang='lat' dir='ltr'><strong>patet</strong></span> <span class='ocrx_word' id='word_1_668' title='bbox 728 5681 781 5731; x_wconf 94' lang='lat' dir='ltr'><strong>in</strong></span> <span class='ocrx_word' id='word_1_669' title='bbox 812 5682 894 5757; x_wconf 87' lang='lat' dir='ltr'><strong>hi_s</strong></span> <span class='ocrx_word' id='word_1_670' title='bbox 916 5683 1004 5750; x_wconf 92' lang='lat' dir='ltr'><strong>qui</strong></span> <span class='ocrx_word' id='word_1_671' title='bbox 1039 5685 1560 5757; x_wconf 85' lang='lat' dir='ltr'><strong>post_asc_cnsionem</strong></span> <span class='ocrx_word' id='word_1_672' title='bbox 1609 5681 1856 5757; x_wconf 78' lang='lat' dir='ltr'><strong>Domini,</strong></span> <span class='ocrx_word' id='word_1_673' title='bbox 1887 5681 2053 5757; x_wconf 87' lang='lat' dir='ltr'><strong>primi</strong></span> 
     </span>
    </p>
   </div>
   <div class='ocr_carea' id='block_1_97' title="bbox 469 5747 2054 5824">
    <p class='ocr_par' dir='ltr' id='par_1_97' title="bbox 469 5747 2054 5824">
     <span class='ocr_line' id='line_1_99' title="bbox 469 5747 2054 5824; baseline 0.006 -24"><span class='ocrx_word' id='word_1_674' title='bbox 469 5747 822 5806; x_wconf 83' lang='lat' dir='ltr'><strong>crediderunt</strong></span> <span class='ocrx_word' id='word_1_675' title='bbox 849 5747 1224 5820; x_wconf 72' lang='lat' dir='ltr'><strong>Jerbsolymis.</strong></span> <span class='ocrx_word' id='word_1_676' title='bbox 1255 5755 1586 5824; x_wconf 87' lang='lat' dir='ltr'><strong>Quamquam</strong></span> <span class='ocrx_word' id='word_1_677' title='bbox 1618 5753 1782 5812; x_wconf 87' lang='lat' dir='ltr'><strong>etiam</strong></span> <span class='ocrx_word' id='word_1_678' title='bbox 1812 5747 2054 5813; x_wconf 81' lang='lat' dir='ltr'><strong>Athana-</strong></span> 
     </span>
    </p>
   </div>
   <div class='ocr_carea' id='block_1_98' title="bbox 2166 3411 3772 3476">
    <p class='ocr_par' dir='ltr' id='par_1_98' title="bbox 2166 3411 3772 3476">
     <span class='ocr_line' id='line_1_100' title="bbox 2166 3411 3772 3476; baseline 0.001 -8"><span class='ocrx_word' id='word_1_679' title='bbox 2166 3415 2278 3469; x_wconf 91' lang='lat' dir='ltr'><strong>sius</strong></span> <span class='ocrx_word' id='word_1_680' title='bbox 2323 3415 2376 3468; x_wconf 93' lang='lat' dir='ltr'><strong>in</strong></span> <span class='ocrx_word' id='word_1_681' title='bbox 2408 3413 2526 3468; x_wconf 82' lang='lat' dir='ltr'><strong>Vita</strong></span> <span class='ocrx_word' id='word_1_682' title='bbox 2555 3413 2615 3469; x_wconf 90' lang='lat' dir='ltr'><strong>S.</strong></span> <span class='ocrx_word' id='word_1_683' title='bbox 2650 3413 2904 3476; x_wconf 80' lang='lat' dir='ltr'><strong>Antonii,</strong></span> <span class='ocrx_word' id='word_1_684' title='bbox 2944 3421 3001 3467; x_wconf 91' lang='lat' dir='ltr'><strong>et</strong></span> <span class='ocrx_word' id='word_1_685' title='bbox 3047 3412 3276 3466; x_wconf 89' lang='lat' dir='ltr'><strong>Basilius</strong></span> <span class='ocrx_word' id='word_1_686' title='bbox 3317 3411 3372 3466; x_wconf 92' lang='lat' dir='ltr'><strong>in</strong></span> <span class='ocrx_word' id='word_1_687' title='bbox 3401 3412 3650 3468; x_wconf 91' lang='lat' dir='ltr'><strong>oratione</strong></span> <span class='ocrx_word' id='word_1_688' title='bbox 3697 3415 3772 3470; x_wconf 82' lang='lat' dir='ltr'><strong>ad</strong></span> 
     </span>
    </p>
   </div>
   <div class='ocr_carea' id='block_1_99' title="bbox 2164 3481 3767 3554">
    <p class='ocr_par' dir='ltr' id='par_1_99' title="bbox 2164 3481 3767 3554">
     <span class='ocr_line' id='line_1_101' title="bbox 2164 3481 3767 3554; baseline 0.002 -17"><span class='ocrx_word' id='word_1_689' title='bbox 2164 3485 2388 3554; x_wconf 79' lang='lat' dir='ltr'><strong>divites,</strong></span> <span class='ocrx_word' id='word_1_690' title='bbox 2425 3493 2748 3554; x_wconf 67' lang='lat' dir='ltr'><strong>praeceptum</strong></span> <span class='ocrx_word' id='word_1_691' title='bbox 2788 3483 3125 3538; x_wconf 88' lang='lat' dir='ltr'><strong>Dominicutn</strong></span> <span class='ocrx_word' id='word_1_692' title='bbox 3173 3494 3367 3554; x_wconf 87' lang='lat' dir='ltr'><strong>vocant</strong></span> <span class='ocrx_word' id='word_1_693' title='bbox 3408 3483 3500 3537; x_wconf 85' lang='lat' dir='ltr'><strong>illa</strong></span> <span class='ocrx_word' id='word_1_694' title='bbox 3547 3481 3720 3540; x_wconf 86' lang='lat' dir='ltr'><strong>verba</strong></span> <span class='ocrx_word' id='word_1_695' title='bbox 3751 3533 3767 3554; x_wconf 92' lang='lat'><strong>,</strong></span> 
     </span>
    </p>
   </div>
   <div class='ocr_carea' id='block_1_100' title="bbox 2172 3553 3769 3626">
    <p class='ocr_par' dir='ltr' id='par_1_100' title="bbox 2172 3553 3769 3626">
     <span class='ocr_line' id='line_1_102' title="bbox 2172 3553 3769 3626; baseline 0.004 -20"><span class='ocrx_word' id='word_1_696' title='bbox 2172 3555 2348 3620; x_wconf 86' lang='lat' dir='ltr'><strong>Vade,</strong></span> <span class='ocrx_word' id='word_1_697' title='bbox 2380 3557 2536 3610; x_wconf 83' lang='lat' dir='ltr'><strong>vende</strong></span> <span class='ocrx_word' id='word_1_698' title='bbox 2568 3558 2738 3608; x_wconf 88' lang='lat' dir='ltr'><strong>omnia</strong></span> <span class='ocrx_word' id='word_1_699' title='bbox 2759 3572 2874 3626; x_wconf 75' lang='lat' dir='ltr'><strong>quin</strong></span> <span class='ocrx_word' id='word_1_700' title='bbox 2897 3554 3074 3614; x_wconf 79' lang='lat' dir='ltr'><strong>habes,</strong></span> <span class='ocrx_word' id='word_1_701' title='bbox 3117 3563 3164 3608; x_wconf 89' lang='lat' dir='ltr'><strong>et</strong></span> <span class='ocrx_word' id='word_1_702' title='bbox 3193 3553 3262 3607; x_wconf 87' lang='lat' dir='ltr'><strong>da</strong></span> <span class='ocrx_word' id='word_1_703' title='bbox 3287 3554 3623 3625; x_wconf 80' lang='lat' dir='ltr'><strong>pauperibus.</strong></span> <span class='ocrx_word' id='word_1_704' title='bbox 3651 3553 3769 3612; x_wconf 87' lang='lat' dir='ltr'><strong>Sed</strong></span> 
     </span>
    </p>
   </div>
   <div class='ocr_carea' id='block_1_101' title="bbox 2165 3626 3773 3697">
    <p class='ocr_par' dir='ltr' id='par_1_101' title="bbox 2165 3626 3773 3697">
     <span class='ocr_line' id='line_1_103' title="bbox 2165 3626 3773 3697; baseline 0 -17"><span class='ocrx_word' id='word_1_705' title='bbox 2165 3626 2475 3697; x_wconf 87' lang='lat' dir='ltr'><strong>intelligunt</strong></span> <span class='ocrx_word' id='word_1_706' title='bbox 2523 3636 2849 3696; x_wconf 69' lang='lat' dir='ltr'><strong>przeceptuiu</strong></span> <span class='ocrx_word' id='word_1_707' title='bbox 2907 3626 3368 3690; x_wconf 89' lang='lat' dir='ltr'><strong>conditionatum,</strong></span> <span class='ocrx_word' id='word_1_708' title='bbox 3399 3641 3504 3680; x_wconf 92' lang='lat' dir='ltr'><strong>non</strong></span> <span class='ocrx_word' id='word_1_709' title='bbox 3537 3626 3773 3682; x_wconf 87' lang='lat' dir='ltr'><strong>absolu-</strong></span> 
     </span>
    </p>
   </div>
   <div class='ocr_carea' id='block_1_102' title="bbox 2163 3697 3770 3768">
    <p class='ocr_par' dir='ltr' id='par_1_102' title="bbox 2163 3697 3770 3768">
     <span class='ocr_line' id='line_1_104' title="bbox 2163 3697 3770 3768; baseline 0.001 -16"><span class='ocrx_word' id='word_1_710' title='bbox 2163 3707 2276 3752; x_wconf 89' lang='lat' dir='ltr'><strong>tum</strong></span> <span class='ocrx_word' id='word_1_711' title='bbox 2304 3715 2318 3762; x_wconf 90' lang='lat'><strong>;</strong></span> <span class='ocrx_word' id='word_1_712' title='bbox 2365 3699 2489 3768; x_wconf 87' lang='lat' dir='ltr'><strong>quia</strong></span> <span class='ocrx_word' id='word_1_713' title='bbox 2523 3715 2631 3752; x_wconf 92' lang='lat' dir='ltr'><strong>non</strong></span> <span class='ocrx_word' id='word_1_714' title='bbox 2660 3697 2915 3754; x_wconf 85' lang='lat' dir='ltr'><strong>omnibus</strong></span> <span class='ocrx_word' id='word_1_715' title='bbox 2952 3697 3134 3752; x_wconf 86' lang='lat' dir='ltr'><strong>datum</strong></span> <span class='ocrx_word' id='word_1_716' title='bbox 3165 3707 3279 3761; x_wconf 88' lang='lat' dir='ltr'><strong>est,</strong></span> <span class='ocrx_word' id='word_1_717' title='bbox 3311 3697 3406 3752; x_wconf 85' lang='lat' dir='ltr'><strong>sed</strong></span> <span class='ocrx_word' id='word_1_718' title='bbox 3426 3697 3503 3768; x_wconf 84' lang='lat' dir='ltr'><strong>iis</strong></span> <span class='ocrx_word' id='word_1_719' title='bbox 3548 3705 3770 3754; x_wconf 87' lang='lat' dir='ltr'><strong>tantum</strong></span> 
     </span>
    </p>
   </div>
   <div class='ocr_carea' id='block_1_103' title="bbox 2164 3767 3772 3839">
    <p class='ocr_par' dir='ltr' id='par_1_103' title="bbox 2164 3767 3772 3839">
     <span class='ocr_line' id='line_1_105' title="bbox 2164 3767 3772 3839; baseline 0 -15"><span class='ocrx_word' id='word_1_720' title='bbox 2164 3769 2255 3839; x_wconf 91' lang='lat' dir='ltr'><strong>qui</strong></span> <span class='ocrx_word' id='word_1_721' title='bbox 2283 3769 2504 3838; x_wconf 92' lang='lat' dir='ltr'><strong>cupiunt</strong></span> <span class='ocrx_word' id='word_1_722' title='bbox 2533 3785 2655 3824; x_wconf 90' lang='lat' dir='ltr'><strong>esse</strong></span> <span class='ocrx_word' id='word_1_723' title='bbox 2681 3769 2934 3838; x_wconf 89' lang='lat' dir='ltr'><strong>perfecti,</strong></span> <span class='ocrx_word' id='word_1_724' title='bbox 2963 3779 3020 3824; x_wconf 89' lang='lat' dir='ltr'><strong>et</strong></span> <span class='ocrx_word' id='word_1_725' title='bbox 3045 3769 3146 3823; x_wconf 90' lang='lat' dir='ltr'><strong>sub</strong></span> <span class='ocrx_word' id='word_1_726' title='bbox 3171 3768 3272 3822; x_wconf 90' lang='lat' dir='ltr'><strong>hac</strong></span> <span class='ocrx_word' id='word_1_727' title='bbox 3299 3767 3614 3824; x_wconf 90' lang='lat' dir='ltr'><strong>conditione</strong></span> <span class='ocrx_word' id='word_1_728' title='bbox 3644 3785 3660 3819; x_wconf 90' lang='lat'>:</span> <span class='ocrx_word' id='word_1_729' title='bbox 3704 3771 3772 3826; x_wconf 89' lang='lat' dir='ltr'><strong>Si</strong></span> 
     </span>
    </p>
   </div>
   <div class='ocr_carea' id='block_1_104' title="bbox 2181 3857 2190 3881">
    <p class='ocr_par' dir='ltr' id='par_1_104' title="bbox 2181 3857 2190 3881">
     <span class='ocr_line' id='line_1_106' title="bbox 2181 3857 2190 3881; baseline 0 0"><span class='ocrx_word' id='word_1_730' title='bbox 2181 3857 2190 3881; x_wconf 75' lang='grc' dir='ltr'><strong>ν</strong></span> 
     </span>
    </p>
   </div>
   <div class='ocr_carea' id='block_1_105' title="bbox 2163 3843 3771 3979">
    <p class='ocr_par' dir='ltr' id='par_1_105' title="bbox 2163 3843 3771 3979">
     <span class='ocr_line' id='line_1_107' title="bbox 2163 3843 2814 3910; baseline 0.003 -18"><span class='ocrx_word' id='word_1_731' title='bbox 2163 3843 2237 3892; x_wconf 84' lang='lat' dir='ltr'><strong>vis</strong></span> <span class='ocrx_word' id='word_1_732' title='bbox 2262 3843 2516 3910; x_wconf 85' lang='lat' dir='ltr'><strong>perfectus</strong></span> <span class='ocrx_word' id='word_1_733' title='bbox 2541 3856 2678 3905; x_wconf 88' lang='lat' dir='ltr'><strong>esse,</strong></span> <span class='ocrx_word' id='word_1_734' title='bbox 2705 3849 2814 3896; x_wconf 89' lang='lat' dir='ltr'><strong>etc.</strong></span> 
     </span>
     <span class='ocr_line' id='line_1_108' title="bbox 2235 3908 3771 3979; baseline 0.001 -14"><span class='ocrx_word' id='word_1_735' title='bbox 2235 3908 2262 3946; x_wconf 77' lang='grc' dir='ltr'><em>ἀ</em></span> <span class='ocrx_word' id='word_1_736' title='bbox 2292 3910 2534 3965; x_wconf 65' lang='lat' dir='ltr'><strong>Grmcam</strong></span> <span class='ocrx_word' id='word_1_737' title='bbox 2564 3911 2701 3966; x_wconf 87' lang='lat' dir='ltr'><strong>hanc</strong></span> <span class='ocrx_word' id='word_1_738' title='bbox 2713 3926 2900 3967; x_wconf 92' lang='lat' dir='ltr'><strong>vocem</strong></span> <span class='ocrx_word' id='word_1_739' title='bbox 2923 3925 2992 3966; x_wconf 88' lang='lat' dir='ltr'><strong>ex</strong></span> <span class='ocrx_word' id='word_1_740' title='bbox 3015 3908 3274 3964; x_wconf 75' lang='lat' dir='ltr'><strong>Vaticano</strong></span> <span class='ocrx_word' id='word_1_741' title='bbox 3294 3909 3592 3979; x_wconf 84' lang='lat' dir='ltr'><strong>exemplari</strong></span> <span class='ocrx_word' id='word_1_742' title='bbox 3617 3911 3771 3966; x_wconf 90' lang='lat' dir='ltr'><strong>scite</strong></span> 
     </span>
    </p>
   </div>
   <div class='ocr_carea' id='block_1_106' title="bbox 2163 3979 3771 4044">
    <p class='ocr_par' dir='ltr' id='par_1_106' title="bbox 2163 3979 3771 4044">
     <span class='ocr_line' id='line_1_109' title="bbox 2163 3979 3771 4044; baseline 0.002 -10"><span class='ocrx_word' id='word_1_743' title='bbox 2163 3996 2227 4036; x_wconf 84' lang='lat' dir='ltr'><strong>ac</strong></span> <span class='ocrx_word' id='word_1_744' title='bbox 2259 3982 2450 4036; x_wconf 88' lang='lat' dir='ltr'><strong>merito</strong></span> <span class='ocrx_word' id='word_1_745' title='bbox 2478 3982 2713 4036; x_wconf 90' lang='lat' dir='ltr'><strong>restituit</strong></span> <span class='ocrx_word' id='word_1_746' title='bbox 2740 3979 3059 4044; x_wconf 87' lang='lat' dir='ltr'><strong>Ciacontus,</strong></span> <span class='ocrx_word' id='word_1_747' title='bbox 3104 3995 3230 4034; x_wconf 84' lang='lat' dir='ltr'><strong>cunt</strong></span> <span class='ocrx_word' id='word_1_748' title='bbox 3255 3983 3520 4036; x_wconf 89' lang='lat' dir='ltr'><strong>hactenus</strong></span> <span class='ocrx_word' id='word_1_749' title='bbox 3560 3979 3771 4038; x_wconf 87' lang='lat' dir='ltr'><strong>vitiose</strong></span> 
     </span>
    </p>
   </div>
   <div class='ocr_carea' id='block_1_107' title="bbox 2162 4050 3766 4122">
    <p class='ocr_par' dir='ltr' id='par_1_107' title="bbox 2162 4050 3766 4122">
     <span class='ocr_line' id='line_1_110' title="bbox 2162 4050 3766 4122; baseline -0.001 -16"><span class='ocrx_word' id='word_1_750' title='bbox 2162 4051 2431 4121; x_wconf 87' lang='lat' dir='ltr'><strong>legeretur</strong></span> <span class='ocrx_word' id='word_1_751' title='bbox 2445 4054 2786 4122; x_wconf 83' lang='lat' dir='ltr'><strong>Syncletittm,</strong></span> <span class='ocrx_word' id='word_1_752' title='bbox 2805 4051 3255 4122; x_wconf 89' lang='lat' dir='ltr'><strong>quemadmodum</strong></span> <span class='ocrx_word' id='word_1_753' title='bbox 3278 4051 3438 4106; x_wconf 90' lang='lat' dir='ltr'><strong>etiam</strong></span> <span class='ocrx_word' id='word_1_754' title='bbox 3456 4050 3766 4120; x_wconf 80' lang='lat' dir='ltr'><strong>Dionysius</strong></span> 
     </span>
    </p>
   </div>
   <div class='ocr_carea' id='block_1_108' title="bbox 2163 4121 3772 4191">
    <p class='ocr_par' dir='ltr' id='par_1_108' title="bbox 2163 4121 3772 4191">
     <span class='ocr_line' id='line_1_111' title="bbox 2163 4121 3772 4191; baseline 0 -15"><span class='ocrx_word' id='word_1_755' title='bbox 2163 4126 2454 4191; x_wconf 78' lang='lat' dir='ltr'><strong>expressit,</strong></span> <span class='ocrx_word' id='word_1_756' title='bbox 2481 4121 2688 4188; x_wconf 77' lang='lat' dir='ltr'><strong>errore,</strong></span> <span class='ocrx_word' id='word_1_757' title='bbox 2716 4125 2802 4179; x_wconf 84' lang='lat' dir='ltr'><strong>vel</strong></span> <span class='ocrx_word' id='word_1_758' title='bbox 2825 4121 3068 4186; x_wconf 87' lang='lat' dir='ltr'><strong>incuria;</strong></span> <span class='ocrx_word' id='word_1_759' title='bbox 3114 4133 3168 4176; x_wconf 95' lang='lat' dir='ltr'><strong>ut</strong></span> <span class='ocrx_word' id='word_1_760' title='bbox 3189 4121 3371 4177; x_wconf 69' lang='lat' dir='ltr'><strong>caeteri</strong></span> <span class='ocrx_word' id='word_1_761' title='bbox 3395 4123 3608 4190; x_wconf 52' lang='lat' dir='ltr'><strong>;&#39;quasi</strong></span> <span class='ocrx_word' id='word_1_762' title='bbox 3660 4139 3772 4176; x_wconf 85' lang='lat' dir='ltr'><strong>no-</strong></span> 
     </span>
    </p>
   </div>
   <div class='ocr_carea' id='block_1_109' title="bbox 2165 4193 3768 4264">
    <p class='ocr_par' dir='ltr' id='par_1_109' title="bbox 2165 4193 3768 4264">
     <span class='ocr_line' id='line_1_112' title="bbox 2165 4193 3768 4264; baseline 0 -17"><span class='ocrx_word' id='word_1_763' title='bbox 2165 4209 2287 4248; x_wconf 83' lang='lat' dir='ltr'><strong>men</strong></span> <span class='ocrx_word' id='word_1_764' title='bbox 2309 4208 2450 4249; x_wconf 87' lang='lat' dir='ltr'><strong>esset</strong></span> <span class='ocrx_word' id='word_1_765' title='bbox 2483 4196 2759 4264; x_wconf 92' lang='lat' dir='ltr'><strong>proprium</strong></span> <span class='ocrx_word' id='word_1_766' title='bbox 2799 4195 2981 4258; x_wconf 91' lang='lat' dir='ltr'><strong>illius,</strong></span> <span class='ocrx_word' id='word_1_767' title='bbox 3031 4195 3116 4248; x_wconf 94' lang='lat' dir='ltr'><strong>cui</strong></span> <span class='ocrx_word' id='word_1_768' title='bbox 3167 4195 3268 4264; x_wconf 78' lang='lat' dir='ltr'><strong>hoc</strong></span> <span class='ocrx_word' id='word_1_769' title='bbox 3315 4209 3344 4246; x_wconf 91' lang='lat' dir='ltr'><strong>a</strong></span> <span class='ocrx_word' id='word_1_770' title='bbox 3392 4193 3518 4247; x_wconf 86' lang='lat' dir='ltr'><strong>divo</strong></span> <span class='ocrx_word' id='word_1_771' title='bbox 3553 4193 3768 4248; x_wconf 78' lang='lat' dir='ltr'><strong>Basilio</strong></span> 
     </span>
    </p>
   </div>
   <div class='ocr_carea' id='block_1_110' title="bbox 2161 4263 3764 4338">
    <p class='ocr_par' dir='ltr' id='par_1_110' title="bbox 2161 4263 3764 4338">
     <span class='ocr_line' id='line_1_113' title="bbox 2161 4263 3764 4338; baseline -0.001 -21"><span class='ocrx_word' id='word_1_772' title='bbox 2161 4265 2393 4326; x_wconf 90' lang='lat' dir='ltr'><strong>dictum.</strong></span> <span class='ocrx_word' id='word_1_773' title='bbox 2435 4263 2951 4338; x_wconf 55' lang='grc' dir='ltr'><strong>Νδιιϊσυγκλητικὸς</strong></span> <span class='ocrx_word' id='word_1_774' title='bbox 2975 4265 3188 4338; x_wconf 71' lang='lat' dir='ltr'><strong>Graece,</strong></span> <span class='ocrx_word' id='word_1_775' title='bbox 3239 4263 3710 4338; x_wconf 67' lang='lat' dir='ltr'><strong>Latinesenator</strong></span> <span class='ocrx_word' id='word_1_776' title='bbox 3746 4306 3764 4328; x_wconf 86' lang='lat'><strong>,</strong></span> 
     </span>
    </p>
   </div>
   <div class='ocr_carea' id='block_1_111' title="bbox 2161 4332 3766 4409">
    <p class='ocr_par' dir='ltr' id='par_1_111' title="bbox 2161 4332 3766 4409">
     <span class='ocr_line' id='line_1_114' title="bbox 2161 4332 3766 4409; baseline 0.001 -22"><span class='ocrx_word' id='word_1_777' title='bbox 2161 4339 2303 4409; x_wconf 83' lang='lat' dir='ltr'><strong>sicut</strong></span> <span class='ocrx_word' id='word_1_778' title='bbox 2356 4345 2412 4391; x_wconf 92' lang='lat' dir='ltr'><strong>et</strong></span> <span class='ocrx_word' id='word_1_779' title='bbox 2449 4332 2730 4409; x_wconf 71' lang='grc' dir='ltr'><strong>ωγκλητὸς</strong></span> <span class='ocrx_word' id='word_1_780' title='bbox 2785 4347 3004 4392; x_wconf 88' lang='lat' dir='ltr'><strong>senatus</strong></span> <span class='ocrx_word' id='word_1_781' title='bbox 3032 4336 3277 4409; x_wconf 85' lang='lat' dir='ltr'><strong>_dicitu_r.</strong></span> <span class='ocrx_word' id='word_1_782' title='bbox 3336 4332 3510 4409; x_wconf 50' lang='lat' dir='ltr'><strong>Verba</strong></span> <span class='ocrx_word' id='word_1_783' title='bbox 3562 4333 3766 4390; x_wconf 69' lang='lat' dir='ltr'><strong>Grznca</strong></span> 
     </span>
    </p>
   </div>
   <div class='ocr_carea' id='block_1_112' title="bbox 2164 4404 3765 4468">
    <p class='ocr_par' dir='ltr' id='par_1_112' title="bbox 2164 4404 3765 4468">
     <span class='ocr_line' id='line_1_115' title="bbox 2164 4404 3765 4468; baseline 0 -10"><span class='ocrx_word' id='word_1_784' title='bbox 2164 4405 2328 4460; x_wconf 83' lang='lat' dir='ltr'><strong>etiam</strong></span> <span class='ocrx_word' id='word_1_785' title='bbox 2353 4422 2382 4460; x_wconf 90' lang='lat' dir='ltr'><strong>a</strong></span> <span class='ocrx_word' id='word_1_786' title='bbox 2411 4404 2663 4462; x_wconf 83' lang='lat' dir='ltr'><strong>Ciaconio</strong></span> <span class='ocrx_word' id='word_1_787' title='bbox 2694 4409 2861 4462; x_wconf 85' lang='lat' dir='ltr'><strong>relata</strong></span> <span class='ocrx_word' id='word_1_788' title='bbox 2886 4448 2900 4466; x_wconf 89' lang='lat'><em>.</em></span> <span class='ocrx_word' id='word_1_789' title='bbox 2943 4417 2998 4461; x_wconf 92' lang='lat' dir='ltr'><strong>et</strong></span> <span class='ocrx_word' id='word_1_790' title='bbox 3024 4406 3180 4461; x_wconf 87' lang='lat' dir='ltr'><strong>fidem</strong></span> <span class='ocrx_word' id='word_1_791' title='bbox 3224 4404 3442 4458; x_wconf 87' lang='lat' dir='ltr'><strong>lectioni</strong></span> <span class='ocrx_word' id='word_1_792' title='bbox 3475 4416 3765 4468; x_wconf 85' lang='lat' dir='ltr'><strong>astruunt,</strong></span> 
     </span>
    </p>
   </div>
   <div class='ocr_carea' id='block_1_113' title="bbox 2161 4474 3764 4546">
    <p class='ocr_par' dir='ltr' id='par_1_113' title="bbox 2161 4474 3764 4546">
     <span class='ocr_line' id='line_1_116' title="bbox 2161 4474 3764 4546; baseline 0 -17"><span class='ocrx_word' id='word_1_793' title='bbox 2161 4487 2215 4529; x_wconf 92' lang='lat' dir='ltr'><strong>et</strong></span> <span class='ocrx_word' id='word_1_794' title='bbox 2245 4493 2426 4544; x_wconf 90' lang='lat' dir='ltr'><strong>parem</strong></span> <span class='ocrx_word' id='word_1_795' title='bbox 2457 4494 2578 4533; x_wconf 91' lang='lat' dir='ltr'><strong>cum</strong></span> <span class='ocrx_word' id='word_1_796' title='bbox 2610 4478 2816 4532; x_wconf 89' lang='lat' dir='ltr'><strong>Latinis</strong></span> <span class='ocrx_word' id='word_1_797' title='bbox 2845 4478 3164 4546; x_wconf 87' lang='lat' dir='ltr'><strong>elegantiam</strong></span> <span class='ocrx_word' id='word_1_798' title='bbox 3199 4474 3434 4533; x_wconf 84' lang='lat' dir='ltr'><strong>habent:</strong></span> <span class='ocrx_word' id='word_1_799' title='bbox 3487 4491 3547 4528; x_wconf 92' lang='lat' dir='ltr'><strong>ea</strong></span> <span class='ocrx_word' id='word_1_800' title='bbox 3581 4487 3719 4528; x_wconf 81' lang='lat' dir='ltr'><strong>sunt</strong></span> <span class='ocrx_word' id='word_1_801' title='bbox 3749 4494 3764 4529; x_wconf 92' lang='lat'>:</span> 
     </span>
    </p>
   </div>
   <div class='ocr_carea' id='block_1_114' title="bbox 2161 4547 3765 4621">
    <p class='ocr_par' dir='ltr' id='par_1_114' title="bbox 2161 4547 3765 4621">
     <span class='ocr_line' id='line_1_117' title="bbox 2161 4547 3765 4621; baseline -0.002 -19"><span class='ocrx_word' id='word_1_802' title='bbox 2161 4552 2243 4602; x_wconf 77' lang='grc' dir='ltr'><strong>καὶ</strong></span> <span class='ocrx_word' id='word_1_803' title='bbox 2263 4550 2347 4602; x_wconf 85' lang='grc' dir='ltr'><strong>τὸν</strong></span> <span class='ocrx_word' id='word_1_804' title='bbox 2376 4551 2700 4621; x_wconf 75' lang='grc' dir='ltr'><strong>συγκλητικὸν</strong></span> <span class='ocrx_word' id='word_1_805' title='bbox 2723 4549 2995 4621; x_wconf 51' lang='lat' dir='ltr'><strong>(indiscrete,</strong></span> <span class='ocrx_word' id='word_1_806' title='bbox 3015 4553 3100 4601; x_wconf 80' lang='grc' dir='ltr'><strong>καὶ</strong></span> <span class='ocrx_word' id='word_1_807' title='bbox 3119 4547 3350 4621; x_wconf 68' lang='grc' dir='ltr'><strong>μονοςχὸν</strong></span> <span class='ocrx_word' id='word_1_808' title='bbox 3371 4547 3460 4600; x_wconf 81' lang='grc' dir='ltr'><strong>οὐκ</strong></span> <span class='ocrx_word' id='word_1_809' title='bbox 3481 4547 3765 4621; x_wconf 59' lang='grc' dir='ltr'><strong>ἐπςοίησοξς.</strong></span> 
     </span>
    </p>
   </div>
   <div class='ocr_carea' id='block_1_115' title="bbox 2159 4618 3768 4688">
    <p class='ocr_par' dir='ltr' id='par_1_115' title="bbox 2159 4618 3768 4688">
     <span class='ocr_line' id='line_1_118' title="bbox 2159 4618 3768 4688; baseline -0.001 -16"><span class='ocrx_word' id='word_1_810' title='bbox 2159 4618 2480 4675; x_wconf 70' lang='lat' dir='ltr'><strong>Senatorem</strong></span> <span class='ocrx_word' id='word_1_811' title='bbox 2503 4625 2647 4675; x_wconf 90' lang='lat' dir='ltr'><strong>enim</strong></span> <span class='ocrx_word' id='word_1_812' title='bbox 2686 4621 2776 4675; x_wconf 90' lang='lat' dir='ltr'><strong>ille</strong></span> <span class='ocrx_word' id='word_1_813' title='bbox 2797 4618 3130 4688; x_wconf 74' lang='lat' dir='ltr'><strong>perdiderat,</strong></span> <span class='ocrx_word' id='word_1_814' title='bbox 3161 4618 3282 4688; x_wconf 77' lang='lat' dir='ltr'><strong>quia</strong></span> <span class='ocrx_word' id='word_1_815' title='bbox 3307 4618 3634 4670; x_wconf 87' lang='lat' dir='ltr'><strong>senatoriam</strong></span> <span class='ocrx_word' id='word_1_816' title='bbox 3674 4619 3768 4671; x_wconf 88' lang='lat' dir='ltr'><strong>di-</strong></span> 
     </span>
    </p>
   </div>
   <div class='ocr_carea' id='block_1_116' title="bbox 2082 4686 3767 4787">
    <p class='ocr_par' dir='ltr' id='par_1_116' title="bbox 2082 4686 3767 4787">
     <span class='ocr_line' id='line_1_119' title="bbox 2082 4686 3767 4787; baseline 0 0"><span class='ocrx_word' id='word_1_817' title='bbox 2082 4725 2138 4787; x_wconf 82' lang='grc' dir='ltr'><strong>ι)</strong></span> <span class='ocrx_word' id='word_1_818' title='bbox 2160 4691 2767 4787; x_wconf 55' lang='grc' dir='ltr'><strong>ετίϋίξξςιίῑέιερρξθθτξι</strong></span> <span class='ocrx_word' id='word_1_819' title='bbox 2780 4686 2813 4755; x_wconf 65' lang='grc' dir='ltr'><em>ί</em></span> <span class='ocrx_word' id='word_1_820' title='bbox 2827 4686 3767 4787; x_wconf 56' lang='grc' dir='ltr'><strong>ἓξ“ἐὶ)¹¹η³ἱῗῗ¹¹⁸η.ἷξὲτθέἐ..ἳξέἑῗὶθν</strong></span> 
     </span>
    </p>
   </div>
   <div class='ocr_carea' id='block_1_117' title="bbox 2169 4761 3765 4826">
    <p class='ocr_par' dir='ltr' id='par_1_117' title="bbox 2169 4761 3765 4826">
     <span class='ocr_line' id='line_1_120' title="bbox 2169 4761 3765 4826; baseline -0.001 -12"><span class='ocrx_word' id='word_1_821' title='bbox 2169 4776 2356 4816; x_wconf 88' lang='lat' dir='ltr'><strong>verum</strong></span> <span class='ocrx_word' id='word_1_822' title='bbox 2412 4762 2736 4816; x_wconf 90' lang='lat' dir='ltr'><strong>monachum</strong></span> <span class='ocrx_word' id='word_1_823' title='bbox 2793 4777 2897 4815; x_wconf 92' lang='lat' dir='ltr'><strong>non</strong></span> <span class='ocrx_word' id='word_1_824' title='bbox 2930 4761 3162 4821; x_wconf 90' lang='lat' dir='ltr'><strong>fecerat,</strong></span> <span class='ocrx_word' id='word_1_825' title='bbox 3197 4763 3320 4826; x_wconf 84' lang='lat' dir='ltr'><strong>quia</strong></span> <span class='ocrx_word' id='word_1_826' title='bbox 3373 4769 3765 4824; x_wconf 83' lang='lat' dir='ltr'><strong>paupertatem</strong></span> 
     </span>
    </p>
   </div>
   <div class='ocr_carea' id='block_1_118' title="bbox 2168 4827 3769 4888">
    <p class='ocr_par' dir='ltr' id='par_1_118' title="bbox 2168 4827 3769 4888">
     <span class='ocr_line' id='line_1_121' title="bbox 2168 4827 3769 4888; baseline 0.001 -2"><span class='ocrx_word' id='word_1_827' title='bbox 2168 4833 2520 4886; x_wconf 88' lang='lat' dir='ltr'><strong>monasticam</strong></span> <span class='ocrx_word' id='word_1_828' title='bbox 2547 4833 2730 4886; x_wconf 89' lang='lat' dir='ltr'><strong>subire</strong></span> <span class='ocrx_word' id='word_1_829' title='bbox 2769 4830 3220 4886; x_wconf 87' lang='lat' dir='ltr'><strong>nolebat..Porro</strong></span> <span class='ocrx_word' id='word_1_830' title='bbox 3266 4829 3319 4882; x_wconf 93' lang='lat' dir='ltr'><strong>in</strong></span> <span class='ocrx_word' id='word_1_831' title='bbox 3364 4828 3502 4883; x_wconf 84' lang='lat' dir='ltr'><strong>Vitis</strong></span> <span class='ocrx_word' id='word_1_832' title='bbox 3531 4827 3769 4888; x_wconf 84' lang='lat' dir='ltr'><strong>Patrum</strong></span> 
     </span>
    </p>
   </div>
   <div class='ocr_carea' id='block_1_119' title="bbox 2166 4899 3770 4963">
    <p class='ocr_par' dir='ltr' id='par_1_119' title="bbox 2166 4899 3770 4963">
     <span class='ocr_line' id='line_1_122' title="bbox 2166 4899 3770 4963; baseline -0.002 -6"><span class='ocrx_word' id='word_1_833' title='bbox 2166 4903 2356 4957; x_wconf 85' lang='lat' dir='ltr'><strong>eadem</strong></span> <span class='ocrx_word' id='word_1_834' title='bbox 2389 4908 2654 4958; x_wconf 90' lang='lat' dir='ltr'><strong>sententia</strong></span> <span class='ocrx_word' id='word_1_835' title='bbox 2682 4904 2754 4957; x_wconf 91' lang='lat' dir='ltr'><strong>ita</strong></span> <span class='ocrx_word' id='word_1_836' title='bbox 2771 4903 3004 4957; x_wconf 84' lang='lat' dir='ltr'><strong>refertur</strong></span> <span class='ocrx_word' id='word_1_837' title='bbox 3031 4920 3041 4953; x_wconf 91' lang='lat'><strong>:</strong></span> <span class='ocrx_word' id='word_1_838' title='bbox 3075 4899 3139 4954; x_wconf 80' lang='lat' dir='ltr'><strong>Et</strong></span> <span class='ocrx_word' id='word_1_839' title='bbox 3159 4911 3368 4953; x_wconf 86' lang='lat' dir='ltr'><strong>senator</strong></span> <span class='ocrx_word' id='word_1_840' title='bbox 3397 4915 3506 4954; x_wconf 81' lang='lat' dir='ltr'><strong>esse</strong></span> <span class='ocrx_word' id='word_1_841' title='bbox 3530 4901 3770 4963; x_wconf 86' lang='lat' dir='ltr'><strong>desiisti,</strong></span> 
     </span>
    </p>
   </div>
   <div class='ocr_carea' id='block_1_120' title="bbox 2169 4969 3770 5044">
    <p class='ocr_par' dir='ltr' id='par_1_120' title="bbox 2169 4969 3770 5044">
     <span class='ocr_line' id='line_1_123' title="bbox 2169 4969 3770 5044; baseline 0 -17"><span class='ocrx_word' id='word_1_842' title='bbox 2169 4983 2216 5027; x_wconf 82' lang='lat' dir='ltr'><strong>et</strong></span> <span class='ocrx_word' id='word_1_843' title='bbox 2244 4975 2550 5027; x_wconf 83' lang='lat' dir='ltr'><strong>monachum</strong></span> <span class='ocrx_word' id='word_1_844' title='bbox 2577 4991 2678 5028; x_wconf 87' lang='lat' dir='ltr'><strong>non</strong></span> <span class='ocrx_word' id='word_1_845' title='bbox 2707 4975 2888 5044; x_wconf 81' lang='lat' dir='ltr'><strong>fecisti.</strong></span> <span class='ocrx_word' id='word_1_846' title='bbox 2919 4975 2999 5027; x_wconf 83' lang='lat' dir='ltr'><strong>Ex</strong></span> <span class='ocrx_word' id='word_1_847' title='bbox 3022 4970 3214 5040; x_wconf 90' lang='lat' dir='ltr'><strong>quibus</strong></span> <span class='ocrx_word' id='word_1_848' title='bbox 3241 4969 3382 5044; x_wconf 77' lang='lat' dir='ltr'><strong>(Lib.</strong></span> <span class='ocrx_word' id='word_1_849' title='bbox 3419 4985 3471 5031; x_wconf 80' lang='grc' dir='ltr'>ν,</span> <span class='ocrx_word' id='word_1_850' title='bbox 3506 4971 3670 5044; x_wconf 77' lang='lat' dir='ltr'><strong>libell.</strong></span> <span class='ocrx_word' id='word_1_851' title='bbox 3701 4973 3740 5027; x_wconf 82' lang='lat'><strong>6</strong></span> <span class='ocrx_word' id='word_1_852' title='bbox 3751 4982 3770 5042; x_wconf 82' lang='lat'><strong>)</strong></span> 
     </span>
    </p>
   </div>
   <div class='ocr_carea' id='block_1_121' title="bbox 2167 5041 3766 5116">
    <p class='ocr_par' dir='ltr' id='par_1_121' title="bbox 2167 5041 3766 5116">
     <span class='ocr_line' id='line_1_124' title="bbox 2167 5041 3766 5116; baseline -0.001 -19"><span class='ocrx_word' id='word_1_853' title='bbox 2167 5053 2316 5116; x_wconf 88' lang='lat' dir='ltr'><strong>patet</strong></span> <span class='ocrx_word' id='word_1_854' title='bbox 2344 5059 2530 5100; x_wconf 88' lang='lat' dir='ltr'><strong>vocem</strong></span> <span class='ocrx_word' id='word_1_855' title='bbox 2581 5041 2724 5099; x_wconf 86' lang='lat' dir='ltr'><strong>illam</strong></span> <span class='ocrx_word' id='word_1_856' title='bbox 2759 5045 3113 5116; x_wconf 79' lang='lat' dir='ltr'><strong>Syncleticum</strong></span> <span class='ocrx_word' id='word_1_857' title='bbox 3149 5041 3420 5110; x_wconf 87' lang='lat' dir='ltr'><strong>superflue</strong></span> <span class='ocrx_word' id='word_1_858' title='bbox 3465 5041 3714 5116; x_wconf 78' lang='lat' dir='ltr'><strong>additam</strong></span> <span class='ocrx_word' id='word_1_859' title='bbox 3749 5041 3766 5105; x_wconf 57' lang='grc' dir='ltr'><em>ς</em></span> 
     </span>
    </p>
   </div>
   <div class='ocr_carea' id='block_1_122' title="bbox 2167 5113 3767 5182">
    <p class='ocr_par' dir='ltr' id='par_1_122' title="bbox 2167 5113 3767 5182">
     <span class='ocr_line' id='line_1_125' title="bbox 2167 5113 3767 5182; baseline 0.002 -15"><span class='ocrx_word' id='word_1_860' title='bbox 2167 5115 2392 5182; x_wconf 90' lang='lat' dir='ltr'><strong>proinde</strong></span> <span class='ocrx_word' id='word_1_861' title='bbox 2422 5117 2473 5170; x_wconf 91' lang='lat' dir='ltr'><strong>in</strong></span> <span class='ocrx_word' id='word_1_862' title='bbox 2503 5117 2602 5170; x_wconf 91' lang='lat' dir='ltr'><strong>hac</strong></span> <span class='ocrx_word' id='word_1_863' title='bbox 2651 5113 2888 5170; x_wconf 77' lang='lat' dir='ltr'><strong>editione</strong></span> <span class='ocrx_word' id='word_1_864' title='bbox 2937 5113 3133 5168; x_wconf 90' lang='lat' dir='ltr'><strong>merito</strong></span> <span class='ocrx_word' id='word_1_865' title='bbox 3183 5121 3512 5180; x_wconf 76' lang='lat' dir='ltr'><strong>expunctum</strong></span> <span class='ocrx_word' id='word_1_866' title='bbox 3558 5113 3767 5170; x_wconf 85' lang='lat' dir='ltr'><strong>fuisse.</strong></span> 
     </span>
    </p>
   </div>
   <div class='ocr_carea' id='block_1_123' title="bbox 2165 5183 3768 5256">
    <p class='ocr_par' dir='ltr' id='par_1_123' title="bbox 2165 5183 3768 5256">
     <span class='ocr_line' id='line_1_126' title="bbox 2165 5183 3768 5256; baseline -0.001 -17"><span class='ocrx_word' id='word_1_867' title='bbox 2165 5183 2298 5239; x_wconf 92' lang='lat' dir='ltr'><strong>Cum</strong></span> <span class='ocrx_word' id='word_1_868' title='bbox 2318 5189 2461 5241; x_wconf 92' lang='lat' dir='ltr'><strong>enim</strong></span> <span class='ocrx_word' id='word_1_869' title='bbox 2501 5187 2840 5256; x_wconf 73' lang='lat' dir='ltr'><strong>Syncleticus</strong></span> <span class='ocrx_word' id='word_1_870' title='bbox 2869 5186 3012 5240; x_wconf 92' lang='lat' dir='ltr'><strong>idem</strong></span> <span class='ocrx_word' id='word_1_871' title='bbox 3054 5185 3126 5256; x_wconf 85' lang='lat' dir='ltr'><strong>sit</strong></span> <span class='ocrx_word' id='word_1_872' title='bbox 3161 5184 3305 5256; x_wconf 82' lang='lat' dir='ltr'><strong>quod</strong></span> <span class='ocrx_word' id='word_1_873' title='bbox 3343 5193 3602 5256; x_wconf 86' lang='lat' dir='ltr'><strong>senator,</strong></span> <span class='ocrx_word' id='word_1_874' title='bbox 3635 5194 3768 5238; x_wconf 85' lang='lat' dir='ltr'><strong>tau-</strong></span> 
     </span>
    </p>
   </div>
   <div class='ocr_carea' id='block_1_124' title="bbox 2164 5243 3767 5325">
    <p class='ocr_par' dir='ltr' id='par_1_124' title="bbox 2164 5243 3767 5325">
     <span class='ocr_line' id='line_1_127' title="bbox 2164 5243 3767 5325; baseline 0.001 -17"><span class='ocrx_word' id='word_1_875' title='bbox 2164 5257 2360 5321; x_wconf 78' lang='lat' dir='ltr'><strong>tologia</strong></span> <span class='ocrx_word' id='word_1_876' title='bbox 2400 5243 2585 5312; x_wconf 48' lang='lat' dir='ltr'><strong>esset&#39;:</strong></span> <span class='ocrx_word' id='word_1_877' title='bbox 2620 5243 2687 5309; x_wconf 78' lang='lat' dir='ltr'><strong>Et</strong></span> <span class='ocrx_word' id='word_1_878' title='bbox 2726 5267 3012 5310; x_wconf 86' lang='lat' dir='ltr'><strong>senatorem</strong></span> <span class='ocrx_word' id='word_1_879' title='bbox 3044 5243 3400 5325; x_wconf 47' lang='lat' dir='ltr'><strong>Sync-leticum</strong></span> <span class='ocrx_word' id='word_1_880' title='bbox 3445 5243 3729 5324; x_wconf 80' lang='lat' dir='ltr'><strong>perdidisti</strong></span> <span class='ocrx_word' id='word_1_881' title='bbox 3751 5298 3767 5318; x_wconf 86' lang='lat'><strong>,</strong></span> 
     </span>
    </p>
   </div>
   <div class='ocr_carea' id='block_1_125' title="bbox 2161 5329 2899 5397">
    <p class='ocr_par' dir='ltr' id='par_1_125' title="bbox 2161 5329 2899 5397">
     <span class='ocr_line' id='line_1_128' title="bbox 2161 5329 2899 5397; baseline 0 -17"><span class='ocrx_word' id='word_1_882' title='bbox 2161 5337 2210 5380; x_wconf 89' lang='lat' dir='ltr'><strong>et</strong></span> <span class='ocrx_word' id='word_1_883' title='bbox 2238 5329 2546 5382; x_wconf 81' lang='lat' dir='ltr'><strong>monachum</strong></span> <span class='ocrx_word' id='word_1_884' title='bbox 2580 5345 2684 5381; x_wconf 88' lang='lat' dir='ltr'><strong>non</strong></span> <span class='ocrx_word' id='word_1_885' title='bbox 2714 5329 2899 5397; x_wconf 80' lang='lat' dir='ltr'><strong>fecisti.</strong></span> 
     </span>
    </p>
   </div>
   <div class='ocr_carea' id='block_1_126' title="bbox 2237 5393 3768 5467">
    <p class='ocr_par' dir='ltr' id='par_1_126' title="bbox 2237 5393 3768 5467">
     <span class='ocr_line' id='line_1_129' title="bbox 2237 5393 3768 5467; baseline -0.001 -15"><span class='ocrx_word' id='word_1_886' title='bbox 2237 5408 2260 5435; x_wconf 78' lang='grc' dir='ltr'>ε</span> <span class='ocrx_word' id='word_1_887' title='bbox 2289 5400 2524 5454; x_wconf 84' lang='lat' dir='ltr'><strong>Avaritia</strong></span> <span class='ocrx_word' id='word_1_888' title='bbox 2567 5393 2724 5467; x_wconf 81' lang='lat' dir='ltr'><strong>turpe</strong></span> <span class='ocrx_word' id='word_1_889' title='bbox 2765 5400 2953 5452; x_wconf 88' lang='lat' dir='ltr'><strong>vitium</strong></span> <span class='ocrx_word' id='word_1_890' title='bbox 2993 5407 3046 5453; x_wconf 90' lang='lat' dir='ltr'><strong>et</strong></span> <span class='ocrx_word' id='word_1_891' title='bbox 3097 5396 3566 5467; x_wconf 49' lang='lat' dir='ltr'><strong>ignominiosum;</strong></span> <span class='ocrx_word' id='word_1_892' title='bbox 3589 5393 3768 5450; x_wconf 81' lang='lat' dir='ltr'><strong>Unde</strong></span> 
     </span>
    </p>
   </div>
   <div class='ocr_carea' id='block_1_127' title="bbox 2162 5463 3765 5546">
    <p class='ocr_par' dir='ltr' id='par_1_127' title="bbox 2162 5463 3765 5546">
     <span class='ocr_line' id='line_1_130' title="bbox 2162 5463 3765 5546; baseline -0.004 -22"><span class='ocrx_word' id='word_1_893' title='bbox 2162 5470 2357 5546; x_wconf 84' lang='lat' dir='ltr'><strong>merito</strong></span> <span class='ocrx_word' id='word_1_894' title='bbox 2403 5463 2722 5546; x_wconf 47' lang='lat' dir='ltr'><strong>tiquisoesp&#39;ia</strong></span> <span class='ocrx_word' id='word_1_895' title='bbox 2767 5469 2837 5546; x_wconf 70' lang='lat' dir='ltr'><strong>ab</strong></span> <span class='ocrx_word' id='word_1_896' title='bbox 2878 5463 3176 5546; x_wconf 80' lang='lat' dir='ltr'><strong>Aristotele</strong></span> <span class='ocrx_word' id='word_1_897' title='bbox 3195 5468 3338 5546; x_wconf 75' lang='lat' dir='ltr'><strong>dicta</strong></span> <span class='ocrx_word' id='word_1_898' title='bbox 3383 5467 3493 5546; x_wconf 63' lang='grc' dir='ltr'><strong>(νᾳ⁴</strong></span> <span class='ocrx_word' id='word_1_899' title='bbox 3519 5463 3765 5546; x_wconf 51' lang='grc' dir='ltr'><strong>βρύα),</strong></span> 
     </span>
    </p>
   </div>
   <div class='ocr_carea' id='block_1_128' title="bbox 2162 5537 3767 5611">
    <p class='ocr_par' dir='ltr' id='par_1_128' title="bbox 2162 5537 3767 5611">
     <span class='ocr_line' id='line_1_131' title="bbox 2162 5537 3767 5611; baseline -0.001 -16"><span class='ocrx_word' id='word_1_900' title='bbox 2162 5543 2282 5611; x_wconf 89' lang='lat' dir='ltr'><strong>quia</strong></span> <span class='ocrx_word' id='word_1_901' title='bbox 2312 5556 2400 5596; x_wconf 88' lang='lat' dir='ltr'><strong>res</strong></span> <span class='ocrx_word' id='word_1_902' title='bbox 2423 5543 2492 5594; x_wconf 90' lang='lat' dir='ltr'><strong>ab</strong></span> <span class='ocrx_word' id='word_1_903' title='bbox 2523 5537 2737 5611; x_wconf 83' lang='lat' dir='ltr'><strong>homine</strong></span> <span class='ocrx_word' id='word_1_904' title='bbox 2767 5539 2943 5594; x_wconf 90' lang='lat' dir='ltr'><strong>libero</strong></span> <span class='ocrx_word' id='word_1_905' title='bbox 2966 5543 3200 5596; x_wconf 89' lang='lat' dir='ltr'><strong>maxime</strong></span> <span class='ocrx_word' id='word_1_906' title='bbox 3222 5537 3418 5595; x_wconf 83' lang='lat' dir='ltr'><strong>aliena.</strong></span> <span class='ocrx_word' id='word_1_907' title='bbox 3452 5537 3522 5594; x_wconf 87' lang='lat' dir='ltr'><strong>Et</strong></span> <span class='ocrx_word' id='word_1_908' title='bbox 3552 5537 3767 5593; x_wconf 86' lang='lat' dir='ltr'><strong>Cicero</strong></span> 
     </span>
    </p>
   </div>
   <div class='ocr_carea' id='block_1_129' title="bbox 2160 5610 3767 5684">
    <p class='ocr_par' dir='ltr' id='par_1_129' title="bbox 2160 5610 3767 5684">
     <span class='ocr_line' id='line_1_132' title="bbox 2160 5610 3767 5684; baseline 0.005 -20"><span class='ocrx_word' id='word_1_909' title='bbox 2160 5610 2391 5679; x_wconf 84' lang='lat' dir='ltr'><strong>quodam</strong></span> <span class='ocrx_word' id='word_1_910' title='bbox 2424 5614 2543 5667; x_wconf 92' lang='lat' dir='ltr'><strong>loco</strong></span> <span class='ocrx_word' id='word_1_911' title='bbox 2573 5610 2712 5665; x_wconf 87' lang='lat' dir='ltr'><strong>dixit</strong></span> <span class='ocrx_word' id='word_1_912' title='bbox 2738 5651 2752 5676; x_wconf 97' lang='lat'><strong>,</strong></span> <span class='ocrx_word' id='word_1_913' title='bbox 2786 5611 2918 5665; x_wconf 91' lang='lat' dir='ltr'><strong>nihil</strong></span> <span class='ocrx_word' id='word_1_914' title='bbox 2945 5626 3067 5668; x_wconf 86' lang='lat' dir='ltr'><strong>esse</strong></span> <span class='ocrx_word' id='word_1_915' title='bbox 3098 5623 3205 5668; x_wconf 91' lang='lat' dir='ltr'><strong>tam</strong></span> <span class='ocrx_word' id='word_1_916' title='bbox 3228 5613 3480 5684; x_wconf 87' lang='lat' dir='ltr'><strong>angusti,</strong></span> <span class='ocrx_word' id='word_1_917' title='bbox 3518 5623 3767 5684; x_wconf 74' lang='lat' dir='ltr'><strong>tamque</strong></span> 
     </span>
    </p>
   </div>
   <div class='ocr_carea' id='block_1_130' title="bbox 2159 5683 3702 5759">
    <p class='ocr_par' dir='ltr' id='par_1_130' title="bbox 2159 5683 3702 5759">
     <span class='ocr_line' id='line_1_133' title="bbox 2159 5683 3702 5759; baseline -0.001 -19"><span class='ocrx_word' id='word_1_918' title='bbox 2159 5684 2310 5754; x_wconf 85' lang='lat' dir='ltr'><strong>parvi</strong></span> <span class='ocrx_word' id='word_1_919' title='bbox 2334 5683 2517 5752; x_wconf 89' lang='lat' dir='ltr'><strong>animi,</strong></span> <span class='ocrx_word' id='word_1_920' title='bbox 2547 5699 2706 5755; x_wconf 90' lang='lat' dir='ltr'><strong>quam</strong></span> <span class='ocrx_word' id='word_1_921' title='bbox 2729 5697 2912 5739; x_wconf 89' lang='lat' dir='ltr'><strong>amare</strong></span> <span class='ocrx_word' id='word_1_922' title='bbox 2939 5685 3224 5756; x_wconf 90' lang='lat' dir='ltr'><strong>pecuniam</strong></span> <span class='ocrx_word' id='word_1_923' title='bbox 3259 5683 3396 5758; x_wconf 86' lang='lat' dir='ltr'><strong>(Lib.</strong></span> <span class='ocrx_word' id='word_1_924' title='bbox 3432 5699 3471 5742; x_wconf 84' lang='grc' dir='ltr'>ιι</span> <span class='ocrx_word' id='word_1_925' title='bbox 3498 5683 3702 5759; x_wconf 53' lang='grc' dir='ltr'><strong>ϐψω).</strong></span> 
     </span>
    </p>
   </div>
  </div>
