3986 6320
243 250 346 311 515

245 370 396 426 victis
421 369 668 425 nascitur
696 372 1026 426 consolatio.
1058 370 1158 427 Sin
1186 383 1319 424 vero
1346 379 1403 424 et
1431 370 1682 425 inimicus
1709 371 1826 425 exi-

246 465 341 528 lis,
384 472 439 518 et
480 478 656 533 genus
701 462 1101 519 colluctationis
1145 462 1456 517 infirmum:
1491 462 1629 518 ultra
1668 461 1823 531 deje-

244 556 432 610 ctionis
472 554 721 609 dolorem
762 554 1013 610 conlusio
1052 554 1283 624 turpior,
1322 564 1376 609 et
1404 553 1697 625 ignominia
1723 553 1823 609 de-

246 652 495 705 trimento
521 648 748 719 gravior
787 648 1040 705 infertur.

796 752 823 780 ⁸
852 741 1080 799 CAPUT
1118 740 1263 799 XXI.

414 835 874 904 Quemadmodum
901 836 1195 906 superanda
1220 836 1286 890 sit
1302 834 1644 908 philarggria.

309 929 381 984 De
420 945 535 1000 quo
584 929 706 985 hac
749 929 855 985 erit
898 944 1111 984 summa
1152 928 1380 984 victoria
1408 915 1822 998 triumphusque

245 1032 535 1091 perpetuus
572 1039 586 1076 :
631 1031 691 1076 ut
727 1021 1184 1091 quemadmodum
1221 1021 1438 1087 dicitur,
1479 1034 1582 1077 nec
1614 1021 1821 1076 minuto

239 1113 453 1181 quidem
478 1127 707 1169 nummo
734 1113 1065 1169 conscientia
1092 1112 1349 1169 monachi
1381 1112 1675 1183 polluatur.
1708 1111 1820 1167 lm-

240 1206 497 1274 possibile
549 1220 785 1278 namque
832 1215 937 1272 est,
987 1221 1136 1273 eum,
1186 1207 1276 1278 qui
1320 1206 1497 1261 victus
1538 1205 1592 1260 in
1626 1206 1819 1276 exigua

236 1297 373 1368 stipe
417 1300 882 1371 concupiscentia
924 1300 1093 1355 semel
1141 1299 1194 1353 in
1237 1296 1401 1355 corde
1446 1311 1545 1353 suo
1580 1296 1817 1353 radicem

235 1394 567 1462 susceperit,
604 1407 714 1448 non
741 1392 966 1463 majoris
994 1392 1255 1449 desiderii
1294 1392 1543 1463 protinus
1568 1393 1817 1449 incendio

232 1483 581 1554 conﬂagrari.
615 1483 847 1539 Tamdiu
874 1498 1108 1553 namque
1132 1484 1288 1540 miles
1314 1482 1519 1539 Christi
1548 1484 1726 1539 victor
1751 1498 1816 1540 ac

236 1590 479 1642 securus,
507 1573 537 1614 δ
571 1585 875 1646 cunctaque
912 1574 1225 1645 cupiditatis
1264 1575 1668 1647 impugnatione
1713 1576 1818 1632 erit

234 1679 521 1735 externus,
546 1669 726 1725 donec
752 1670 902 1725 initia
932 1668 1386 1736 concupiscentia
1411 1668 1573 1740 hujus
1603 1668 1691 1724 hic
1720 1684 1815 1723 ne-

232 1763 523 1834 quissimus
552 1763 779 1834 spiritus
818 1763 874 1818 in
910 1762 1031 1833 ejus
1058 1762 1223 1819 corde
1252 1778 1363 1818 non
1410 1765 1632 1820 severit.
1664 1763 1813 1832 Qua-
1843 1770 1894 1833 Β

233 1866 585 1927 proptercum
609 1855 668 1910 in
689 1855 903 1913 cunctis
913 1855 1475 1927 generibusvitiorum
1487 1856 1815 1926 generaliter

234 1925 496 2018 serpentis
526 1958 695 2019 caput
721 1925 976 2019 oporteat
1000 1960 1023 1988 ο
1050 1925 1256 2005 εει-νέτί
1275 1990 1292 2016 ,
1326 1949 1381 2004 in
1412 1925 1516 2004 hoc
1543 1949 1815 2019 praecipue

232 2045 536 2113 diligentius
560 2045 825 2100 convenit
844 2043 1165 2116 prmcaveri.
1190 2042 1347 2111 Quod
1372 2042 1421 2098 si
1446 2042 1609 2098 fuerit
1638 2044 1810 2098 intro-

230 2140 450 2193 missum
474 2179 492 2204 ,
538 2152 642 2192 sua
676 2138 905 2192 materia
938 2136 1361 2203 convalescens,
1387 2135 1567 2205 ipsum
1597 2134 1817 2192 sibimet

230 2229 634 2285 vehementiora
678 2227 966 2283 suscitabit
1001 2228 1271 2284 incendia.
1310 2226 1543 2298 Ideoque
1585 2243 1693 2282 non
1724 2243 1815 2283 so-

229 2321 330 2374 lum
358 2320 715 2389 pecuniarum
739 2327 826 2376 est
843 2319 1090 2376 cavenda
1117 2319 1413 2389 possessio,
1434 2333 1620 2393 verum
1645 2321 1809 2375 etiam

230 2414 474 2468 voluntas
522 2413 637 2483 ipsa
683 2411 754 2467 ab
804 2412 986 2468 animo
1034 2412 1248 2482 penitus
1285 2400 1643 2467 extrudenda.
1694 2410 1809 2466 Non

229 2508 366 2560 enim
401 2516 514 2560 tam
557 2504 786 2560 eﬂectus
813 2503 1159 2575 philargyria:
1201 2504 1455 2560 vitandus
1495 2513 1580 2559 est
1603 2547 1618 2571 ,
1646 2519 1809 2575 quam

227 2600 449 2655 affectus
495 2600 667 2669 ipsius
719 2598 981 2653 radicitus
1029 2597 1414 2669 amputandus.
1468 2596 1613 2652 Nihil
1662 2598 1809 2653 enim

229 2692 463 2762 proderit
491 2691 755 2763 pecunias
784 2705 894 2745 non
926 2690 1162 2758 habere,
1206 2688 1253 2745 si
1276 2689 1530 2745 voluntas
1568 2689 1622 2744 in
1652 2687 1810 2745 nobis

232 2784 390 2840 fuerit
413 2782 738 2854 possidendi.

807 2873 1034 2932 CAPUT
1063 2874 1231 2931 XXII.

228 2969 376 3034 Quod
405 2969 561 3039 possit
590 2968 729 3039 quis,
757 2967 911 3022 etiam
938 2983 1040 3021 non
1070 2966 1263 3022 habens
1287 2968 1569 3038 pecunias,
1601 2965 1803 3036 philer-

800 3053 959 3109 gyrus
975 3039 1229 3109 judicari.

711 252 803 310 DE
842 249 1318 310 JCENOBIORUM
1357 247 1600 308 INS’I‘IT.
1642 251 1776 309 LIB.
1816 250 1932 311 γιι.
1959 282 2032 297 -
2060 254 2148 311 DE
2185 253 2460 314 SPIRI'I’U
2498 256 3016 317 PHILARGYRIE.

3398 259 3510 323 δη

1922 374 2190 441 prodesse
2227 367 2257 409 ἀ
2300 374 2625 429 beneficium
2667 376 2975 445 nuditatis,
3020 378 3146 448 quia
3196 378 3513 448 cupiditatis

1928 465 2120 520 vitium
2169 480 2418 522 resecare
2466 484 2571 523 non
2611 469 2809 536 valuit;
2844 472 3174 541 paupertatis
3199 472 3364 538 bono,
3398 491 3511 533 non

1935 560 2146 615 virtutis
2175 562 2370 616 merito
2398 562 2719 631 delectatus,
2749 575 2803 619 et
2833 567 3175 623 necessitatis
3199 583 3368 624 onere
3398 585 3506 627 non

1923 668 2044 709 stne
2102 654 2285 709 cordis
2345 655 2603 726 languore
2660 668 2979 717 contentus.
3041 660 3511 729 Quemadmodum

1923 744 2070 801 enim
2096 760 2328 816 corpore
2357 762 2462 802 non
2487 749 2722 818 pollutos
2752 761 2776 789 ⁸
2803 751 3162 823 Evangelicus
3184 769 3365 809 sermo
3393 770 3511 824 pro-

1925 839 2140 892 nuntiat
2186 839 2349 895 corde
2379 841 2675 897 mcechatos
2708 842 2937 915 (Matth.
2972 846 3089 915 tu);
3138 845 3212 901 ita
3261 848 3508 916 pecunia:

1923 944 2141 1000 quoque
2166 931 2405 1001 pondere
2432 932 2658 989 minime
2674 936 2994 1004 sarcinatos,
3016 936 3215 993 affectu
3241 952 3305 993 ac
3326 949 3510 994 mente

1922 1037 2046 1078 cum
2076 1024 2405 1095 philargyris
2435 1026 2790 1083 condemnari
2832 1029 3094 1099 possibile
3131 1040 3236 1087 est.
3280 1031 3509 1087 Occasio

1922 1120 2072 1177 enim
2095 1121 2176 1176 eis
2205 1119 2437 1177 habendi
2468 1121 2660 1189 deluit,
2689 1138 2798 1178 non
2829 1124 3111 1192 voluntas;
3141 1140 3262 1195 qua
3286 1140 3509 1195 semper

1920 1211 2065 1282 apud
2091 1212 2260 1268 Deum
2304 1213 2445 1269 solet
2492 1216 2665 1285 magis
2701 1230 2860 1286 quam
2892 1217 3191 1273 necessitas
3228 1218 3505 1273 coronari.

1926 1302 2119 1374 Itaque
2142 1304 2507 1362 festinandum
2539 1308 2696 1364 nobis
2721 1317 2828 1376 est,
2860 1324 2931 1365 ne
2951 1308 3005 1364 in
3029 1324 3227 1365 vanum
3254 1310 3506 1367 laborum

1920 1404 2238 1453 nostrorum
2266 1398 2634 1455 emolumenta
2663 1400 2978 1471 depereant.
3021 1400 3325 1457 Miserabile
3349 1418 3508 1457 nam-

1921 1502 2027 1559 que
2061 1496 2149 1545 est
2195 1490 2529 1560 paupertatis
2572 1490 2936 1547 ac-nuditatis
2980 1492 3163 1549 exitus
3208 1493 3505 1560 tolerasse;

1917 1579 2125 1637 fructus
2144 1596 2275 1639 vero
2292 1597 2475 1641 earum
2498 1598 2665 1639 cassa:
2685 1584 2980 1640 voluntatis
3008 1586 3143 1642 vitio
3170 1585 3503 1657 perdidisse.

2467 1718 2695 1775 CAPUT
2741 1718 2934 1777 XXIII.

2411 1832 2719 1902 Euntplum
2744 1834 2808 1888 de
2832 1832 2995 1891 Iuda.

1991 1941 2082 1999 Vis
2104 1956 2272 1999 nosse
2294 1938 2455 2015 quam
2482 1946 2805 2014 perniciose,
2826 1961 2985 2016 quam
3008 1948 3170 2005 noxie
3189 1948 3361 2008 fomes
3376 1950 3502 2021 iste,

1916 2037 2021 2092 nisi
2046 2037 2207 2093 fuerit
2234 2038 2522 2109 diligenter
2547 2041 2787 2110 excisus,
2820 2041 2888 2096 ad
2914 2042 3037 2111 ejus
3066 2043 3346 2099 interitum
3365 2089 3379 2113 ,
3408 2047 3501 2116 qui

1915 2145 2041 2187 eum
2093 2133 2444 2199 conceperit,
2476 2131 2771 2189 fructificet
2794 2174 2811 2199 ,
2858 2144 2914 2189 et
2943 2136 3244 2208 omnigenis
3276 2138 3505 2208 pullulet

1914 2222 2238 2277 ramusculis
2268 2222 2570 2280 vitiorum?
2613 2225 2848 2293 Respice
2886 2226 3080 2284 Judam
3126 2231 3500 2300 apostolorum

1915 2328 2147 2413 num-ero
2172 2314 2521 2413 deputatum,
2558 2318 2687 2388 quia
2719 2319 2893 2374 noluit
2918 2321 3186 2390 serpentis
3218 2323 3376 2393 hujus
3390 2339 3501 2413 .ca-

1914 2414 2014 2477 put
2040 2404 2241 2462 lethale
2270 2416 2576 2473 conterere,
2618 2410 2853 2479 qualiter
2872 2425 2997 2466 eum
3020 2426 3121 2467 suo
3142 2428 3354 2470 veneno
3378 2404 3501 2486 per-

1914 2497 2108 2553 emerit
2130 2506 2186 2553 et
2222 2499 2682 2569 concupiscentiae
2706 2500 2918 2569 laqueis
2948 2501 3218 2559 irretitum
3241 2504 3308 2560 ad
3335 2520 3497 2577 quam

1912 2589 2125 2662 abrupti
2163 2591 2447 2661 praecipitii
2493 2592 2696 2648 crimen
2728 2592 3050 2663 impegerit,
3095 2606 3153 2649 ut
3192 2595 3500 2665 redempto-

1912 2696 2027 2737 rem
2077 2682 2261 2737 mundi
2308 2692 2362 2738 et
2410 2682 2663 2738 humana:
2710 2684 2900 2740 salutis
2948 2696 3227 2743 auctorem
3279 2687 3497 2759 triginta

1911 2774 2183 2844 argenteis
2209 2776 2543 2844 persuaserit
2571 2776 2827 2833 vendere.
2862 2777 2968 2847 Qui
2991 2793 3329 2851 nequaquam
3352 2794 3499 2838 esset

1910 2870 1980 2925 ad
2012 2879 2124 2926 tam
2166 2871 2456 2925 scelestum
2486 2872 2807 2941 proditionis
2846 2873 3057 2930 facinus
3094 2874 3380 2932 devolutus
3404 2919 3419 2941 ,
3447 2879 3493 2933 si

1912 2978 2020 3018 non
2067 2964 2417 3035 philargyriaa
2459 2964 2654 3020 morbo
2692 2963 2884 3020 fuisset
2927 2967 3159 3023 inlectus
3193 2985 3209 3022 :
3249 2983 3349 3024 nec
3389 2969 3497 3025 Do-

1910 3060 2127 3115 minicz
2157 3058 2178 3097 ί
2202 3058 2505 3130 negationis
2534 3058 2643 3131 [ΑΙ.
2674 3061 3000 3133 necationis]
3045 3077 3173 3119 reus
3201 3064 3496 3134 sacrilegus

296 3154 556 3209 Possibile
583 3166 821 3223 namque
862 3153 1022 3207 etiam
1070 3166 1176 3207 non
1205 3152 1497 3207 habentem
1547 3152 1802 3219 pecunias
1828 3158 1877 3225 c
1906 3152 2249 3217 exstitisset,
2296 3152 2399 3206 nisi
2430 3152 2579 3221 prius
2616 3151 2813 3209 solitus
2850 3152 3046 3211 fuisset
3068 3164 3094 3203 ε
3124 3155 3362 3213 creditos
3388 3156 3495 3214 sibi

228 3261 558 3318 nequaquam
602 3244 949 3316 philargyria‘.
980 3244 1177 3299 morbo
1205 3259 1426 3312 carere,
1475 3243 1717 3315 nihilque
1743 3243 1794 3299 ei

1904 3244 2112 3299 loculos
2136 3244 2452 3313 compilare.

1279 3378 1537 3435 ALARDI
1578 3380 1812 3437 GAZEI
1848 3380 2417 3438 COMMENTARIUS.

309 3498 534 3553 “fotum
576 3497 683 3551 hoc
721 3502 887 3563 caput
931 3494 1214 3564 praeclaris
1258 3495 1543 3550 sententiis
1590 3503 1648 3550 et
1689 3510 1804 3551 me-

235 3572 414 3626 moria:
432 3567 883 3625 commendandis
907 3566 1208 3622 redundat:
1237 3581 1370 3635 quas
1388 3566 1454 3618 ad
1480 3566 1638 3621 finem
1668 3582 1803 3635 ope-

232 3643 304 3696 ris
326 3657 443 3696 cum
474 3642 599 3694 aliis
626 3639 1003 3693 selectioribus
1034 3638 1087 3691 in
1115 3636 1360 3692 ordinem
1383 3637 1711 3705 redigemus.

299 3712 323 3750 ι’
358 3712 574 3766 Phrasis
596 3711 857 3764 Cassiano
885 3708 1192 3778 peculiaris.
1227 3708 1333 3762 Pro
1355 3722 1461 3775 quo
1484 3708 1799 3779 Dionysius:

234 3783 306 3837 Ab
330 3784 464 3836 omni
486 3780 876 3854 impugnatione
899 3780 1199 3854 cupiditatis
1229 3779 1321 3854 erit
1344 3780 1604 3832 immunis.

303 3866 323 3893 ε
350 3854 407 3907 Id
430 3863 511 3907 est
531 3849 819 3913 observari,
838 3852 944 3915 vel,
967 3849 1027 3904 ut
1048 3851 1181 3906 infra
1212 3850 1362 3915 dicit,
1392 3851 1687 3917 pra’caveri,
1713 3849 1805 3904 ubi

234 3935 529 3995 serpentem
557 3934 720 3995 vocat
746 3922 1053 3995 diabolum,
1086 3920 1536 3995 quemadmodum
1568 3930 1621 3975 et
1647 3936 1807 3990 supe-

235 3991 373 4051 riore
401 3996 573 4050 libro:
621 3993 776 4063 cujus
802 3991 1070 4061 serpentis
1104 4003 1268 4059 caput
1296 3991 1637 4055 observatur,
1666 4007 1805 4061 prte-

236 4080 463 4127 cavetur,
511 4077 566 4120 et
608 4063 906 4120 secundum
938 4063 1205 4132 vulgatam
1236 4063 1542 4117 versionem
1571 4064 1806 4118 conteri-

238 4148 342 4203 tur,
386 4139 506 4192 dum
535 4137 654 4207 ejus
680 4134 1121 4205 suggestionihus
1150 4134 1358 4189 fortiter
1406 4148 1469 4188 ac
1498 4135 1616 4189 sine
1653 4149 1804 4188 mora

240 4210 516 4264 resistitur.

305 4277 329 4317 ἀ
362 4280 415 4333 ld
455 4288 536 4333 est
562 4320 578 4344 ,
630 4272 902 4347 professio
940 4274 1289 4345 paupertatis.
1338 4274 1495 4329 Nulla
1538 4274 1803 4345 siquidem

244 4351 407 4419 major
451 4365 570 4405 esse
612 4346 831 4403 nuditas
876 4357 1070 4415 potest,
1115 4362 1294 4419 quam;
1324 4346 1801 4419 religiosistatus,

239 4416 351 4488 quae
396 4436 498 4475 non
559 4420 736 4474 solum
787 4427 1158 4487 paupertatem
1208 4417 1448 4482 inducit;
1503 4416 1597 4471 sed
1642 4419 1803 4471 etiam

240 4492 470 4545 omnium
492 4506 678 4546 rerum
710 4489 1053 4557 possessione
1076 4528 1092 4552 ,
1123 4488 1454 4557 proprietate
1476 4502 1539 4542 ac
1560 4488 1804 4541 dominio
1850 4552 1855 4555 I

240 4578 491 4631 quemque
539 4559 864 4616 monachum
912 4561 1129 4631 penitus
1176 4559 1343 4631 exuit‘
1367 4566 1421 4613 et
1464 4558 1662 4631 spoliat
1690 4577 1714 4631 γε
1748 4569 1805 4631 ut

242 4628 344 4686 non
386 4628 538 4687 modo
582 4647 773 4701 agrum
821 4628 929 4685 aut?
948 4630 1205 4694 domum,
1251 4628 1371 4693 sed,
1421 4639 1478 4683 ut
1512 4628 1638 4683 alibi
1668 4630 1809 4701 dixit:

239 4703 516 4758 Cassianus
534 4746 549 4770 ,
580 4696 684 4757 non
712 4710 929 4765 uestem,
959 4717 1061 4755 non
1089 4701 1392 4772 graphium,
1424 4715 1525 4753 non
1546 4696 1810 4772 calamum

240 4777 392 4839 possit
435 4774 619 4842 aliquis
666 4772 941 4844 appellare
969 4770 1120 4825 suum
1149 4770 1318 4844 (Sup.
1339 4770 1433 4844 lib.
1460 4785 1512 4824 1v
1541 4786 1657 4844 cap.
1683 4771 1801 4844 _l3).

241 4845 403 4915 llnjus
432 4840 607 4901 autem
637 4840 893 4898 nu'ditatis
929 4840 1528 4915 beneflcium_declarat
1548 4842 1632 4915 Ρ.
1654 4840 1802 4915 Cre-

238 4911 416 4985 gorius
446 4917 524 4971 his
554 4916 738 4970 verbis
760 4953 778 4980 ,
826 4928 946 4983 quae
977 4915 1188 4968 tametsi
1214 4912 1282 4985 ad
1319 4927 1509 4967 omnes
1537 4911 1803 4967 Christia-

239 5002 335 5040 nos
362 5004 458 5043 suo
482 4987 642 5042 modo
666 4986 972 5054 pertineant
990 5026 1006 5049 ,
1044 4984 1267 5053 pr0prie
1298 4992 1474 5038 tamen
1512 4993 1568 5038 et
1597 4985 1805 5053 specia-

237 5060 339 5112 lius
364 5062 429 5111 ad
451 5061 593 5113 solos
624 5056 906 5125 religiosos
948 5054 1299 5110 referuntur:
1335 5056 1687 5123 Quicumque.
1724 5056 1807 5110 in-

236 5132 371 5193 quit,
399 5130 467 5182 ad
492 5128 615 5195 ﬁdei
637 5143 857 5199 agonem
884 5128 1142 5199 uenimus,
1165 5125 1419 5179 luctamen
1445 5133 1630 5199 contra
1655 5127 1807 5199 mali-

234 5217 359 5269 gnos
388 5203 612 5272 spiritus
636 5197 889 5272 sumimus
931 5212 950 5251 :
986 5197 1119 5251 nihil
1138 5206 1321 5272 autem
1346 5197 1564 5272 maligni
1592 5198 1805 5265 spiritus

230 5266 286 5322 in
330 5266 425 5323 hoc
459 5270 647 5324 mundo
690 5266 1646 5340 proprium‘_possident.rNudiergo
1688 5284 1806 5322 cum

232 5345 381 5395 nudis
430 5341 615 5395 luctari
644 5337 909 5393 debemus.
951 5337 1094 5392 Nam
1121 5340 1165 5392 si
1193 5339 1398 5392 uestitus
1424 5337 1804 5408 quisquiscum

231 5416 368 5465 nudo
404 5415 640 5477 luctatur,
683 5410 837 5464 citius
866 5410 933 5463 ad
962 5420 1151 5464 terram
1195 5407 1458 5480 dejicitur,
1496 5410 1618 5476 quia
1657 5407 1808 5462 habet

230 5484 369 5537 unde
409 5490 655 5537 teneatur.
703 5482 841 5548 Quid
882 5482 1017 5541 enim
1054 5490 1171 5534 sunt
1224 5492 1423 5533 terrena
1460 5480 1667 5545 omnia,
1708 5480 1808 5533 nisi

227 5555 463 5619 quedam
486 5554 720 5625 corporis
740 5552 1084 5606 indumenta?
1130 5550 1230 5625 Qui
1264 5567 1401 5625 ergo-
1425 5560 1601 5625 contra
1627 5550 1809 5604 diabo-

227 5625 336 5678 lum
363 5628 430 5679 ad
454 5621 703 5680 certamen
727 5632 992 5693 praperat,
1021 5621 1578 5693 uestimenta’abjiciat,
1609 5638 1671 5693 ne
1691 5639 1811 5675 suc-

226 5697 453 5751 cumbat.
496 5698 622 5752 Haec
647 5691 945 5765 Gregorius
974 5692 1202 5765 (Homil.
1227 5691 1295 5747 35
1322 5692 1376 5745 in
1409 5692 1808 5765 Evang.).Cae-

227 5778 411 5825 terum
449 5768 518 5827 ad
562 5764 867 5842 perfectam
909 5762 1215 5823 nuditatem
1264 5778 1369 5819 non
1418 5762 1621 5820 sufficit
1666 5764 1807 5823 bona

1829 4807 1885 4868 D

1911 3496 2397 3566 possessionesque
2455 3497 2799 3568 relinquere,
2859 3508 2953 3555 aut
2999 3500 3067 3555 iis
3112 3514 3341 3567 carere;
3392 3506 3492 3561 sed

1910 3576 2130 3636 oportet
2186 3582 2401 3621 omnem
2458 3584 2642 3624 earum
2691 3570 2987 3635 affcctum,
3042 3580 3098 3625 et
3154 3573 3493 3631 voluntatem

1910 3637 2227 3705 possidendi
2286 3638 2644 3706 deposuisse,
2703 3652 2761 3695 ut
2812 3642 2901 3697 hic
2964 3642 3123 3697 docet
3176 3643 3489 3702 Cassianus.

1910 3707 2043 3763 Nam
2076 3708 2403 3790 philargyria
2456 3725 2563 3764 non
2609 3720 2715 3764 tam
2751 3713 2801 3790 in
2855 3713 3207 3790 possessione
3237 3730 3395 3783 quam
3439 3717 3493 3774 in

1909 3794 2098 3835 amore
2121 3779 2430 3834 divitiarum
2456 3792 2549 3834 aut
2599 3779 2953 3849 pecuniarum
2984 3779 3267 3847 consistit,
3299 3797 3357 3840 ut
3387 3802 3487 3841 no-

1910 3866 2034 3906 men
2066 3851 2241 3919 ipsum
2273 3860 2451 3906 sonat.
2489 3850 2659 3922 Unde
2692 3854 2892 3921 passim
2927 3854 2985 3908 in
3013 3854 3310 3922 Scripturis
3332 3896 3349 3922 ,
3400 3858 3491 3913 ubi

1909 3921 2095 3997 Grece
2122 3922 2442 3997 φιλάργγρᾳι,
2476 3921 2668 3997 Latine
2707 3926 2889 3997 cupidi
2907 3924 3003 3997 _vel
3028 3926 3180 3979 avari
3212 3926 3489 3997 dicuntur,

1909 3992 2065 4060 quasi
2097 3992 2415 4062 aéris'a‘vi'di,
2450 4002 2506 4046 ut
2535 3994 2741 4049 dictum
2765 3992 2848 4049 est
2870 3994 3049 4065 (Luca:
3074 4012 3188 4061 xvt,
3219 3996 3242 4052 l
3271 3996 3403 4054 Tim.
3431 3992 3491 4055 ut

1911 4074 1959 4119 et
1987 4063 2029 4118 ll
2057 4062 2196 4117 Tim.
2222 4062 2321 4131 In).

1911 4074 1959 4119 et
1987 4067 2029 4118 ll
2057 4067 2196 4117 Tim.
2222 4067 2321 4119 In).

1986 4144 2009 4171 °
2052 4134 2288 4211 Matthxi
2330 4148 2413 4211 γε
2457 4134 2559 4200 Qui
2594 4135 2778 4211 uiderit
2820 4138 3097 4211 mulierem,
3130 4139 3201 4191 ad
3243 4143 3493 4211 concupi-

1907 4206 2153 4260 scendam
2191 4222 2329 4268 eam,
2360 4207 2477 4274 jam
2505 4204 2782 4262 mwchatus
2812 4218 2891 4261 est
2926 4225 3041 4262 eam
3084 4210 3139 4263 in
3186 4212 3339 4264 corde
3372 4204 3488 4267 suo.

1910 4276 2372 4348 Quemadmodum
2392 4292 2521 4348 ergo
2543 4278 2658 4331 sola
2684 4278 3119 4348 concupiscentia
3150 4282 3335 4335 uxoris
3359 4282 3493 4337 alie-

1909 4363 1995 4401 nae
2040 4346 2267 4402 efﬁcitur
2313 4347 2432 4416 quis
2461 4363 2586 4402 reus
2630 4346 2879 4405 mmchiaé
2918 4359 2973 4404 et
2997 4349 3252 4405 adulterii
3304 4365 3487 4408 coram

1912 4418 2064 4491 Deo:
2098 4420 2169 4472 ita
2198 4418 2311 4471 sola
2343 4416 2626 4491 allectique
2665 4432 2719 4491 ct
2772 4420 3063 4491 cupiditate
3096 4421 3447 4490 pecuniarum
3470 4466 3485 4491 ,

1910 4488 2028 4562 vel,
2063 4496 2121 4543 ut
2142 4489 2507 4562 communiter
2538 4488 2979 4562 loquimur,'solo
3022 4488 3372 4562 proprietatis
3405 4488 3490 4550 af;

1908 4559 2050 4641 fectu
2091 4559 2330 4641 efficitur
2365 4561 2664 4615 monachus
2705 4575 2829 4617 reus
2868 4559 3213 4633 philargyriae
3248 4572 3306 4619 et
3358 4581 3489 4634 pro-

1910 4639 2173 4699 prietatis.

1986 4699 2004 4738 τ
2038 4701 2345 4772 Necationis
2372 4700 2572 4770 potius,
2605 4710 2695 4756 aut
2720 4704 2902 4770 necis,
2935 4712 2995 4758 ut
3023 4705 3074 4759 in
3107 4704 3352 4772 margine
3384 4720 3487 4760 an-

1910 4780 2143 4827 notatur.
2178 4771 2291 4826 Non
2322 4773 2693 4843 enimlegitur
2712 4774 2879 4830 Iudas
2903 4775 3190 4830 Dominum
3223 4771 3479 4843 negasse;

1908 4843 2006 4899 sed
2032 4843 2104 4915 ad
2137 4858 2321 4898 necem
2354 4842 2657 4910 prodidisse
2687 4861 2701 4898 :
2741 4846 2845 4901 nisi
2884 4848 3224 4915 negationem
3260 4842 3357 4913 pro
3387 4846 3486 4902 de-

1909 4914 2150 4986 sertione
2170 4914 2541 4986 defectioneve
2578 4917 2839 4985 accipias,
2866 4914 3021 4986 juxta
3047 4917 3177 4971 illud
3203 4917 3449 4985 Apostoli
3473 4936 3482 4969 :

1911 4984 2234 5125 frogﬁtgntur
2294 5002 2347 5040 se
2406 4984 2572 5039 Deum
2620 4984 2829 5053 nosse;
2862 4984 3018 5059 factis
3073 4984 3261 5042 autem,
3296 4999 3488 5059 negant

1982 5074 1997 5109 ι
2028 5096 2041 5111 .
2073 5073 2088 5109 ι
2123 5097 2135 5109 .

1982 5067 2041 5111 ιε.
2073 5067 2135 5111 ι).

1986 5137 2009 5175 κ
2057 5127 2225 5201 ludas
2269 5143 2414 5201 aegre
2459 5128 2659 5201 ferens,
2686 5129 2944 5185 damnum
2982 5139 3038 5186 et
3076 5130 3339 5201 jacturam
3384 5146 3487 5185 un-

1911 5199 2091 5271 guenti
2120 5212 2151 5251 a
2180 5198 2486 5271 Magdalena
2508 5200 2695 5265 effusi,
2721 5202 2886 5257 verba
2929 5201 3021 5256 illa
3054 5198 3487 5271 indignabundus

1913 5269 2098 5323 effudit
2121 5285 2135 5322 :
2162 5270 2333 5336 Quare
2359 5271 2455 5323 hoc
2478 5283 2791 5342 unguentum
2819 5288 2924 5325 non
2953 5272 3109 5327 veniit
3134 5269 3370 5342 trecentis
3397 5273 3488 5328 de-

1910 5342 2094 5401 nariis,
2119 5350 2165 5395 et
2185 5343 2363 5395 datum
2382 5350 2458 5394 est
2480 5341 2685 5407 egenis?
2709 5343 2849 5396 Dixit
2873 5350 3044 5396 autem
3069 5343 3186 5407 hoc,
3210 5343 3285 5396 ait
3308 5341 3485 5399 Evan-

1908 5415 2129 5480 gelista,
2176 5429 2279 5465 non
2313 5413 2435 5479 quia
2479 5412 2542 5466 de
2579 5414 2749 5485 egenis
2794 5412 3079 5482 pertinebat
3109 5417 3176 5485 ad
3209 5428 3325 5485 eum
3357 5414 3485 5477 (hoc

1911 5491 2015 5546 est,
2043 5498 2149 5553 non
2170 5484 2293 5553 quia
2320 5497 2583 5552 pauperes
2610 5484 2858 5549 curaret,
2896 5493 2993 5538 aut
3014 5485 3083 5539 de
3108 5484 3188 5539 eis
3217 5484 3482 5541 sollicitus

1912 5552 2079 5627 esset)
2104 5570 2119 5619 ;
2167 5553 2258 5607 sed
2301 5554 2694 5627 quia_fur_e_rat,
2742 5563 2792 5607 et
2822 5554 3021 5627 loctifos
3051 5554 3264 5622 habens,
3287 5571 3348 5610 ea
3372 5573 3488 5627 qua!

1915 5624 2246 5698 mittebantur
2280 5622 2516 5698 portabat
2552 5622 2733 5698 (Joan.
2759 5624 2889 5698 Axn).
2921 5625 3124 5698 Furem,
3147 5641 3268 5682 eum
3298 5622 3487 5698 appel-

1917 5694 2013 5761 lat,
2045 5696 2168 5763 quia
2198 5696 2404 5749 loculos
2423 5735 2439 5758 ,
2469 5704 2529 5748 ut
2555 5694 2643 5749 hic
2668 5694 2885 5762 dicitur,
2917 5697 3021 5752 sibi
3049 5712 3079 5751 a
3108 5694 3485 5753 Domino—cont

1918 5767 2177 5838 creditos,
2208 5766 2404 5823 solitus
2434 5774 2554 5822 erat
2581 5764 2899 5837 compilare,
2929 5767 3034 5826 hoc
3053 5780 3162 5838 est,
3186 5770 3486 5839 surripere,
