3986 6320
533 317 638 382 315

1103 440 1328 500 CAPUT
1355 441 1547 500 XXIV.

612 595 760 665 Quod
784 596 1126 672 philargyria,
1152 589 1254 656 nisi
1282 601 1539 666 nuditate,
1566 602 1698 658 vinci
1723 620 1827 659 non
1855 583 2036 674 possit.

602 725 842 784 lmmane
868 729 999 786 satis
1035 741 1091 788 et
1126 733 1350 790 evidens
1383 736 1688 807 tyrannidis
1719 736 1883 808 hujus
1920 753 2112 795 exem-

543 817 715 886 plum,
743 837 864 892 qua:
888 825 1056 878 semel
1086 824 1169 897 (ut
1195 826 1454 899 diximus)
1476 831 1670 884 anima:
1689 832 1972 900 captivam
1998 832 2090 888 nul

540 911 644 966 lam
674 916 939 983 permittit
963 915 1264 975 honestatis
1291 922 1531 992 regulam
1559 924 1855 992 custodire,
1882 940 1980 981 nec
2001 926 2111 982 ulla

530 1016 771 1074 quaestus
800 1007 1105 1076 adjectione
1135 1011 1342 1067 satiari.
1393 1013 1542 1069 Finis
1571 1015 1718 1070 enim
1750 1016 1919 1071 rabiei
1948 1016 2111 1086 hujus

529 1111 636 1149 non
670 1096 896 1166 divitiis,
921 1100 1019 1156 sed
1051 1101 1295 1159 nuditate
1325 1107 1683 1176 conquiritur.
1724 1107 1966 1179 Denique
1990 1123 2114 1164 cum

531 1187 619 1242 hic
650 1189 766 1257 ipse
792 1191 864 1246 ob
894 1193 996 1248 hoc
1025 1195 1237 1252 loculos
1262 1198 1656 1268 dispensationi
1685 1217 1980 1272 pauperum
2019 1202 2114 1259 de-

526 1289 765 1350 putatas,
791 1298 904 1340 suae
932 1289 1182 1354 potestati
1211 1290 1449 1347 creditos
1473 1294 1798 1364 accepisset,
1829 1301 1890 1367 ut
1916 1295 2110 1350 saltem

534 1375 885 1442 pecuniarum
911 1379 1240 1437 abundantia
1263 1385 1492 1441 satiatus
1520 1390 1978 1458 concupiscentiae
1999 1403 2109 1445 sua

525 1469 742 1525 modum
770 1471 1102 1540 imponeret;
1134 1475 1189 1530 in
1222 1483 1431 1534 tantum
1459 1482 1618 1550 copia
1644 1496 1830 1537 earum
1857 1484 1910 1537 in
1941 1483 2107 1538 abun-

1794 333 2079 394 JOANNIS
2117 335 2434 394 CASSIANI

2144 452 2196 512 Α
2220 451 2519 508 dantiorem
2567 451 2810 510 fomitem
2839 455 3150 525 cupiditatis
3176 457 3417 524 exarsit,
3448 466 3506 513 ut
3529 458 3643 529 jam
3672 476 3778 518 non

3687 344 3787 405 516

2216 544 2424 600 loculos
2471 545 2714 602 clanculo
2755 549 3050 618 compilare
3075 591 3090 617 ,
3143 549 3238 604 sed
3282 551 3461 621 ipsum
3499 551 3786 612 Dominum

2219 637 2544 694 venumdare
2583 641 2855 696 maluerit.
2895 650 2922 679 ι
2952 640 3247 698 Universas
3289 643 3433 698 enim
3477 643 3786 704 divitiarum

2217 733 2393 788 moles
2418 733 2728 804 cupiditatis
2759 735 2917 804 hujus
2945 735 3128 792 rabies
3152 745 3464 808 exsuperat.

2791 848 3018 906 CAPUT
3055 849 3224 905 XXV.

2218 940 2296 996 De
2323 941 2462 997 exitu
2489 941 2726 1016 Ananite,
2758 949 2806 1016 et
2828 942 3100 1016 Sophim,
3131 952 3182 1016 et
3201 941 3390 1009 Indae,
3417 951 3566 1014 quem
3586 944 3784 1016 philar-

2613 1015 2760 1084 gyria
2782 1014 3073 1086 impellente
3093 1014 3382 1069 subierunt.

2284 1105 2527 1176 Denique
2549 1106 2801 1175 princeps
2827 1106 3194 1176 apostolorum
3223 1105 3306 1160 bis
3328 1105 3580 1168 eruditus
3606 1121 3789 1164 exem-

2214 1197 2340 1268 plis,
2391 1199 2570 1254 sciens
2614 1199 2910 1256 habentem
2958 1199 3232 1269 quippiam
3283 1199 3593 1268 cupiditatis
3637 1199 3790 1256 frena

2213 1306 2319 1346 non
2352 1303 2513 1360 posse
2560 1290 2866 1357 moderari,
2899 1305 3000 1346 nec
3037 1289 3202 1345 ﬁnem
3229 1290 3346 1359 ejus
3374 1290 3427 1370 iii
3456 1305 3622 1360 parva
3645 1305 3792 1347 sum-

2212 1399 2299 1439 ma
2331 1392 2594 1452 magnave
2619 1382 2954 1450 consistere,
2985 1382 3080 1438 sed
3112 1382 3166 1436 in
3191 1382 3304 1438 sola
3333 1379 3360 1420 δ
3393 1381 3592 1438 virtute
3636 1385 3791 1440 nudi-

2211 1479 2379 1536 tatis:
2411 1490 2434 1519 ο
2467 1477 2730 1534 Ananiam
2772 1487 2828 1534 et
2889 1477 3174 1548 Sapbiram
3201 1520 3219 1550 ,
3269 1497 3500 1552 quorum
3544 1480 3793 1552 superius

1593 1617 1849 1674 ALARDI
1892 1615 2126 1674 GAZIEI
2160 1611 2727 1672 COMMENTARIUS.

523 1735 577 1780 et
596 1726 742 1802 clam
771 1728 1088 1802 subtrahere
1110 1731 1387 1798 nonnihil,
1424 1731 1572 1787 velut
1609 1734 1662 1787 in
1691 1735 1962 1802 proprium
1995 1749 2086 1801 pe-

521 1798 746 1874 culium,
779 1814 844 1854 ex
876 1800 1112 1874 denariis
1157 1811 1212 1858 et
1259 1803 1638 1872 eleemosynis.
1671 1798 1804 1874 quae
1843 1820 1872 1858 a
1902 1798 2005 1873 piis
2031 1815 2086 1859 et

521 1867 736 1923 devotis
766 1873 1008 1938 personis
1058 1873 1286 1928 Domino
1324 1867 1800 1928 mittebantur'aut
1839 1867 2087 1930 confere-

523 1939 754 2005 bantur;
785 1956 1012 2010 quoruui
1052 1943 1169 2010 ipse
1199 1947 1345 1999 velut
1386 1945 1664 1999 bursarius
1690 1956 1743 2000 et
1769 1959 2085 2002 teconomus

521 2021 640 2086 erat
684 2013 1026 2086 constitutus.
1085 2013 1214 2069 ldeo
1257 2016 1630 2086 indignabatur
1672 2027 1722 2070 et
1782 2032 2084 2074 murmura-

523 2079 633 2157 bat,
662 2082 785 2150 quia
806 2082 1022 2138 dolebat
1049 2086 1256 2141 lucruui
1284 2079 1395 2141 sibi
1417 2087 1668 2154 periisse,
1697 2090 1835 2157 quod
1869 2104 1934 2142 ex
1958 2103 2084 2141 ven-

522 2150 633 2226 dito
685 2165 956 2226 unguento
1001 2165 1055 2210 et
1093 2157 1210 2226 ejus
1243 2150 1961 2226 pretiocnnsequi'furando
1993 2173 2085 2225 po-

523 2222 735 2296 tuisset.
769 2223 875 2279 Sed
905 2241 1023 2289 cur,
1054 2222 1297 2296 inquies,
1333 2228 1584 2282 Dominus
1618 2222 1693 2282 illi
1724 2229 1927 2284 loculos
1955 2222 2084 2282 con-

520 2292 785 2359 credidit,
832 2310 953 2350 cum
981 2292 1147 2352 sciret
1184 2292 1304 2353 eum
1347 2313 1467 2353 esse
1496 2300 1648 2352 malae
1679 2300 1840 2364 ﬁdei,
1875 2310 1929 2354 et
1959 2300 2084 2356 hinc

522 2364 868 2440 occasionem
909 2379 1252 2439 accepturum
1298 2369 1539 2440 avaritiae
1581 2380 1636 2424 et
1673 2385 1784 2424 sua:
1830 2373 2079 2440 perditio-

520 2433 642 2510 nis?
669 2433 892 2510 Causam
918 2433 1076 2492 unam
1109 2440 1339 2494 insinuat
1366 2439 1569 2494 Auctor
1595 2433 1844 2510 sequenti
1868 2437 2040 2510 capite
2066 2460 2079 2494 :

525 2501 594 2558 Ut
623 2508 798 2582 saltem
846 2511 1182 2576 pecuniarum
1226 2511 1545 2564 abundantia
1575 2501 1789 2565 satiatus
1837 2501 2083 2582 concupi-

519 2579 724 2654 scentitz
751 2595 859 2632 sua:
887 2585 1093 2654 modum
1111 2584 1429 2654 imponeret.
1463 2582 1700 2636 Daliatur
1733 2583 1876 2637 enim
1914 2584 1961 2637 ei
1990 2579 2084 2636 nc-

520 2648 665 2722 casio
691 2651 948 2703 curaudze
977 2648 1215 2706 avaritiae
1233 2694 1248 2717 ,
1275 2661 1330 2708 et
1362 2653 1669 2722 mitigandae
1697 2656 2082 2722 concupisccno

521 2717 648 2792 tite:
676 2735 862 2792 verum
890 2723 976 2792 ille
1005 2724 1141 2778 hanc
1169 2717 1507 2779 oceasionetu
1535 2724 1635 2778 sibi
1663 2726 1824 2779 vertit
1867 2717 1920 2777 in
1955 2739 2082 2792 per-

521 2788 735 2864 niciem,
773 2789 886 2864 Deo
903 2791 996 2857 ita,
1020 2794 1229 2848 occulto
1252 2809 1347 2847 suo
1369 2792 1592 2862 judicio,
1630 2788 1991 2864 permittente,
2027 2805 2085 2851 tit

520 2856 576 2912 in
607 2874 674 2913 eo
700 2856 1039 2928 ostenderet,
1083 2879 1242 2932 quam
1295 2856 1590 2930 periculosa
1631 2856 1702 2919 sit
1739 2856 2081 2933 pecuniarum

521 2933 772 3002 tractatio
808 2941 868 2988 et
889 2989 892 2993 ,
913 2948 1074 3002 opum
1106 2935 1450 2990 abundantia.
1505 2936 1753 2992 Secundo
1784 2937 1953 2990 voluit
1979 2937 2085 2990 Do-

523 3001 701 3075 minus
730 3002 830 3075 hoc
847 3001 1011 3075 etiam
1039 3007 1397 3071 betielicio,ut
1423 3016 1477 3068 et
1503 3007 1624 3060 aliis
1656 3008 1862 3075 multis,
1889 3006 2079 3061 ludam

522 3070 620 3124 sibi
651 3071 939 3146 devincire,
957 3085 1010 3130 et
1038 3077 1102 3130 ad
1130 3077 1212 3131 sui
1233 3070 1468 3130 artiorem
1497 3077 1735 3140 allicere,
1764 3087 1818 3132 et
1837 3070 1868 3132 ιι
1893 3093 2083 3146 perpe-

2198 1746 2321 1803 rnox
2351 1731 2620 1803 corruisse
2647 1739 2697 1784 et
2725 1731 3049 1803 eXSpirasse,
3083 1741 3137 1787 et
3159 1743 3223 1787 aa
3250 1734 3556 1803 sepulcrum
3583 1735 3794 1797 delatos

2188 1801 2374 1856 fuisse.
2407 1799 2511 1856 Sed
2539 1799 2826 1854 difficultas
2858 1811 2936 1854 est
2968 1817 3033 1857 an
3060 1803 3249 1858 Petrus
3270 1799 3398 1860 vere
3423 1817 3474 1858 et
3500 1805 3794 1863 efﬁcaciter

2189 1887 2283 1953 eos
2313 1871 2642 1953 interfecerit
2691 1875 2745 1953 e_t
2794 1879 2969 1953 morte
3012 1877 3395 1953 mulctarit,_ut
3440 1876 3528 1932 hic
3577 1878 3792 1953 dicitur.

2189 1943 2322 1996 Nam
2356 1943 2541 2016 Patres
2574 1944 2672 1997 hac
2698 1943 2768 1997 de
2793 1943 2854 1997 Fe
2895 1943 3258 2016 diversimode
3305 1948 3620 2016 loquuntur.
3671 1951 3794 2004 Ori-

2188 2029 2351 2086 genes
2374 2014 2515 2070 enim
2551 2022 2698 2086 putat
2722 2030 2827 2086 non
2861 2028 2980 2086 esse
3006 2015 3165 2084 Petro
3211 2014 3591 2086 ascribeudum
3645 2022 3793 2073 Atia-

2190 2081 2294 2139 iiiie
2321 2081 2625 2149 interitum;
2659 2084 2751 2138 sed
2779 2081 3038 2139 Ananiam
3068 2081 3172 2140 non
3205 2085 3525 2142 sustinuisse
3558 2090 3795 2145 acrimo-

2188 2156 2330 2208 niam
2354 2155 2640 2209 verborum
2666 2153 2833 2221 Petri,
2871 2159 3173 2222 praesertim
3207 2158 3420 2212 illorqu
3450 2177 3461 2210 :
3495 2160 3600 2214 Cur
3628 2170 3795 2215 tenta-

2187 2227 2258 2278 vit
2287 2226 2630 2298 Satattascor
2655 2235 2834 2293 tuum,
2868 2238 2998 2290 etc.,
3049 2229 3390 2298 atqueadeo
3438 2229 3543 2286 illis
3589 2233 3793 2288 auditis

2189 2312 2300 2370 prie
2328 2297 2754 2370 tiimiohOrrore
2782 2307 2832 2370 et
2860 2299 3020 2370 opimi
3047 2297 3554 2370 angoreitnortuum
3599 2305 3791 2358 conci-

2188 2367 2354 2445 disse.
2389 2367 2633 2445 Audiens,
2661 2368 2833 2445 inquit
2854 2365 3050 2445 (Ti-act.
3075 2365 3187 2424 8in
3219 2369 3456 2445 Matth),
3483 2374 3588 2425 hwc
3613 2380 3788 2445 verba,

2187 2439 2300 2490 ideo
2341 2441 2522 2509 cadens
2561 2433 2834 2508 exspiravit
2851 2433 3040 2509 .'-qttod
3080 2457 3181 2493 non
3221 2433 3464 2495 sustinuit
3517 2433 3794 2507 reprchen1

2187 2509 2381 2582 sionem
2410 2507 2588 2582 Petri;
2610 2507 2698 2562 sed
2720 2507 2978 2582 cruciatus
2999 2513 3126 2564 adeo
3152 2511 3206 2564 in
3245 2529 3301 2566 se
3339 2523 3412 2565 est
3458 2515 3698 2582 punitus,
3743 2527 3793 2570 ut

2187 2581 2343 2633 etiam
2396 2581 2696 2647 exspiraret.
2750 2581 2951 2636 Eodem
3002 2582 3163 2638 modo
3209 2584 3408 2638 sentire
3459 2583 3675 2638 videtur
3731 2588 3787 2641 D.

2188 2649 2568 2721 Hieronymus,
2598 2650 2723 2703 dum
2753 2649 3028 2721 Porphyrii
3061 2651 3382 2708 calumniam
3426 2652 3670 2709 refutans
3721 2659 3790 2710 ait

2188 2719 2293 2790 (Ad
2322 2719 2698 2796 Demetriadem
2726 2719 2875 2789 epist.
2910 2724 2963 2789 8)
2992 2740 3003 2774 :
3043 2721 3335 2796 Apostolus
3363 2722 3547 2796 Petrus
3593 2743 3790 2796 nequa-

2187 2807 2340 2867 quam
2380 2793 2688 2867 imprecatur
2715 2796 2807 2867 ‘eis
2849 2804 3092 2867 mortem,
3136 2804 3193 2847 ut
3232 2795 3420 2848 stultus
3459 2793 3790 2867 Porphyrius

2187 2863 2550 2927 calumniatur,
2582 2864 2671 2915 sed
2703 2861 2798 2923 Dei
2817 2863 3080 2934 judicium
3125 2867 3422 2934 praphetico
3462 2861 3666 2933 spiritu'
3701 2886 3792 2922 an-

2188 2934 2428 2998 nuntiat,
2470 2942 2525 2996 ut
2568 2950 2717 3004 paena
2759 2935 2978 2987 duorum
3016 2933 3280 2988 hominum
3310 2937 3374 2989 sit
3399 2937 3630 2990 doctrina
3657 2940 3792 2993 mul—

2189 3011 2377 3056 torum.
2413 3003 2697 3074 Dionysius
2726 3005 3109 3059 Carthnsianus
3133 3003 3289 3078 docet
3320 3006 3389 3078 ab
3432 3007 3623 3074 angelo
3669 3025 3793 3078 per-

2188 3089 2404 3146 cussum
2449 3077 2745 3146 Ananiam,
2776 3087 2826 3128 et
2867 3091 3087 3130 nitorem
3122 3076 3237 3146 ejus
3268 3076 3570 3144 Sapbiram.
3618 3076 3790 3135 Porro

522 3145 714 3218 trando
742 3146 1255 3218 scelere,quantum
1281 3148 1333 3202 in
1361 3163 1421 3203 se
1442 3159 1588 3216 erat,
1620 3143 1905 3213 revocat-ej
1938 3143 2080 3218 quod
2109 3148 2156 3212 (ζ
2187 3143 2477 3218 Cassianus
2501 3145 2601 3198 linc
2623 3146 2740 3199 loco
2758 3147 2890 3218 dicit
2913 3147 3128 3218 Petrum
3152 3143 3248 3203 eos
3272 3143 3444 3203 marte
3467 3151 3786 3216 mulctasse;

523 3212 595 3276 ei,
629 3225 683 3267 ut
709 3215 942 3271 maxime
970 3212 1075 3272 ﬁdo
1119 3229 1169 3272 et
1199 3219 1393 3280 charo,
1426 3212 1613 3278 curam
1665 3221 1742 3274 rei
1773 3212 2084 3276 domesticae

525 3285 914 3353 commisisset;
947 3290 1086 3342 sicut
1115 3289 1293 3344 solent
1324 3290 1613 3358 prudentes
1635 3290 1840 3344 domini
1867 3306 1959 3344 eos
1982 3292 2086 3347 sibi

521 3369 836 3431 teconomos
886 3358 1158 3431 deligere,
1191 3376 1418 3429 quorum
1455 3361 1576 3416 ﬁdei
1605 3371 1661 3416 et
1687 3362 1946 3431 probitati,
1973 3378 2083 3415 ma-

523 3424 667 3479 xime
699 3424 1101 3502 fidunt._'l‘ertio
1131 3424 1318 3502 puiant
1344 3431 1505 3501 aliqui
1531 3424 1816 3502 pecuniam
1846 3446 2087 3488 commu-

523 3511 646 3550 nem
691 3497 840 3553 Judrn
882 3499 1046 3556 fuisse
1075 3497 1450 3560 commissam:
1495 3497 1639 3570 quod
1666 3513 1810 3558 esset
1836 3503 2087 3556 minimus

522 3571 886 3642 apostolorum
915 3617 928 3641 ,
973 3581 1027 3628 et
1063 3572 1206 3627 inter
1241 3587 1334 3626 eos
1365 3572 1586 3627 minime
1620 3573 1953 3642 spiritualis:
1983 3577 2087 3628 sic-

521 3654 626 3714 que
672 3639 946 3714 Christum
986 3641 1184 3698 docere
1229 3643 1497 3705 voluisse,
1533 3639 1839 3714 hujusuiodi
1873 3646 2084 3714 negotia

522 3709 631 3782 illis
661 3713 838 3780 potius
863 3714 1249 3769 committenda
1277 3757 1291 3781 ,
1341 3715 1430 3782 qui
1461 3715 1526 3768 ad
1565 3709 1784 3770 meliora
1823 3725 1876 3768 et
1917 3709 2086 3770 subli-

523 3780 690 3855 miora
736 3795 935 3855 essent
981 3787 1156 3839 minus
1211 3780 1323 3855 apti
1358 3780 1374 3837 Ξ
1421 3786 1868 3853 quemadmodum
1921 3787 2085 3841 etiam

523 3849 816 3925 Apostolus
844 3854 1152 3909 Corinthios
1193 3849 1401 3909 monuit
1427 3849 1452 3908 τ’
1477 3855 1544 3910 Ut
1587 3857 1858 3911 secularia
1888 3857 2089 3925 judicia

519 3923 567 3973 si
587 3923 826 3998 haberent
848 3967 862 3990 ,
894 3927 1340 3998 contemptibiles.
1360 3928 1447 3996 qui
1474 3935 1639 3981 essent
1665 3929 1719 3980 in
1746 3923 1980 3982 Ecclesia
2009 3927 2087 3998 (id

521 4004 624 4070 e_s_t,
660 3994 714 4070 in_
753 3994 1473 4070 congregatiouegfidelium)
1505 3999 1866 4070 constituerent
1909 4001 1976 4070 ad
1995 3994 2090 4070 ju-

520 4063 801 4140 dicanduni
831 4066 872 4136 (Ι
895 4063 1015 4121 Cor.
1048 4068 1374 4140 Vl).AVCrlllll
1429 4063 1694 4133 praecipua
1720 4083 1782 4122 ac
1811 4063 2086 4136 potissima

520 4135 659 4209 ratio
705 4135 803 4209 fuit
841 4135 1044 4209 nostrae
1090 4135 1281 4193 salutis
1316 4137 1675 4209 dispensatio,
1712 4141 1780 4193 ob
1808 4135 1967 4209 quam
1997 4155 2091 4194 vo-

521 4203 620 4257 luit
648 4215 704 4261 et
733 4207 917 4263 debuit
951 4208 1133 4264 divina
1182 4203 1513 4277 providentia
1557 4203 1709 4263 ludat
1752 4203 2086 4277 impietatem

519 4285 575 4330 et
599 4279 895 4332 caecitatem
947 4281 1290 4346 permittere,
1336 4287 1393 4331 ut
1419 4288 1473 4332 et
1502 4278 1796 4348 Scriptura:
1827 4281 2088 4349 adimple-

521 4355 729 4423 reutur,
763 4357 817 4423 et
837 4349 1083 4405 Christus
1116 4351 1375 4404 Dominus
1405 4350 1472 4403 ab
1500 4365 1566 4404 eo
1590 4351 1816 4407 traditus
1844 4367 1943 4423 pro
1973 4367 2089 4406 oui-
2131 4372 2136 4377 ·

519 4417 665 4472 nium
717 4419 890 4475 salute
943 4432 1266 4476 moreretur.

591 4488 713 4578 3.0.
749 4490 1734 4578 H'iero'ny'musin.epitaphiolPaulaz:
1768 4492 2092 4578 consue-
2117 4517 2170 4578 D

521 4559 701 4635 tudine
741 4562 855 4635 plus
905 4559 1129 4617 habendi
1174 4559 1623 4634 locum'prtcberet
1673 4564 1940 4626 avaritiae,
1975 4581 2090 4635 quia

519 4630 677 4708 nullis
717 4630 949 4708 expletur
993 4636 1216 4704 opibus;
1253 4645 1299 4689 et
1324 4630 1517 4708 quanto
1563 4637 1785 4708 amplius
1829 4630 2087 4708 habuerit,

518 4703 637 4778 plus
659 4705 912 4778 requirit:
941 4719 990 4760 et
1019 4722 1178 4778 neque
1217 4703 1392 4778 capia,
1438 4723 1598 4776 neque
1618 4703 1796 4775 inopia
1823 4705 2090 4760 minuitur.

518 4773 583 4847 Et
617 4775 666 4825 iii
694 4777 919 4844 cpistola
951 4778 1015 4830 ad
1054 4773 1336 4831 Pauliuu'tn
1369 4773 1717 4847 :.Antiquum'
1743 4777 1939 4830 dictum
1981 4789 2092 4831 est:

518 4841 688 4917 ᾼυαιξο
728 4841 832 4899 tam
877 4849 1014 4901 deest
1068 4849 1206 4916 quod
1238 4849 1386 4901 habet
1414 4841 1563 4915 quani
1613 4849 1749 4917 quod
1795 4864 1895 4900 non
1923 4847 2092 4902 habet.

519 4913 757 4987 credenti
786 4927 919 4970 totus
939 4913 1164 4972 mundus
1193 4913 1491 4972 divitiarum
1520 4913 1634 4974 est}
1663 4919 1890 4987 inﬁdelis
1922 4930 2094 4972 autem

516 4985 669 5058 etiam
695 4989 841 5040 obolo
870 4988 1080 5058 indiget.

587 5055 614 5132 ξ’
641 5057 696 5110 ld
729 5069 833 5122 est,
867 5055 1114 5130 religiosa
1145 5069 1480 5132 paupertate,
1516 5071 1571 5114 ut
1597 5059 1795 5115 dictum
1819 5072 1902 5115 est
1929 5060 2093 5132 (Cap.

516 5126 633 5200 ait),
667 5146 760 5196 per
787 5147 942 5200 quam
972 5126 1503 5197 nudus—monachus,
1552 5132 1655 5186 hoc
1700 5141 1808 5197 est,
1851 5126 2098 5188 omnibus

515 5198 670 5254 bonis
716 5198 1100 5272 temporalibus
1144 5210 1199 5256 et
1244 5218 1427 5257 eorum
1479 5203 1757 5258 affectibus
1788 5203 2018 5256 nudatus
2045 5211 2100 5258 et

516 5285 729 5337 exutus,
759 5275 958 5327 nudum
980 5273 1253 5328 Clirismm
1279 5273 1540 5344 sequitur,
1575 5283 1631 5327 ut
1656 5275 1862 5344 monuit
1886 5274 1942 5344 D_.
1983 5273 2098 5327 Ilie-

515 5356 772 5414 ronymus
821 5359 977 5398 suum
1006 5345 1280 5399 Rusticum
1326 5342 1644 5415 monachum
1683 5343 1876 5415 (Epist.
1909 5342 2099 5415 b)._De

517 5413 804 5482 quaetiam
835 5415 1076 5470 nuditate
1106 5415 1335 5469 Joannes
1365 5413 1631 5468 Clituacus
1655 5413 1818 5481 gradu
1853 5415 1950 5468 l6:
1982 5413 2098 5466 Nu-

517 5484 672 5547 ditas,
705 5487 798 5552 ait,
832 5505 1003 5541 rerum
1029 5487 1253 5540 omnium
1285 5501 1525 5538 curarum
1548 5496 1622 5540 est
1661 5485 1929 5550 depositio,
1955 5501 2100 5538 secu-

517 5555 644 5607 ritas
672 5558 804 5624 vita,
833 5560 994 5610 viator
1019 5557 1249 5612 omnibus
1275 5558 1647 5625 impedimentis
1674 5555 1819 5620 liber,
1870 5558 2098 5609 maeroris

518 5627 778 5687 alienatio,
809 5630 1165 5682 mandatorum
1191 5629 1359 5698 ﬁdes;
1407 5627 1573 5679 nudus
1622 5626 1898 5680 monachus
1942 5628 2098 5681 totius

518 5698 709 5768 mundi
733 5712 804 5750 t‘st
834 5701 1104 5765 dominus;
1132 5711 1182 5754 et
1212 5701 1314 5752 alia
1343 5714 1461 5768 qua:
1492 5708 1809 5766 sequuntur.

593 5779 621 5842 (ξ
647 5767 827 5842 Refert
853 5770 912 5825 S.
939 5770 1107 5824 Lucas
1131 5771 1330 5842 (Actor.
1355 5767 1404 5835 v)
1436 5774 1688 5822 Atiauiaui
1716 5779 1769 5823 et
1791 5769 2093 5842 Saphiram,

519 5837 701 5898 audita
728 5840 873 5899 Petri
901 5837 1150 5906 Apostoli
1181 5841 1544 5908 increpatione
1570 5850 1627 5898 et
1652 5837 2093 5910 reprehensione,

2189 3228 2244 3268 et
2270 3216 2391 3270 alibi
2421 3216 2999 3288 expressius,§etisdetti
3025 3217 3317 3288 Apostolico
3347 3235 3432 3273 ore
3464 3230 3623 3274 morte
3653 3224 3792 3275 mul—

2189 3296 2350 3358 ctatos
2375 3287 2527 3358 fuisse
2550 3285 2701 3358 (Cap.
2737 3285 2823 3353 l9,
2856 3289 3036 3356 supra)
3061 3285 3081 3340 ε’
3102 3291 3293 3358 Quibus
3319 3290 3497 3344 verbis
3529 3292 3731 3348 indicat
3758 3310 3787 3348 a

2191 3356 2381 3420 Petro,
2402 3359 2505 3412 hoc
2533 3356 2656 3420 est,
2687 3359 2829 3431 Petri
2878 3356 3146 3431 verlioie‘t
3195 3361 3464 3430 imperio,
3515 3371 3786 3431 tamquam

2189 3442 2347 3481 causa
2379 3431 2597 3500 physica
2624 3439 2676 3483 et
2703 3430 3118 3497 iastrumentali,
3145 3440 3201 3484 ut
3232 3431 3536 3500 philosophi
3559 3430 3790 3500 loquun-

2192 3507 2302 3574 tur,
2345 3515 2465 3554 esse
2515 3501 2846 3574 interfectus.
2907 3499 3003 3554 Cui
3028 3500 3319 3574 suffragari
3363 3499 3575 3574 videtur
3601 3499 3789 3574 Augu-

2191 3573 2385 3633 stinus.
2424 3587 2516 3625 seu
2544 3573 2785 3640 quisquis
2812 3581 2999 3626 auctor
3028 3571 3120 3626 lib.
3159 3573 3226 3626 de
3254 3572 3582 3626 Mirabililius
3633 3571 3788 3630 scri-

2190 3651 2381 3709 ptune,
2416 3644 2500 3695 tibi
2528 3654 2601 3694 ait
2630 3641 2720 3711 (In
2751 3643 2854 3710 ﬁne
2881 3643 2968 3696 lib.
2999 3653 3244 3714 utLtom.
3275 3643 3338 3697 ΙΙΙ
3387 3643 3552 3714 oper.)
3586 3661 3600 3698 :
3648 3645 3789 3700 Ecce

2189 3721 2380 3778 quanta
2401 3723 2473 3762 est
2498 3716 2778 3780 apostolica
2802 3714 2957 3766 virtus
2981 3715 3032 3765 in
3055 3711 3260 3768 Christo
3284 3729 3302 3767 :
3331 3711 3513 3768 sanum
3533 3711 3789 3770 Anartium

2191 3779 2381 3853 Petrus
2405 3779 2592 3853 arguit,
2626 3794 2672 3836 et
2705 3799 2791 3851 per
2821 3785 3070 3837 sermonis
3097 3795 3295 3850 tantum
3325 3786 3592 3848 imperium
3617 3797 3789 3842 morte

2191 3851 2405 3925 ligavit;
2431 3851 2478 3906 et
2507 3853 2783 3907 Tabitham
2831 3857 3004 3908 mortis
3048 3856 3253 3908 vinculo
3291 3856 3557 3925 alligatam
3601 3859 3788 3912 eadem

2190 3923 2392 3996 imperii
2422 3934 2667 3993 potestate
2696 3925 2950 3979 dissolvit.
2985 3925 3048 3978 D.
3092 3923 3400 3996 Gregorius
3428 3927 3585 3981 etiam
3624 3942 3788 3988 eum-

2192 3993 2314 4048 dem
2345 3993 2737 4049 interfeetionis
2781 3996 2997 4049 modum
3048 3993 3277 4062 indicat,
3325 3997 3513 4051 dicens
3559 3997 3786 4053 Petrum

2193 4063 2531 4138 increpando
2547 4067 2758 4136 utrique
2779 4066 3001 4138 conjugi
3016 4068 3175 4119 vitam
3196 4068 3518 4138 abstulisse,
3552 4070 3640 4138 qui
3684 4069 3790 4124 Ta-

2194 4134 2358 4206 bitha:
2407 4136 2637 4190 reddidit
2672 4134 2910 4191 'orando.
2962 4136 3111 4192 Unde
3141 4137 3296 4206 (Lib.
3331 4153 3368 4192 tt
3393 4137 3536 4191 Dial.
3559 4134 3607 4192 ἑ.
3637 4141 3716 4195 50
3740 4152 3789 4196 et

2193 4203 2284 4274 3|)
2307 4205 2512 4274 colligit
2534 4249 2548 4270 ,
2582 4207 2799 4263 Sanctos
2828 4209 2958 4260 mira
2987 4211 3189 4273 operari
3211 4203 3407 4262 duobus
3451 4210 3608 4262 modis
3639 4227 3662 4264 :
3686 4211 3789 4264 ali-

2191 4278 2397 4351 quando
2425 4277 2655 4351 videlicet
2677 4295 2741 4332 επ
2767 4295 2931 4348 prece,
2962 4279 3241 4349 aliquando
3270 4295 3335 4333 ea:
3353 4289 3613 4351 potestate.
3643 4283 3789 4347 Quia

2193 4349 2349 4420 enim,
2381 4347 2573 4418 inquit,
2604 4347 2818 4420 utroque
2840 4351 2991 4404 modo
3019 4347 3583 4415 miraculaealtibeant,
3622 4362 3789 4406 testa-

2195 4426 2279 4490 tur
2310 4416 2516 4483 Petrus,
2547 4421 2634 4490 qui
2662 4416 2930 4474 Tabitham
2958 4431 3210 4474 mortuam
3259 4421 3455 4476 oranda
3497 4423 3785 4476 suscitavit.

2194 4486 2450 4564 Anartium
2471 4486 2587 4564 gero
2609 4503 2657 4546 et
2678 4491 2955 4563 Saphiram
2976 4493 3272 4564 mentientes
3292 4493 3444 4564 morti
3464 4493 3786 4564 increpando

2196 4561 2430 4634 tradidit.
2461 4559 2639 4634 eque
2665 4559 2797 4616 enim
2827 4579 2999 4617 orasse
3022 4563 3078 4615 in
3108 4578 3289 4616 eorum
3307 4559 3634 4617 exstinctions
3655 4566 3789 4634 legi-

2196 4641 2300 4694 tur,
2322 4633 2412 4685 sed
2435 4631 2751 4686 solummodo
2773 4635 2978 4701 culpam
2998 4648 3154 4699 quam
3183 4643 3588 4700 perpetraverant
3615 4631 3789 4690 incre-

2194 4717 2360 4775 passe.
2393 4701 2602 4775 Constat
2628 4720 2747 4774 ergo
2777 4707 2913 4770 quod
2947 4705 3227 4774 aliquando
3255 4704 3365 4758 haec
3405 4720 3469 4775 ea
3504 4713 3784 4775 potestate,

2195 4772 2474 4843 aliquando
2511 4790 2628 4828 vero
2662 4772 2894 4828 exhibent
2934 4792 2996 4828 ea:
3023 4772 3360 4841 postulatione
3389 4776 3405 4843 (
3430 4772 3550 4828 Vide
3581 4775 3645 4831 S.
3682 4775 3784 4830 Th.

2196 4840 2312 4914 2-2,
2341 4860 2394 4912 q.
2431 4843 2550 4910 l'l8,
2579 4863 2630 4898 a.
2666 4846 2717 4910 ί,
2748 4848 2814 4899 ad
2845 4847 2918 4906 li.
2953 4840 3075 4899 Haec
3101 4840 3422 4914 Gregorius;
3459 4857 3786 4914 acpostmo-

2197 4912 2324 4965 dum
2354 4915 2516 4970 refert
2534 4916 2643 4970 duo
2663 4918 2918 4972 miracula
2945 4917 3052 4970 divi
3081 4912 3254 4972 Patris
3284 4915 3450 4970 nostri
3476 4912 3784 4981 Benedicti,

2197 4984 2423 5055 alterum
2455 5002 2520 5041 ex
2549 4997 2810 5055 potestate
2849 4991 3074 5054 factum,
3122 4988 3350 5040 alterum
3400 5001 3465 5042 ex
3507 4990 3784 5043 oratione.

2201 5053 2281 5107 Ex
2308 5058 2502 5125 quibus
2530 5053 2868 5114 manifestum
2898 5068 2981 5112 est
3003 5069 3287 5126 utrumque
3316 5066 3426 5112 tam
3453 5057 3788 5115 interfectio-

2201 5128 2284 5178 tiis
2312 5143 2468 5194 quam
2493 5129 2778 5184 locutionis
2804 5130 3018 5184 modum
3047 5127 3256 5183 admitti
3281 5142 3461 5195 posse,
3485 5145 3608 5183 cum
3633 5139 3787 5184 uter-

2199 5211 2304 5264 que
2351 5200 2518 5258 tirmis
2565 5200 2860 5254 rationibus
2905 5210 2960 5256 et
3005 5195 3416 5254 auctoritatibus
3461 5202 3690 5266 nitatur;
3729 5213 3788 5256 ut

2199 5269 2447 5341 videlicet
2475 5269 2681 5325 dicatur
2710 5270 2901 5327 Petrus
2927 5285 3140 5341 poenam
3171 5271 3359 5325 mortis
3385 5270 3662 5333 intlixi55e,
3695 5275 3786 5328 vel

2202 5340 2422 5409 physice
2446 5352 2502 5394 et
2525 5343 2817 5398 efﬁcaciter
2843 5340 2940 5396 ore
2968 5357 3066 5396 suo
3089 5341 3416 5410 apostolico,
3452 5357 3545 5396 seu
3579 5343 3777 5407 verbo,

2153 5423 2161 5432 '
2202 5422 2470 5479 tamquam
2499 5414 2674 5480 gladio
2702 5412 2932 5481 quodam
2958 5413 3252 5481 spirituali,
3279 5427 3375 5468 seu
3420 5413 3789 5469 instrumento

2199 5483 2428 5546 efﬁcaci,
2449 5498 2556 5552 quo
2580 5495 2636 5536 ut
2662 5483 2759 5538 Dei
2782 5483 3024 5538 minister
3046 5483 3310 5551 utebatur,
3343 5492 3399 5538 ut
3426 5484 3484 5538 ﬁt
3509 5487 3562 5538 in
3590 5484 3788 5540 Sacra«

2201 5556 2396 5609 mentis
2426 5555 2705 5618 Ecclesiai;
2755 5553 2836 5607 vel
2875 5553 3165 5622 inipr0prie
3212 5567 3268 5610 et
3307 5555 3581 5611 moraliter
3618 5558 3788 5609 dum-

2194 5635 2366 5690 taxat,
2396 5636 2505 5698 tum
2534 5626 2663 5698 quia
2682 5623 2995 5698 prophetico
3019 5627 3232 5694 spiritu,
3257 5636 3318 5680 ut
3341 5627 3491 5689 aitD.
3513 5627 3788 5698 Hierony-

2199 5713 2340 5764 mus,
2363 5696 2622 5766 judicium
2647 5697 2738 5750 Dei
2761 5712 2881 5750 mox
2909 5708 3218 5756 secuturum
3247 5698 3631 5765 pronuntiavit;
3660 5696 3784 5752 tuin

2199 5771 2322 5838 Quia
2368 5769 2513 5823 Deus
2560 5767 2704 5822 Petri
2753 5770 3034 5822 sententiae
3073 5783 3334 5833 annuens,
3363 5783 3500 5838 quos
3529 5770 3614 5826 ille
3643 5783 3787 5825 reos

2199 5855 2270 5897 ex
2310 5840 2492 5896 divina
2536 5838 2866 5897 revelatioue
2910 5839 3222 5911 redarguit,
3267 5843 3445 5901 statim
3488 5838 3785 5911 repentina
