3986 6320
267 297 363 395 sti

742 339 835 398 DE
873 307 1630 412 C(ENOBIOBUMJNSTI'I".
1672 334 1801 391 LIB.
1845 333 1954 392 VH.
1985 365 2055 378 —
2080 281 2170 393 13.3
2207 335 2475 396 SPIRITU
2518 337 3037 397 PHILARGYRME.

3427 339 3536 400 318

270 458 482 514 fecimus
507 458 856 516 mentionem
881 500 899 525 ,
943 459 1068 530 quia
1109 458 1212 514 sibi
1240 460 1511 531 quippiam
1535 457 1602 512 de
1632 439 1732 513 sua
1759 451 1842 512 fa-
1872 445 1925 520 Α
1951 471 2130 513 coram
2162 455 2464 514 hominibus
2499 457 2885 529 pmferentes,
2917 459 3113 515 affectu
3140 458 3537 531 concupiscen-

269 554 456 611 cultate
481 564 878 623 servaverant,
911 563 1084 608 morte
1114 552 1426 608 mulctavit:
1457 561 1514 608 ut
1546 539 1843 619 interitum,

267 661 420 718 quem
450 645 541 700 ille
565 646 715 700 ultro
745 645 852 700 sibi
881 659 981 716 pro
1014 655 1166 699 reatu
1196 643 1490 700 Dominicte
1529 641 1847 715 proditionis

270 739 553 804 intulerat,
599 737 655 791 hi
707 751 806 806 pro
855 737 1136 792 mendacio
1178 736 1486 805 cupiditatis
1534 737 1846 804 exciperent

265 829 465 902 (Actor.
497 830 576 899 v).
633 828 846 897 Quanta
889 827 1069 906 in'hoc
1097 844 1314 899 quoque
1353 828 1608 883 facinoris
1633 841 1697 881 ac
1719 840 1846 895 sup-

266 923 410 994 plicii
431 921 737 979 similitudo
767 915 1070 976 concurrit!
1103 922 1183 976 lbi
1211 937 1438 993 namque
1462 921 1844 991 philargyriam

262 1016 530 1084 proditio.
562 1009 652 1068 hic
685 1012 893 1068 falsitas
923 1011 1213 1068 subsecuta
1244 1024 1344 1068 est.
1379 1012 1458 1068 lbi
1487 1014 1690 1067 veritas
1721 1026 1845 1077 pro—

262 1102 427 1168 ditur,
461 1102 549 1158 hic
584 1102 853 1158 mendacii
894 1104 1097 1157 crimen
1138 1102 1460 1158 admittitur.
1513 1101 1666 1158 Licet
1695 1103 1841 1157 enim

260 1197 441 1266 cperis
471 1210 664 1250 eorum
719 1193 998 1249 dissimilis
1033 1193 1282 1250 videatur
1309 1192 1530 1250 effectus
1551 1235 1567 1260 ,
1595 1209 1736 1247 unus
1764 1201 1844 1247 ta-

256 1301 379 1342 men
430 1286 555 1342 ﬁnis
597 1287 650 1340 in
680 1269 911 1357 utroque
955 1288 1252 1342 concurrit.
1310 1287 1406 1342 Ille
1436 1275 1668 1358 namque
1701 1285 1844 1342 refu-

254 1379 412 1449 giens
443 1387 852 1449 paupertatem,
904 1395 1212 1445 resumere,
1242 1396 1364 1451 qua
1393 1381 1682 1450 abjecerat,
1715 1396 1843 1436 con-

253 1469 487 1539 cupivit;
519 1469 572 1524 bi
602 1485 673 1526 ne
701 1469 1183 1540 ﬂerentpauperes
1212 1513 1227 1536 ,
1272 1471 1340 1526 de
1377 1471 1678 1526 substantia
1720 1488 1836 1540 sua,

253 1578 411 1632 quam
450 1571 550 1617 aut
586 1563 848 1632 apostolis
877 1563 1077 1620 offerre
1111 1563 1364 1628 fideliter,
1407 1575 1500 1618 aut
1550 1574 1715 1618 totam
1761 1565 1840 1619 di-

254 1669 511 1724 spergere
542 1653 807 1709 fratribus
836 1652 1430 1724 debuerant,quiddam
1456 1657 1692 1713 retinere
1725 1666 1840 1712 ten-

257 1757 532 1803 taverunt.
566 1747 637 1802 Et
667 1747 793 1804 ideo
816 1749 1105 1818 utrobique
1131 1750 1376 1819 sequitur
1400 1751 1592 1804 mortis
1621 1749 1837 1805 damna-

1954 551 2043 606 tia:
2071 563 2254 606 coram
2282 547 2394 606 Deo
2422 549 2618 607 divites
2645 552 3113 636 comprobantur?

2505 663 2730 722 CAPUT
2769 665 2960 722 XXVI.

1984 757 2138 825 Quod
2167 757 2490 832 philargyria
2517 761 2714 832 lepram
2744 760 2931 814 anima:
2957 760 3145 829 inferat
3176 749 3486 828 spiritalem.

2016 853 2116 919 Qui
2159 850 2454 906 secundum
2496 851 2906 906 similitudinem
2954 849 3102 905 Giezi
3153 847 3247 922 (iV
3292 843 3426 922 Reg.
3475 847 3534 917 vi

1949 953 1977 983 ι
1999 945 2192 1014 spiritu
2219 959 2281 998 ac
2313 954 2492 998 mente
2520 942 2722 1011 leprosi
2747 957 2868 997 esse
2893 950 3208 1007 noscuntur,
3233 943 3322 1011 qui
3350 940 3534 994 mundi

1947 1039 2106 1109 hujus
2146 1037 2380 1094 caducas
2423 1036 2678 1106 pecunias
2706 1036 3095 1106 concupiscens
3130 1033 3422 1090 immunda:
3462 1033 3535 1087 le-

1947 1149 2059 1206 prae
2100 1131 2420 1202 contagione
2452 1145 2734 1200 respersus
2768 1136 2874 1184 est.
2923 1127 3026 1184 Per
3055 1142 3214 1198 quam
3241 1127 3397 1182 nobis
3425 1126 3538 1182 evi-

1945 1226 2082 1282 dens
2110 1223 2328 1290 reliquit
2356 1221 2690 1292 exemplum,
2719 1235 2935 1276 onmem
2961 1219 3196 1274 animam
3221 1217 3536 1289 cupiditatis

1945 1313 2066 1370 labe
2107 1313 2370 1385 pollutam
2410 1311 2638 1383 spiritali
2675 1311 2927 1367 vitiorum
2967 1312 3116 1380 lepra
3141 1310 3412 1381 respergi,
3438 1311 3540 1365 im-

1946 1403 2306 1478 mundamque
2349 1405 2492 1478 apud
2542 1405 2832 1461 Dominum
2877 1404 3102 1475 perenni
3147 1397 3534 1460 malediciione'

1943 1510 2203 1572 mpm”
2499 1565 2727 1626 CAPUT
2765 1567 2980 1624 xxvn.

1945 1661 2256 1717 Testimonia
2282 1664 2345 1717 de
2370 1661 2684 1734 Scripturis,
2722 1661 2907 1730 quibus
2943 1659 3538 1734 perfectionemhdeside-

1976 1750 2098 1788 rans
2118 1736 2354 1790 edocetur
2375 1749 2478 1788 non
2491 1732 2746 1787 resumere
2766 1747 2880 1802 quae
2901 1732 3206 1786 renuntians
3220 1732 3497 1786 abdicavit.

253 1842 358 1904 tio,
386 1842 512 1910 quia
547 1852 840 1910 utrumque
869 1842 1075 1896 crimen
1102 1841 1171 1896 de
1200 1841 1544 1924 philargyria:
1573 1842 1839 1896 radicibus
1870 1849 1917 1910 Β
2013 1849 2181 1921 Igitur
2219 1850 2263 1904 si
2291 1847 2647 1919 perfectionis
2681 1847 2954 1901 desiderio
2994 1843 3280 1903 dimittens
3308 1846 3491 1901 omnia
3518 1888 3533 1912 ,

252 1934 554 2006 pullulavit.
610 1933 796 2006 Itaque
836 1933 881 1991 si
926 1935 980 1990 in
1016 1951 1112 1992 eos
1147 1940 1235 2006 qui
1267 1952 1370 1991 nou
1402 1936 1604 1992 alienas
1633 1951 1835 1992 conou-

255 2029 464 2097 pierunt
509 2029 890 2094 substantias,
921 2029 1017 2085 sed
1054 2031 1286 2100 pr0priis
1321 2045 1546 2100 parcere
1584 2040 1828 2088 teutave-

248 2131 388 2186 runt,
418 2136 523 2176 uec
550 2121 792 2177 habuere
816 2121 1150 2178 desiderium
1173 2123 1510 2190 acquirendi,
1537 2124 1634 2177 sed
1663 2139 1834 2178 reser-

250 2213 408 2268 vandi
433 2215 814 2270 tantummodo
841 2214 1198 2285 voluntatem,
1223 2219 1488 2286 processit
1511 2228 1617 2271 tam
1642 2233 1829 2273 severa

246 2309 511 2363 sementia
548 2326 561 2360 :
595 2306 729 2378 quid
770 2308 1100 2364 censendum
1149 2307 1218 2364 de
1262 2308 1346 2363 his
1394 2309 1483 2380 qui
1535 2327 1828 2378 numquam

245 2414 523 2470 possessas
552 2401 810 2470 pecunias
829 2400 1050 2471 cupiunt
1071 2413 1424 2471 congregare,
1454 2411 1510 2456 et
1532 2402 1828 2458 nuditatem

1941 1951 2160 1997 secutus
2184 1956 2244 1996 es
2263 1939 2534 1995 Christum
2557 1939 2828 1994 dicentem
2847 1939 3176 2007 tibi(Mattlt.
3199 1941 3313 2010 ιιι)
3331 1957 3344 1993 :
3363 1939 3532 2006 Vade,

1937 2033 2109 2089 vende
2138 2032 2316 2089 omnia
2343 2047 2464 2103 quae
2496 2031 2684 2095 habes,
2712 2041 2764 2086 et
2791 2031 2858 2086 da
2893 2031 3237 2101 pauperibus,
3271 2039 3326 2085 et
3366 2031 3533 2085 habe-

1938 2126 2020 2184 bis
2065 2126 2372 2194 thesaurum
2422 2126 2473 2179 in
2519 2125 2692 2198 caelo,
2737 2134 2791 2179 et
2822 2125 2961 2187 veni.
2997 2139 3224 2194 sequere
3251 2139 3372 2188 me;
3407 2124 3534 2196 quid

1939 2219 2100 2273 missa
2119 2233 2282 2288 super
2305 2228 2544 2272 aratrum
2567 2230 2731 2270 manu
2756 2216 2981 2284 respicis
3003 2224 3175 2282 retro,
3205 2223 3263 2271 ut
3289 2201 3534 2284 ejusdem

1939 2309 2150 2364 Domini
2183 2324 2313 2363 voce
2344 2307 2536 2378 (Luca
2567 2323 2618 2362 ιι
2649 2317 2698 2361 et
2725 2309 2856 2378 mi)
2887 2307 3250 2376 pronuntieris
3280 2321 3385 2361 nou
3415 2321 3536 2361 esse

1936 2412 2091 2471 aptus
2128 2417 2291 2473 regno
2340 2387 2639 2456 caelorum?
2695 2397 2926 2470 bSuper
2979 2407 3176 2453 tectum
3225 2396 3534 2468 Evangelici

1320 2493 1574 2547 ALARDI
1615 2494 1846 2549 ΟᾹΖᾸΞΙ
1887 2493 2458 2550 COMMENTARIUS.

245 2593 415 2640 morte
444 2580 682 2652 punivit.
713 2578 980 2640 Caeterum
1011 2597 1075 2636 an
1103 2579 1203 2637 ista
1248 2597 1394 2636 mors
1441 2586 1686 2651 corporis
1725 2595 1839 2639 tan-

246 2665 358 2709 tum
398 2653 558 2708 fuerit
612 2662 666 2708 et
713 2654 1046 2716 temporalis,
1080 2669 1146 2707 an
1200 2669 1330 2708 vero
1375 2655 1534 2708 etiam
1565 2657 1757 2708 animae
1785 2663 1839 2709 et

251 2736 469 2789 eterna,
500 2739 609 2779 non
643 2739 748 2778 una
781 2721 964 2777 itidem
998 2725 1094 2777 luit
1148 2734 1388 2779 veterum
1442 2723 1659 2777 Patrum
1714 2741 1837 2779 sen-

252 2796 435 2850 tentia.
465 2794 617 2864 Quod
649 2795 1146 2864 enimsempiterna
1193 2807 1362 2848 morte.
1410 2796 1648 2848 mulctati
1694 2799 1832 2862 sint,

245 2863 532 2937 Cassianus
559 2882 673 2937 prm
704 2879 761 2920 se
794 2863 896 2918 fert
915 2865 1004 2937 his
1037 2865 1218 2920 verbis
1249 2865 1459 2936 (Collat.
1507 2866 1573 2921 18
1601 2883 1718 2932 cap.
1745 2867 1832 2937 7):

243 2935 428 2991 Beatus
467 2936 737 3004 apostolus
783 2936 1056 3008 pra’dictos
1103 2937 1218 2989 nori
1260 2935 1509 3008 facinoris
1557 2935 1834 3008 principes,

243 3025 340 3061 non
363 3009 683 3070 penitentia,
711 3023 814 3059 non
841 3006 948 3059 ulla
973 3023 1156 3077 passus
1181 3016 1250 3060 est
1274 3007 1622 3077 satisfactione
1641 3006 1835 3076 curari,

244 3081 327 3132 sed
346 3079 1056 3150 peruicioaissimumgermen
1080 3077 1233 3150 celeri
1258 3087 1416 3130 morte
1439 3079 1674 3150 succidit.
1699 3079 1838 3134 Alibi

245 3146 417 3204 tamen
436 3148 656 3219 (Collat.
675 3149 707 3200 6
729 3167 782 3203 ς.
799 3149 820 3200 l
837 3146 889 3216 l)
910 3149 1063 3219 aliter
1083 3148 1282 3202 sentire
1296 3148 1505 3218 etloqui
1532 3148 1767 3216 videtur,
1784 3159 1841 3204 ut

245 3217 582 3289 postmodum
609 3221 930 3276 referemus.
951 3218 1011 3277 ι),
1036 3217 1263 3272 Basilius
1277 3227 1331 3273 et
1355 3219 1492 3272 Beda
1517 3219 1570 3272 in
1594 3221 1837 3275 eamdem

243 3294 564 3346 sententiam
582 3291 864 3356 inclinant,
877 3299 932 3342 ut
950 3297 1137 3356 putent
1151 3304 1242 3342 eos
1258 3291 1308 3342 in
1324 3300 1577 3343 aeternum
1593 3291 1838 3360 periisse.

245 3361 418 3416 Basilii
434 3363 600 3416 verba
623 3371 748 3414 sunt
767 3360 909 3414 haec:
931 3359 1064 3426 Quid
1085 3377 1197 3414 vero
1211 3361 1436 3414 :lnanias
1451 3364 1473 3414 ?
1487 3359 1732 3431 numquid
1755 3361 1842 3416 ille

1943 2595 2110 2639 sextae
2140 2599 2258 2653 cap.
2294 2584 2382 2647 tl,
2416 2583 2519 2637 sub
2544 2596 2772 2652 persona
2805 2581 3014 2636 abbatis
3043 2575 3349 2653 Theodori:
3381 2582 3536 2638 Inue-

1943 2659 2142 2719 nimus,
2187 2651 2375 2724 iitquit.
2425 2651 2578 2707 etiam
2627 2670 2720 2723 pro
2763 2653 3030 2706 levioribus
3071 2651 3236 2719 culpis
3261 2655 3536 2709 nonnullos

1941 2727 2168 2779 eamdem
2214 2726 2389 2778 mortis
2428 2727 2494 2778 ad
2536 2741 2760 2792 praesens
2791 2724 3048 2794 excepisse
3075 2724 3398 2789 sententiam,
3433 2742 3535 2792 qua

1939 2808 2058 2850 sunt
2085 2807 2134 2850 et
2163 2796 2244 2848 illi
2275 2797 2438 2860 puniti
2467 2811 2594 2867 quos
2624 2795 2955 2868 pradicimus
2980 2794 3534 2868 exstitissesacrilega:

1937 2868 2379 2936 prterericationis
2404 2863 2679 2931 auctores;
2709 2877 2764 2919 ut
2792 2866 2988 2936 factum
3009 2866 3159 2918 estin
3189 2863 3282 2918 illo
3313 2868 3399 2934 qui
3420 2863 3537 2920 sab-
3597 2879 3604 2886 '

1940 2939 2056 2992 bato
2084 2940 2224 3010 ligna
2251 2940 2556 3010 collegerat;
2587 2936 2661 3010 vel
2684 2938 2738 2989 in
2786 2937 3092 3010 Anania‘et‘
3121 2936 3358 3010 _Sa_phira
3383 2977 3400 3003 ,
3449 2939 3536 3006 qui

1940 3006 2273 3081 parum’quid
2302 3006 2435 3061 clam
2464 3009 2528 3061 de
2556 3009 2838 3081 substantia
2868 3024 2963 3081 sua
2990 3006 3322 3081 inﬁdelitatis
3360 3023 3535 3062 errore

1941 3079 2294 3145 servaverant;
2328 3096 2428 3132 non
2453 3080 2589 3149 quod
2618 3079 2840 3149 cequalia
2866 3079 3055 3148 fuerint
3092 3079 3320 3145 pondera
3359 3096 3536 3148 pecca-

1943 3160 2130 3213 torum,
2165 3152 2255 3205 sed
2282 3152 2403 3218 quia
2431 3166 2573 3204 novre
2598 3151 3013 3222 transgressionis
3040 3162 3426 3220 praesumptor“
3453 3168 3536 3204 re-

1941 3224 2094 3293 perti,
2115 3223 2396 3276 debuerunt
2413 3222 2635 3293 prebere
2647 3222 2863 3284 cateris,
2881 3222 3306 3293 quemadmodum
3321 3223 3534 3288 peccati,

1943 3291 2015 3345 ita
2065 3295 2216 3345 etiam
2264 3291 2423 3363 paena?
2465 3308 2526 3345 ac
2551 3294 2761 3345 terroris
2790 3291 3109 3363 exemplum;
3140 3300 3197 3343 ut
3223 3293 3453 3362 quisquis
3479 3309 3537 3346 ea

1945 3311 2015 3345 ira
2065 3311 2216 3345 etiam
2299 3311 2423 3345 ante
2465 3311 2526 3345 ac
2551 3311 2761 3345 terroris
2790 3311 3109 3363 exemptum,-
3140 3311 3197 3343 su
3223 3311 3453 3362 quisquis
3479 3311 3536 3346 ea

1945 3364 2185 3429 deinceps
2213 3311 2456 3429 σίραιον-ε
2482 3373 2745 3426 tentasset,
2780 3374 2946 3414 nosset
2969 3360 3064 3414 sibi
3089 3363 3375 3415 secundum
3401 3380 3536 3416 eam-

245 3433 384 3486 aliud
411 3433 597 3500 fecisse
622 3408 1228 3500 maleficium-imperitum
1256 3443 1442 3504 ρης-ιον
1464 3434 1516 3484 id
1539 3408 1695 3485 uniim
1717 3451 1836 3504 pro-
1868 3408 1914 3472 C
1945 3412 2058 3488 dem
2085 3408 2325 3504 forrmdi'n,
2354 3450 2454 3502 qua
2482 3435 2560 3487 illi
2587 3408 2815 3486 damiiati
2838 3433 3205 3504 sunt,etiamsi
3226 3435 3278 3486 in
3300 3436 3536 3502 presenti

247 3514 352 3569 pter
381 3505 520 3573 quod
548 3503 727 3557 acerbe
745 3504 872 3554 adeo
898 3505 1172 3573 mulctatus
1199 3506 1306 3555 est?
1332 3502 1429 3556 Ubi
1453 3505 1607 3572 igitur
1624 3502 1835 3573 apparet
1867 3524 1870 3528 ·

244 3572 443 3643 gravem
492 3574 626 3627 adeo
669 3590 872 3642 paruam
920 3576 1078 3643 fuisse
1104 3572 1248 3625 illum
1276 3572 1664 3626 commeritum?
1691 3575 1835 3627 Prm-

245 3645 382 3698 dium
410 3661 562 3698 suum
593 3645 921 3705 vendiderat,
953 3644 1172 3713 pretium
1214 3646 1487 3708 attulerat,
1530 3646 1680 3710 idque
1719 3655 1835 3697 ante

245 3719 592 3782 apostolorum
624 3715 776 3784 pedes
801 3725 1047 3768 statuerat
1072 3731 1089 3766 :
1120 3725 1344 3768 attamen
1373 3715 1510 3784 quod
1541 3728 1733 3784 partem
1774 3717 1834 3770 de

246 3801 300 3838 eo
341 3789 477 3839 clam
520 3785 780 3840 malitiose
808 3787 1157 3854 compilasset,
1190 3798 1459 3854 propterea
1505 3786 1676 3838 eodem
1722 3787 1834 3854 ipso

246 3865 463 3920 tempore
489 3875 595 3912 una
627 3873 743 3910 cum
785 3873 944 3910 uxore
992 3867 1155 3908 morte
1197 3855 1444 3926 afﬁcitur,
1497 3873 1598 3909 non
1644 3857 1830 3927 dignus

246 3927 440 3982 habitus
466 3927 552 3999 qui
584 3929 648 3980 de
673 3929 873 3998 agenda
901 3927 962 3980 ob
990 3927 1274 3979 admissum
1302 3937 1563 3997 peccatum
1591 3930 1834 3995 perniten-

248 3999 314 4050 tia
342 3999 625 4068 quidquam
654 3999 934 4062 inaudiret,
963 4014 1061 4051 non
1092 3999 1179 4065 qui
1214 3999 1366 4065 spatii
1409 4000 1595 4051 saltem
1639 4007 1834 4051 tantum

247 4067 640 4129 nancisceretur.
693 4086 784 4137 per
827 4068 963 4138 quod
1002 4069 1078 4121 vel
1109 4069 1282 4121 leviter
1310 4069 1479 4121 animo
1510 4067 1759 4122 indoleret
1788 4079 1833 4122 et

248 4151 692 4209 compungeretur,
723 4156 824 4192 non
847 4141 932 4208 qui
961 4156 1156 4192 moram
1187 4141 1402 4208 denique
1424 4140 1492 4192 ad
1513 4156 1565 4192 se
1588 4141 1834 4193 redeundi

248 4212 401 4281 ullam
429 4214 747 4281 impetraret.
780 4210 903 4263 Haec
934 4209 1180 4264 Basilius.
1214 4211 1405 4263 Verum
1429 4224 1460 4264 e
1485 4211 1700 4264 diverso
1727 4225 1832 4264 non

248 4280 437 4336 desunt
461 4280 550 4335 alii
580 4295 771 4350 graves
800 4291 1072 4345 auctores,
1098 4282 1185 4350 qui
1215 4281 1373 4334 aliter
1401 4285 1657 4340 sentiant.
1693 4281 1838 4334 Ana-

248 4350 381 4404 niam
414 4353 666 4407 videlicet
695 4361 750 4406 et
779 4351 1064 4414 Saphiratn
1096 4353 1163 4406 de
1201 4363 1424 4422 peccato
1471 4366 1569 4404 suo
1617 4353 1668 4405 in
1721 4354 1835 4419 ipso

250 4423 427 4477 mortis
458 4421 690 4478 articulo
719 4424 1054 4490 paenituisse,
1085 4437 1146 4475 ac
1176 4421 1401 4491 proinde
1431 4431 1655 4476 mortem
1680 4422 1833 4475 dum-

249 4500 384 4547 taxat
397 4494 631 4548 subiisse
646 4494 1017 4562 temporalem,
1039 4508 1208 4562 eaque
1223 4495 1464 4562 expiatos
1477 4503 1704 4547 mortem
1719 4508 1835 4546 eva-

247 4564 378 4619 sisse
399 4565 807 4633 sempiternam.
833 4562 924 4618 Sic
952 4565 1209 4632 ()rigenes
1231 4564 1296 4617 de
1334 4565 1414 4616 his
1445 4579 1608 4632 agens
1632 4563 1832 4633 (Tract.

248 4633 348 4688 Sin
372 4631 590 4704 Matth.)
619 4653 629 4686 :
665 4631 842 4700 Digiti,
879 4631 1072 4704 inquit,
1104 4645 1249 4687 erant
1279 4636 1331 4686 in
1355 4636 1452 4687 hoc
1485 4631 1674 4687 sarculo
1709 4636 1835 4686 reci-

246 4715 662 4776 perepeccatum
685 4722 850 4769 suum,
886 4715 935 4757 ut
956 4703 1260 4758 mundiores
1289 4713 1467 4758 exeant
1492 4705 1554 4757 ab
1585 4704 1682 4756 huc
1708 4706 1828 4770 vita,

1933 3503 2240 3575 supplicium
2264 3504 2554 3572 lli/feratur,
2577 3507 2628 3556 in
2653 3505 2813 3574 futuri
2826 3503 3015 3575 judicii
3033 3504 3411 3557 examinatione
3430 3508 3535 3558 red-

1935 3573 2182 3629 dendum.
2214 3576 2336 3628 Haec
2368 3577 2459 3628 ibi.
2489 3573 2665 3645 Atque
2697 3575 2811 3627 haec
2858 3573 3074 3640 quidem
3123 3575 3390 3628 sententia
3416 3616 3431 3637 ,
3481 3589 3536 3629 ut

1936 3646 2118 3710 pietati
2149 3661 2210 3700 ac
2236 3648 2433 3700 divinae
2471 3645 2858 3700 misericordiae
2907 3645 3076 3712 magis
3121 3656 3489 3699 consentanea
3515 3689 3530 3711 ,

1935 3715 2170 3770 Baronio
2189 3719 2417 3784 aliisque
2437 3717 2790 3786 scriptoribus
2811 3714 3192 3786 ecclesiasticis
3218 3717 3388 3784 magis
3412 3732 3535 3785 pro-

1935 3787 2091 3840 batur
2119 3786 2274 3857 (Bar.
2315 3798 2436 3840 tom.
2471 3788 2510 3848 l,
2543 3784 2629 3840 an.
2661 3784 3000 3857 Christi“).

2009 3869 2032 3894 α
2066 3854 2137 3909 De
2170 3859 2316 3928 lepra
2343 3857 2606 3923 spirituali
2633 3857 2838 3924 juverit
2867 3855 2950 3928 hic
2981 3870 3047 3909 ex
3088 3854 3253 3928 Petro
3297 3857 3534 3910 Berclio-

1935 3928 2017 3982 rio
2052 3925 2298 3998 qumtlrim
2347 3938 2529 3982 nutatu
2570 3929 2743 3998 digna
2771 3926 3079 3998 ascribere:
3130 3925 3330 3992 Sicuti,
3363 3930 3535 3998 inquit

1935 3943 2017 3982 rio
2094 3943 2298 3983 ιιίειιτιηι
2347 3943 2529 3982 nutalu
2570 3943 2619 3981 ιιι
2664 3943 2729 3981 na
2771 3943 3079 3981 ascribere:
3130 3943 3330 3992 Dicult,
3363 3943 3534 3998 inquit

1935 3998 2025 4070 (In
2052 3945 2283 4056 (ltiction.
2317 3998 2506 4053 Moral.
2541 3943 2676 4052 verg.
2723 3995 2933 4070 Lepra),
2965 3998 3109 4070 lepra
3139 4000 3425 4070 corporalis
3469 4015 3534 4052 ea:

1935 4068 2147 4124 diversis
2171 4074 2337 4126 causis
2368 4072 2569 4135 oritur;
2593 4073 2665 4123 sic
2693 4070 2835 4140 lepra
2863 4068 3175 4140 spiritualis,
3197 4069 3389 4122 scilicet
3417 4087 3533 4140 pec-

1935 4152 2127 4203 catum,
2162 4143 2446 4196 rationibus
2477 4142 2630 4194 variis
2657 4137 3166 4213 generatur._0ritur
3183 4139 3338 4213 lepra
3363 4137 3530 4211 quan-

1935 4213 2100 4274 doque
2122 4229 2183 4266 επ
2211 4215 2538 4284 corruptione
2566 4209 2832 4284 sanguinis
2853 4250 2868 4274 ,
2914 4209 3252 4281 phlegmatis,
3290 4209 3532 4277 cholera,

1938 4283 2310 4338 melancholiw.
2347 4283 2408 4337 Et
2437 4289 2720 4336 secundum
2747 4283 2871 4334 istas
2900 4292 3120 4351 quatuor
3146 4298 3328 4335 causas
3358 4300 3532 4350 possu-

1935 4369 2048 4407 mus
2075 4355 2366 4426 intelligere
2391 4365 2608 4426 quatuor
2635 4368 2820 4421 genera
2852 4353 3008 4426 lepra:
3033 4351 3321 4426 spiritualis
3344 4393 3373 4426 ,7
3391 4353 3532 4426 scili-

1936 4433 2011 4494 cet
2059 4423 2359 4488 simoniam,
2389 4423 2678 4494 superbiam
2705 4463 2718 4483 ,
2769 4423 3089 4494 avaritiam,
3122 4424 3526 4479 immunditiam.

1940 4493 2078 4561 Quia
2103 4496 2292 4549 scilicet
2319 4511 2408 4562 per
2433 4491 2624 4565 lepram
2644 4502 2807 4564 potest
2833 4491 3050 4559 intelligi
3073 4493 3256 4565 horror
3275 4497 3526 4558 simonitc,

1937 4575 2104 4617 tumor
2153 4568 2434 4631 superbiae,
2481 4564 2642 4617 ardor
2685 4564 2941 4628 avaritia,
2988 4566 3120 4630 fetor
3165 4564 3526 4619 immunditiaz.

1936 4633 2144 4716 Deinde
2172 4639 2502 4716 possumus,
2531 4636 2598 4716 de
2627 4637 2771 4716 lepra
2794 4634 3053 4716 avaritiae,
3078 4634 3145 4689 de
3171 4651 3273 4716 qua
3301 4635 3390 4716 ltic
3414 4637 3530 4716 agi-

1937 4716 2040 4766 tur,
2077 4709 2145 4759 ita
2177 4707 2390 4761 subdit:
2428 4705 2598 4758 Tertio
2636 4704 2752 4758 dico
2794 4707 2932 4773 quod
2982 4704 3133 4757 homo
3182 4706 3525 4775 spiritualiter

247 4775 472 4848 mandati
501 4777 834 4847 castigatione
861 4777 956 4829 sibi
982 4775 1127 4828 illata
1151 4792 1239 4846 per
1260 4785 1470 4848 mortem
1491 4792 1826 4848 commitnem.
1857 4780 1909 4840 D
1935 4777 1994 4844 ﬁt
2027 4779 2256 4846 leprosus
2287 4795 2377 4848 per
2407 4775 2640 4830 avaritia:
2678 4778 2998 4846 gravitatem.
3016 4777 3177 4842 (Sicut
3199 4779 3333 4828 enim
3358 4778 3528 4846 lepro-

246 4846 471 4916 “ipsum
499 4845 665 4902 etiam
697 4848 759 4900 υ.
789 4848 1112 4916 Augustinus
1137 4845 1340 4900 sentire
1364 4846 1580 4900 videtur
1605 4845 1830 4916 (Contra

247 4918 650 4972 Parmenianum
695 4917 786 4970 lib.
830 4933 887 4971 ιιι
936 4934 1053 4981 cap.
1091 4916 1144 4985 1)
1172 4959 1185 4982 ,
1230 4918 1356 4970 dum
1416 4932 1578 4987 agens
1627 4917 1694 4971 de
1721 4918 1828 4974 Co-

245 4990 471 5053 rinthio,
519 5005 680 5053 quem
727 4987 927 5042 Paulus
966 4989 1179 5040 tradidit
1227 4987 1434 5041 Satante
1481 4989 1531 5040 in
1571 4988 1829 5044 interitum

244 5062 404 5114 carnis
433 5059 476 5131 (Ι
502 5057 623 5115 Cor.
654 5058 730 5128 v),
762 5057 832 5131 ita
864 5059 1096 5126 loquitur
1121 5077 1132 5110 :
1173 5058 1310 5124 Quid
1331 5074 1454 5131 ergo
1478 5058 1657 5131 agebat
1685 5059 1827 5129 Apo-

245 5131 419 5192 stolus,
444 5129 550 5184 nisi
577 5140 632 5182 ut
653 5145 753 5200 per,
773 5130 1032 5182 interitum
1062 5131 1231 5181 carnis
1262 5130 1415 5182 saluti
1452 5129 1662 5200 spiritus
1704 5146 1830 5183 con-

243 5201 462 5266 suleret;
496 5211 550 5254 ut
575 5203 678 5254 sive
703 5199 879 5272 aliqua
909 5216 1075 5272 paena.
1098 5199 1182 5272 (uel
1208 5211 1368 5254 morte
1388 5199 1672 5272 corporali,
1701 5204 1830 5256 sicut

243 5273 465 5325 Ananias
497 5281 542 5325 et
571 5288 702 5324 uxor
733 5271 841 5339 ejus
871 5281 986 5324 ante
1010 5268 1162 5340 pedes
1191 5269 1414 5339 apostoli
1448 5268 1588 5322 Petri
1629 5272 1825 5324 cecide-

241 5355 390 5408 runt;
421 5342 525 5396 sive
556 5359 646 5409 per
679 5342 1049 5410 pwnitentiam,
1078 5343 1318 5410 quoniant
1356 5341 1564 5394 Sataua:
1610 5342 1828 5396 traditus

240 5424 362 5476 erat,
395 5415 706 5468 interimeret
746 5413 798 5465 in
833 5429 884 5465 se
922 5410 1220 5464 sceleratam
1265 5413 1438 5483 carnis
1476 5413 1827 5483 concupiscen-

238 5484 390 5550 tiam,
437 5495 543 5538 etc.
589 5484 782 5538 Petrus
820 5483 977 5537 elium
1024 5483 1257 5536 Damiani
1286 5482 1380 5535 lib.
1411 5481 1477 5534 de
1506 5481 1825 5550 Contemptu

237 5555 420 5609 saeculi
470 5557 540 5610 ita
589 5555 780 5608 scribit
806 5570 818 5606 :
863 5553 1090 5605 Ananiae
1120 5563 1167 5606 et
1195 5552 1420 5624 Sapltira
1449 5554 1570 5620 quia
1600 5554 1752 5605 rudes
1779 5565 1826 5607 et

234 5628 303 5678 ad
331 5627 482 5693 ﬁdem
513 5627 577 5680 de
606 5642 740 5678 novo
765 5626 1044 5683 venientes.
1078 5633 1125 5677 et
1170 5625 1222 5676 in
1267 5625 1376 5691 ipso
1425 5624 1545 5691 ﬁdei
1589 5624 1821 5678 tirocinio

233 5698 613 5767 quodammodo
639 5696 942 5765 simpliciter
968 5704 1316 5767 peccaverunt,
1343 5694 1817 5767 districtoquidem,

233 5765 321 5821 sed
347 5770 426 5834 pio
445 5771 674 5850 g'ullicm,
709 5768 840 5830 sola,
869 5775 919 5818 ut
943 5766 1357 5850 credimushsunt
1397 5765 1622 5850 corporis
1663 5776 1821 5845 morte

230 5834 480 5895 mulctati.
507 5840 568 5896 lu
597 5838 849 5895 eamdem
863 5839 1183 5892 sententiam
1201 5837 1490 5892 Cassianus
1514 5834 1819 5892 collationis

1933 4864 2020 4900 sus
2061 4858 2132 4900 est
2169 4853 2340 4920 gravis
2381 4857 2427 4900 et
2476 4849 2815 4914 ponderosas,
2849 4857 2894 4900 et
2920 4849 2970 4900 in
2995 4861 3152 4920 carne
3176 4849 3327 4920 sentit
3352 4848 3529 4912 pruri-

1935 4926 2042 4970 tum
2074 4927 2119 4970 et
2149 4918 2419 4983 ardorem;
2451 4920 2523 4970 sic
2555 4934 2739 4970 avarus
2764 4927 2836 4970 est
2861 4918 3047 4984 grauis,
3081 4925 3128 4968 et
3154 4919 3221 4969 ad
3249 4926 3450 4970 terrena
3478 4927 3526 4971 et

1936 4991 2237 5059 temporalia
2269 4991 2567 5053 inclinatus,
2599 4999 2646 5042 et
2681 4990 2863 5041 ardore
2894 4988 3126 5040 avaritia:
3167 4988 3410 5059 continue
3442 4989 3525 5041 in-

1933 5058 2246 5130 ﬂammatus.
2287 5061 2434 5114 Unde
2463 5061 2672 5130 proprie
2693 5060 2910 5113 auaritia
2933 5070 3005 5112 est
3032 5060 3175 5126 lepra
3199 5058 3525 5130 qumdicitur

1934 5127 2285 5201 elephantine,
2313 5148 2429 5201 quae
2459 5127 2520 5182 ea:
2545 5132 2756 5184 humore
2774 5145 2951 5198 grosso
2969 5140 3136 5201 terrea
3159 5138 3206 5181 et
3229 5127 3522 5201 melancho-

1935 5199 2036 5253 lico
2061 5198 2352 5270 generatur,
2386 5212 2433 5254 et
2456 5201 2574 5254 ideo
2604 5201 2864 5268 elephanti
2889 5198 3105 5251 animali
3126 5241 3139 5258 ,
3177 5199 3322 5269 graui
3339 5238 3356 5261 ,
3393 5216 3524 5270 pon-

1934 5271 2114 5323 derosa
2129 5283 2176 5325 et
2199 5272 2590 5334 melancholico,
2618 5273 2706 5340 qui
2733 5272 3229 5339 scilicet-postquam
3259 5269 3521 5333 ceciderit,

1933 5358 2036 5395 non
2067 5353 2231 5406 potest
2257 5360 2492 5414 surgere,
2519 5339 2868 5412 comparatur.
2902 5342 3026 5394 llaec
3051 5339 3141 5393 ille
3175 5348 3229 5394 et
3259 5340 3359 5393 alia
3401 5356 3522 5410 qua:

2035 5428 2250 5466 uuutur.
3001 5451 3008 5458 -
3343 5423 3354 5432 ’

1931 5426 1993 5467 se
2035 5428 2250 5467 utmtur.
3001 5451 3008 5458 -
3343 5426 3354 5432 ’

1937 5513 1950 5551 χ
1995 5429 2030 5520 (ἐ
2061 5483 2274 5538 Moralis
2301 5485 2492 5539 allusio
2519 5486 2584 5539 ad
2612 5485 2762 5538 illum
2797 5483 2968 5535 lucum
2996 5479 3158 5535 Lucae
3205 5496 3313 5535 xvu
3356 5495 3478 5551 cap.
3505 5500 3518 5537 :

1930 5550 1996 5606 In
2022 5554 2116 5608 illa
2140 5555 2244 5621 die,
2275 5557 2363 5625 qui
2389 5557 2540 5625 fuerit
2569 5557 2636 5625 iis
2649 5563 2796 5625 tecto,
2828 5561 2876 5604 et
2902 5568 3023 5606 vasa
3049 5555 3162 5624 ejus
3187 5553 3240 5606 in
3265 5550 3436 5616 domo,
3461 5569 3522 5606 ne

1929 5627 2198 5679 descendat
2231 5623 2411 5678 tollere
2447 5626 2557 5679 illa.
2591 5623 2657 5677 Et
2685 5624 2770 5688 qui
2824 5625 2877 5676 in
2929 5623 3075 5694 agro,
3128 5625 3366 5678 similiter
3416 5640 3519 5677 non

1927 5699 2099 5767 redeat
2123 5704 2276 5749 retro.
2315 5697 2422 5750 Hoc
2450 5707 2564 5762 est,
2600 5697 2766 5767 inquit
2793 5694 2854 5748 D.
2887 5697 3200 5748 Ambrosius
3231 5695 3372 5767 (Lib.
3403 5695 3436 5750 8
3466 5696 3518 5748 in

1925 5765 2171 5835 Lucum),
2205 5767 2266 5822 Si
2296 5771 2408 5835 quis
2438 5768 2701 5835 superiora
2733 5765 2910 5820 domus
2939 5783 3047 5821 suae
3087 5765 3517 5834 eminentiumque

1921 5834 2168 5896 virtutum
2187 5836 2388 5894 culmen
2407 5834 2656 5907 ascendit,
2674 5838 2742 5891 ad
2766 5849 2971 5894 terrena
2989 5840 3171 5894 mundi
3193 5839 3347 5910 hujus
3359 5853 3516 5908 opera
