3986 6320
497 319 610 379 519

1823 316 2108 377 JOANNIS
2139 317 2460 378 CASSIANI

3655 318 3768 387 εἶθ

496 433 744 491 culminis
769 434 1061 504 stabilitus,
1089 435 1218 507 quid
1245 433 1530 491 descendis
1553 433 1745 490 tollere
1771 432 1971 505 aliquid
2012 432 2160 506 deoA
2187 433 2514 502 parvissimae
2542 432 2830 504 cujuslibet
2855 433 3007 504 stipis
3033 435 3088 490 in
3117 433 3280 491 corde
3307 443 3493 491 nostro
3519 436 3765 498 residere

497 527 658 583 domo
689 537 803 595 tua,
832 543 900 582 ex
925 529 1008 584 his
1035 529 1282 584 videlicet
1315 543 1435 598 quae
1475 536 1632 583 antea
1668 527 2080 598 contempsisti?

495 617 832 674 Constitutus
858 620 910 674 in
941 635 1071 692 agro
1095 630 1254 691 atque
1276 621 1593 691 operatione
1619 621 1905 686 virtutum,
1949 619 2078 682 sub-

493 713 692 767 stantia
719 712 927 778 mundi,
957 728 1061 784 qua
1091 722 1144 769 te
1171 714 1487 771 rennntians
1517 713 1757 785 spoliasti
1777 755 1792 779 ,
1832 712 1962 784 quid
1993 728 2080 768 re-

493 818 722 861 currens
747 805 936 860 niteris
960 807 1241 861 revestiri'?
1267 807 1321 863 Si
1349 822 1478 862 vero
1497 814 1815 877 paupertate
1833 820 2080 876 praiven-

493 907 580 951 tus
603 896 733 952 nihil
753 897 893 967 quod
914 897 1215 955 dimitteres
1236 900 1492 964 habuisti,
1517 901 1685 954 multo
1707 899 1884 953 minus
1904 898 2083 969 acqui-

493 1003 614 1043 rere
637 988 805 1044 debes-
828 991 971 1060 quod
999 999 1154 1046 antea
1188 1007 1294 1047 non
1325 991 1634 1062 possedisti.
1663 991 1744 1048 0b
1763 991 1816 1046 id
1837 991 1977 1046 enim
2003 991 2078 1046 ita

493 1081 704 1137 Domini
752 1082 1011 1139 beneticio
1058 1096 1386 1157 praeparatus
1430 1102 1520 1155 es,
1573 1095 1634 1142 ut
1678 1087 1976 1156 expeditior
2009 1086 2076 1142 ad

491 1186 614 1228 eum
642 1173 802 1228 nullis
824 1177 1166 1244 pecuniarum
1188 1177 1391 1248 laqueis
1424 1177 1712 1248 impeditus
1739 1193 2074 1234 accurreres.

492 1263 871 1324 Verumtamen
900 1269 1082 1326 nullus
1111 1271 1164 1326 in
1195 1271 1296 1328 hoc
1321 1288 1487 1343 egens
1516 1273 1830 1343 frangatur;
1860 1283 1887 1312 ι
1919 1288 2078 1330 nemo

488 1365 575 1414 est
618 1359 791 1426 enim,
834 1362 925 1432 qui
966 1377 1074 1418 non
1120 1363 1316 1421 habeat
1341 1366 1482 1436 quod
1511 1365 1764 1421 dimittat.
1796 1366 2080 1424 Universis

489 1453 813 1508 renuntiavit
865 1454 1203 1513 facultatibus
1250 1458 1475 1528 mundi,
1527 1459 1772 1530 quisquis
1823 1457 2078 1515 ali‘ectum

487 1545 806 1615 possidendi
837 1562 930 1605 eas
955 1548 1214 1607 radicitus
1240 1552 1558 1623 amputavit.

990 1664 1019 1706 δ
1043 1667 1271 1725 CAPUT
1307 1668 1549 1726 XXVIII.

592 1755 744 1823 Quod
769 1755 1016 1832 adversus
1041 1759 1410 1832 philargyriam
1446 1763 1659 1817 victoria
1683 1777 1790 1817 non
1816 1762 1968 1818 aliter

864 1831 1025 1900 possit
1042 1831 1155 1886 nisi
1179 1831 1410 1888 nuditate
1435 1834 1693 1904 conquiri.

553 1917 682 1976 Hinc
705 1928 788 1977 est
814 1921 975 1992 igitur
1007 1922 1078 1979 de
1100 1923 1424 1996 philargyria
1453 1924 1690 1996 perfecta
1725 1925 1970 1994 victoria,
1999 1933 2062 1980 ut

2101 1841 2153 1906 B

2184 542 2288 581 non
2341 529 2580 580 sinamus
2634 527 2959 598 igniculum,
3014 530 3147 584 certi
3201 529 3344 598 quod
3396 531 3764 600 restinguendi

2178 635 2302 676 eum
2334 635 2436 674 non
2467 619 2778 676 habebimus
2808 623 3031 678 ulterius
3066 623 3413 690 facultatem,
3444 627 3490 680 si
3526 638 3761 698 quantu-

2179 711 2518 783 lamcumque
2553 711 2802 768 scintilla:
2840 713 2997 784 hujus
3032 715 3085 770 in
3125 714 3279 771 nobis
3306 717 3586 774 materiam
3612 717 3766 777 iove-

2178 803 2366 862 rimus.

2735 895 2960 954 CAPUT
2999 897 3191 955 XXIX.

2453 1010 2524 1066 In
2549 1027 2648 1082 quo
2676 1016 2956 1068 monastica
2983 1014 3190 1069 nuditas
3218 1015 3483 1072 consistat.

2250 1166 2420 1235 Qmm
2449 1167 2711 1243 virtutem
2739 1182 2845 1222 non
2874 1167 3007 1224 alias
3034 1167 3274 1226 retinere
3309 1169 3611 1227 valebimus
3650 1173 3764 1227 illi-

2178 1261 2380 1330 batam,
2411 1262 2515 1316 nisi
2545 1263 2598 1317 in
2643 1261 2973 1317 monasterio
3011 1263 3410 1330 consistentes;
3456 1264 3763 1322 secundum

2179 1356 2517 1428 Apostolum,
2553 1368 2575 1396 ε
2604 1356 2867 1432 habentes
2895 1358 3098 1416 victum
3125 1367 3182 1414 et
3205 1358 3482 1428 vestitum,
3517 1359 3602 1417 his
3627 1375 3766 1418 con-

2181 1449 2312 1507 tenti
2338 1449 2600 1507 fuerimus
2627 1449 2705 1523 (11
2735 1449 2866 1505 Tim.
2895 1449 2993 1523 νι).
3176 1452 3180 1456 ’

2752 1628 2980 1689 CAPUT
3014 1629 3187 1687 XXX.

2412 1765 2661 1821 Remedia
2685 1773 2868 1821 contra
2890 1765 3122 1821 morbum
3146 1765 3503 1838 philargyrice.

2239 1921 2270 1960 ά
2298 1920 2704 1977 Damnationem
2728 1934 2859 1992 ergo
2885 1921 3109 1978 Ananize
3131 1929 3187 1978 et
3206 1921 3452 1994 Saphirte
3474 1921 3674 1978 ’Actor.
3696 1925 3762 1979 vt

1548 2059 1807 2116 ALARDI
1843 2057 2080 2116 GAZEI
2115 2054 2681 2114 COMMENTARIUS.

479 2151 842 2224 nonaccedat.
870 2152 938 2207 Et
971 2151 1296 2224 Augustinus
1344 2151 1518 2224 lib."
1547 2153 1751 2220 Quaest.
1802 2152 2062 2224 Evangel.

477 2222 550 2292 (ο.
582 2221 712 2290 41);
743 2223 811 2277 In
837 2233 965 2278 tecto
987 2221 1083 2294 est,
1129 2223 1335 2294 inquit,
1380 2223 1469 2294 qui
1507 2225 1754 2279 excedens
1797 2221 2061 2288 carnalia,

477 2300 736 2364 tamquam
760 2295 815 2348 in
843 2311 973 2349 aura
1001 2293 1160 2349 libera
1178 2293 1478 2366 spiritaliter
1500 2297 1652 2359 vivit;
1671 2311 1792 2350 vasa
1815 2295 1869 2347 in
1890 2295 2064 2358 domo,

475 2376 594 2418 sunt
612 2381 789 2438 sensus
809 2365 1060 2431 carnales,
1078 2365 1261 2438 quibus
1278 2366 1346 2420 ad
1359 2366 1764 2438 investigandum
1781 2368 2062 2428 veritatem,

474 2451 588 2520 qua
605 2435 865 2520 intellectu
884 2435 1103 2520 capitur,
1126 2437 1275 2520 multi
1300 2446 1495 2491 utentes
1515 2435 1719 2520 pen-itus
1745 2445 2062 2520 erraverunt.

475 2505 666 2561 Caveat
713 2523 832 2579 ergo
879 2507 1130 2579 spiritalis
1173 2507 1359 2574 homo,
1410 2524 1473 2560 ne
1505 2505 1561 2562 in
1585 2508 1672 2562 die
1697 2508 2064 2572 tribulationis,

472 2592 648 2650 rursus
669 2577 1009 2650 vitacarnali,
1031 2594 1147 2650 qua:
1166 2595 1256 2643 per
1278 2594 1456 2634 sensus
1480 2579 1731 2650 pascitur,
1763 2579 2064 2646 delectatus,

471 2648 881 2731 ad‘vasahujus
908 2649 1088 2731 mundi
1116 2649 1410 2731 descendat.

545 2727 575 2757 ι
605 2719 752 2774 Scite
779 2719 833 2774 id
863 2719 1095 2788 explicat
1122 2719 1184 2772 D.
1213 2720 1542 2790 Augustinus
1574 2719 1627 2774 in
1656 2719 1920 2789 psalmum
1946 2735 2062 2785 cm,

473 2788 740 2861 docetque
771 2790 1042 2845 neminem
1073 2804 1195 2861 esse
1221 2788 1357 2847 adeo
1387 2788 1678 2860 pauperem
1719 2798 1776 2846 et
1815 2793 2060 2861 inopem,

469 2860 561 2928 qui
602 2876 708 2914 non
754 2861 920 2915 multa
955 2876 1054 2928 pro
1081 2859 1298 2916 Christo
1325 2859 1584 2924 dimittat,
1615 2862 1660 2915 si
1690 2859 2063 2930 paupertatem

469 2931 834 3001 evangelicam
860 2932 1236 3000 amplectatur.
1270 2932 1361 2987 Sic
1380 2934 1524 2986 enim
1553 2932 1700 2986 illum
1725 2933 1918 3001 psalmi
1938 2947 2063 2988 ver-

467 3001 700 3073 siculum
723 3019 738 3056 :
770 3001 892 3055 Illic
916 3017 1145 3073 passeres
1175 3001 1541 3070 nidiﬁcabunt,
1564 3003 1966 3072 interpretatur,
2006 3011 2065 3056 ut

467 3072 722 3142 ejusmodi
747 3072 1002 3144 passeres,
1032 3081 1208 3144 utpote
1233 3075 1444 3144 minuti:
1467 3074 1702 3134 aviculae.
1741 3075 1842 3127 sint
1869 3089 2068 3143 paupe-

467 3159 548 3217 res
574 3151 619 3217 et
653 3143 795 3213 parvi
811 3188 824 3210 ,
852 3144 938 3214 qui
964 3145 1307 3217 audientesgin
1335 3143 1631 3217 Evangelia
1652 3144 1871 3217 (Matth.
1900 3145 2015 3217 xix)
2045 3161 2060 3198 :

476 3211 660 3280 Vade,
701 3211 873 3268 vende
893 3215 1068 3268 omnia
1121 3230 1237 3284 quae
1280 3216 1433 3286 habes
1457 3211 1558 3280 ,ἐι
1599 3211 1669 3268 da
1706 3211 2058 3286 pauperibus,

466 3293 514 3338 et
545 3286 692 3350 veni,
723 3301 934 3355 sequere
962 3301 1071 3350 me,
1102 3294 1205 3340 toto
1244 3285 1300 3338 id
1333 3288 1504 3340 animo
1533 3285 1791 3355 amplexi,
1814 3285 2066 3340 decreve-

466 3364 584 3407 runt
608 3373 716 3427 non
732 3357 889 3427 jungi
914 3355 1181 3424 uxoribus,
1228 3372 1332 3410 non
1357 3360 1607 3410 macerari
1659 3373 1786 3410 cura
1810 3357 2058 3426 ﬁliorum,

2168 2148 2323 2203 limus
2344 2151 2399 2202 in
2411 2150 2546 2221 hunc
2567 2149 2856 2214 mundum;
2876 2147 2999 2204 Job.
3021 2161 3074 2221 t_:
3101 2147 3290 2221 Nudus
3307 2167 3540 2221 egressus
3554 2167 3670 2207 sum
3691 2156 3765 2210 de

2170 2231 2312 2294 utero
2339 2220 2518 2274 matris
2539 2235 2692 2294 meta;
2713 2228 2974 2294 quantum
2994 2218 3061 2274 ad
3085 2220 3268 2294 linem,
3290 2218 3410 2294 quia
3433 2239 3526 2278 nec
3545 2226 3765 2294 auferre

2168 2292 2293 2362 quid
2319 2307 2619 2362 possumus.
2646 2287 2860 2345 Psalmo
2905 2306 3085 2346 Lxxv:
3132 2287 3466 2347 Dormierunt
3511 2287 3761 2350 somnum

2168 2361 2343 2425 suum,
2371 2371 2419 2415 et
2447 2361 2579 2414 nihil
2607 2361 2908 2415 invenerunt
2937 2377 3112 2415 omnes
3135 2362 3232 2415 viri
3251 2363 3548 2418 divitiarum
3570 2366 3626 2419 in
3649 2383 3762 2422 ma-

2169 2433 2319 2486 nibus
2344 2437 2472 2488 suis.
2504 2431 2627 2486 Job.
2661 2446 2805 2487 xxvn
2827 2447 2843 2485 :
2867 2430 3021 2485 Dives
3045 2448 3166 2486 cum
3195 2433 3479 2498 dormierit,
3512 2437 3644 2490 nihil
3673 2455 3766 2493 se-

2165 2520 2284 2558 cum
2305 2507 2538 2571 auferet;
2569 2503 2768 2571 aperiet
2798 2504 2974 2557 oculos
3002 2519 3146 2571 suos,
3177 2513 3225 2558 et
3253 2503 3384 2559 nihil
3407 2506 3647 2561 inveniet.

2239 2575 2268 2611 ίί
2296 2575 2704 2645 Damnationem
2725 2573 2840 2645 sive
2870 2574 3286 2645 mternamjvsiye
3305 2584 3752 2645 temporaneam;

2167 2643 2237 2698 de
2254 2660 2357 2714 qua
2382 2641 2545 2717 supra
2579 2643 2728 2717 (Cap.
2752 2643 2865 2712 25).
2896 2643 3084 2717 Solent
3112 2643 3211 2717 SS.
3231 2641 3442 2717 Patres,
3466 2641 3760 2717 νιος)οείιό

2169 2713 2395 2770 Ananiae
2425 2726 2478 2770 et
2501 2715 2746 2783 Saphirae
2768 2713 3020 2784 exemplo
3041 2724 3096 2768 et
3115 2713 3393 2772 horrendo
3415 2713 3608 2783 eiitio,
3630 2735 3763 2774 mo-

2168 2787 2374 2856 nachus
2408 2802 2439 2839 a
2470 2785 2819 2856 proprietatis
2863 2793 2937 2856 et;
2962 2787 3243 2856 peculatus
3272 2787 3402 2842 vitio
3432 2789 3756 2846 deterrere.

2167 2855 2258 2912 Sic
2288 2857 2354 2910 D.
2384 2854 2614 2913 Basilius
2643 2871 2807 2909 serm.
2838 2857 2861 2910 l
2908 2854 2976 2910 de
3028 2855 3264 2911 Institut.
3303 2859 3698 2916 monachorum
3731 2881 3756 2916 :

2169 2927 2260 2999 Si,
2283 2928 2474 2996 inquit,
2505 2942 2597 2999 per
2623 2927 2867 2980 vitiorum
2902 2928 3306 2999 evacuationem,
3332 2930 3402 2983 ad
3433 2929 3532 2984 Dei
3557 2933 3760 2986 simili-

2167 2995 2401 3081 tudinem
2437 2995 2626 3052 animw
2652 3007 2840 3081 nostris
2867 2995 3217 3081 characterem
3259 3016 3568 3081 componere
3595 3003 3756 3081 nobis

2165 3069 2222 3122 in
2242 3071 2419 3123 animo
2442 3079 2538 3133 est,
2564 3077 2624 3140 et
2655 3072 2752 3121 hac
2779 3073 2980 3140 ratione
3007 3069 3554 3140 sempiternam’nobis
3577 3073 3754 3128 vitam

2166 3142 2455 3212 acquirere,
2488 3139 2659 3212 danda
2690 3139 2906 3212 omnino
2941 3140 3085 3212 nobis
3115 3139 3312 3195 sedulo
3358 3157 3517 3212 opera
3542 3152 3650 3209 est,
3686 3163 3756 3200 ne

2166 3211 2292 3282 quid
2319 3211 2634 3282 professione
2672 3218 2852 3282 nostra
2888 3210 3160 3282 indignum
3190 3210 3462 3280 faciamus,
3519 3231 3641 3267 neve
3676 3217 3757 3269 si-

2168 3280 2280 3334 mili
2308 3280 2462 3353 atque
2479 3280 2929 3353 Ananiasjudicio
2957 3281 3241 3353 eﬂciamur
3269 3283 3498 3337 obnoxii.
3536 3283 3751 3340 Licebat

2167 3354 2305 3404 enim
2345 3352 2498 3407 initio
2546 3352 3271 3420 Ananiapossessiunculam
3299 3369 3449 3407 suam
3477 3353 3588 3409 Deo
3631 3374 3752 3411 non

467 3441 572 3507 non
590 3422 781 3508 habere
804 3422 1041 3517 proprias
1058 3422 1224 3492 sedes,
1251 3427 1434 3497 quibus
1461 3422 1819 3517 (deligarentur
1832 3444 1851 3490 ;
1880 3429 1969 3510 sed
1985 3422 2062 3517 ire
2088 3452 2136 3517 ρ
2168 3422 2494 3517 polliceriac'
2517 3439 2701 3517 vovere
2721 3439 2741 3487 ;
2759 3423 2850 3517 sed
2880 3434 3151 3517 postquom
3171 3423 3411 3517 humano!
3440 3426 3619 3494 gloria:
3649 3444 3751 3480 cu-

465 3495 521 3549 in
551 3498 708 3550 vitam
753 3495 1025 3568 quamdam
1064 3495 1406 3568 communem.
1455 3495 1722 3564 Sed'quid,
1755 3499 1940 3568 inquit,
1971 3497 2056 3551 di-

468 3568 714 3622 miserunt
743 3569 828 3622 isti
857 3570 1125 3640 passeres?
1148 3567 1343 3640 Minuti
1371 3569 1504 3640 enim
1535 3569 1711 3624 swculi
1737 3567 1897 3640 hujus
1939 3586 2061 3637 pas-

463 3653 599 3692 seres
627 3639 886 3711 videntur.
918 3639 1056 3708 Quid
1077 3639 1427 3711 dimiserunt?
1455 3638 1592 3706 Quid
1623 3638 1865 3711 magnum
1905 3641 2059 3693 dimi-

463 3711 690 3788 serunt?
731 3709 880 3788 illius
908 3709 967 3764 se‘
985 3712 1232 3788 convertit
1275 3709 1508 3764 :dimisi't
1554 3709 1738 3766 cellam
1773 3711 1936 3788 patris
1975 3712 2059 3788 sui

464 3779 688 3850 inapein,
726 3782 812 3834 vis:
838 3797 998 3834 unum
1043 3780 1232 3835 lectum
1283 3789 1332 3835 et
1384 3797 1542 3834 unam
1580 3779 1783 3835 arcam.
1825 3779 1949 3835 Non
1976 3781 2057 3837 illi

460 3850 761 3904 insultemus
781 3868 801 3915 ;
825 3868 928 3905 non
948 3851 1180 3906 dicamus
1201 3852 1312 3907 illi:
1340 3850 1493 3906 Nihil
1521 3852 1782 3906 dimisisti.
1816 3851 1941 3905 Non
1968 3868 2058 3905 su-

461 3921 678 3988 perbiat,
710 3922 801 3993 qui
821 3923 984 3976 multa
1012 3923 1228 3976 dimisit.
1254 3921 1444 3976 Petrus
1463 3931 1519 3976 ut
1549 3933 1843 3993 sequeretur
1869 3922 2056 3993 Domi-

462 4005 606 4054 num,
640 3992 874 4063 novimus
899 3994 1039 4063 quod
1064 3995 1292 4062 piscator
1326 4003 1436 4046 erat
1459 4009 1480 4058 ,'
1507 3994 1846 4063 quid‘potuit
1883 3992 2056 4063 dimit-

461 4069 565 4114 tere
587 4063 612 4115 ?
636 4061 712 4133 vel
740 4062 896 4130 frater
911 4061 1032 4133 ejus
1059 4061 1295 4117 Andreas
1313 4103 1330 4129 ,
1387 4065 1466 4116 vel
1494 4064 1595 4132 ﬁlii
1618 4061 1853 4118 Zebediei
1888 4061 2055 4118 Joan-

461 4145 547 4202 nes
577 4141 624 4185 et
649 4130 894 4202 Iacobus,
919 4130 1076 4187 etiam
1104 4135 1205 4201 ipsi
1237 4130 1561 4199 piscatores;
1605 4143 1655 4188 et
1703 4144 1870 4187 tamen
1925 4136 2055 4202 quid

459 4201 751 4256 dixerunt?
780 4201 914 4257 Ecce
934 4219 1030 4256 nos
1056 4203 1346 4257 dimisimus
1377 4206 1568 4268 omnia,
1599 4213 1647 4259 et
1673 4207 1832 4259 secuti
1875 4201 2053 4262 sumus

459 4280 526 4324 te.
555 4271 680 4346 Non
729 4274 777 4346 ei
810 4274 955 4346 dixit
998 4271 1292 4346 Dominus:
1349 4273 1550 4328 Oblitus
1594 4291 1646 4329 es
1697 4285 2052 4346 paupertatem

460 4345 646 4417 tuam?
691 4345 816 4417 quid
850 4345 1114 4417 dimisisti,
1163 4353 1221 4398 ut
1262 4353 1424 4417 totum
1476 4345 1724 4400 mundum
1751 4347 2053 4417 acciperes?

458 4415 676 4486 multum
694 4415 911 4482 dimisit,
936 4415 1124 4486 fratres
1139 4417 1260 4483 mei,
1279 4415 1500 4469 multum
1510 4417 1727 4480 dimisit,
1755 4415 2051 4472 non—solum

456 4485 648 4559 dimisit
675 4485 1190 4559 quidquidhabcbat
1215 4527 1231 4553 ,
1267 4487 1355 4541 sed
1383 4487 1537 4542 etiam
1562 4489 1814 4559 quidquid
1863 4487 2052 4543 habere

456 4555 868 4627 cupiebat.Quis
887 4556 1025 4612 enim
1053 4574 1250 4627 pauper
1275 4574 1378 4611 non
1404 4555 1636 4612 tumescit
1675 4555 1731 4612 in
1755 4575 1846 4627 spe
1871 4561 2050 4613 seculi

456 4625 610 4700 hujus
641 4627 667 4680 .’
694 4626 821 4692 Quis
860 4644 965 4682 non
998 4625 1224 4700 quotidie
1265 4630 1404 4700 cupit
1455 4645 1639 4699 augere
1665 4625 1804 4700 quod
1846 4629 2045 4684 habet?

455 4693 574 4770 Is'a
601 4701 873 4770 cupiditas;
905 4693 1122 4770 pracisa
1145 4708 1236 4752 est.
1270 4693 1388 4752 Ibat
1421 4700 1473 4770 in
1497 4693 1820 4765 immensum,
1853 4703 2047 4768 accepit

455 4768 686 4834 modum,
719 4778 768 4823 et
796 4768 930 4823 nihil
978 4769 1250 4824 dimissum
1293 4771 1403 4824 est?
1432 4768 1659 4824 Prorsus
1703 4780 1868 4825 totum
1894 4788 2047 4825 mun-

454 4838 578 4909 dum
602 4839 798 4894 dimisit
828 4838 1036 4905 Petrus,
1059 4849 1111 4895 et
1138 4849 1300 4894 totum
1328 4842 1580 4894 mundum
1604 4841 1791 4895 Petrus
1819 4843 2036 4909 accepit.

456 4908 619 4984 Quasi
640 4908 773 4962 nihil
792 4910 1054 4984 habentes,
1076 4921 1125 4966 et
1149 4911 1328 4984 omnia
1344 4912 1662 4984 possidentes
1690 4913 1764 4984 (Il
1785 4911 1907 4984 σοι.
1937 4908 2034 4984 ix).

451 4974 528 5032 Ita
558 4979 748 5034 beatus
775 4974 1128 5049 Augustinus.
1157 4974 1367 5037 Similia
1395 4981 1460 5035 D.
1488 4974 1798 5038 Bernardus
1839 4983 1894 5036 in
1937 4974 2040 5037 De-

451 5049 668 5121 clamat.
701 5065 867 5120 super
887 5051 1018 5106 illud
1045 5068 1062 5107 :
1095 5051 1225 5106 Ecce
1251 5068 1346 5105 nos
1375 5052 1673 5121 reliquimus
1702 5055 1895 5108 omnia.

522 5118 552 5159 ι)
592 5121 708 5177 lloc
734 5118 895 5192 caput
923 5136 1047 5177 cum
1077 5123 1251 5180 tribus
1291 5118 1660 5194 sequentibus,
1687 5124 1833 5194 quod
1865 5123 2038 5177 brevia

449 5191 574 5260 sint,
608 5194 765 5264 simul
789 5191 839 5246 et
866 5209 971 5248 uno
1002 5201 1248 5264 contextu
1269 5191 1447 5264 jungit
1481 5191 1778 5264 Dionysius.
1813 5194 1891 5249 De
1933 5194 2036 5250 hac

449 5275 616 5331 porro
649 5263 917 5331 nuditate,
938 5278 1038 5320 seu
1065 5263 1316 5333 religiosa
1342 5263 1680 5333 paupertate,
1713 5273 1912 5331 praeter
1930 5265 2034 5318 alia

447 5335 700 5402 superius
737 5335 904 5390 allata
933 5333 1118 5390 videre
1154 5335 1342 5390 licebit
1387 5335 1658 5390 lsidorum
1699 5335 2031 5392 Pelusiotem

449 5404 546 5458 lib.
577 5420 616 5460 ιι
645 5406 807 5461 epist.
843 5405 966 5461 161.

472 5406 546 5458 ib.
577 5420 616 5460 ιι
645 5406 807 5461 epist.
843 5406 966 5461 161.

525 5442 548 5513 ε
577 5419 1100 5549 ιὶιὲιςὲδέᾉιξῗέιίιίιιιι
1118 5475 1245 5549 ali_bi
1266 5476 1624 5549 expendimus
1649 5477 1800 5549 (Lib.
1825 5491 1914 5549 tc.
1941 5475 2035 5547 3).

452 5545 754 5618 Annotavit
781 5557 1046 5618 praeterea
1076 5547 1139 5618 D.
1169 5545 1411 5618 '[homas
1455 5545 1728 5618 duplicem
1769 5545 2038 5606 rationem

448 5616 518 5670 ab
549 5614 813 5684 Apostolo
851 5619 1069 5673 allatam
1095 5617 1154 5672 in
1182 5615 1484 5674 Comment.
1522 5614 1619 5674 cur
1660 5620 1743 5675 his
1785 5620 2032 5685 duobus,

447 5703 653 5756 nempe
674 5688 821 5743 victu
851 5699 908 5744 et
934 5688 1161 5757 vestitu,
1193 5690 1437 5745 contenti
1465 5705 1588 5746 esse
1615 5691 1938 5746 debeamus:
1959 5691 2040 5744 al-

447 5768 622 5813 teram
644 5775 672 5813 a
692 5759 956 5828 principio
974 5760 1098 5814 vitae
1119 5769 1172 5813 et
1191 5761 1512 5816 conditionis
1534 5770 1748 5828 nostrae,
1769 5763 1990 5816 alteram
2007 5775 2038 5815 a

449 5829 596 5886 tine:
631 5840 890 5902 quantum
910 5829 977 5888 ad
999 5831 1345 5901 principium,
1373 5831 1569 5903 inquit,
1593 5833 1717 5904 quia
1741 5830 1875 5890 nihil
1903 5835 2044 5890 intu-

2164 3493 2382 3564 piditate
2405 3495 2670 3557 inductus,
2700 3493 2954 3563 quidquid
2973 3494 3032 3547 in
3061 3493 3208 3548 bonis
3235 3493 3474 3562 habebat,
3503 3513 3592 3564 per
3621 3515 3754 3563 pro-

2162 3565 2434 3638 fessionem
2462 3565 2566 3638 Deo
2595 3565 2932 3638 consecravit,
2951 3580 3052 3638 quo
3076 3565 3307 3638 videlicet
3334 3567 3536 3638 egregio
3559 3569 3753 3622 istius-

2161 3637 2302 3688 modi
2326 3637 2462 3706 facto
2487 3635 2750 3688 hominum
2772 3634 2836 3686 de
2863 3650 2917 3687 se
2946 3634 3343 3690 admirationem
3365 3634 3640 3703 excitaret,
3678 3642 3752 3695 de

2161 3707 2325 3773 pretio
2368 3716 2542 3761 autem
2592 3706 2780 3759 callide
2816 3715 2995 3777 postea
3030 3708 3200 3760 nescio
3244 3708 3382 3777 quod
3427 3710 3744 3776 intervertit,

2158 3779 2414 3850 eiusmodi
2455 3778 2722 3850 adversum
2759 3793 2812 3830 se
2855 3776 3266 3850 indignationem
3292 3777 3387 3850 ιζεὲ
3415 3782 3745 3850 provocavit,

2157 3849 2316 3918 cujus
2362 3847 2552 3903 Petrus
2596 3848 2834 3900 minister
2879 3847 3002 3915 fuit,
3031 3856 3137 3901 etc.
3179 3847 3269 3903 Sic
3316 3847 3385 3902 D.
3416 3847 3749 3906 Ambrosius

2157 3930 2325 3972 serm.
2353 3918 2420 3974 59
2453 3936 2467 3972 :
2494 3918 2824 3986 Exemplum,
2849 3919 2944 3986 ait,
2976 3919 3145 3972 avaris
3168 3920 3402 3974 omnibus
3428 3919 3482 3973 in
3523 3919 3750 3976 Anania

2156 3991 2486 4061 propositum
2511 3999 2612 4061 est,
2633 3997 2689 4061 ut
2715 3989 2803 4061 qui
2828 3989 3085 4061 ejusdem
3125 3990 3360 4043 criminis
3410 4007 3526 4044 reus
3550 3991 3745 4061 fuerit,

2155 4060 2388 4129 ejusdem
2439 4059 2687 4129 supplicii
2734 4060 2788 4111 in
2807 4059 3002 4129 judicii
3052 4058 3136 4112 die
3186 4061 3438 4115 sententia
3485 4058 3744 4129 feriatur.

2205 4131 2368 4185 rande
2387 4132 2542 4199 igitur
2572 4129 2762 4182 malum
2791 4141 2864 4183 est
2889 4130 3132 4195 avaritia,
3164 4131 3320 4183 immo
3346 4131 3597 4185 malorum
3623 4149 3749 4187 orn-

2157 4202 2301 4275 nium
2334 4201 2652 4275 origo,sicut
2678 4201 2753 4275 ait
2775 4199 3050 4275 Apoitolus
3073 4215 3092 4253 :
3113 4201 3294 4275 (india:
3312 4213 3487 4275 autem
3503 4205 3747 4275 omnium

2153 4270 2506 4326 malorum'est
2528 4272 2806 4338 cupiditas.
2834 4270 2854 4324 l
2876 4270 3016 4324 Tim.
3033 4287 3104 4326 vr.
3120 4271 3212 4327 Sic
3235 4281 3291 4326 et
3318 4273 3377 4327 D.
3403 4273 3747 4332 Benedictus

2152 4357 2276 4411 cap.
2305 4344 2372 4398 57
2402 4343 2642 4413 Regulae,
2687 4342 2755 4396 de
2804 4341 3104 4396 artiﬁcibus
3154 4343 3469 4397 nimiasterii
3509 4358 3682 4413 agens
3720 4364 3739 4406 :

2154 4413 2216 4468 Si
2243 4413 2391 4482 quid,
2421 4415 2516 4476 ait,
2549 4430 2614 4467 ex
2634 4413 2872 4481 aperibus
2900 4413 3165 4482 artiﬁcum
3192 4414 3605 4467 venumdandum
3629 4429 3742 4482 est,

2151 4484 2356 4538 videant
2393 4487 2495 4556 ipsi
2523 4501 2614 4552 per
2650 4499 2868 4554 quorum
2910 4485 3452 4556 manustransigenda
3491 4497 3632 4548 sunt,
3670 4504 3745 4541 ne

2150 4556 2371 4625 aliquam
2403 4554 2641 4624 fraudem
2683 4563 2998 4626 praesumant
3028 4554 3256 4622 inferre;
3283 4554 3743 4626 memorenturque

2149 4643 2348 4694 semper
2373 4628 2587 4680 Ananiai
2611 4635 2660 4680 et
2691 4625 2951 4694 Saphirce,
2978 4640 3039 4677 ne
3060 4627 3196 4692 forte
3217 4635 3434 4679 mortem
3460 4643 3616 4694 quam
3644 4625 3746 4681 illi

2147 4698 2200 4749 in
2229 4712 2445 4768 corpore
2473 4695 2816 4768 pertulerunt,
2839 4696 2974 4748 hanc
3000 4695 3108 4761 isti,
3143 4701 3222 4768 vel
3263 4712 3437 4768 omnes
3485 4699 3574 4766 qui
3621 4700 3738 4750 ati-

2147 4783 2302 4836 quam
2322 4766 2570 4837 fraudein
2594 4767 2656 4819 de
2683 4766 2834 4838 rebus
2869 4767 3167 4819 monasterii
3198 4767 3521 4838 fecerint,in
3542 4771 3741 4824 anima

2069 4826 2519 4918 Dpatian'tur'.'1n
2552 4852 2736 4918 quem.
2760 4835 2940 4918 locum
2997 4826 3372 4918 commentans
3423 4826 3741 4918 'Turrecre-

2147 4905 2329 4963 inatus
2359 4925 2373 4960 :
2409 4905 2788 4974 Harc,’inquit,
2818 4905 2979 4975 plana
3005 4916 3146 4972 sunt,
3174 4918 3222 4961 et
3261 4910 3575 4962 advertenda
3603 4910 3740 4975 plu-

2144 4982 2334 5032 rimum
2373 4977 2438 5032 ab
2481 4978 2561 5032 his
2603 4978 2691 5048 qui
2715 4993 2795 5031 res
2838 4979 3266 5049 monasteriorum
3297 4989 3630 5049 pertractant,
3665 4995 3740 5038 ut

2143 5060 2721 5121 cognoscantquantum_
2733 5049 3019 5121 periculum
3030 5048 3096 5121 sit
3116 5048 3395 5121 inﬁdeliter
3416 5051 3698 5120 fraudulen
3718 5086 3737 5095 -

2143 5119 2314 5192 terque
2342 5136 2423 5174 res
2450 5119 2742 5173 monasterii
2765 5129 2989 5192 tractare
3017 5134 3036 5172 :
3062 5119 3246 5186 infelix
3274 5119 3450 5192 plane,
3470 5123 3559 5192 qui
3587 5126 3737 5178 tanti

2142 5190 2365 5262 fulguris
2395 5192 2676 5262 tonitruum
2694 5205 2821 5262 aure
2837 5190 3000 5244 surda
3025 5193 3266 5262 praeterit.
3293 5191 3361 5245 Et
3389 5190 3737 5262 Smaragdus

2141 5261 2341 5318 ibidem
2377 5280 2389 5315 :
2420 5261 2583 5326 Peior
2603 5261 2762 5332 enim,
2789 5261 2981 5324 inquit,
3011 5270 3059 5314 et
3081 5261 3261 5314 durior
3291 5272 3364 5316 est
3397 5279 3535 5318 mors
3556 5261 3728 5332 quam

2142 5333 2381 5391 fraudem
2419 5331 2654 5401 faciendo
2676 5333 2911 5385 monachi
2955 5335 3220 5399 patiuntur
3258 5333 3314 5385 in
3339 5335 3537 5396 anima,
3561 5331 3735 5402 quam

2145 5416 2285 5458 mors
2297 5403 2528 5472 corporis
2539 5419 2690 5469 quam
2710 5405 2849 5472 passi
2861 5412 2978 5456 sunt
2995 5405 3220 5458 Ananias
3238 5415 3286 5457 et
3309 5402 3558 5471 Saphira.
3572 5403 3621 5458 ll
3631 5421 3732 5460 nr;

2140 5477 2275 5528 enim
2304 5475 2588 5542 corporalis
2616 5473 2842 5545 omnium
2866 5483 2940 5527 est
2968 5476 3251 5528 communis
3298 5485 3344 5527 et
3389 5475 3726 5545 temporalis,

2140 5561 2276 5600 mors
2317 5561 2417 5600 sero
2442 5545 2631 5598 animm
2651 5543 2934 5610 impiorum
2958 5553 3030 5597 est
3048 5554 3092 5596 et
3116 5555 3339 5610 aeterna;
3358 5547 3465 5600 haec
3486 5543 3732 5602 animans

2141 5617 2391 5688 disjungit
2420 5633 2450 5668 a
2477 5631 2709 5688 corpore,
2744 5615 2838 5688 illa
2864 5632 2977 5667 vero
3006 5625 3212 5678 separat
3242 5633 3272 5668 a
3299 5615 3574 5682 Creatore;
3605 5623 3732 5674 mea

2142 5684 2336 5754 corpus
2349 5688 2402 5739 in
2429 5684 2744 5756 sepulcrum,
2773 5684 2868 5737 illa
2899 5702 3014 5739 vero
3035 5687 3191 5739 mittit
3223 5689 3447 5741 animam
3468 5689 3523 5742 in
3549 5688 3726 5756 infer-

2140 5774 2285 5812 num.
2320 5757 2395 5810 Ita
2442 5757 2550 5810 illo.
2602 5756 2770 5809 Porro
2795 5756 2862 5810 ad
2892 5757 3204 5824 ampliorem
3238 5757 3397 5826 hujus
3439 5759 3538 5814 loci
3585 5759 3730 5814 illu-

2140 5831 2458 5893 strationcm
2520 5837 2823 5900 opportune
2893 5828 2980 5883 hic
3036 5828 3389 5899 subjicientur
3451 5830 3728 5890 nonnulla
