3986 6320
240 333 323 400 Sil

858 337 948 398 DE
985 337 1464 398 C(ENOBIORUM
1502 335 1744 398 INSTIT.
1786 335 1917 398 LIB.
1959 334 2189 398 VIII.-—
2217 341 2302 398 DE
2342 339 2612 402 SPIRITU
2652 341 2813 401 IIUE.

3381 345 3484 411 39.!

245 459 530 516 memoriter
575 459 902 525 retinentes,
946 435 1320 515 horrescamus
1368 458 1572 529 aliquid
1619 475 1686 514 ex
1719 471 1799 515 nis
1826 458 2098 524 Aminica
2132 458 2327 530 dirigi:
2374 465 2403 495 ⁸
2450 461 2660 530 Stulte,
2710 461 2811 518 bac
2857 470 3016 519 nocte
3059 463 3292 521 animam
3340 472 3486 524 tuam

245 567 496 609 reservare
535 568 662 621 qum
705 552 1074 608 renuntiantes
1101 554 1316 623 penitus
1345 551 1596 607 abdicare
1639 551 1804 606 devo—
1904 563 2153 624 repetunt
2195 570 2226 609 a
2271 565 2357 622 te;
2405 572 2523 625 quae
2569 565 2745 612 autem
2777 558 3117 628 prmparasti,
3144 558 3300 630 cujus
3326 569 3486 616 erunt

246 646 414 703 vimus.
464 643 619 702 Giesi
665 661 879 717 quoque
929 644 1029 716 (IV
1077 643 1205 716 Reg.
1256 645 1313 716 v)
1359 646 1802 716 pertimescamus
1903 645 2084 717 (Luem
2125 647 2264 718 sit)?
2305 647 2554 720 Nihilque
2599 649 2668 705 de
2710 649 2949 706 crastino
2978 649 3296 720 cOgitantes,
3330 669 3485 709 num.

245 736 551 809 exemplum,
576 738 669 809 qui
691 738 762 793 ob
791 737 1132 808 philargyria:
1153 737 1364 808 culpam
1386 749 1604 794 aeterna!
1630 737 1804 811 [aeter-

246 827 324 900 no]
362 829 628 898 supplicio
656 829 820 898 lepra:
847 829 1159 896 mulctatur;
1193 845 1260 886 ex
1288 829 1371 886 his
1400 840 1522 901 qua:
1551 845 1652 887 nec
1679 839 1804 886 ante

244 921 584 991 possedimus,
613 937 900 979 caveamus
927 921 1228 992 acquirere.
1256 920 1477 978 Necnon
1503 924 1665 978 etiam
1707 924 1804 979 Ju-

243 1011 335 1082 dze,
361 1015 441 1070 vel
469 1016 746 1082 meritum,
771 1016 855 1072 vel
885 1015 1085 1072 exitum
1120 1015 1488 1099 formidantes,
1516 1015 1808 1088 quidquam

245 1110 468 1178 pecuniae
495 1121 779 1164 resumere
808 1109 988 1180 (quam
1018 1108 1184 1164 semel
1221 1123 1252 1163 a
1294 1109 1450 1165 nobis
1490 1109 1807 1181 abiecimus)

247 1210 338 1254 tota
365 1199 563 1256 virtute
587 1202 840 1257 vitemus.
866 1200 1041 1270 Super
1063 1202 1178 1257 haec
1197 1203 1376 1256 omnia
1400 1201 1808 1260 considerantes

243 1291 592 1348 conditionem
617 1292 824 1363 fragilis
852 1293 1180 1364 incertaque
1207 1301 1412 1348 naturae
1440 1302 1640 1349 nostra:
1659 1335 1676 1361 ,
1719 1308 1810 1348 ca-

241 1396 446 1441 veamus
472 1401 542 1441 ne
570 1384 689 1442 dies
718 1385 927 1441 Domini
954 1387 1092 1441 sicut
1131 1384 1217 1441 fur
1259 1386 1311 1440 in
1356 1393 1514 1441 nocte
1553 1400 1808 1456 superve-

243 1478 398 1545 niens,
428 1478 775 1543 maculatam,
806 1479 889 1534 vel
919 1493 1025 1532 uno
1055 1478 1234 1544 obolo,
1265 1489 1502 1534 nostram
1531 1479 1808 1534 conscien-

242 1573 355 1626 tiam
382 1570 752 1642 deprehendat
779 1570 822 1642 (I
843 1569 1020 1626 Thess.
1043 1569 1129 1643 v);
1161 1571 1250 1643 qui
1272 1587 1462 1628 omnes
1487 1572 1692 1628 fructus
1711 1588 1808 1628 no-

242 1670 355 1717 stre
377 1662 794 1719 renuntiationis
819 1677 1104 1728 evacuans,
1137 1664 1264 1718 illud
1295 1663 1440 1734 quod
1471 1664 1525 1720 in
1564 1663 1809 1736 Evange-

243 1756 308 1814 Iio
327 1757 481 1813 diviti
509 1755 712 1813 dictum
741 1764 846 1825 est,
873 1755 941 1812 ad
973 1771 1075 1812 nos
1098 1770 1314 1828 quoque
1335 1756 1498 1812 l‘aciat
1524 1772 1658 1813 voce
1704 1757 1808 1812 Do-

1901 754 2061 811 quam
2090 754 2189 796 nos
2217 739 2285 796 de
2310 739 2544 797 coenobii
2569 739 2851 812 disciplina
2882 742 3146 812 patiamur
3177 743 3354 799 avelli.

2467 875 2694 933 CAPUT
2730 875 2925 934 XXXI.

1915 969 2064 1038 Quod
2110 986 2214 1024 non
2255 969 2418 1032 possit
2463 969 2576 1037 quis
2628 968 3001 1040 philargyriam
3041 971 3265 1036 vincere.
3305 971 3408 1025 nisi
3439 972 3492 1026 in

1982 1042 2206 1096 coenobio
2239 1055 2609 1110 perseverans;
2639 1049 2686 1094 et
2729 1040 3162 1110 quemadmodum
3200 1043 3362 1110 possit
3391 1041 3492 1097 ibi-

1981 1115 2096 1167 dem
2122 1127 2439 1180 permanere.

1981 1201 2133 1270 Quod
2154 1203 2274 1258 sine
2293 1201 2458 1257 dubio
2487 1215 2827 1274 nequaquam
2848 1203 3214 1272 permittimur
3233 1203 3486 1275 implere,

1908 1296 2006 1353 sed
2031 1311 2100 1352 ne
2127 1295 2226 1351 sub
2269 1294 2620 1352 institutionis
2663 1295 2881 1366 quidem
2913 1297 3096 1368 regula
3142 1312 3485 1367 permanere,

1912 1389 2017 1445 nisi
2059 1389 2210 1459 prius
2235 1387 2508 1459 patientiae
2550 1389 2743 1454 virtus,
2768 1405 2888 1458 quae
2925 1405 3034 1446 non
3081 1390 3298 1447 aliunde
3328 1407 3489 1461 quam

1913 1483 1983 1538 de
2013 1482 2328 1538 humilitatis
2357 1481 2503 1537 fonte
2530 1481 2796 1552 procedit,
2844 1482 2900 1538 in
2936 1483 3094 1539 nobis
3133 1482 3300 1540 fuerit
3335 1484 3494 1540 ﬁrma

1913 1573 2188 1630 soliditate
2237 1571 2479 1628 fundata.
2510 1571 2606 1627 Illa
2655 1587 2890 1644 namque
2929 1573 3061 1628 nulli
3103 1576 3496 1630 commotiones

1914 1667 2069 1722 novit
2093 1667 2317 1732 inlerre,
2353 1667 2470 1722 haec
2517 1679 2648 1722 vero
2695 1665 2798 1721 sibi
2857 1665 3032 1722 illatas
3081 1667 3491 1738 magnanimiter

1914 1758 2170 1814 tolerare.
3247 1775 3252 1780 ·

1293 1864 1552 1921 ALARDI
1591 1864 1825 1922 GAZEI
1863 1865 2438 1924 COMMENTARIUS.

242 1963 333 2022 SS.
360 1961 586 2017 Patrum
618 1960 792 2033 elogia
833 1969 888 2016 et
911 1959 1162 2033 exempla
1186 1999 1199 2024 ,
1229 1959 1426 2033 quibus
1456 1959 1587 2014 illud
1617 1961 1804 2014 vitium
1838 1966 1885 2027 Β
1911 1962 2073 2033 igitur
2099 1962 2184 2016 die
2219 1961 2401 2015 ciceris
2431 1962 2625 2033 fascem
2653 1962 2888 2033 virentis,
2920 1963 3054 2018 sicut
3081 1964 3136 2017 in
3168 1964 3339 2020 herbis
3366 1975 3499 2029 erat,

244 2034 586 2107 proprietatis
607 2043 661 2088 et
691 2031 1049 2107 pbilargyris;
1067 2031 1431 2107 in__tr_ton_acli_i_s
1459 2045 1807 2107 suntmOpere

242 2101 478 2162 detestati
522 2101 967 2172 comprobantur.
1019 2102 1223 2172 Scribit
1265 2102 1327 2156 D.
1369 2101 1730 2172 Hieronymus
1758 2101 1811 2154 in

244 2116 478 2162 detestati
522 2116 967 2172 compronantur.
1019 2116 1223 2156 Scribit
1265 2116 1327 2156 υ.
1369 2116 1730 2225 ιιιοτοηιγιηυε
1758 2117 1811 2183 in

244 2179 402 2249 epist._
435 2175 508 2249 ad
559 2175 912 2249 Eustochium
966 2171 1308 2249 (ἠφίει-..-22
1354 2188 1471 2243 cap.
1523 2171 1551 2225 1
1615 2171 1815 2249 ),_4lt-

243 2241 438 2320 quando
460 2248 519 2300 in
543 2246 772 2320 quodam
812 2241 1123 2320 monasterio
1146 2241 1340 2297 Nitria:
1365 2241 1628 2320 repertum
1652 2244 1815 2320 fuisse

245 2314 545 2376 monachum
598 2318 688 2388 qui
733 2327 934 2370 centum
989 2315 1205 2388 solidos,
1263 2330 1390 2388 quos
1443 2315 1550 2388 lina
1578 2314 1817 2388 texendo

244 2392 567 2461 acquisierat,
603 2385 831 2461 moriens
859 2387 1129 2461 dereliquit
1173 2401 1191 2438 :
1223 2385 1488 2461 quocirca
1515 2385 1642 2438 inito
1673 2387 1819 2461 inter

244 2456 517 2518 monachos
542 2460 766 2518 consilio
791 2460 933 2528 (nam
953 2459 1005 2511 in
1033 2457 1210 2528 eodem
1231 2457 1344 2510 loco
1364 2456 1570 2528 circiter
1597 2457 1821 2526 quinque

244 2536 400 2589 millia
422 2533 605 2586 divisis
626 2525 834 2585 cellulis
863 2525 1180 2599 habitabant)
1205 2528 1329 2596 quid
1350 2526 1489 2599 [acto
1510 2537 1818 2599 opusesset,

247 2606 330 2660 alii
357 2603 672 2676 pauperibus
693 2600 1078 2676 distribuendos
1108 2597 1216 2653 esse
1233 2598 1490 2676 dicebant,
1505 2597 1821 2676 alitndandos

247 2666 506 2732 Ecclesié.
534 2672 773 2728 nonnulli
800 2670 1094 2743 parentibus
1141 2670 1518 2743 remittendos;
1555 2666 1818 2722 Macarius

250 2764 387 2810 vero,
414 2755 458 2800 et
487 2744 710 2808 Pambo,
737 2751 787 2796 et
800 2739 1072 2806 'lsidorus,
1103 2749 1152 2795 et
1183 2741 1354 2795 ceteri
1391 2739 1603 2807 Patres,
1644 2749 1822 2793 sancto

253 2821 308 2874 in
332 2819 402 2872 eis
444 2818 681 2888 loquente
727 2813 960 2888 Spiritu,
989 2814 1323 2888 decreuerunt
1354 2821 1436 2888 ut_
1461 2827 1578 2864 cum
1601 2818 1824 2888 ‘mortuo

252 2889 477 2961 pecuniae
499 2879 880 2961 infoderentur,
912 2883 1250 2961 clamantibus
1276 2882 1511 2961 omnibus
1542 2898 1571 2961 ί
1592 2879 1825 2961 Pecunia

251 2953 343 3016 ista
366 2971 528 3014 meum
554 2953 622 3013 sit
648 2957 706 3010 in
732 2956 1075 3028 perditionem
1092 2953 1252 3024 (Vide
1270 2969 1424 3028 κοίη.
1449 2953 1825 3028 διωριᾳξεὲιιο

249 3013 558 3103 ascriptum,
587 3028 657 3082 ad
684 3013 876 3097 fratres
922 3013 976 3079 iii
1026 3013 1236 3107 eremo;
1262 3032 1308 3077 et
1336 3013 1740 3106 Caesarium-lib.
1772 3037 1826 3104 is

253 3103 436 3157 Mirus.
481 3117 603 3172 cap.
637 3100 764 3172 95);
789 3102 963 3172 Atque
996 3097 1097 3151 hoc
1146 3098 1514 3172 idem_postea
1558 3109 1618 3172 in
1662 3095 1828 3148 simili

252 3191 374 3229 casu
410 3165 611 3228 iecisse
638 3165 1047 3239 B.'Gregorium
1076 3165 1266 3239 scribit
1291 3166 1529 3239 Joannes
1549 3165 1830 3239 Diaconns

252 3246 376 3299 1ἱ1ι.ι
403 3260 454 3298 c.
476 3245 546 3298 15
580 3241 716 3296 Vitas
739 3231 890 3309 ejus;
919 3249 972 3294 et
998 3240 1112 3306 ipse
1141 3237 1305 3309 etiam
1332 3235 1627 3309 Gregorius
1651 3231 1752 3309 _l_i_b.
1775 3249 1831 3309 tv

257 3315 596 3382 Dialogorum
654 3304 785 3382 cap.
821 3309 925 3382 55.7
957 3304 1121 3382 Unde
1160 3318 1214 3363 et
1261 3304 1621 3382 Innocentius
1651 3304 1744 3369 III,
1774 3306 1827 3359 in

255 3377 444 3442 celebri
478 3385 573 3438 illo
598 3377 825 3439 decreto
848 3399 861 3434 :
888 3381 1018 3435 Cum
1059 3381 1125 3432 ad
1165 3381 1560 3441 monasterium,
1589 3377 1659 3432 de
1687 3387 1831 3431 statu

255 3457 642 3512 monachorum
687 3452 758 3507 ita
809 3453 1033 3506 statuit:
1067 3451 1217 3515 Quod
1269 3451 1315 3504 si
1353 3452 1645 3518 proprietas
1689 3449 1832 3518 apud

255 3542 555 3596 qumquam
591 3526 795 3579 inventa
822 3523 980 3593 fuerit
1011 3524 1066 3575 in
1094 3531 1278 3596 morte,
1305 3521 1418 3596 ipsa
1457 3535 1658 3596 cumueo
1685 3521 1738 3572 in
1765 3519 1835 3596 si-

257 3590 734 3671 gnum-perditionis
756 3590 900 3650 extra
913 3593 1274 3671 monasterium
1297 3590 1350 3643 in
1368 3590 1691 3671 sterquilinio
1709 3591 1834 3642 sub-

259 3661 502 3735 ierretur;
532 3669 819 3722 secundum
839 3667 988 3736 quod
1019 3665 1208 3736 beatus,
1230 3661 1510 3736 Gregorius
1557 3663 1764 3736 dialogo
1784 3676 1838 3714 se

256 3743 436 3816 fecisse
454 3731 659 3816 narrat.
685 3731 1074 3816 Haecibit
1096 3750 1156 3816 in
1186 3731 1470 3816 pecrétal.,
1504 3740 1634 3816 e_tc.,
1665 3731 1841 3816 Super

256 3803 500 3893 quodam,
532 3810 713 3864 eodem
739 3808 1059 3891 lil.)..Alilld
1094 3806 1303 3887 insigne
1333 3803 1639 3887 exemplum
1674 3804 1835 3856 relert

260 3885 396 3937 Ideni
421 3883 481 3936 Ι).
503 3883 866 3951 Ηίοιι-οιιγιιιιιε
890 3895 940 3932 tn
965 3877 1083 3951 Vita
1106 3877 1396 3951 Hilarionts
1415 3893 1428 3926 :
1449 3871 1832 3951 D_etes_tdbatur,

261 3954 453 4023 inquit,
479 3952 543 4009 S.
567 3944 816 4005 Hilarion
839 3949 1093 4019 pracipue
1115 3945 1397 4001 monachos
1418 3947 1504 4016 qui
1529 3944 1835 4024 inﬁdelitate

264 4017 481 4086 quadam
520 4025 576 4076 in
600 4017 846 4090 (uturum'
878 4028 1205 4090 reservarent
1241 4034 1358 4084 sua,
1407 4027 1457 4070 et
1506 4017 1834 4090 diligentiam

264 4094 499 4149 haberent
529 4087 609 4148 vel
635 4106 952 4164 sumptuum,
985 4093 1059 4164 vel
1089 4089 1319 4153 vestitus,
1348 4097 1455 4164 aut_
1477 4087 1700 4164 alicujus
1750 4101 1836 4137 ea-

267 4182 374 4218 rum
395 4181 569 4219 rerum
592 4180 708 4234 qua:
733 4157 847 4215 cum
879 4160 1068 4234 sicculo
1099 4168 1381 4234 transeunt.
1412 4157 1642 4234 Denique
1677 4171 1835 4209 unum

272 4238 331 4288 de
357 4231 617 4304 fratribus,
649 4237 703 4287 in
734 4233 910 4303 quinto
954 4233 1059 4302 fere
1085 4247 1118 4284 a
1147 4248 1200 4304 se
1231 4231 1478 4304 milliaria
1524 4237 1833 4304 manentem,

271 4300 387 4375 quia
425 4300 765 4374 comperiebut
798 4300 992 4356 hortuli
1020 4305 1102 4356 sui
1142 4302 1294 4375 nimis
1333 4312 1543 4354 cautum
1573 4300 1838 4375 timidum:

273 4367 366 4445 que
412 4367 763 4440 custodem,“
812 4375 1104 4442 pauxillum
1153 4372 1338 4445 habere
1385 4385 1734 4445 nummorum,
1781 4367 1843 4420 ab

277 4443 429 4502 oculis
478 4448 858 4518 abegerat;qui
905 4445 1080 4518 uolens
1126 4444 1222 4498 sibi
1273 4443 1623 4518 reconciliari
1651 4456 1842 4518 senem,

278 4519 553 4588 frequenter
571 4509 832 4572 'ueniebat
859 4517 926 4569 ad
965 4522 1172 4583 intres,
1196 4525 1243 4588 et
1285 4515 1507 4588 maxime
1555 4514 1647 4588 ad.
1669 4509 1846 4588 Hesy-

277 4582 436 4642 chium
461 4606 559 4660 quo
583 4588 674 4643 ille
720 4582 1161 4641 vehementissime
1209 4584 1580 4640 delectabatur.
1609 4582 1845 4648 Quadam

1858 3344 1906 3409 C

1918 2031 2140 2096 detulit;
2169 2049 2318 2102 quem
2347 2031 2466 2085 cum
2510 2031 2803 2103 Hesychius
2842 2037 3096 2104 posuisset
3129 2035 3183 2088 in
3224 2053 3396 2091 mensa
3433 2039 3502 2091 ad

1917 2120 2202 2170 vesperam,
2235 2103 2540 2176 exclamavit
2571 2120 2726 2157 senex
2753 2121 2808 2157 se
2829 2103 3062 2174 putorem
3092 2108 3202 2173 ejus
3232 2111 3370 2176 ferre
3400 2124 3503 2162 non

1919 2191 2102 2248 posse_,_
2120 2175 2378 2248 simulque
2420 2174 2558 2248 unde
2599 2185 2749 2239 esset,
2765 2177 3012 2248 rogauit:
3045 2174 3380 2248 respondente
3409 2195 3503 2232 au-

1921 2258 2018 2319 tem
2050 2243 2482 2319 esychioguod
2504 2243 2667 2319 [ι’-σιω·
2686 2243 2895 2319 quidam
2932 2243 3191 2319 primitias
3235 2250 3394 2318 agelli
3421 2251 3504 2303 sui

1919 2314 2177 2386 fratribus
2196 2314 2634 2389 detulisset,_Non
2663 2318 2842 2381 sentis,
2875 2314 3062 2389 inquit,
3095 2314 3333 2389 putarim
3359 2329 3506 2372 teter-

1918 2390 2129 2448 rimum.
2145 2396 2190 2440 et
2216 2387 2266 2439 in
2288 2390 2452 2439 cicere
2472 2387 2626 2456 fetere
2647 2389 2919 2440 auaritiam
2937 2389 2962 2442 ἵ
2983 2387 3134 2442 Mitte
3159 2389 3338 2454 bobus,
3364 2393 3507 2444 mitte

1920 2457 2081 2510 brutis
2109 2457 2437 2521 animalibus,
2490 2469 2538 2510 et
2589 2457 2709 2510 vide
2767 2474 2833 2511 an
2877 2458 3164 2512 comedunt.
3203 2459 3356 2526 Quod
3386 2477 3504 2514 cum

1919 2528 2033 2593 ille,
2064 2532 2225 2599 juxta
2252 2534 2581 2599 praceptum,
2611 2529 2665 2580 in
2708 2544 2933 2599 prwsepe
2972 2531 3246 2595 posuisset,
3275 2531 3508 2584 exterriti

1928 2597 2095 2665 boves,
2129 2607 2174 2650 et
2204 2597 2322 2666 plus
2367 2597 2518 2669 solito
2561 2597 2863 2669 mugientes,
2895 2601 3064 2668 ruptis
3093 2599 3312 2654 uinculis
3341 2603 3395 2654 in
3420 2602 3508 2654 di-

1922 2686 2068 2723 versa
2112 2672 2374 2744 fugerunt.
2409 2667 2683 2744 Hactenus
2729 2667 2794 2723 D.
2833 2667 3215 2744 Hieronymus.
3268 2671 3402 2744 Vide
3437 2672 3506 2725 D-

1924 2740 2286 2811 Augustinum
2329 2752 2498 2811 serm.
2530 2741 2553 2794 1
2600 2739 2668 2794 de
2707 2743 2984 2796 communi
3011 2739 3125 2796 vita
3153 2742 3504 2797 clericorum.

1927 2808 2156 2883 ubi'agit
2180 2811 2248 2865 de
2276 2808 2873 2883 quodamupresbytero
2900 2827 3019 2879 suo,
3049 2813 3139 2883 qui
3171 2821 3360 2867 contra
3388 2827 3509 2882 pro,

1927 2879 2217 2936 fessionem
2251 2879 2456 2949 aliquid
2483 2879 2585 2935 sibi
2619 2879 2941 2953 retinuerat,
2971 2893 3026 2939 et
3055 2879 3183 2939 inde
3215 2879 3512 2940 testamen-

1927 2962 2062 3020 tum,
2093 2967 2214 3007 curn
2247 2959 2580 3016 moreretur,
2618 2952 2840 3006 fecerat.

2003 3032 2030 3061 ι
2059 3023 2292 3078 Vocatur
2321 3037 2520 3077 avarus
2539 3024 2758 3087 stultus,
2782 3033 2842 3078 ut
2872 3024 2924 3079 in
2955 3023 3132 3080 veteri
3161 3023 3516 3080 Testamento

1930 3093 2099 3150 Nabal
2131 3094 2224 3164 ille
2254 3093 2345 3163 qui
2374 3095 2562 3164 egenti
2609 3095 2792 3148 Davidi
2825 3095 2896 3150 de
2920 3095 3208 3164 superﬂuis
3249 3097 3365 3152 suis
3385 3097 3518 3151 dare

1930 3167 2125 3220 noluit.
2174 3163 2341 3219 Nabal
2393 3163 2537 3219 enim
2586 3166 2807 3219 stultum
2859 3163 3168 3235 signiﬁcat;
3215 3178 3271 3222 et
3325 3182 3518 3222 revera

1931 3251 2125 3306 magna
2155 3234 2309 3289 avari
2339 3236 2570 3289 stultitia
2600 3246 2704 3301 est,
2738 3236 2883 3304 quod
2914 3234 3162 3307 improbo
3189 3237 3376 3293 labore
3395 3254 3518 3292 con-

1933 3315 2086 3378 gerat
2126 3322 2188 3361 ea
2229 3308 2428 3378 quibus
2474 3307 2613 3360 forte
2664 3322 2957 3374 numquam
2997 3321 3079 3363 est
3126 3309 3413 3365 fruiturus.
3449 3309 3515 3363 Et

1939 3377 2224 3448 propterea
2265 3377 2416 3448 quasi
2447 3388 2759 3446 perpetuam
2805 3387 3086 3434 etcertatn
3134 3385 3272 3435 Lanc
3305 3394 3516 3447 plenam

1938 3449 2120 3503 avaris
2154 3447 2494 3520 inﬂigendam
2525 3458 2674 3520 notat
2703 3448 2934 3518 Spiritus
2961 3449 3049 3516 S.,
3083 3459 3140 3504 ut
3164 3451 3524 3520 exspectatio-

1940 3535 2008 3575 ne
2035 3534 2131 3574 sua
2166 3519 2512 3590 frustrentur,
2536 3528 2604 3590 fut
2627 3519 2713 3590 hic
2740 3520 2936 3576 dicitur
2969 3538 2982 3574 :
3020 3522 3146 3586 Quae
3174 3519 3399 3590 parasti,
3426 3538 3522 3574 cu-

1939 3594 2026 3660 ius
2045 3591 2231 3643 erunt?
2256 3589 2350 3644 Sic
2380 3588 2548 3660 David
2582 3607 2594 3641 :
2630 3589 2904 3660 Relinque!
2934 3592 3116 3645 alienis
3142 3588 3349 3646 diuitias
3391 3608 3517 3645 suas

1942 3659 2170 3736 (Psalm.
2205 3661 2410 3736 vatiI).
2445 3659 2512 3714 Et
2539 3675 2752 3736 rursum
2779 3659 2804 3717 :7
2833 3661 3196 3736 Thesaurizat,
3227 3673 3274 3736 et
3305 3665 3526 3736 ignorat

1943 3732 2024 3784 cui
2057 3731 2378 3799 congregabit
2406 3747 2466 3783 ea
2513 3737 2528 3795 (
2565 3728 2766 3785 Psalm.
2804 3749 3005 3787 xxxvnt
3033 3734 3072 3801 ).
3103 3733 3194 3788 Sic
3229 3728 3522 3788 Salomon:

1955 3801 2071 3854 Vidi
2093 3802 2365 3854 stultitiam
2395 3803 2627 3858 multum.
2649 3812 2694 3871 et
2713 3819 2940 3871 gravem,
2964 3803 3173 3857 divitias
3197 3811 3524 3858 conservatas

1943 3873 1996 3925 in
2035 3872 2230 3943 malum
2271 3873 2473 3924 Domini
2500 3874 2582 3924 sui
2607 3870 2829 3942 (Eccles.
2859 3872 2940 3943 v).
2974 3874 3128 3940 Quod
3159 3885 3212 3929 et
3240 3874 3340 3929 Job
3371 3884 3528 3928 ηοω·

1943 3944 2019 3997 vit
2050 3961 2062 3997 :
2089 3941 2232 4017 Cum
2259 3943 2489 4017 habuerit
2515 3941 2850 4017 quiscumque
2900 3941 3231 4017 concupierit,
3258 3944 3528 4017 possidere

1942 4030 2044 4067 non
2072 4015 2256 4085 poterit
2279 4011 2572 4085 tJab;xx).
2609 4017 2742 4068 llinc
2787 4015 2851 4068 Ι).
2884 4011 3204 4070 Ambrosius
3249 4011 3315 4070 ad
3368 4017 3522 4070 illum

1944 4081 2120 4158 Iocttin
2169 4081 2324 4138 ιλιιεὼ
2358 4100 2370 4135 :
2406 4081 2649 4158 Fruétra.
2684 4087 2884 4158 inquit,
2928 4099 3204 4158 congregat
3254 4104 3395 4158 apes,
3427 4085 3518 4157 qui

1944 4174 1996 4210 se
2025 4155 2105 4210 his
2129 4158 2287 4210 nescit
2310 4170 2545 4208 usurum.
2575 4155 2724 4210 Sicut
2754 4155 2845 4210 ille
2869 4161 2955 4224 qui
2978 4155 3094 4210 cum
3118 4155 3317 4228 repleta
3347 4155 3534 4214 horrea

1945 4228 2088 4280 novis
2137 4228 2382 4281 messibus
2438 4237 2822 4298 rumperentur,
2854 4229 3245 4282 exuberantimn
3275 4230 3372 4282 sibi
3414 4230 3528 4296 fru-

1946 4312 2121 4370 ctiuum
2132 4299 2453 4369 receptacula
2476 4298 2917 4369 prarparabat,cui
2941 4311 3274 4370 congregaret
3298 4304 3530 4369 ignarus.

1948 4368 2129 4437 Neque
2157 4368 2292 4422 enim
2323 4379 2498 4441 nostra
2544 4368 2662 4422 sunt
2709 4385 2826 4440 quae
2867 4387 2968 4424 non
3006 4368 3280 4441 possumus
3323 4368 3535 4441 auferre

1947 4441 2237 4494 nobiscum.
2271 4440 2401 4496 Sola
2433 4441 2597 4492 virtus
2639 4457 2808 4495 comes
2857 4451 2928 4494 est
2974 4440 3374 4511 defunctorum;
3405 4440 3535 4495 sola

1948 4528 2042 4564 nos
2072 4512 2303 4581 sequitur
2333 4511 2711 4584 misericordia,
2735 4527 2851 4580 quae
2900 4514 3232 4566 tabernacula
3277 4513 3536 4584 defunctis

1948 4587 2162 4650 acquirit
2195 4592 2408 4636 wterna.
2437 4583 2561 4635 llaec
2587 4582 2649 4635 D.
2684 4586 3028 4637 Ambrosius.

1668 4722 1993 4740 *α

1231 4815 1708 4930 LIBER
1793 4812 2552 4924 OCTAVUS.

1628 4979 1715 5032 DE
1746 4977 1997 5030 SPIRITU
2034 4976 2177 5028 IRE.

1655 5086 2090 5100 *-

707 5182 936 5242 CAPUT
967 5179 1257 5238 PRIMUM.

354 5282 544 5349 Quarto
581 5290 610 5319 ι
649 5293 864 5351 quoque
893 5274 1192 5332 certamine
1233 5282 1316 5330 est
1367 5273 1462 5331 irai
1500 5270 1842 5328 mortiferum

1953 5175 2102 5232 virus
2140 5175 2208 5232 de
2261 5175 2570 5233 recessibus
2597 5176 2791 5234 animae
2842 5190 3037 5236 nostra:
3067 5179 3300 5236 funditus
3343 5194 3538 5236 eruen-

1952 5270 2101 5326 dum.
2157 5271 2269 5326 Hac
2317 5273 2459 5326 enim
2498 5275 2551 5327 in
2597 5275 2856 5330 cordibus
2901 5276 3105 5331 nostris
3149 5273 3439 5342 insidente,
3484 5284 3539 5332 et

1335 5379 1593 5439 ALARDI
1631 5375 1864 5436 GAZIEI
1903 5376 2475 5435 COMMENTARIUS.

366 5496 390 5525 ⁸
413 5487 590 5544 Nostri
613 5484 1002 5550 mss.:Quarto
1020 5485 1132 5538 loco
1153 5479 1419 5536 certamini
1441 5478 1584 5530 adest
1609 5477 1700 5529 ira:
1728 5491 1868 5527 mor-
1895 5477 1949 5538 1)
1975 5474 2092 5550 loco
2122 5475 2175 5529 in
2208 5475 2402 5550 ordine
2442 5477 2751 5543 capitalium
2783 5477 3060 5550 vitiorum,
3091 5485 3142 5531 et
3163 5477 3540 5550 postplnilar-

269 5561 483 5629 tiferam
502 5563 666 5622 uirus,
682 5566 791 5612 etc.
816 5554 1147 5610 Basilecnsis
1163 5571 1174 5582 '
1206 5551 1460 5617 Quartum
1482 5564 1682 5630 quoque
1695 5555 1865 5599 certa-

269 5649 389 5683 men
416 5643 488 5683 est
511 5633 623 5683 irai.
652 5630 790 5683 auod
812 5628 1131 5683 mortiferum
1153 5626 1432 5683 uirus,etc.
1464 5619 1754 5683 Dionysnts
1778 5631 1865 5683 pa-

1512 5633 1754 5688 tonysnts
1778 5633 1868 5688 pa-

266 5626 389 5686 nien
416 5643 488 5685 est
511 5633 623 5691 ira.
652 5630 790 5699 quod
812 5628 1131 5699 mortiferum
1153 5626 1432 5699 uirus,etc.

264 5704 589 5768 raptu-astes
615 5686 627 5756 Ξ
661 5686 864 5768 ῥαατιο
881 5686 1156 5768 ceriamins
1172 5694 1415 5768 debemus
1443 5686 1862 5768 de_interioribus

262 5761 469 5828 animi;
509 5761 700 5827 nostra;
740 5771 981 5841 funditus
1007 5767 1312 5841 eradicare
1342 5761 1663 5841 mortiferum
1695 5761 1858 5841 uirus,

1972 5547 2180 5616 gyriam
2204 5545 2479 5618 prositne,
2508 5549 2882 5613 substituatur,
2908 5548 3034 5601 alibi
3066 5563 3133 5601 ex
3162 5548 3276 5618 ips"
3303 5547 3540 5603 Ant-tore

1972 5614 2257 5689 retulimus
2289 5614 2428 5684 (Lib.
2456 5634 2489 5667 v
2520 5633 2566 5670 c.
2592 5619 2667 5686 i);
2699 5618 2767 5672 de
2793 5633 2902 5689 qua
2946 5627 3121 5689 tanien
3170 5614 3278 5673 non
3318 5635 3543 5689 magno-

1970 5703 2106 5812 gere
2153 5687 2525 5753 laborandum,
2571 5703 2693 5741 cum
2744 5702 2843 5742 nec
2883 5687 2946 5742 D.
2978 5688 3290 5757 Gregorius,
3325 5687 3427 5744 nec
3475 5689 3534 5744 S.

2018 5759 2229 5812 lumnas.
2265 5773 2363 5812 nec
2408 5760 2499 5812 alii
2553 5757 2692 5812 hunc
2737 5757 2986 5812 ordinem
3036 5761 3365 5812 observent.
3405 5760 3534 5812 ouin

2018 5759 2229 5820 llﬂll'las,
2265 5773 2363 5812 nec
2408 5760 2499 5812 alii
2553 5757 2692 5812 hunc
2737 5757 2986 5813 ordinem
3036 5761 3365 5825 observent,
3405 5760 3540 5824 quin

255 5859 380 5905 etc.
411 5847 584 5903 Porro
627 5828 899 5900 ratibnem
930 5838 1092 5911 hujus
1140 5835 1368 5904 ordinis,
1401 5828 1508 5890 cur
1543 5833 1620 5888 ira
1664 5839 1859 5902 quarto
1969 5829 2150 5901 potius
2179 5829 2475 5900 invertant,
2500 5829 2618 5886 aliis
2644 5828 2790 5885 ducti
2813 5831 3138 5890 rationibus.
3160 5833 3266 5890 Sed
3286 5833 3389 5889 hoc
3414 5831 3538 5889 loco
