3986 6320
192 194 284 254 325

880 323 1061 379 APUT
1100 325 1166 379 Il.

880 323 966 378 AP
1150 361 1166 379 .

202 409 365 489 Deliis
391 413 483 489 qui
510 413 704 469 dicunt
725 323 873 470 irim:3
888 322 1144 472 narycii:
1163 420 1393 489 noxiam,
1426 420 1470 474 si
1496 420 1796 487 delinquen-

263 485 752 553 tibnsirascamur,
779 489 902 558 quia
929 498 978 543 et
1006 490 1118 558 ipse
1139 489 1278 546 Deus
1301 485 1455 546 irasci
1495 485 1720 546 dicatur.

267 617 569 674 Nonnullos
619 619 932 676 audivimus
975 620 1120 677 hunc
1179 624 1378 679 animai
1425 625 1795 696 perniciosum

204 719 445 802 morbum
481 720 558 792 ita
587 734 858 776 excusare
887 728 1176 790 tentantes,
1210 733 1269 778 ut
1303 739 1426 780 eum
1451 734 1477 763 ι
1504 725 1796 784 detestabi-

203 822 329 877 liore
355 822 816 894 interpretatione
845 823 1250 897 Scripturarum
1283 837 1581 884 extenuare
1625 831 1797 902 gesti-

201 934 338 990 rent,
369 926 622 986 dicentes
652 941 762 982 non
790 941 916 984 esse
964 930 1207 996 noxium,
1257 930 1304 985 si
1345 930 1795 1002 delinquentibus

202 1027 448 1082 fratribus
495 1028 832 1095 irascamur;
879 1028 1170 1100 siquidem,
1201 1033 1470 1102 inquiunt,
1504 1034 1620 1102 ipse
1651 1034 1795 1090 Deus

204 1137 378 1185 contra
409 1142 512 1184 eos
537 1131 629 1198 qui
660 1144 815 1197 eum,
857 1131 944 1186 vel
981 1132 1127 1186 scire
1169 1134 1384 1200 nolunt,
1434 1136 1518 1190 vel
1547 1135 1788 1191 scientes

205 1225 575 1289 contemnunt,
610 1221 794 1278 furere
824 1234 987 1294 atque
1017 1225 1175 1279 irasci
1207 1226 1440 1292 dicatur,
1489 1238 1547 1283 ut
1572 1228 1648 1284 ibi
1681 1247 1692 1280 :
1725 1228 1795 1284 Et

206 1316 365 1370 iratus
387 1324 475 1370 est
498 1314 687 1370 furore
702 1314 968 1372 Dominus
995 1318 1048 1370 in
1078 1318 1332 1387 populum
1357 1334 1515 1374 suum
1543 1320 1561 1390 (
1587 1319 1789 1376 Psalm.

205 1417 329 1486 cv);
359 1415 452 1470 vel
495 1429 621 1470 cum
668 1424 788 1470 orat
837 1417 1136 1489 Propheta,
1171 1419 1402 1475 dicens:
1437 1420 1682 1488 Domine,
1724 1437 1794 1478 ne

206 1519 254 1573 in
281 1519 468 1573 lurore
495 1529 589 1572 tuo
630 1533 826 1590 arguas
855 1535 964 1586 me,
1001 1535 1178 1590 neque
1206 1520 1258 1576 in
1289 1521 1365 1576 ira
1400 1531 1490 1577 tua
1519 1523 1788 1591 corripias

206 1625 321 1692 me(
346 1620 551 1676 Psalm.
595 1637 648 1676 vi
691 1631 738 1675 et
780 1623 1042 1695 xxxvu);
1075 1641 1180 1678 non
1232 1625 1601 1696 intelligentcs
1641 1626 1784 1697 quod

855 209 944 268 DE
983 209 1473 269 C(ENOBIORUM
1511 207 1761 266 INSTIT.
1804 208 1935 266 LIB.
1978 205 2114 264 Vill.
2143 237 2212 251 —
2238 207 2328 264 DE
2369 205 2644 267 SPIRITU
2682 197 2849 268 ῙΒᾹΞ.

1823 333 1877 394 Α

3379 203 3484 271 326

2509 300 2764 384 (ιΑΡυΤ’
2782 327 2870 383 ιιι.

1903 418 1978 475 De
2001 419 2082 474 bis
2102 435 2216 492 quin
2241 420 2301 475 in
2330 419 2442 477 Deo
2463 437 2529 477 ea:
2551 427 2745 503 nostra:
2773 431 2971 476 natura
2989 421 3361 477 consuetudine
3381 436 3484 478 no-

2541 503 2826 548 minantur.

1969 601 2029 661 Si
2051 586 2194 659 enim
2219 602 2334 658 haec
2369 617 2490 659 cum
2513 602 2767 658 dicuntur
2794 603 2863 659 de
2893 603 3028 671 Deo,
3057 605 3264 661 carnali
3287 615 3344 663 et
3364 607 3487 676 pin-

1898 695 1984 767 gui
2031 695 2329 752 secundum
2389 695 2624 750 litteram
2683 695 3082 766 signiﬁcatione
3131 699 3480 769 percipienda

1898 797 2053 853 sunt;
2076 787 2104 826 δ
2133 803 2262 857 ergo
2283 796 2336 842 et
2363 786 2588 852 dormit,
2613 800 2736 842 cum
2763 788 2983 854 dicitur,
3014 789 3289 859 Exsurge,
3317 805 3485 861 quare

1896 881 2190 947 obdormis,
2217 881 2443 936 Domine
2464 878 2639 951 (Psal.
2664 880 2852 951 xuii)?
2873 881 2950 937 De
2972 896 3082 952 quo
3103 883 3233 938 alibi
3261 883 3480 950 dicitur,

1897 972 2035 1029 Ecce
2063 989 2166 1028 non
2213 971 2530 1028 dormitabit
2575 985 2749 1042 neque
2792 972 3050 1040 dormiet,
3099 975 3191 1044 qui
3236 975 3481 1031 custodit

1897 1066 2057 1122 Israel
2092 1065 2277 1136 (Psal.
2309 1081 2381 1120 cn
2403 1066 2454 1136 );
2491 1075 2513 1103 ο
2541 1073 2598 1121 et
2625 1074 2753 1130 stat,
2783 1063 2811 1102 ά
2840 1079 2905 1122 ac
2942 1066 3130 1136 sedet,
3163 1082 3286 1123 cum
3317 1070 3472 1136 dicit,

1895 1158 2100 1214 Caelum
2124 1159 2254 1212 mihi
2279 1167 2364 1213 est
2383 1158 2564 1223 sedes,
2593 1169 2736 1213 terra
2751 1167 2929 1214 autem
2960 1159 3258 1216 scabellum
3283 1163 3479 1232 pedum

1896 1263 2142 1304 ineorum
2171 1246 2333 1320 (Isai.
2374 1247 2551 1318 mi),
2585 1249 2675 1318 qui
2703 1257 2726 1286 ο
2753 1248 2976 1306 metitur
3023 1251 3224 1306 ctelum
3267 1253 3480 1326 palmo,

1895 1350 1950 1396 et
1978 1349 2174 1396 terram
2208 1339 2405 1410 pugillo
2425 1339 2701 1394 concludit
2730 1339 2750 1411 (
2772 1339 2904 1394 lsai.
2931 1342 3068 1410 XL);
3096 1340 3117 1379 ί
3151 1349 3206 1398 et
3229 1345 3481 1415 crapula-

1895 1442 1984 1489 tur
2003 1450 2031 1488 τι
2055 1434 2202 1502 vino,
2231 1449 2351 1489 cum
2378 1433 2596 1499 dicitur,
2624 1433 2690 1488 Et
2709 1435 3014 1490 exsurrexit
3041 1437 3179 1492 sicut
3201 1438 3478 1496 dormiens

1898 1531 2156 1584 Dominus
2201 1537 2391 1599 potens
2432 1528 2740 1598 crapulatns
2771 1543 2798 1580 a
2829 1529 3163 1600 vino(Psal.
3217 1534 3429 1603 Lxxvn)
3455 1575 3472 1602 ,

1895 1624 1986 1694 qui
2034 1623 2185 1679 solus
2231 1621 2394 1676 habet
2443 1622 2932 1689 immortalitatem,
2978 1631 3034 1678 et
3069 1623 3245 1680 lucem
3277 1627 3484 1682 habitat

206 1716 317 1769 dum
366 1714 683 1768 hominibus
743 1715 1083 1770 occasionem
1135 1717 1377 1788 pestiferi
1426 1718 1542 1772 vitii
1599 1719 1788 1773 volunt
1820 1734 1866 1794 Β
1895 1715 2324 1776 inaccessibilem
2355 1715 2374 1787 (
2395 1713 2566 1768 lTim.
2591 1714 2714 1784 vi);
2753 1723 2816 1769 ut
2841 1717 3247 1785 praetermittam
3282 1729 3307 1766 κ
3332 1720 3484 1787 igno-

206 1808 522 1873 concedere,
549 1807 902 1862 immensitati
935 1808 1128 1862 divina:
1149 1823 1211 1862 ac
1257 1809 1391 1864 fonti
1436 1811 1605 1865 totius
1637 1811 1787 1881 puri-

206 1903 321 1957 tatis
342 1902 598 1972 injuriam
625 1883 874 1956 carnalis.
893 1901 1162 1976 passionis
1208 1903 1565 1958 admisceant.

1895 1811 2181 1874 rationem,
2213 1818 2268 1865 et
2289 1805 2314 1845 ³³
2347 1807 2694 1874 obliviOnem,
2742 1823 2861 1878 quae
2903 1808 2970 1864 de
3000 1808 3119 1880 ipso
3166 1811 3392 1880 legimus
3424 1813 3480 1867 in

1891 1901 2186 1970 Scripturis
2218 1901 2416 1956 sanctis
2445 1899 2756 1967 frequenter
2781 1899 3009 1965 inserta,
3040 1900 3238 1957 deinde
3265 1902 3280 1940 ί
3308 1903 3482 1959 linea-

1891 2004 2070 2048 menta
2105 1993 2492 2058 membrorum,
2525 2006 2645 2062 quae
2677 2000 2948 2062 tamquam
2977 1991 3048 2048 de
3091 1993 3313 2050 homine
3343 1995 3482 2067 ligu-

1268 2131 1523 2188 ALARDI
1561 2131 1798 2189 GAZXEI
1833 2129 2404 2187 COMMENTARIUS.

201 2251 335 2322 nulla
394 2257 620 2322 apparet
651 2248 985 2322 difﬁcultas.
1038 2250 1197 2322 Putat
1250 2259 1430 2322 tamen
1485 2250 1774 2307 Ciaconius

200 2319 506 2378 Cassianum
536 2338 601 2377 ex
630 2319 844 2377 duobus
868 2321 1288 2377 Proverbiorum
1316 2321 1452 2377 locis
1480 2337 1642 2377 unum
1671 2323 1776 2378 hoc

199 2395 556 2449 testimonium
599 2391 890 2459 conﬂasse,
926 2402 980 2448 et
1010 2394 1244 2461 priorem
1293 2403 1505 2460 partem
1545 2410 1610 2448 ex
1651 2409 1771 2463 cap.

199 2482 284 2527 xv,
316 2466 673 2535 posteriorem
707 2479 774 2518 ex
803 2479 926 2535 cap.
959 2479 1087 2518 xxix
1123 2464 1447 2535 sumpsisse.
1498 2463 1773 2521 Videndns

197 2537 306 2609 ipse
331 2539 383 2590 in
416 2537 529 2590 suis
560 2537 729 2609 notis.
770 2551 780 2562 '

265 2615 291 2643 ⁸
331 2609 591 2662 Perversa
625 2617 677 2660 et
699 2605 1033 2662 detestabilis
1059 2616 1207 2662 esset
1233 2607 1608 2676 interpretatio
1630 2606 1778 2662 Scri-

197 2685 624 2751 pturarumquae
651 2676 768 2751 Deo
798 2679 952 2742 iram,
985 2678 1430 2751 indignationem,
1464 2677 1698 2751 luroretn
1722 2689 1778 2734 et

198 2749 375 2804 telum
417 2749 675 2816 tribuunt,
720 2749 767 2803 si
804 2751 922 2818 quis
962 2764 1027 2804 eo
1055 2749 1214 2803 modo
1256 2750 1418 2803 Deum
1467 2750 1626 2803 irasci
1671 2765 1777 2817 quo

197 2818 450 2890 homines
478 2819 819 2890 intelligeret,
844 2818 1019 2874 ethos
1041 2821 1205 2874 animi
1238 2829 1413 2873 motus
1439 2835 1575 2889 quos
1600 2820 1777 2876 Graeci

196 2893 352 2954 πάθη,
406 2889 575 2944 Latini
607 2889 1064 2959 perturbationes,
1093 2892 1178 2944 alii
1203 2890 1539 2956 all'ectiones,
1572 2893 1655 2945 vel
1688 2891 1778 2945 af-

197 2961 390 3025 fectus,
421 2961 508 3014 alii
538 2978 604 3015 ex
638 2959 832 3016 Graeco
858 2962 1191 3030 expressius,
1234 2962 1515 3029 passiones
1557 2972 1774 3028 vocant,

198 3033 247 3086 in
272 3032 437 3086 Deum
465 3033 661 3086 cadere
691 3033 1049 3096 existimaret,
1081 3047 1143 3086 ac
1170 3048 1265 3102 per
1298 3034 1398 3086 hoc
1424 3034 1778 3088 contenderet

199 3103 331 3172 iram
363 3117 469 3172 non
512 3119 636 3159 esse
689 3102 939 3157 vitiosam
971 3112 1025 3156 et
1062 3103 1407 3172 culpandum.
1441 3104 1532 3156 Ira
1564 3106 1699 3158 enim
1731 3114 1778 3159 et

197 3171 331 3247 ictus
358 3171 478 3247 Dei,
510 3176 586 3247 ait
612 3175 674 3247 D.
706 3173 1143 3247 AugustinusUn
1166 3176 1352 3242 psalm.
1374 3191 1574 3230 Lxxvm
1603 3185 1650 3228 et
1671 3175 1773 3247 lib.

197 3247 262 3317 xv
285 3246 346 3296 de
366 3241 519 3317 Cirit.
549 3243 649 3298 Dei
689 3261 736 3317 cp.
763 3243 891 3312 2.5),
923 3259 1025 3317 non
1055 3241 1174 3298 iant
1209 3248 1614 3317 perturbationes
1659 3246 1776 3312 Dei,

197 3316 321 3368 sicut
347 3315 565 3386 quidam
595 3333 662 3370 ea:
696 3315 1008 3383 Scripturis,
1045 3331 1169 3382 quas
1200 3315 1300 3370 non
1346 3319 1660 3386 intelligunt,
1691 3333 1780 3370 ar-

193 3389 394 3456 guunt;
421 3388 511 3439 sed
541 3389 749 3440 nomine
776 3388 869 3440 irae
888 3388 1194 3457 intelligitur
1220 3387 1444 3440 vindicta
1470 3389 1774 3454 iniquitatis,

197 3459 397 3510 itaniine
427 3458 524 3511 zeli
547 3459 747 3511 exactio
773 3458 1063 3523 castitatis;
1093 3473 1157 3511 ne
1182 3459 1357 3511 anima
1379 3459 1538 3528 legem
1572 3458 1777 3512 Domini

196 3531 272 3581 sui
300 3535 614 3600 contemnat,
638 3538 696 3600 et
713 3543 745 3580 a
766 3528 874 3582 Deo
901 3545 991 3581 suo
1014 3530 1322 3600 fornicando
1345 3531 1620 3596 disprreat.
1651 3528 1778 3583 [hec

196 3615 312 3670 ergo
334 3601 449 3669 ipso
469 3599 662 3667 aﬁ'ectu
683 3599 738 3652 in
770 3600 994 3652 humana
1016 3599 1295 3670 afﬂictione
1317 3601 1608 3656 turbulenta
1636 3611 1772 3667 sunt,

195 3670 246 3722 in
276 3669 371 3722 Dei
399 3682 574 3724 autem
601 3671 940 3737 dispositione
969 3669 1258 3735 tranquilla
1281 3681 1440 3735 sunt;
1471 3673 1554 3724 cui
1585 3672 1776 3723 dictum

197 3751 265 3793 est
282 3739 395 3794 :Tu
423 3753 619 3806 autem,
634 3738 855 3794 Domine
867 3741 1136 3808 virtutum,
1161 3757 1277 3794 cum
1300 3743 1675 3808 tranquillitate
1695 3745 1779 3808 iu-

198 3813 359 3882 dicas.
396 3811 525 3867 Haec
567 3811 924 3882 Augustinus.
965 3813 1138 3880 Atque
1185 3813 1283 3866 hac
1326 3816 1538 3867 ratione
1586 3816 1778 3866 refutat

199 3879 488 3936 Cassianus
537 3879 912 3952 argumentum
955 3879 1086 3936 illud
1133 3883 1279 3952 quod
1323 3883 1376 3936 in
1406 3883 1778 3938 defensionem

200 3953 280 4024 vel
308 3953 713 4009 excusationem
746 3953 840 4007 ira:
869 3953 1031 4022 objici
1073 3963 1280 4022 posset,
1309 3963 1364 4008 et
1391 3970 1420 4007 a
1457 3955 1776 4024 quibusdam

200 4023 327 4076 dicit
355 4025 632 4096 objectum
668 4042 681 4078 :
711 4024 856 4096 Deus
885 4025 938 4078 in
967 4024 1262 4096 Scripturis
1305 4023 1618 4094 l‘reqnenter
1645 4025 1780 4079 dici-

201 4101 286 4147 tur
311 4095 499 4160 irasci,
532 4109 663 4164 ergo
695 4095 822 4149 licet
844 4095 1002 4149 irasci
1025 4095 1214 4149 saltem
1243 4097 1607 4164 peccantibus.
1641 4096 1776 4150 Nam

199 4166 538 4220 manifestam
572 4168 658 4220 hic
687 4165 1073 4234 amphiboliam
1108 4166 1260 4220 inira
1294 4181 1455 4220 nemo
1479 4184 1582 4221 non
1609 4169 1774 4233 videt,

201 4249 317 4288 cum
350 4238 427 4288 ira
477 4236 574 4306 Dei
604 4237 676 4289 sit
709 4238 935 4290 alterius
982 4239 1206 4291 rationis
1246 4252 1308 4292 ac
1350 4240 1565 4306 generis
1595 4253 1658 4292 ac
1698 4242 1777 4292 ira

199 4305 498 4362 hominum.
527 4305 724 4362 Verum
742 4307 998 4376 quidquid
1016 4309 1086 4361 sit
1105 4308 1173 4362 de
1196 4309 1244 4361 vi
1272 4305 1423 4362 istius
1451 4311 1777 4379 argumenti,

199 4388 401 4431 certum
434 4388 519 4431 est
549 4394 656 4431 non
679 4393 894 4432 onmem
938 4381 1071 4432 iram
1100 4394 1221 4433 esse
1257 4379 1503 4435 vitiosam
1531 4389 1586 4433 et
1614 4380 1778 4434 illici-

200 4453 324 4509 tam,
371 4462 496 4502 cum
547 4463 654 4502 non
686 4449 859 4502 solum
892 4449 982 4502 alii
1016 4450 1116 4501 viri
1147 4450 1341 4513 sancti,
1389 4466 1575 4504 verum
1615 4452 1780 4504 etiam

198 4515 261 4570 D.
302 4519 502 4572 Paulus
531 4523 654 4572 Act.
677 4535 828 4578 χχιιι,
862 4528 916 4573 et
948 4521 1009 4573 D.
1034 4519 1225 4574 Petrus
1251 4523 1372 4574 Act.
1404 4536 1514 4585 νιιι,
1543 4531 1598 4574 et
1627 4521 1782 4575 Chri-

196 4599 308 4642 ειυς
337 4589 454 4658 ipse
475 4587 660 4643 Matth.
685 4605 796 4643 xxii
826 4601 879 4643 et
906 4607 1056 4653 xxiii.
1080 4604 1134 4644 et
1163 4591 1326 4645 Marci
1357 4606 1435 4655 ιιι,
1464 4593 1580 4645 irati
1615 4592 1784 4648 fuisse

194 4661 610 4727 perhibeantur.
650 4659 781 4714 Vide
808 4659 1142 4716 Lactantium
1178 4663 1228 4714 iu
1265 4663 1400 4715 libro
1431 4662 1498 4716 de
1533 4664 1612 4716 lra
1646 4664 1777 4728 Dei,

193 4731 282 4783 ubi
327 4732 684 4800 quaestionem
725 4732 874 4785 illam
922 4733 1171 4800 proponit
1204 4750 1215 4784 :
1247 4731 1306 4787 Si
1338 4732 1475 4786 Deus
1513 4735 1777 4801 irascitur,

193 4815 285 4874 cur
314 4803 577 4858 hominem
597 4802 762 4860 irasci
793 4803 1095 4869 prohibuit?
1123 4815 1174 4856 et
1199 4805 1267 4856 ita
1299 4804 1589 4872 respondet
1614 4804 1779 4874 (Cap.

191 4869 261 4926 25
283 4875 325 4941 ),
353 4882 408 4927 ut
426 4873 630 4928 sentire
649 4874 898 4927 videatur
931 4875 1093 4929 Deum
1120 4889 1227 4928 non
1259 4869 1651 4943 metaphorice,
1687 4869 1781 4931 sed

1881 2249 2015 2322 cedit
2037 2250 2136 2322 ira,
2151 2247 2557 2322 sedtarditatem
2578 2264 2822 2316 suppncu
2852 2251 3210 2320 magnitudine
3231 2268 3476 2322 compen-

1882 2331 1964 2375 θαι
1997 2321 2016 2392 (
2051 2321 2163 2374 ναι.
2197 2318 2467 2392 "03.1w.
2503 2322 2576 2392 ι)ἑ

1955 2404 1978 2431 ο
2008 2389 2038 2446 Ἰ
2063 2393 2194 2460 lteg.
2227 2407 2283 2444 ιιι
2309 2408 2320 2443 :
2361 2390 2510 2444 Venit
2539 2389 2791 2446 Dominus
2818 2399 2865 2456 et
2886 2391 3045 2444 stetit.
3077 2390 3141 2445 Et
3169 2390 3340 2447 Amos
3368 2411 3420 2450 ix
3451 2415 3467 2450 :

1887 2461 2010 2516 Vidi
2040 2461 2320 2516 Dominum
2353 2471 2572 2515 stantem
2594 2478 2750 2530 super
2777 2462 2961 2515 altare.
2993 2461 3144 2517 Stare
3173 2461 3269 2516 Dei
3292 2478 3367 2518 est
3393 2469 3474 2520 in-

1879 2532 2228 2606 commutabili
2269 2533 2578 2606 cogitatione
2620 2541 2804 2606 cuncta
2845 2533 3118 2606 mutabilia
3151 2533 3470 2606 disponere,

1881 2605 1958 2659 ait
1992 2605 2053 2658 D.
2085 2604 2384 2672 Gregorius
2408 2602 2555 2671 (Lib.
2591 2619 2687 2657 nx
2720 2602 2915 2656 Morul.
2943 2621 2991 2656 c.
3026 2603 3118 2671 5).

1961 2674 1986 2712 ά
2031 2675 2236 2731 Sedere
2275 2675 2417 2728 Deus
2453 2675 2649 2730 dicitur
2678 2677 2727 2728 in
2763 2675 2924 2740 coelo,
2950 2684 3006 2729 et
3035 2676 3232 2729 caelum
3265 2675 3361 2731 Dei
3388 2693 3472 2732 se-

1884 2747 1984 2802 des
2007 2761 2150 2812 esse,
2181 2745 2328 2814 quod
2359 2745 2529 2799 instar
2557 2748 2698 2814 regis
2726 2746 2778 2799 in
2806 2745 2966 2808 CtBlO,
3000 2756 3268 2815 tamquam
3300 2750 3353 2802 in
3385 2764 3476 2802 so-

1881 2819 1954 2874 lio
1984 2818 2249 2878 resideus.
2284 2832 2543 2884 suamque
2587 2816 2926 2884 majestatem
2952 2827 3007 2871 et
3033 2817 3266 2885 gloriam
3300 2821 3476 2874 mani-

1881 2889 2105 2951 festans,
2152 2904 2374 2954 regnum
2420 2904 2596 2951 suum,
2642 2889 2694 2941 id
2722 2895 2825 2950 est,
2858 2887 3118 2942 mundum
3155 2891 3468 2945 universum

1879 2961 2168 3030 gubernat,
2200 2961 2468 3030 Attingens
2496 2975 2526 3011 a
2551 2960 2652 3031 [ine
2677 2975 2853 3031 usque
2883 2959 2950 3011 ad
2984 2959 3138 3017 linem
3165 2961 3386 3031 fortiter,
3421 2973 3470 3017 et

1881 3029 2158 3099 disponens
2181 3033 2350 3084 omnia
2381 3039 2604 3100 suaviter
2626 3029 2644 3099 (
2664 3029 2796 3098 Sap.
2820 3031 2966 3100 vui).

1957 3112 1980 3140 ε
2026 3101 2178 3156 Isaiae
2204 3117 2254 3154 c.
2286 3117 2353 3155 xi.
2387 3119 2397 3152 :
2435 3099 2564 3165 Quis
2603 3117 2808 3154 mensus
2851 3112 2922 3154 est
2965 3103 3168 3171 pugillo
3209 3119 3391 3169 cauas,
3425 3116 3474 3159 et

1881 3173 2032 3226 ctelos
2060 3175 2228 3238 palmo
2272 3171 2608 3239 ponderavit?
2646 3173 2744 3226 Ubi
2780 3172 2843 3243 D.
2879 3172 3248 3243 Hieronymus
3277 3193 3288 3227 :
3323 3175 3474 3242 Quod

1881 3247 2157 3315 pugillum,
2191 3245 2384 3313 inquit,
2416 3251 2673 3315 vocat,_et
2700 3242 2954 3311 palmum,
2979 3242 3225 3298 humanm
3253 3261 3472 3300 consue-

1881 3310 2076 3368 tudinis
2107 3310 2476 3376 verbis-utitur,
2502 3323 2554 3366 ut
2578 3310 2675 3366 Dei
2701 3310 2981 3383 potentiam
3008 3330 3098 3384 per
3122 3325 3300 3368 nostra
3320 3317 3473 3372 verba

1879 3386 2158 3457 discamus.
2195 3385 2321 3438 (iam
2350 3401 2465 3438 vero
2511 3384 2712 3451 palmus
2745 3395 3001 3457 extentam
3053 3401 3262 3457 manum
3301 3389 3464 3457 signi-

1881 3456 2015 3525 ﬁcet,
2051 3457 2282 3527 pugillus
2312 3466 2644 3519 contractam,
2669 3466 2786 3526 apte
2815 3454 2899 3508 hic
2929 3457 3119 3527 dicitur
3152 3454 3291 3510 Deus
3313 3454 3468 3513 caelos

1881 3525 2314 3599 extentos—palmo
2355 3528 2540 3599 metiri,
2573 3537 2618 3578 et
2650 3535 2800 3578 τεῖναι
2841 3525 2998 3579 simul
3028 3537 3075 3599 et
3105 3543 3256 3596 aquae
3289 3529 3473 3599 globu-

1836 3609 1852 3626 '
1882 3598 1989 3650 lum
2043 3599 2237 3666 pugillo
2285 3596 2626 3659 concludere;
2675 3613 2989 3666 quamquam
3032 3598 3075 3649 si
3119 3596 3472 3653 consideretur

1880 3670 2060 3721 catlum
2107 3678 2159 3720 ut
2192 3667 2374 3738 globus
2408 3676 2454 3719 et
2488 3667 2644 3730 orbis,
2694 3676 2830 3719 recte
2859 3669 3014 3720 etiam
3056 3666 3260 3720 dicatur
3293 3671 3469 3736 palmo

1879 3740 2152 3808 ponderari
2181 3754 2199 3791 :
2225 3739 2366 3791 unde
2392 3738 2700 3809 filiversitas
2730 3739 3075 3803 versionum;
3124 3738 3192 3793 de
3216 3755 3322 3809 qua
3350 3742 3470 3809 ipse

1884 3811 1946 3863 ι).
1983 3810 2340 3878 Hieronymus
2387 3808 2609 3863 ibidem.

1955 3878 1976 3917 ί
2022 3881 2160 3934 Dura
2197 3879 2532 3947 metaphora,
2563 3887 2618 3932 et
2653 3879 2802 3934 rudis
2833 3878 3123 3934 admodum
3169 3881 3471 3939 similitudo

1880 3952 1946 4006 ad
1970 3950 2377 4020 exprimendam
2398 3950 2691 4005 terribilem
2721 3952 2979 4005 ultionem
3004 3951 3100 4005 Dei
3126 3952 3269 4016 irati,
3300 3955 3473 4008 instar

1884 4023 2116 4076 hominis
2147 4023 2279 4077 ebrii
2313 4031 2368 4076 et
2401 4025 2526 4076 vino
2554 4021 2776 4089 madidi,
2809 4025 2898 4090 qui
2925 4023 3110 4076 omnia
3139 4025 3473 4081 clamoribus

1884 4104 1938 4148 et
1969 4095 2136 4162 plagis
2168 4094 2376 4147 miscet.

1957 4175 1983 4212 s
2027 4166 2174 4218 Isaia:
2206 4180 2330 4218 Lvin
2359 4181 2374 4218 :
2405 4163 2574 4229 Quare
2591 4164 2970 4235 jejunavimus,
3003 4174 3048 4218 et
3071 4180 3171 4218 non
3193 4168 3475 4236 aspexisti?

1882 4235 2481 4289 Itumiliavimus‘animas
2497 4249 2718 4299 nostras,
2740 4247 2788 4288 et
2810 4237 3056 4290 nescisti?
3076 4235 3312 4290 Matthiei
3339 4255 3472 4294 xxv:

1886 4306 2073 4361 Nescio
2108 4324 2211 4361 vos.
2246 4306 2260 4358 Ι
2295 4307 2421 4362 Cor.
2456 4322 2544 4360 xiv
2575 4324 2590 4361 :
2624 4305 2881 4378 Ignorans
2924 4308 3268 4375 ignorabitur.
3322 4308 3472 4364 Scire

1883 4389 2054 4430 autem
2085 4378 2198 4441 Dei,
2243 4378 2533 4448 approbare
2577 4387 2684 4442 est;
2730 4379 2924 4448 nescire
2969 4380 3262 4448 reprobare,
3297 4381 3375 4433 ait
3409 4381 3474 4435 D.

1884 4450 2176 4518 Gregorius
2207 4447 2362 4518 (Lib.
2404 4464 2570 4502 xxvm
2604 4447 2801 4501 Morel.
2851 4466 2897 4502 c.
2941 4447 3032 4515 7).
3077 4449 3212 4503 llinc
3257 4453 3476 4506 scicntia

1883 4520 2273 4591 approbationis
2315 4519 2457 4586 apud
2519 4519 2826 4591 theologos,
2870 4535 2975 4589 qua
3008 4520 3151 4573 Deus
3197 4522 3340 4577 scire
3390 4525 3475 4578 vel

1883 4589 2178 4658 agnoscere
2224 4589 2423 4644 dicitur
2474 4590 2618 4658 quod
2665 4590 2880 4658 probat,
2930 4591 3146 4652 nescire
3188 4594 3333 4662 quod
3363 4609 3472 4650 non

1925 4663 2098 4714 robat.

1884 4676 2224 4786 “abigam.
2259 4747 2331 4786 xu
2358 4749 2370 4783 :
2402 4729 2680 4801 Usquequo
2702 4775 2715 4798 ,
2768 4731 3017 4797 Domine,
3052 4732 3366 4786 Oblivisceris
3395 4750 3475 4787 me

1881 4803 1938 4856 in
1956 4803 2143 4872 ﬁnem?
2171 4803 2314 4858 Psal.
2339 4819 2447 4858 χιιι
2479 4821 2491 4855 ;
2523 4803 2694 4863 Quare
2714 4802 2898 4855 oblitus
2924 4821 2974 4856 es
2993 4804 3128 4857 mei?
3153 4803 3292 4856 Psal.
3319 4818 3474 4857 xuii:

1891 4874 2064 4938 Quare
2103 4873 2415 4928 obliviscaris
2455 4873 2644 4944 inapia:
2692 4884 2880 4926 nostra;
2922 4885 2968 4926 et
3004 4875 3350 4927 tribulationis
3380 4892 3476 4928 no-

191 4943 414 5023 prOprie
452 4946 631 5023 irasci,
663 4953 721 4998 ut
749 4945 998 5000 homines
1029 4963 1041 4997 :
1078 4947 1220 5014 quod
1251 4956 1336 5000 est
1365 4945 1581 5000 falsum.
1613 4946 1685 5001 At
1713 4946 1782 5002 de
1806 4953 1862 5015 ι)
1885 4946 2055 5023 sti-re?
2095 4947 2241 5023 Hauc
2269 4961 2398 4999 vero
2429 4945 2522 5023 Dei
2546 4943 2917 5023 ’oblivnonei‘n,
2941 4945 3200 5023 .sicutnet
3220 4959 3474 5023 sonantium

186 5010 274 5083 his
312 5013 454 5068 infra
487 5013 723 5083 plenius.

259 5082 289 5122 δ
336 5082 517 5152 Multis
547 5085 882 5154 argumentis
912 5085 979 5141 ab
999 5085 1236 5142 absurdo
1265 5086 1510 5142 deductis
1537 5089 1779 5143 ostendit

191 5153 360 5214 Deum
393 5171 503 5210 non
533 5153 754 5226 proprie
789 5167 844 5212 et
873 5156 1104 5213 humano
1136 5173 1286 5214 more
1317 5158 1514 5223 irasci;
1549 5159 1641 5212 sed
1669 5175 1781 5215 me-

191 5228 494 5298 taphorice,
527 5227 987 5297 quemadmodum
1035 5231 1196 5284 etiam
1240 5229 1438 5284 dicitur
1485 5231 1729 5285 dormire
1758 5273 1773 5298 ,

187 5297 405 5361 sedere,
452 5308 620 5365 stare,
652 5299 920 5366 oblivisci,
949 5302 1177 5365 nescire,
1236 5303 1520 5368 pmnitere.
1568 5311 1623 5355 et
1669 5297 1775 5356 alia

187 5383 309 5436 quae
350 5370 421 5424 de
469 5385 535 5424 eo
580 5368 878 5438 improprie
917 5383 971 5425 et
1009 5371 1303 5426 secundum
1363 5371 1775 5426 similitudinem

186 5440 481 5504 quamdam
515 5440 568 5494 in
598 5442 896 5510 Scripturis
938 5444 1304 5496 enuntiantur.
1353 5442 1600 5497 Dormire
1629 5445 1771 5497 enim

187 5510 393 5583 dicitur
441 5512 571 5565 dum
611 5521 836 5583 peccata
885 5511 1190 5566 dissimulat
1240 5523 1293 5567 et
1325 5527 1431 5566 non
1465 5514 1636 5580 punit,
1686 5520 1779 5567 aut

189 5581 406 5637 afﬂictis
455 5599 562 5637 non
604 5581 790 5638 Statim
835 5584 1131 5648 succurrit;
1182 5583 1406 5638 excitari
1445 5597 1596 5648 vero,
1647 5584 1777 5638 dum

190 5664 306 5720 post
340 5654 555 5723 longam
589 5655 904 5723 patientiam
940 5654 1238 5720 ulciscitur,
1283 5656 1424 5710 sicut
1449 5654 1664 5723 quidam
1697 5655 1778 5708 di-

190 5724 302 5782 sit:
327 5724 497 5780 Lento
516 5724 731 5795 quidem
749 5726 920 5798 gradu
946 5727 1014 5781 ad
1040 5725 1320 5781 uindictam
1345 5727 1429 5780 sui
1455 5726 1629 5780 diuina
1656 5742 1779 5796 pro-

1885 5025 1941 5070 et
1965 5017 2430 5081 dormitationem,
2467 5019 2830 5069 ltainascenus
2851 5014 2999 5085 (Lib.
3032 5031 3049 5069 ι
3082 5014 3305 5069 Orthod.
3343 5014 3473 5070 Fid.

1887 5101 1934 5140 c.
1968 5089 2074 5153 14)
2107 5087 2498 5154 interpretatur
2527 5086 2846 5140 dilationem
2881 5087 3101 5140 ultionis
3128 5101 3256 5154 erga
3289 5086 3475 5141 inimi-

1885 5171 1998 5219 cos.
2032 5169 2084 5212 et
2117 5160 2366 5212 consueti
2405 5173 2532 5227 erga
2558 5159 2762 5212 amicos
2791 5156 2984 5211 auxilii
3014 5157 3349 5211 tarditatem.
3387 5159 3476 5212 Di-

1884 5231 2027 5282 citur
2050 5228 2192 5282 enim
2229 5230 2369 5283 Deus
2398 5241 2510 5282 tum
2541 5229 2711 5282 nostri
2734 5229 3003 5291 oblivisci,
3035 5243 3157 5282 cum
3189 5227 3258 5280 ita
3286 5227 3476 5284 nobis-

1883 5314 2010 5354 cutn
2039 5301 2168 5367 agit,
2202 5301 2356 5368 quasi
2385 5300 2556 5354 nostri
2585 5300 2781 5354 oblitus
2809 5306 2984 5362 esset;
3013 5313 3119 5366 quo
3148 5297 3311 5352 modo
3337 5300 3476 5367 dici-
3521 5339 3526 5344 -

1884 5380 1970 5424 tur
2000 5370 2300 5436 recordari,
2329 5385 2451 5425 cum
2475 5372 2546 5424 ita
2567 5385 2694 5440 erga
2725 5385 2822 5424 nos
2845 5384 2904 5424 se
2928 5369 3090 5436 gerit,
3121 5369 3276 5439 quasi
3301 5370 3476 5428 nostri

1885 5442 2034 5508 prius
2067 5443 2269 5496 oblitus
2303 5441 2522 5506 fuisset,
2550 5442 2892 5508 postmodum
2923 5440 3259 5504 recordatus,
3285 5441 3336 5495 id
3363 5453 3470 5509 est,

1881 5526 2004 5566 cum
2038 5527 2136 5566 nos
2177 5522 2396 5568 orantes
2430 5513 2672 5578 exaudit,
2705 5520 2762 5566 et
2787 5510 3026 5566 ostendit
3053 5525 3115 5566 se
3147 5512 3284 5566 bene
3316 5515 3474 5570 nobis

1885 5584 2053 5638 velle.

1999 5653 2177 5710 iSicut
2200 5655 2446 5710 actiones
2465 5661 2523 5710 et
2540 5654 2849 5710 affectiones
2872 5653 3124 5710 humana;
3146 5655 3258 5710 Deo
3279 5670 3473 5711 secun-

1883 5724 2013 5781 dum
2068 5725 2308 5782 divinam
2358 5737 2610 5782 naturam
2664 5725 2964 5794 improprie
3007 5737 3066 5784 et
3105 5729 3480 5798 metaphorice
