3986 6320
522 274 632 339 527

1863 274 2140 338 JOANNIS
2173 271 2480 336 CASSIANI

3686 280 3782 351 328

522 392 624 447 rali
655 397 714 448 et
740 373 1490 463 eomposito‘describuntur,
1521 386 1732 458 capillis
1757 388 1984 456 scilicet,
2010 405 2101 445 ca-
2129 394 2185 454 Α
2208 391 2502 446 immensas
2543 403 2888 462 opeiationes
2941 390 3054 464 ejus
3098 394 3304 452 sentire
3333 393 3620 467 debemus,
3669 417 3781 474 quis

523 486 633 554 pite
661 496 716 542 et
742 487 988 553 naribus,
1018 485 1190 542 oculis
1209 498 1274 539 ac
1303 482 1461 548 lacie,
1483 481 1732 537 manibus
1759 497 1821 538 ac
1842 482 2100 550 brachiis,

521 579 725 650 digitis,
759 589 914 637 utero
945 579 1312 650 pedibusque;
1345 591 1464 647 qua:
1491 576 1676 630 omnia
1703 575 2000 631 secundum
2024 576 2104 630 vi-

520 673 625 729 lem
672 673 865 729 litteraa
908 687 1100 728 sonum
1130 669 1176 725 si
1211 669 1546 725 voluerimus
1583 667 1888 732 admittere,
1931 669 2102 723 Deum

521 763 864 821 lineamentis
891 764 1260 820 membrorum
1286 768 1345 817 et
1370 775 1633 831 corporea
1665 759 1834 830 ﬁgura
1871 773 2100 828 compo-

518 859 679 912 situm
698 899 714 924 ,
751 855 895 928 quod
919 855 1063 911 dictu
1091 869 1306 926 quoque
1347 851 1502 910 nefas
1529 861 1649 922 est,
1679 852 1936 924 quodque
1961 851 2102 907 absit

515 963 548 1004 a
573 949 749 1016 nobis,
777 962 1001 1006 necesse
1029 955 1113 1005 est
1141 947 1424 1003 aestimari.

1123 1059 1355 1117 CAPUT
1392 1059 1485 1115 IV.

519 1159 754 1228 Qualiter
796 1159 860 1214 de
902 1157 1173 1227 affectibus
1200 1156 1546 1228 membrisque
1589 1155 1831 1210 humanis
1855 1170 1973 1220 qui:
1999 1155 2097 1208 im—

586 1231 822 1285 mutabili
855 1241 902 1285 et
949 1232 1252 1300 incorporeo
1297 1227 1409 1283 Deo
1460 1227 1652 1282 ascribi
1697 1227 1934 1298 legimus,
1979 1241 2098 1281 sen-

584 1303 815 1357 tiendum
839 1303 928 1358 sit.

580 1416 764 1486 Itaque
806 1423 867 1470 ut
893 1425 921 1453 ι
950 1415 1069 1471 haec
1097 1414 1398 1471 secundum
1444 1414 1684 1470 litteram
1731 1427 1840 1468 non
1889 1411 2096 1482 absque

508 1507 744 1565 nefando
772 1507 1061 1580 sacrilegio
1087 1517 1320 1578 possunt
1353 1508 1579 1578 intelligi
1609 1522 1777 1578 super
1805 1521 1873 1562 eo
1894 1507 1988 1576 qui
2012 1505 2098 1560 in-

506 1601 759 1669 visibilis,
797 1599 1118 1666 ineﬂ'abilis,
1161 1599 1752 1670 incomprehensibilis,
1797 1599 2096 1654 inaestima-

504 1693 650 1764 bilis,
681 1694 910 1764 simplex
938 1703 994 1749 et
1018 1692 1413 1762 incompositus
1437 1701 1753 1748 sanctarum
1786 1691 2094 1761 Scriptura-

2205 486 2362 542 nobis
2389 486 2495 541 nisi
2503 502 2610 556 per
2639 488 2754 544 haec
2779 489 2977 545 usitata
3006 491 3268 548 vocabula
3297 495 3662 553 membrorum
3689 515 3777 556 ne-

2202 589 2408 649 queunt
2438 580 2675 636 intimari
2707 593 2802 638 :ut
2835 594 2983 653 puta,
3017 585 3408 654 signiﬁcatione
3439 590 3576 657 oris,
3615 593 3781 653 collo-

2204 673 2448 728 cutiones
2471 674 2589 744 ejus
2608 719 2623 744 ,
2655 690 2779 744 quae
2821 677 2874 732 in
2900 691 3131 733 arcanos
3157 681 3352 737 animae
3386 696 3580 738 sensus
3609 687 3780 746 solent

2202 766 2498 824 clementer
2527 769 2770 835 infundi;
2802 772 2884 826 vel
2913 771 3054 842 quod
3080 773 3134 828 in
3165 773 3418 832 Patribus
3447 783 3650 834 nostris
3693 793 3776 836 at-

2201 872 2306 929 que
2325 860 2602 931 pr0phetis
2625 861 2766 918 idem
2788 862 3003 919 locutus
3027 864 3095 920 sit
3116 880 3509 937 agnoscamus;
3534 870 3586 925 in
3613 873 3779 930 oculis

2200 951 2624 1009 immensitatem
2656 956 3028 1026 perspicacize,
3073 972 3179 1028 qua
3214 962 3467 1017 universa
3494 964 3781 1031 perlustrat

2203 1056 2269 1098 ac
2298 1045 2575 1115 perspicit,
2607 1056 2663 1101 et
2685 1047 2833 1118 quod
2858 1047 2997 1103 nihil
3022 1065 3147 1105 eum
3178 1065 3245 1107 ex
3269 1052 3354 1106 his
3372 1069 3493 1123 qua:
3528 1071 3597 1112 ex
3626 1057 3777 1114 nobis

2201 1145 2481 1206 geruntur,
2521 1141 2830 1208 gerendave
2877 1148 3027 1206 sunt,
3072 1157 3169 1198 seu
3211 1146 3538 1214 cogitantur,
3590 1147 3772 1216 lateat,

2195 1229 2340 1284 scire
2362 1230 2661 1300 possimus;
2687 1246 2944 1286 manuum
2967 1234 3364 1302 nuncupatione
3388 1237 3776 1303 providentiam

2195 1329 2253 1378 et
2270 1323 2660 1392 operationem,
2689 1338 2796 1394 qua
2823 1325 3064 1380 omnium
3095 1323 3213 1395 ipse
3235 1327 3308 1380 sit
3325 1337 3538 1383 creator
3566 1338 3621 1384 et
3647 1344 3778 1384 conv

2195 1413 2360 1484 ditor,
2390 1415 2718 1482 sentiamus;
2741 1415 3020 1472 brachium
3042 1433 3260 1488 quoque
3276 1419 3493 1476 virtutis
3514 1431 3570 1478 et
3587 1421 3781 1493 guber-

2195 1508 2431 1562 nationis
2460 1512 2578 1578 ejus
2601 1508 2831 1578 iusignia
2859 1523 2961 1579 qua
2993 1520 3186 1565 cuncta
3215 1520 3502 1579 sustentat,
3532 1515 3781 1569 modera-

2195 1609 2283 1655 tur
2302 1615 2365 1656 ac
2391 1601 2554 1671 regit.
2574 1600 2645 1655 Et
2673 1610 2729 1655 ut
2754 1599 2824 1656 de
2847 1601 3058 1657 ceteris
3085 1611 3321 1670 taceam,
3342 1605 3566 1660 canities
3586 1608 3780 1676 capitis

2194 1693 2321 1764 quid
2353 1693 2497 1749 aliud
2523 1708 2686 1763 quam
2724 1694 3119 1765 longzevitatem
3161 1696 3377 1752 deitatis
3406 1710 3458 1754 et
3485 1699 3772 1769 antiquita-

503 1802 624 1845 rum
649 1789 970 1844 auctoritate
999 1787 1292 1853 delinitur;
1325 1788 1399 1842 ita
1440 1802 1508 1842 ne
1551 1787 1750 1842 furoris
1789 1786 2005 1856 quidem
2037 1793 2091 1840 et
2119 1787 2169 1848 B
2195 1793 2304 1839 tem
2352 1783 2660 1855 signiﬁcat?
2693 1799 2800 1854 qua
2842 1785 2962 1839 sine
2991 1785 3099 1840 ullo
3127 1787 3392 1857 principio
3435 1799 3541 1853 est,
3569 1799 3624 1845 et
3651 1799 3778 1846 ante

503 1880 604 1936 ira).
625 1879 960 1951 perturbatio
987 1880 1063 1934 illi
1095 1879 1472 1935 indemutabili
1503 1888 1711 1933 naturae
1739 1878 1858 1932 sine
1882 1877 2088 1947 ingenti

502 1971 833 2041 blaSphemia
880 1973 1080 2042 poterit
1126 1973 1396 2040 coaptari.
1424 1971 1558 2026 Nam
1595 1969 1623 2009 δ
1651 1969 1961 2040 huiusmodi
2008 1969 2086 2024 si-

501 2063 848 2136 gniﬁcatione
877 2064 1241 2120 membrorum
1271 2062 1484 2118 divinas
1526 2061 1852 2118 efﬁcientias
1894 2059 1987 2116 Dei
2033 2069 2090 2114 et

2195 1878 2377 1933 omnia
2421 1889 2662 1948 tempora
2689 1887 2746 1933 et
2769 1887 3044 1934 creaturas
3095 1880 3307 1935 excedit
3357 1881 3657 1937 universas.
3703 1881 3776 1937 lta

2194 1970 2361 2040 igitur
2401 1980 2456 2024 et
2483 1969 2552 2024 de
2591 1969 2670 2024 ira
2714 1970 2812 2024 Dei
2841 1970 2929 2025 vel
2980 1970 3181 2038 furore,
3213 1987 3334 2027 cum
3379 1973 3622 2042 legimus,
3675 1990 3781 2030 non

2199 2045 2693 2137 c‘a‘tvbpononabéc,
2721 2060 2774 2117 id
2810 2069 2927 2131 est,
2958 2062 3250 2119 secundum
3276 2064 3632 2122 humilitatem
3687 2067 3781 2122 hu-

1573 2203 1836 2262 ALARDI
1873 2201 2106 2259 ΕΑΖᾹΖΙ
2146 2201 2716 2260 COMMENTARIUS.

505 2323 840 2386 tribuuntur,
883 2321 958 2377 ita
988 2320 1153 2377 etiam
1182 2319 1427 2378 membra
1475 2318 1779 2389 corporalia
1826 2325 1882 2374 et
1907 2332 2082 2389 mem-

503 2393 730 2451 brorum
763 2392 1082 2448 lineamenta
1122 2393 1310 2462 :quod
1356 2387 1603 2462 sequenti
1645 2390 1822 2462 capite
1870 2387 2082 2462 plenius

507 2465 886 2533 explicabitur.
914 2464 989 2518 lta
1016 2464 1076 2518 D.
1100 2457 1459 2534 Hieronymus
1488 2461 1636 2533 (Lib.
1662 2457 1726 2534 iv'
1743 2457 1937 2534 Morel.
1961 2476 2081 2524 cap.

504 2529 610 2607 22⁷)
641 2538 692 2590 in
723 2536 879 2591 Isaia:
904 2550 1025 2607 cap.
1058 2550 1160 2590 va
1186 2551 1196 2586 :
1228 2529 1508 2607 Furorem,
1528 2532 1720 2601 inquit,
1754 2529 2077 2607 oblivionem,

511 2601 665 2672 iram,
691 2601 1058 2678 paenitudinem
1083 2607 1157 2658 ita
1185 2607 1238 2678 in
1265 2603 1371 2658 Deo
1407 2603 1647 2658 debemus
1675 2601 1930 2668 accipere.
1956 2619 2084 2678 quo-

509 2671 665 2749 modo
685 2671 855 2749 pedes,
879 2692 1090 2749 (manus,
1119 2677 1313 2739 oculos,
1344 2691 1518 2749 aures,
1543 2683 1592 2749 et
1621 2671 2080 2749 cistera_membra,

505 2764 624 2818 qua:
645 2741 1042 2801 habere'dicitur
1059 2745 1405 2813 incorporalis
1420 2757 1466 2799 et
1488 2743 1757 2818 inuisibilis
1781 2741 1960 2809 Deus;
1983 2760 2085 2818 non

507 2814 611 2889 quo
637 2820 719 2872 his
761 2826 931 2890 pateat
958 2818 1450 2890 perturbationibus,
1483 2816 1570 2887 qui
1609 2831 1692 2869 eas
1719 2814 1858 2868 dono
1898 2816 2086 2890 gratiae

507 2883 619 2943 sua!
647 2883 927 2960 exstinguit
953 2883 1008 2940 in
1033 2889 1315 2960 nobis,__sed
1344 2883 1444 2956 quo
1466 2883 1564 2960 per
1594 2893 1772 2960 nostra
1802 2883 1956 2960 verba
1986 2883 2086 2938 Dei

506 2975 631 3030 erga
655 2975 751 3030 nos
779 2956 1132 3030 intelligamus
1156 2957 1420 3026 affectum.
1454 2956 1640 3030 Neque
1665 2957 1802 3030 enim
1837 2956 1940 3030 ira,
1970 2972 2087 3030 qut:

505 3027 583 3084 est
613 3028 825 3085 ultionis
852 3027 1033 3095 libido,
1063 3029 1138 3082 ita
1177 3030 1422 3094 deﬁnitur
1449 3029 1504 3082 in
1536 3027 1648 3081 Deo
1676 3037 1732 3081 ut
1758 3028 1817 3080 in
1860 3027 2086 3080 homini-

507 3102 622 3164 bus,
654 3115 767 3169 quis
791 3101 1059 3154 materiam
1085 3099 1233 3154 habet
1260 3100 1316 3152 in
1343 3100 1535 3154 nostris
1560 3099 1861 3169 vitiis,_non
1887 3100 1943 3151 in
1973 3096 2082 3150 Do-

499 3173 626 3225 mini
652 3165 930 3236 noluntate,
963 3180 1069 3225 etc.
1104 3171 1167 3224 D.
1203 3171 1333 3225 item
1366 3170 1696 3240 Gregorius:
1727 3165 1796 3221 In
1824 3167 1951 3236 Deo,
1998 3171 2083 3240 in-

499 3242 638 3312 quit,
665 3243 753 3312 qui
785 3243 1016 3311 corporis
1048 3245 1218 3310 forma
1239 3257 1344 3294 non
1367 3238 1824 3312 circumscribitur,
1856 3238 2081 3292 membra

500 3311 758 3385 corporis,
775 3314 830 3366 id
851 3321 944 3378 est,
970 3313 1363 3385 manus,goculi,
1385 3320 1516 3378 etc.,
1543 3314 1617 3366 ita
1637 3311 1993 3385 nominantur,
2026 3321 2082 3385 ut

498 3399 566 3437 es:
593 3381 951 3456 membrorum
976 3382 1240 3456 vocabulis
1268 3383 1479 3456 e/fectus
1514 3386 1629 3456 ejus
1668 3381 1912 3456 potentia:
1945 3381 2083 3456 desi-

498 3465 714 3524 gnentur
736 3472 756 3520 ;
783 3453 959 3525 oculos
988 3455 1180 3525 quippe
1199 3452 1388 3507 habere
1419 3452 1633 3522 dicitur,
1657 3454 1779 3522 quia
1805 3463 1988 3505 cuncta
2013 3453 2085 3506 vi-

500 3526 622 3591 det;
652 3541 840 3580 manus
865 3524 1055 3579 habere
1081 3525 1414 3591 describitur,
1444 3526 1568 3594 quia
1597 3532 1782 3594 cuncta
1813 3532 2082 3591 operatur.

569 3607 597 3634 ι
637 3597 812 3651 Fuere
836 3598 1056 3664 quidam
1089 3595 1331 3650 bteretici
1363 3592 1549 3650 crasso
1596 3592 1816 3648 nimium
1868 3594 2084 3663 ingenio

497 3668 591 3735 qui
643 3669 928 3721 humanam
979 3667 1090 3721 Deo
1143 3667 1442 3722 tribuerent
1486 3666 1758 3736 efﬁgiem.
1805 3664 2083 3732 Deumque

495 3753 817 3807 corporeum
853 3747 909 3793 et
949 3736 1199 3792 humanis
1231 3748 1570 3808 compactum
1603 3736 1862 3790 membris
1888 3737 2082 3808 existi-

496 3806 729 3872 marent,
762 3819 1049 3878 propterea
1080 3808 1222 3879 quod
1244 3806 1388 3863 Deus
1418 3809 1472 3862 in
1500 3809 1669 3862 sacris
1691 3808 1886 3879 litteris
1909 3806 2079 3859 forma

498 3877 819 3948 depingatur
848 3877 1115 3942 humana,“
1139 3888 1194 3933 et
1217 3889 1325 3932 tam
1360 3879 1589 3932 humana
1628 3877 1889 3939 membra,
1919 3891 2079 3943 quam

496 3954 861 4004 membrorum
895 3951 1136 4004 actiones
1164 3951 1476 4019 corporales
1504 3949 1679 4002 eidem
1709 3962 2081 4019 saepenumero

495 4020 804 4074 tribuantur
838 4037 850 4073 :
884 4021 1113 4084 ideoque
1155 4015 1715 4087 antliropomorphitze
1757 4015 1947 4071 Graeco
1989 4033 2082 4072 vo-

494 4093 696 4166 cabulo
716 4093 867 4156 dicti,
886 4089 1036 4166 quod
1053 4090 1223 4144 Deum
1246 4091 1691 4166 ἀγθρωπὸμορφρν,
1719 4087 1820 4141 hoc
1840 4098 1944 4166 est,
1981 4087 2081 4142 hu-

494 4177 650 4215 mana
677 4161 844 4215 forma
873 4157 1156 4228 praeditum
1180 4157 1802 4229 conlit'igere'nttSocrat.
1833 4157 1926 4212 lib.
1953 4175 2004 4211 v1
2028 4175 2075 4214 c.

493 4233 558 4297 7;
589 4231 906 4287 SosomJib.
925 4247 1019 4285 vtn
1047 4248 1094 4285 c.
1121 4230 1182 4285 11
1208 4241 1258 4286 et
1274 4230 1368 4297 12;
1397 4230 1789 4294 Nicephor.lib.
1808 4245 1858 4282 xi
1886 4247 1933 4283 ο.
1960 4231 2074 4298 14).

495 4302 571 4357 De
611 4305 807 4371 quibus
840 4303 904 4357 D.
935 4303 1296 4370 Hieronymus
1337 4300 1594 4371 epist.7761
1630 4301 2078 4370 :Anthropomor-

491 4370 668 4443 phiae,
701 4376 893 4443 inquit,
922 4373 1257 4441 simplicitate
1275 4373 1474 4426 rustica
1501 4370 1672 4426 Deum
1702 4372 1888 4443 habere
1918 4387 2077 4424 mem-

491 4442 618 4512 bra,
657 4442 782 4508 quis
811 4446 866 4498 in
907 4444 1099 4496 divinis
1140 4443 1284 4496 libris
1327 4445 1518 4512 scripta
1563 4450 1712 4504 sunt,
1757 4442 2076 4495 arbitrantur

491 4514 681 4585 (Hier.
714 4516 866 4585 epist.
917 4515 980 4568 61
1025 4525 1072 4568 et
1098 4513 1225 4584 65).
1260 4513 1328 4568 Et
1353 4515 1682 4583 Augustinus
1725 4514 1814 4566 lib.
1856 4512 1924 4564 de
1955 4514 2074 4585 lia:-

491 4533 681 4585 (ηραν.
714 4533 740 4567 ρ
777 4533 866 4569 tu.
917 4533 980 4568 οι
1025 4533 1072 4568 ει
1098 4533 1225 4584 00).
1260 4533 1328 4568 nl.
1353 4533 1682 4583 augusunus
1725 4533 1814 4566 Ill).
1856 4533 1924 4564 ue
1955 4533 2074 4566 Πεθ-

489 4601 598 4641 res.
648 4533 1219 4654 antﬁroponmrphitas
1260 4587 1340 4639 sic
1382 4595 1601 4639 Vocatus
1646 4585 1792 4645 dicit.
1825 4583 2074 4652 quoniam

489 4656 656 4710 Deum
685 4657 782 4709 sibi
813 4657 1081 4726 ﬁngebant
1111 4657 1422 4726 cogitatione
1449 4656 1648 4709 carnali
1675 4656 1728 4707 in
1748 4654 2072 4726 rsimilitudi-r

2186 2335 2206 2374 ι
2227 2328 2373 2390 part.
2395 2333 2446 2387 q.
2465 2317 2520 2390 3,
2545 2326 2648 2390 art.
2672 2317 2700 2390 1
2728 2316 2962 2390 ;_eoncil.
2995 2315 3243 2390 Lateran.
3271 2337 3318 2375 c.
3345 2316 3610 2378 Firmiter.
3633 2342 3654 2390 ;
3679 2323 3786 2380 Da—

2187 2386 2322 2444 mas.
2356 2386 2444 2442 l.’i
2478 2386 2700 2467 Orthod:
2735 2386 2864 2442 Fid.
2885 2406 3003 2467 cap.
3042 2389 3162 2462 12).
3203 2391 3355 2467 Unde
3386 2404 3532 2449 recte
3576 2386 3787 2467 colligit

2189 2467 2416 2532 Auctor,
2463 2460 2606 2532 quod
2655 2460 2794 2514 sicut
2841 2460 3082 2532 membra
3122 2460 3185 2516 et
3204 2464 3442 2518 actiones
3494 2460 3781 2532 corporéte

2188 2547 2312 2601 quas
2339 2530 2449 2585 Deo
2477 2531 2792 2584 tribuuntur
2815 2532 2867 2584 in
2897 2530 3214 2601 Scripturis,
3233 2549 3336 2588 non
3360 2530 3665 2591 secundum
3692 2539 3784 2592 lit-
3820 2543 3828 2549 ”

2191 2613 2364 2678 teram
2395 2612 2466 2678 et_
2492 2615 2686 2656 vocum
2734 2616 2961 2678 ξοιῃηιξ,⁸
2999 2603 3105 2678 sed_
3136 2606 3359 2678 mystice
3400 2618 3453 2678 et
3479 2610 3784 2678 symbolice

2190 2672 2503 2746 accipienda
2525 2672 2766 2746 sunt,_ad
2791 2672 3172 2742 sigtiilicaudas
3193 2672 3403 2730 scilicet
3426 2672 3781 2746 incorporeas

2188 2757 2243 2801 et
2289 2743 2762 2821 spir_itu_a|es__cjus
2808 2746 3033 2821 virtutes
3079 2755 3134 2799 et
3175 2750 3516 2821 operationes
3562 2743 3785 2821 quoquo

2189 2825 2348 2886 pacto
2369 2816 2576 2886 similes
2603 2814 2670 2869 iis
2700 2829 2818 2883 qua:
2844 2830 2873 2867 a
2899 2816 3053 2869 nobis
3077 2831 3171 2884 per
3192 2816 3500 2884 liujusmodi
3533 2814 3782 2876 membra

2190 2884 2244 2942 et
2274 2884 2498 2940 atii-ctus
2525 2885 2694 2949 ﬁunt;
2732 2887 2996 2956 itaetiam
3030 2887 3132 2950 ira,
3165 2888 3334 2951 furor,
3369 2889 3574 2956 odium,
3605 2902 3665 2946 et
3701 2894 3783 2947 his

2189 2958 2410 3034 similia,
2463 2971 2570 3034 non
2601 2969 2670 3010 eo
2697 2955 2857 3034 modo
2885 2966 2938 3034 et
2966 2971 3126 3011 sensu
3161 2958 3268 3034 Deo
3299 2955 3634 3034 tribuuntur,
3677 2979 3786 3034 quo

2187 3027 2417 3101 homini,
2453 3027 2547 3101 sed
2577 3028 2790 3091 tropice
2813 3037 2876 3101 et_
2895 3027 3122 3101 figurate
3145 3028 3356 3101 debent
3379 3032 3633 3101 intelligi.

2260 3097 2290 3136 δ
2329 3099 2418 3174 §ic
2458 3097 2825 3174 Damascenus
2858 3096 2958 3174 lib.
2991 3099 3102 3174 ille
3133 3098 3448 3174 Orthodoxa
3484 3096 3618 3158 Fide
3654 3119 3779 3174 cap.

2191 3171 2253 3223 14
2278 3185 2292 3222 :
2317 3169 2473 3236 Quia,
2506 3169 2701 3239 inquit.
2727 3169 2955 3238 plurima
2974 3169 3038 3221 de
3059 3167 3168 3223 Deo
3191 3172 3528 3239 corporaliter
3551 3175 3604 3227 in
3629 3167 3787 3229 sacra

2189 3239 2466 3308 Scriptura
2490 3238 2790 3309 symbolice,
2823 3241 3158 3309 mysticeque,
3191 3255 3237 3294 et
3268 3238 3604 3312 signiﬁcatire
3637 3246 3787 3300 dicta

2188 3313 2568 3384 comperimus;
2591 3312 2723 3363 scire
2745 3326 2837 3384 nos
2861 3315 3028 3384 decet,
3050 3326 3162 3364 cum
3182 3328 3274 3365 nos
3295 3314 3395 3384 ipsi
3415 3313 3575 3368 simus
3599 3333 3788 3370 crasso

2189 3383 2359 3435 carnis
2387 3380 2692 3434 indumento
2718 3381 3042 3444 circumdati,
3077 3397 3168 3436 nos
3201 3380 3409 3437 minime
3452 3400 3600 3449 posse
3646 3388 3788 3442 diui-

2188 3469 2314 3525 nas,_
2338 3461 2384 3505 et
2415 3452 2652 3525 subtiles,_
2675 3461 2724 3504 et
2755 3452 3120 3525 immateriales
3167 3450 3268 3507 Dei
3299 3457 3628 3525 Operationes
3683 3467 3780 3512 aut

2187 3522 2493 3595 intelligere,
2519 3529 2576 3576 ut
2607 3522 2800 3590 eloqui,
2832 3523 2934 3576 nisi
2957 3523 3290 3592 imaginibus,
3323 3522 3370 3578 et
3398 3528 3600 3595 formis,
3633 3538 3686 3583 et
3712 3533 3789 3582 si-

2186 3593 2714 3668 gniﬁcativis‘nostro
2757 3608 2901 3668 more
2937 3609 3149 3668 utamur
3195 3593 3790 3668 verbis.VQutecumqne

2185 3663 2346 3733 igitur
2386 3664 2450 3737 de
2493 3663 2600 3718 Deo
2628 3665 2968 3737 corporaliter
3013 3665 3278 3737 dicuntur,
3327 3669 3605 3737 symbolice
3657 3663 3788 3724 sunt

2185 3737 2324 3788 dicta
2352 3751 2371 3789 :
2395 3736 2584 3810 habent
2607 3744 2799 3810 autem
2830 3733 3525 3810 altioremintelligentiam;
3551 3741 3790 3810 simplex

2185 3810 2322 3858 enim
2355 3817 2429 3858 est
2456 3806 2721 3869 divinitas,
2754 3816 2798 3857 et
2820 3803 3042 3874 ﬁguram
3064 3807 3253 3860 habens
3267 3803 3512 3861 nullam.
3532 3803 3672 3865 [ltec'
3692 3813 3788 3866 ille

2187 3875 2352 3959 (Vide
2385 3876 2602 3959 Gregor.
2627 3877 2666 3929 l.
2695 3874 3015 3959 xxxu‘Mor.
3047 3893 3163 3959 cap.
3192 3878 3270 3947 4).
3303 3879 3501 3934 Deinde
3535 3884 3791 3959 particu-

2183 3947 2332 4000 latim
2366 3946 2606 4014 explicat
2631 3946 2906 4012 quoinodo
2942 3948 3208 4011 membra,
3231 3946 3453 4014 'sensus,
3488 3946 3781 4017 actiones,

2183 4018 2608 4094 affectionesque
2639 4017 2908 4094 humanae,
2940 4034 3060 4094 qua:
3089 4017 3200 4071 Deo
3227 4019 3619 4094 attribuuntur,
3659 4039 3785 4094 my-

2182 4091 2318 4142 stice
2359 4097 2487 4141 sunt
2529 4086 2912 4156 intelligenda}.
2947 4090 3216 4143 Admonet
3264 4102 3439 4144 tamen
3478 4091 3579 4145 sub
3605 4086 3784 4147 line-iu

2183 4160 2376 4226 capitis
2422 4158 2543 4212 haec
2580 4162 2651 4211 ita
2694 4173 2754 4211 se
2787 4157 3005 4222 habere,
3038 4173 3158 4212 cum
3197 4160 3264 4214 de
3309 4161 3420 4214 Deo
3463 4165 3784 4218 secundum

2180 4230 2417 4282 divinam
2450 4239 2694 4282 naturam
2718 4229 2822 4282 dici
2859 4230 3258 4298 intelliguntur;
3289 4247 3410 4283 nam
3445 4233 3514 4286 de
3543 4234 3788 4290 tlhristo

2182 4299 2410 4354 Dcinino
2432 4310 2486 4353 et
2505 4300 2782 4354 Salvatore
2813 4311 2998 4352 nostro
3019 4301 3313 4354 secundum
3346 4301 3642 4357 huinzmam
3685 4322 3788 4360 na-

2184 4379 2356 4423 turatu
2405 4385 2534 4425 vere
2562 4380 2616 4424 et
2645 4371 2882 4438 proprie,
2918 4386 3023 4425 non
3057 4370 3278 4439 figurate
3310 4383 3362 4425 et
3403 4377 3633 4438 tropice,
3691 4377 3788 4430 di-

2179 4451 2393 4495 cuntur.
2436 4439 2556 4514 Ipse
2599 4444 2756 4502 enim,
2801 4443 2993 4514 inquit,
3038 4451 3195 4514 totum
3242 4443 3500 4496 hominem
3541 4457 3782 4514 prapter

2179 4523 2406 4565 nostram
2436 4513 2654 4565 salutem
2691 4513 2988 4582 assumpsit.
3021 4512 3268 4575 animam,
3297 4515 3514 4576 scilicet,
3540 4512 3781 4570 intelle-

2179 4592 2334 4647 ctum,
2367 4594 2414 4636 et
2443 4598 2656 4648 corpus,
2704 4592 2749 4634 et
2796 4583 3032 4654 humana:
3072 4594 3271 4654 natura:
3303 4587 3678 4654 proprietates,
3734 4597 3788 4641 et

2178 4654 2442 4729 naturales
2468 4663 2515 4708 et
2545 4657 2793 4729 innocuos
2828 4651 3334 4729 a_/fectus._Proinde
3381 4651 3503 4729 hzec
3523 4672 3635 4729 non
3665 4651 3792 4729 per

487 4743 605 4781 nem
635 4723 1277 4797 imaginis—corruptibilis
1318 4728 1538 4780 hominis
1568 4742 1586 4780 :
1615 4725 1755 4796 quod
1793 4725 2072 4778 rusticitati
2096 4737 2148 4797 ι)
2175 4725 2531 4797 allegoriam,
2548 4723 2643 4778 sed
2675 4725 2971 4778 secundum
3006 4723 3085 4779 rei
3109 4726 3415 4792 veritatem,
3450 4723 3696 4782 Christo—
3717 4740 3782 4785 et

485 4814 662 4852 eorum
687 4796 864 4869 tribuit
894 4796 1222 4869 Epiphanius
1238 4813 1470 4869 _parcens
1492 4798 1585 4869 eis,
1611 4813 1671 4850 ne
1693 4797 1932 4869 dicantur
1955 4801 2068 4869 [tce-

484 4870 631 4923 retici
658 4869 679 4940 (
702 4866 968 4940 Epiphan’.
1013 4867 1199 4940 horres.
1385 4867 1509 4922 Haec
1551 4867 1900 4940 Augustinus.
1953 4866 2066 4921 Hoc

485 4938 679 4994 errore
705 4938 960 5008 deceptos
987 4939 1178 4992 scribit
1217 4938 1555 4993 Sozomenus
1586 4939 1847 5008 quosdam
1879 4951 2068 4991 mona-

484 5011 616 5080 chos
644 5007 932 5080 Egyptios
969 5010 1111 5063 circa
1158 5024 1357 5062 annum
1409 5007 1618 5063 Domini
1659 5008 1781 5071 400,
1813 5021 1844 5061 e
1868 5007 2065 5080 quibus

482 5077 772 5149 Serapion,
795 5077 886 5134 _vir
910 5081 1109 5149 alioqui
1133 5080 1526 5144 sanctissimus,
1551 5090 1604 5134 et
1628 5080 1782 5132 anuis
1803 5077 2067 5146 quinqua-

483 5152 629 5218 ginta
661 5152 712 5206 in
736 5167 922 5206 eremo
947 5160 1232 5215 versatus;
1269 5153 1361 5204 sed
1403 5151 1630 5218 simplex
1655 5158 1711 5203 et
1735 5149 2058 5213 illitteratus,

482 5223 571 5276 vis
598 5224 811 5277 tandem
845 5222 907 5275 Β.
929 5221 1215 5289 Paphnutii
1243 5235 1406 5286 opera
1438 5231 1492 5275 et
1516 5220 1745 5274 aliorum
1769 5219 2062 5272 monacho-

485 5307 604 5347 rum
639 5294 890 5362 precibus
916 5301 972 5346 et
1006 5293 1478 5362 exhortationibus
1510 5291 1706 5362 al)_hac
1746 5289 1908 5342 stulta
1939 5306 2060 5362 per-

483 5359 740 5420 suasione
767 5364 942 5432 potuit
963 5363 1227 5422 revocari.
1262 5374 1315 5415 ut
1356 5360 1526 5415 refert
1553 5359 1840 5432 Cassianus
1871 5359 2056 5432 collat.

485 5435 554 5504 10
583 5450 700 5504 cap.
739 5430 780 5486 Ξ
803 5445 856 5490 et
885 5449 1111 5504 sequen.
1147 5433 1312 5486 Porro
1367 5433 1454 5487 hic
1495 5445 1716 5504 errora
1753 5431 1850 5504 SS.
1884 5430 2059 5483 Patri-

483 5503 589 5559 bus
636 5501 914 5575 explosus,
961 5501 1017 5559 et
1043 5521 1072 5558 a
1104 5516 1210 5560 tota
1256 5503 1493 5575 Ecclesia
1537 5502 1732 5575 merito
1761 5501 2061 5575 damnatus

483 5584 570 5630 est
595 5593 606 5627 :
631 5569 753 5630 cum
785 5584 996 5631 constet
1021 5592 1124 5629 non
1148 5577 1320 5629 solum
1352 5589 1420 5628 ex
1450 5573 1726 5641 Scriptura
1751 5569 1931 5642 (Joan.
1955 5574 2058 5639 tv),
2088 5586 2097 5597 '

485 5645 582 5700 sed
614 5648 774 5701 etiam
805 5650 1014 5702 ratione
1045 5648 1293 5711 naturali,
1331 5647 1495 5698 Deum
1521 5659 1644 5698 esse
1673 5643 1945 5708 spiritum,
1974 5644 2057 5696 in-

481 5731 826 5786 corporeum,
848 5717 1468 5787 iucomprehensihilem,
1497 5714 1844 5787 invisibilem,
1871 5723 2057 5787 etam-

485 5791 574 5849 nis
588 5783 838 5845 materia:
857 5803 922 5845 ac
939 5783 1123 5849 formae
1151 5803 1428 5858 corporea:
1446 5793 1723 5858 expertem
1747 5784 1845 5858 (δ.
1871 5783 2054 5840 Thom.

2173 4795 2376 4849 homini
2410 4795 2800 4848 attribuuntur.

2246 4877 2267 4903 ε
2306 4865 2634 4919 Adverbium
2675 4881 2784 4919 non
2828 4863 3232 4922 modo‘Graecis
3271 4865 3546 4933 Patribus,
3578 4869 3688 4925 sed
3726 4882 3791 4927 et

2173 4935 2238 5010 D_.
2277 4935 2609 5010 llierOIiymo
2641 4936 2893 4990 usitatum
2921 4935 3013 5008 (In
3046 4953 3161 5010 cap.
3193 4953 3342 4993 mm
3371 4935 3617 5008 Jerem.),
3664 4957 3792 5010 quo

2169 5005 2678 5077 sigtiilicant'Deum
2722 5023 2828 5061 non
2865 5005 2940 5060 eo'
2966 5005 3128 5061 modo
3157 5024 3264 5077 quo
3297 5010 3542 5062 homines
3572 5005 3789 5076 irasci,

2169 5080 2296 5145 quia
2344 5075 2618 5142 affectum,
2659 5093 2757 5132 seu
2800 5089 3003 5132 momm
3047 5075 3298 5147 iraafqui
3345 5077 3550 5133 Graecis
3589 5075 3795 5144 παθὸξ

2168 5149 2386 5213 dicitur,
2417 5149 2614 5219 quique
2646 5148 2698 5202 in
2736 5147 3047 5202 hominibus
3072 5149 3295 5203 excitari
3324 5151 3484 5215 Stilel,
3517 5166 3627 5204 non
3668 5170 3785 5219 pa-

2164 5221 2328 5283 titur;
2377 5218 2470 5272 sed
2522 5219 2776 5274 ell'ectum
2828 5219 3198 5274 tantummodo
3247 5219 3490 5274 exhibet.
3547 5218 3795 5278 Dicitur

2163 5291 2308 5344 enim
2350 5289 2492 5344 Deus
2535 5291 2691 5346 irasci
2731 5301 2785 5345 et
2825 5289 3024 5358 furere,
3071 5305 3193 5345 cum
3251 5290 3301 5346 id
3335 5291 3462 5345 facit
3491 5292 3609 5345 sine
3661 5295 3796 5350 ulla

2165 5359 2594 5429 perturbatione,
2635 5360 2780 5430 quod
2828 5362 3073 5416 homines
3110 5361 3422 5428 impellente
3457 5363 3644 5416 lurore
3697 5367 3794 5419 fa-

2164 5436 2336 5493 ciunt,
2363 5431 2464 5484 hoc
2484 5441 2586 5496 est,
2610 5431 2736 5500 dum
2768 5433 3015 5499 percutit,
3047 5431 3225 5500 perdit
3247 5448 3310 5485 ac
3334 5433 3593 5500 destruit.
3623 5435 3798 5491 Hinc

2164 5501 2230 5555 D.
2259 5501 2616 5573 Hieronymus
2636 5499 2732 5571 (In
2765 5519 2888 5573 cap._
2912 5517 2965 5554 ιν
2991 5499 3158 5570 Epist.
3188 5503 3256 5554 ad
3283 5499 3794 5573 Eplies.):Furor,

2165 5572 2436 5644 inquitnet
2468 5571 2578 5636 ira,
2625 5574 2821 5644 licetrin
2844 5571 2969 5644 iDeo
3007 5589 3140 5644 saepe
3177 5571 3419 5626 dicantur
3451 5571 3803 5640 (secundum

2163 5641 2329 5716 illud:
2358 5642 2602 5716 Domine,
2645 5659 2707 5695 ne
2746 5643 2797 5696 in
2828 5643 3006 5716 [more
3042 5641 3131 5697 tuo
3159 5660 3349 5716 arguas
3377 5660 3475 5708 me,
3506 5660 3690 5712 neque
3733 5652 3802 5704 in

2163 5715 2243 5786 ira
2270 5724 2358 5766 tua
2386 5714 2637 5786 corripias
2675 5730 2754 5767 me
2793 5728 2806 5784 (‘
2829 5714 3026 5768 Psolm.
3061 5716 3166 5786 vi).
3194 5714 3450 5786 n'onsunt
3483 5718 3802 5783 perturba-

2165 5785 2328 5839 tiones
2365 5784 2526 5839 animi
2553 5787 2934 5858 computanda,
2969 5787 3098 5842 sicut
3119 5784 3191 5842 in
3229 5785 3395 5854 nobis,
3421 5787 3546 5858 quia
3574 5786 3646 5842 in
3684 5790 3806 5851 illo
