3986 6320
244 261 344 324 329

881 259 970 322 DE
1009 258 1492 323 C(ENOBIORUM
1529 252 1776 320 INSTIT.
1819 263 1823 319 Ι

1927 298 1948 317 η.
1993 255 2223 321 Vlil.—
2251 262 2342 321 DE
2382 261 2656 324 SPIRITU
2696 262 2860 325 IRIE.

3420 265 3529 332 330

245 367 432 416 mante
456 357 912 429 perturbationis,
943 359 1038 416 sed
1068 359 1231 430 digne
1261 358 1398 425 Deo,
1450 358 1543 429 qui
1585 357 1652 413 ab
1682 357 1828 412 omni
1858 361 1908 420 Α
1937 357 2116 414 ctendi
2144 369 2290 424 sunt,
2325 359 2476 416 furor
2496 361 2675 432 gravis
2711 371 2767 435 et
2791 363 2870 418 ira
2908 359 3203 420 suavissima
3229 363 3526 436 iudicatus.

244 450 649 523 perturbatione
699 451 912 507 alienus
957 460 1072 522 est,
1116 453 1320 507 sentire
1365 450 1658 516 debemus;
1719 451 1827 507 sci-

245 544 366 600 licet
388 559 500 614 quo
538 559 636 614 per
660 543 782 600 haec
812 560 933 600 eum
962 544 1200 614 iudicem
1239 552 1294 600 et
1324 543 1557 599 ultorem
1587 542 1829 598 omnium

243 653 358 710 qua:
387 638 574 708 inique
599 648 872 708 geruntur
899 638 951 693 in
980 637 1083 693 hoc
1107 638 1307 693 mundo
1336 635 1610 707 possimus
1639 636 1831 691 adver-

244 743 372 798 tere,
402 739 459 788 et
486 731 879 800 retributorem
918 731 1224 787 terribilem
1267 739 1483 786 actuum
1515 739 1827 785 nostrorum

244 824 320 878 bis
365 823 656 879 verborum
684 822 1174 894 signiﬁcationibus
1219 822 1596 890 formidantes,
1638 830 1829 876 contra

243 919 382 974 illius
407 919 752 974 voluntatem
768 919 1056 974 timeamus
1067 917 1360 989 quidquam
1377 915 1689 976 admittere.
1707 915 1830 971 illos

243 1011 432 1067 etenim
453 1012 645 1067 timere
655 1013 936 1068 consuevit
950 1011 1182 1066 humana
1195 1019 1548 1079 natura,quos
1561 1008 1829 1078 indignari

243 1105 386 1158 novit
413 1112 470 1158 et
501 1114 724 1159 veretur
751 1103 1057 1168 offendere;
1090 1113 1147 1159 ut
1177 1103 1231 1158 in
1260 1101 1540 1158 nonnullis
1579 1101 1827 1171 aequissi-

241 1197 335 1252 mis
361 1196 640 1264 iudicibus
662 1197 803 1252 solet
830 1196 898 1252 ab
929 1196 1014 1251 liis
1039 1197 1128 1267 qui
1159 1195 1340 1266 aliquo
1373 1205 1527 1250 reatu
1553 1209 1667 1249 suae
1689 1209 1826 1250 con-

241 1289 477 1345 scientiae
507 1288 915 1354 remordentur,
949 1289 1026 1344 ira
1051 1289 1212 1344 ultrix
1237 1287 1416 1343 timeri
1448 1305 1462 1342 :
1490 1302 1595 1342 non
1617 1287 1827 1342 scilicet

243 1381 375 1451 quod
409 1380 528 1435 haec
569 1382 621 1435 in
650 1380 846 1436 animis
876 1396 1061 1436 eorum
1091 1381 1180 1450 qui
1202 1381 1350 1450 iuste
1375 1380 1670 1450 iudicaturi
1700 1388 1824 1436 sunt

243 1473 576 1544 perturbatio
605 1473 892 1538 consistat,
930 1472 1026 1528 sed
1057 1471 1198 1542 quod
1233 1473 1307 1527 ita
1338 1473 1703 1529 metuentibus
1733 1473 1824 1529 ille

242 1568 501 1622 sentiatur
526 1566 750 1622 affectus
789 1567 878 1636 qui
906 1581 1002 1637 pro
1026 1568 1377 1622 exsecutione
1402 1566 1579 1640 legum
1608 1575 1664 1620 et
1691 1581 1823 1621 exa-

237 1660 525 1715 minatione
553 1657 778 1728 iustitia:
807 1669 861 1714 et
896 1658 1329 1730 aequilibratione
1373 1657 1641 1726 procedit.
1690 1658 1824 1728 Quae

1938 451 2180 522 Longum
2220 463 2327 523 est,
2373 467 2475 510 nec
2511 455 2796 524 prasentis
2843 455 3046 526 operis,
3099 455 3149 512 si
3195 458 3528 518 voluerimus

1934 545 2114 602 omnia
2144 560 2266 615 quae
2292 546 2360 602 de
2391 545 2501 602 Deo
2529 546 2764 603 humana
2801 547 3195 617 signiﬁcatione
3225 550 3528 621 figuraliter

1932 635 1989 691 in
2017 636 2314 706 Scripturis
2340 637 2483 693 dicta
2510 647 2655 705 sunt,
2681 639 2996 714 explanare.
3026 640 3153 697 Haec
3181 641 3249 698 ad
3281 657 3525 714 prasen-

1935 737 2042 784 tem
2071 731 2476 797 necessitatem,
2519 746 2637 801 quae
2674 741 2864 788 contra
2895 733 3097 789 furoris
3127 735 3318 791 vitium
3352 738 3526 806 perti-

1932 821 2156 888 nebant,
2199 822 2406 879 dixisse
2445 821 2698 891 sufﬁciat,
2730 834 2790 880 ut
2838 825 3019 882 nullus
3067 827 3266 884 exinde
3307 829 3526 886 sibimet

1932 917 2274 971 occasionem
2304 915 2479 972 morbi
2505 917 2805 987 mortisque
2835 927 3110 988 perpetuat
3139 935 3238 989 per
3262 921 3523 992 ignoran-

1929 1007 2060 1062 tiam
2092 1005 2271 1062 trabat
2300 1006 2444 1063 unde
2473 1008 2732 1063 sanctitas
2765 1019 2819 1064 et
2850 1007 3234 1068 immortalitas
3274 1015 3403 1068 vitae
3431 1027 3523 1071 δα·-

1929 1095 2161 1168 lutisque
2185 1098 2424 1154 remedia
2452 1098 2870 1168 conquiruntur.

2550 1189 2779 1246 CAPUT
2825 1189 2884 1246 V.

2070 1279 2237 1356 Cujus
2263 1282 2585 1355 placiditatis
2611 1283 2930 1344 monachum
2946 1301 3058 1341 esse
3085 1289 3370 1346 conveniat.

1997 1377 2183 1448 Itaque
2207 1376 2506 1433 monachus
2531 1376 2597 1432 ad
2624 1378 3012 1447 perfectionem
3037 1381 3284 1445 tendens,
3311 1392 3366 1438 et
3387 1397 3521 1454 ago-

1926 1486 2051 1528 nem
2081 1471 2383 1540 spiritalem
2415 1470 2658 1541 legitime
2686 1470 2912 1541 cupiens
2938 1470 3242 1541 decertare,
3274 1475 3342 1530 ab
3369 1477 3520 1536 omni

1926 1564 2022 1619 ira:
2052 1563 2360 1633 furorisque
2390 1562 2526 1617 vitio
2554 1561 2763 1618 alienus
2807 1563 3028 1633 existat,
3077 1574 3131 1620 et
3162 1566 3347 1622 audiat
3391 1568 3520 1638 quid

1925 1656 2030 1711 sibi
2065 1656 2170 1711 Vas
2196 1653 2482 1710 electionis
2517 1654 2797 1724 praecipiat
2831 1673 2844 1708 :
2879 1664 2906 1692 ει
2935 1654 3147 1724 Omnis,
3181 1658 3375 1730 inquit,
3409 1661 3513 1731 ira,

242 1759 404 1806 tamen
447 1749 782 1822 quantalibet
811 1749 974 1805 animi
1009 1749 1173 1805 fuerit
1201 1749 1616 1806 mansuetudine
1645 1764 1709 1805 ac
1739 1751 1818 1806 le-
1849 1763 1898 1825 Β
1923 1760 1978 1807 et
2014 1749 2332 1820 indignatio,
2373 1756 2428 1804 et
2466 1748 2698 1816 clamor,
2748 1758 2802 1804 et
2847 1747 3182 1820 blaSpltemia
3225 1754 3443 1810 tollatur
3480 1775 3511 1816 ε

238 1846 390 1901 nitate
411 1845 646 1917 prolata,
680 1843 750 1900 ab
781 1844 866 1900 liis
898 1844 988 1914 qui
1022 1857 1120 1914 pro
1150 1858 1250 1899 suo
1290 1843 1486 1899 merito
1515 1858 1674 1914 paena
1705 1844 1817 1913 ple-

1928 1844 2084 1900 vobis
2129 1858 2250 1898 cum
2297 1842 2448 1898 omni
2489 1842 2697 1897 malitia
2733 1841 2969 1914 (Ephes.
3010 1845 3116 1914 tv).
3149 1843 3176 1884 δ
3205 1846 3337 1904 Cum
3367 1851 3517 1922 dicit,

1308 1935 1564 1992 ALARDI
1602 1935 1839 1992 ΟΛΖᾹΞΙ
1875 1935 2451 1994 COMMENTARIUS.

238 2035 490 2087 moderata
514 2043 564 2086 et
591 2032 834 2086 ordinata
859 2038 979 2104 sunt
1004 2031 1214 2104 omnia;
1241 2039 1290 2084 et
1316 2045 1487 2104 paena,
1513 2047 1617 2100 qua
1644 2047 1826 2102 pecca-
1849 2029 1853 2033 ’

237 2114 355 2158 tore:
382 2105 739 2173 corriguntur,
769 2102 964 2156 nostris
985 2100 1192 2156 vocibus
1216 2100 1515 2173 appellatur
1543 2117 1561 2154 :
1587 2100 1680 2156 nos
1708 2118 1826 2157 vero

235 2177 271 2228 si
289 2172 604 2242 irascamur,
640 2174 1024 2245 perturbantur,
1049 2181 1116 2238 et,
1145 2175 1324 2244 furore
1349 2172 1505 2244 capti,
1532 2175 1694 2228 nostri
1717 2189 1824 2229 esse

236 2247 529 2300 desinimus.
887 2279 890 2282 ~

295 2326 318 2353 ι
349 2317 525 2385 Huius
557 2315 867 2381 sententiae,
899 2325 959 2370 ut
982 2316 1129 2369 varia
1160 2315 1341 2376 lectio,
1377 2315 1448 2370 ita
1480 2313 1630 2368 varia
1660 2329 1828 2384 expo-

236 2389 368 2442 sitio.
389 2389 569 2443 Grzeci
600 2388 844 2453 codices,
870 2388 1086 2441 inverso
1104 2387 1312 2452 ordine,
1342 2387 1476 2440 iram
1499 2395 1554 2440 et
1577 2386 1828 2455 indigna-_

236 2460 422 2514 tionem
459 2470 672 2529 ponunt
713 2475 729 2514 :
772 2474 896 2512 nam
941 2455 1109 2526 priori
1140 2456 1259 2529 loco
1288 2457 1474 2529 Graece
1505 2465 1634 2529 θη)
1676 2464 1824 2514 πᾶσα

235 2534 419 2606 πικρία,
462 2525 568 2606 icti
594 2531 772 2606 θιψόε,
815 2532 902 2606 acti
936 2525 1062 2604 ὀργή
1108 2527 1270 2606 (Vide
1293 2527 1459 2606 Basili
1491 2525 1820 2606 dedustitut.

235 2597 356 2655 tuon.
393 2617 439 2657 c.
480 2601 596 2670 78).
629 2597 700 2656 At
727 2600 789 2654 D.
827 2597 1185 2670 Hieronymus
1213 2599 1339 2668 legit
1370 2618 1382 2652 :
1418 2597 1600 2653 Omnis
1631 2601 1823 2653 amari-

236 2673 364 2736 tudo,
399 2669 626 2737 furor’et
661 2673 769 2735 ira;
797 2681 852 2726 et
881 2670 994 2726 [nec
1032 2669 1112 2723 ita
1156 2669 1442 2739 distinguit
1471 2686 1486 2725 :
1519 2670 1824 2726 Amaritudo

235 2743 491 2811 dulcedini
512 2745 777 2795 contraria
802 2749 909 2807 est;
939 2742 1074 2794 unde
1100 2741 1265 2793 amari
1292 2742 1442 2811 vulgo
1466 2741 1818 2809 appellantur.

236 2810 401 2867 Furor
422 2830 542 2868 vero
566 2814 820 2882 incipiens
837 2813 915 2866 ira
938 2822 1034 2877 est,
1052 2822 1099 2865 et
1129 2810 1415 2881 ferrescens
1442 2812 1495 2865 in
1521 2814 1717 2875 animo,
1744 2814 1822 2867 in-

237 2883 484 2954 dignatio.
520 2883 546 2936 Ι
557 2901 616 2936 ra
646 2893 839 2949 autem,
873 2883 1023 2953 cujus
1057 2882 1353 2935 amaritudo
1378 2892 1430 2954 et
1457 2884 1602 2952 furor
1631 2884 1823 2952 species

235 2952 362 3018 sunt,
392 2971 514 3025 quia
553 2955 732 3020 furore
770 2952 1015 3008 restincto
1042 2954 1299 3025 desiderat
1333 2952 1600 3025 ultionem,
1633 2964 1678 3006 et
1707 2969 1822 3008 eum

235 3043 372 3091 quem
398 3023 642 3080 nocuisse
667 3033 833 3093 putat,
865 3026 970 3078 vult
999 3025 1208 3078 laedere.
1235 3023 1308 3079 Ita
1337 3023 1401 3078 1).
1438 3024 1819 3094 Hieronymus.

237 3095 424 3151 Verum
452 3110 511 3150 ut
544 3097 778 3164 vulgatae
807 3096 1020 3151 lectioni
1051 3110 1171 3149 cum
1203 3094 1462 3156 Cassiano
1489 3094 1819 3161 insistamus,

237 3167 540 3238 etsingulas
565 3177 744 3234 partes
774 3165 1242 3238 boiusisententite
1288 3166 1534 3221 nonnihil
1583 3167 1823 3223 elucide-

236 3254 363 3304 inus,
379 3248 596 3294 certum
619 3248 702 3292 est
726 3238 810 3292 his
837 3237 1018 3292 verbis
1033 3237 1278 3293 diversos
1302 3238 1503 3307 gradus
1523 3245 1578 3292 et
1599 3237 1822 3293 affectus

239 3309 328 3400 ira:
369 3307 675 3398 designari.
731 3309 1258 3400 Amaritudo‘enim,
1283 3322 1397 3400 seu
1437 3310 1815 3400 aniarttlenltia,
1845 3335 1893 3400 ρ

236 3381 414 3437 Graece
439 3383 651 3457 asapia,
688 3379 906 3450 proprie
945 3379 1144 3457 dicitur
1181 3379 1392 3457 tristitia
1433 3381 1617 3457 animo
1653 3380 1819 3457 inhae-

237 3466 376 3516 rens,
417 3459 478 3506 et
519 3449 784 3505 inﬁxaex
814 3450 1073 3505 continua
1111 3459 1168 3505 et
1209 3449 1460 3505 diuturna
1493 3451 1620 3506 mali
1662 3451 1818 3518 illati,

236 3537 322 3577 seu
366 3522 589 3593 injuria:
632 3531 873 3589 accepta:
913 3521 1312 3593 recordatione,
1356 3537 1385 3575 a
1430 3536 1536 3593 qua
1573 3522 1822 3578 dicuntur

235 3590 541 3662 amari'qui
597 3600 914 3660 conceptam
971 3607 1037 3647 ex
1092 3590 1391 3648 oﬁ‘ensione
1447 3590 1717 3648 tristitiam
1766 3601 1822 3649 et

237 3673 634 3734 consequenter
665 3665 796 3717 iram
828 3664 919 3716 diu
950 3664 1208 3728 retinent,
1245 3678 1366 3733 qua:
1402 3664 1634 3719 tristitia:
1672 3678 1821 3786 gum-

237 3735 298 3786 rit
336 3736 668 3786 medicinam
713 3734 802 3786 lS-
851 3733 1032 3786 Thom.
1062 3735 1118 3786 in
1147 3733 1287 3786 hunc
1317 3734 1485 3786 locum
1523 3744 1571 3786 et
1608 3734 1672 3786 2-
1717 3776 1731 3786 .
1764 3751 1816 3786 α.

235 3735 298 3805 rit
336 3733 668 3790 medicinam
713 3734 802 3805 (S.
851 3733 1032 3788 Thom.
1062 3735 1118 3788 in
1147 3733 1292 3805 hunc
1317 3734 1485 3788 locum
1523 3744 1571 3789 et
1608 3733 1731 3799 2-2,
1764 3751 1816 3801 q.

237 3804 353 3868 158,
383 3815 505 3876 ατε.
537 3806 629 3876 5).
661 3803 814 3862 Unde
853 3803 1215 3860 Ecclesiastici
1246 3804 1504 3872 vigesimo
1533 3809 1707 3876 primo
1740 3805 1822 3860 di-

233 3877 412 3947 citur:
452 3875 577 3930 Non
607 3886 679 3930 est
708 3892 907 3942 sensus,
945 3878 1030 3930 ubi
1066 3885 1139 3929 est
1182 3877 1504 3947 amaritudo.
1549 3878 1615 3930 Et
1641 3878 1820 3947 glossa

233 3945 281 4017 in
309 3962 434 4017 cap.
464 3964 497 4000 v
518 3947 771 4014 Mattlimi,
801 3947 1078 4015 explicans
1104 3947 1233 4001 illud
1265 3963 1278 4000 :
1313 3946 1458 4001 Beati
1485 3945 1664 4014 mites;
1683 3958 1815 4016 etc.,

233 4016 303 4071 ait
333 4037 344 4072 :
380 4016 743 4072 Mansuetudo
773 4028 846 4072 cst
876 4017 1098 4072 dulcedo
1127 4019 1305 4078 animi.
1340 4034 1495 4088 quam
1531 4035 1634 4072 non
1665 4020 1819 4074 vincit

231 4090 547 4142 amaritudo.
576 4091 725 4144 lianc
754 4089 814 4142 υ.
845 4089 1171 4144 Benedictus
1195 4100 1350 4143 vocat
1377 4091 1544 4143 zelum
1565 4091 1820 4144 amaritu-

233 4159 360 4231 dinis
387 4161 614 4231 ntalum,
642 4161 741 4231 qui
760 4169 966 4229 separat
996 4177 1028 4212 a
1060 4159 1187 4224 Deo,
1215 4171 1265 4213 et
1292 4160 1432 4213 ducit
1459 4162 1528 4214 ad
1557 4162 1819 4231 infernum

232 4227 380 4300 (Cap.
412 4234 486 4286 72
515 4227 789 4303 Regulos);
819 4227 916 4286 'ltic
947 4231 1514 4303 tamettizelushmalus
1542 4227 1702 4303 etiam
1731 4231 1818 4286 iu-

230 4303 426 4356 vidiam
459 4300 862 4372 complectitur,
905 4309 964 4355 tit
996 4317 1096 4372 suo
1134 4302 1253 4356 loco
1274 4300 1509 4372 dicetur.
1555 4301 1634 4356 lra
1664 4317 1816 4370 vero,

230 4385 319 4427 seu
377 4375 532 4451 ὀργή.
561 4371 646 4451 est
689 4373 803 4440 ipse
847 4371 1114 4451 appetitus
1159 4371 1413 4451 vindicta:
1458 4373 1814 4451 inordinatus,

229 4457 329 4498 non
373 4443 646 4498 naturalis
693 4451 922 4509 tantum,
970 4443 1063 4498 sed
1107 4443 1463 4506 voluntarius,
1497 4445 1588 4513 qui
1622 4445 1818 4499 multas

227 4513 317 4568 ira:
343 4517 566 4584 species
593 4515 994 4586 complectitur,
1019 4525 1076 4568 ut
1105 4513 1241 4568 intra
1263 4513 1492 4569 dicetur.
1522 4515 1818 4586 Indignatio

230 4596 309 4655 est
363 4602 476 4655 qua
537 4587 584 4640 is
617 4587 704 4639 cui
745 4585 1046 4652 irascimur,
1086 4587 1473 4649 contemnitur,
1507 4595 1560 4640 et
1590 4585 1819 4655 vilipen-

226 4653 395 4727 ditnr,
425 4665 708 4725 tamquam
748 4657 997 4727 indignus
1030 4672 1060 4710 a
1098 4670 1204 4726 quo
1238 4655 1344 4710 tale
1367 4657 1496 4726 quid
1528 4653 1814 4726 patiamur.

225 4724 355 4797 Huic
408 4724 740 4796 coniunctus
791 4724 883 4781 est
925 4724 1130 4782 tutnor'
1155 4724 1542 4797 mentis,’quo'
1581 4729 1816 4797 seipsum

226 4796 475 4869 irascens
504 4800 752 4869 extollit,
775 4808 828 4852 ct
839 4798 996 4869 alteri
1023 4798 1237 4869 praefert
1271 4796 1554 4869 (Leonard.
1578 4796 1726 4862 Less.
1755 4801 1820 4855 de

223 4866 358 4924 Just.
393 4869 492 4924 lib.
532 4884 586 4923 tv
623 4887 670 4924 c.
707 4868 789 4939 4).
822 4868 973 4924 Facit
1010 4866 1154 4924 enim
1186 4868 1264 4923 ira
1282 4866 1351 4923 ‘ut
1377 4871 1422 4922 is
1452 4872 1541 4938 qui
1581 4871 1832 4926 otfensus’

223 4950 324 5007 est,
372 4956 438 4996 se
482 4940 855 5010 apprehendat
893 4954 949 4995 ut
994 4956 1268 5010 magnum,
1307 4951 1360 4993 et
1396 4943 1650 5006 extollat;
1695 4957 1818 4996 eum

223 5023 348 5068 vero
400 5013 497 5082 qui
544 5011 793 5082 olfendit,
843 5021 905 5082 ut
938 5011 1118 5078 vilem,
1170 5025 1225 5067 et
1273 5020 1584 5068 contemnat
1622 5031 1636 5067 :
1680 5015 1822 5069 unde

221 5081 518 5149 utramque
549 5083 694 5137 inter
722 5081 861 5137 ﬁlias
896 5081 988 5136 irae
1029 5091 1278 5138 recenset
1319 5085 1377 5137 1).
1419 5084 1733 5153 Gregorius.
1763 5093 1822 5139 ut

221 5167 385 5222 supra
411 5154 747 5209 notavimus.
778 5153 996 5208 Clamor
1018 5171 1122 5209 vox
1143 5163 1225 5208 est
1255 5154 1530 5209 hominum
1562 5157 1822 5210 iratorum

219 5225 334 5294 sine
361 5224 583 5294 judicio
609 5234 665 5278 et
699 5226 904 5294 pudore
935 5223 1341 5294 vociferantium
1385 5223 1525 5292 (L'b.
1555 5242 1586 5279 v
1611 5241 1659 5278 c.
1693 5227 1743 5292 l,
1773 5235 1824 5281 et

219 5292 378 5368 hujus
410 5295 509 5349 lib.
532 5312 592 5368 7c.
622 5292 714 5366 1)}
746 5295 814 5351 de
845 5311 950 5366 quo
974 5293 1122 5368 isaia:
1149 5295 1340 5366 quinto
1374 5313 1386 5348 :
1419 5295 1725 5368 Exspectavi
1766 5307 1822 5351 ut

218 5368 414 5434 faceret
429 5367 724 5438 judicium,
752 5375 798 5420 et
829 5383 942 5421 ecce
967 5367 1239 5437 iniquitas;
1268 5377 1315 5420 et
1330 5367 1614 5436 justitiam,
1644 5375 1691 5421 et
1712 5384 1825 5422 ecce

218 5437 447 5507 clamor.
495 5437 861 5507 Blasphemia,
907 5438 958 5492 id
1001 5448 1107 5506 est,
1157 5439 1555 5504 maledicentia,
1606 5443 1722 5494 sive
1771 5439 1824 5493 in

219 5504 393 5578 Deum
429 5518 492 5564 et
533 5504 776 5573 sanctos,
819 5509 933 5564 sive
972 5512 1024 5562 in
1063 5504 1360 5574 proximos,
1405 5524 1524 5578 quae
1553 5509 1718 5564 etiam
1759 5524 1828 5564 ex

217 5577 293 5633 ira
337 5579 614 5646 nascitur,
651 5587 709 5634 et
748 5579 888 5634 inter
918 5579 1010 5634 ira:
1044 5580 1181 5633 ﬁlias
1217 5577 1551 5634 numeratur.
1593 5580 1729 5636 Hinc
1761 5581 1822 5634 1).

216 5647 599 5721 Hieronymus
640 5650 730 5705 ubi
775 5665 938 5720 supra
970 5669 983 5703 :
1018 5649 1142 5704 Post
1175 5650 1599 5716 amaritudinem,
1635 5653 1822 5721 inquit,

215 5719 464 5789 {orarent
505 5730 553 5776 et
604 5721 763 5785 iram,
806 5719 938 5776 recte
977 5723 1175 5776 clamor
1206 5738 1408 5792 quoque
1435 5733 1483 5776 et
1513 5719 1829 5792 blasphemia

214 5793 566 5870 prohibentur
590 5793 644 5846 in
676 5793 842 5858 nobis,
875 5794 997 5859 quia
1015 5793 1102 5865 qui
1123 5793 1276 5850 semel
1296 5795 1475 5866 [urore
1497 5793 1649 5849 fuerit
1681 5810 1832 5866 supe-

438 5890 722 5950 Ps'rnOL.
763 5885 992 5948 XLIX.

1928 2041 2094 2096 ratus,
2129 2047 2332 2086 necesse
2360 2040 2433 2087 est
2463 2040 2516 2085 ut
2539 2031 2777 2102 prosiliat
2805 2033 2858 2086 in
2895 2035 3191 2099 clamorem,
3219 2047 3286 2102 et,
3321 2042 3522 2098 turbide

1927 2101 2306 2176 fremensphuc
2331 2113 2485 2176 atque
2510 2101 2639 2176 illuc
2671 2104 2968 2176 inqmodum
3011 2107 3128 2176 folii
3160 2101 3431 2166 ventiletur
3471 2127 3523 2169 et

1927 2174 2066 2227 dicat
2107 2189 2126 2228 :
2169 2173 2214 2226 0
2254 2189 2429 2228 rerum
2465 2174 2711 2248 iniquitas
2727 2175 2754 2248 li
2786 2191 2815 2227 ο
2855 2173 3049 2248 ἰηλιιδία
3075 2179 3281 2248 judicia
3315 2182 3447 2237 Dei!
3475 2196 3523 2241 et

1927 2247 2469 2323 caztera,_qttt_rt_solent
2499 2243 2642 2323 loqui
2668 2247 2757 2314 qui
2781 2261 2870 2323 p_e_r
2892 2243 3263 2323 indignationis
3294 2257 3522 2323 furorem

1926 2317 2112 2370 mentis
2131 2315 2392 2384 judicium
2417 2316 2774 2384 perdiderunt.
2807 2316 2930 2370 Hinc
2969 2315 3024 2371 et
3062 2319 3166 2374 alia
3217 2315 3305 2374 DC
3333 2325 3522 2382 lliero-
3553 2353 3556 2358 ·

1927 2402 2142 2464 nymtts.
2170 2385 2501 2464 ΔΡοιϊοῃιιίει
2541 2386 2758 2464 longum
2804 2396 2921 2464 erat
2957 2393 3140 2464 omnia
3175 2408 3517 2464 enumerare,

1925 2457 2121 2528 adiecit
2154 2457 2450 2526 Apostolus
2493 2475 2504 2510 :
2550 2457 2678 2511 Cum
2721 2459 2858 2512 omni
2898 2460 3122 2524 malitia,
3165 2473 3358 2519 caetera
3389 2457 3520 2524 vitia

1925 2527 2029 2602 ltoc
2060 2533 2276 2602 nomine
2305 2528 2696 2598 complectens.
2733 2529 2794 2583 1).
2829 2540 3006 2585 tamen
3037 2530 3332 2602 Gregorius
3363 2537 3519 2594 mali-

1928 2599 2058 2654 tiam
2085 2599 2400 2655 interiorem
2431 2614 2526 2656 seu
2555 2613 2775 2669 pravam
2804 2602 3033 2656 nocendi
3064 2599 3396 2662 voluntatem
3425 2611 3512 2662 in-

1924 2671 2138 2742 telligit,
2169 2681 2224 2726 et
2247 2671 2316 2727 ab
2341 2670 2704 2742 exterioribus
2741 2670 2886 2725 vitiis
2922 2673 3072 2740 prius
3105 2677 3402 2732 nominatis
3435 2680 3519 2736 di-

1924 2739 2167 2820 stinguit,
2220 2742 2289 2795 ita
2325 2742 2585 2820 scribens
2630 2739 2936 2820 (Ifastoral.
2982 2761 3097 2820 par,
3145 2760 3223 2820 nt.
3266 2763 3313 2802 c.
3362 2748 3466 2820 to)
3502 2770 3519 2787 ο

1923 2808 2118 2867 Βοεῐον
2155 2808 2400 2883 egregius
2444 2828 2560 2866 cum
2609 2808 2909 2883 patientiam
2958 2808 3232 2882 discipulis
3282 2808 3520 2879 suaderet

1925 2883 2102 2959 dicens
2147 2899 2165 2937 :
2219 2882 2748 2959 O‘innisnmaritud‘o,
2790 2892 2837 2935 et
2877 2883 2980 2953 ira,
3025 2894 3074 2959 et
3112 2889 3418 2959 indignatio,
3470 2903 3521 2949 et

1925 2955 2223 3028 clamor,_et
2254 2952 2573 3028 blasphemia
2599 2955 2866 3028 auferatur
2890 2971 2922 3007 a
2955 2952 3092 3028 vobis
3108 2974 3128 3022 ;
3148 2952 3297 3028 quasi
3319 2952 3520 3020 cunctis

1922 3025 2257 3080 exterioribus
2279 3027 2393 3095 jam
2421 3027 2544 3079 bene
2569 3025 2884 3095 compositis,
2912 3028 2983 3079 ad
3005 3025 3252 3083 interiora
3272 3037 3522 3090 convesti-

1923 3106 2032 3163 tur,
2060 3095 2184 3149 dum
2211 3094 2478 3167 subjungit
2502 3111 2520 3167 ξ
2547 3094 2676 3149 Cum
2699 3097 2839 3149 omni
2865 3099 3082 3153 malitia.
3111 3100 3246 3164 Quia
3274 3105 3521 3160 nimirum

1924 3173 2120 3248 frustra
2138 3165 2446 3248 indignatio,
2465 3165 2662 3248 clamor
2683 3167 3074 3248 eirhlasphemia
3096 3172 3159 3225 ab
3180 3177 3521 3248 exterioribus

1926 3239 2147 3303 tollitur,
2173 3238 2217 3291 si
2246 3238 2300 3290 in
2323 3239 2656 3292 interioribus
2681 3239 2920 3291 vitiorum
2947 3250 3109 3294 mater
3135 3245 3334 3297 malitia
3354 3241 3521 3303 domi-

1923 3320 2100 3387 naiur.
2128 3308 2193 3362 Et
2216 3309 2474 3387 incessunt
2483 3309 2648 3387 foras
2669 3310 2896 3387 nequitia
2920 3314 3162 3387 curantis
3182 3315 3452 3387 inciditur,
3475 3322 3522 3374 si

1923 3381 2232 3452 subreptura
2267 3380 2770 3452 mttltiplicius‘intus
2795 3381 2854 3452 in
2880 3382 3056 3438 radice
3085 3394 3341 3441 servatur.
3378 3380 3520 3447 usus

1924 3449 2100 3508 autem
2139 3459 2222 3506 est
2260 3449 2553 3518 Apostolus
2583 3449 2682 3504 alia
2716 3450 2876 3505 simili
2909 3457 3180 3509 sententia
3217 3458 3283 3511 ad
3323 3459 3522 3516 Colos-

1920 3536 2110 3595 senses
2145 3537 2222 3595 nt.
2255 3535 2375 3595 qua
2391 3522 2580 3595 eadem
2613 3520 2726 3595 fere
2752 3521 2933 3595 omnia
2965 3533 3020 3578 et
3048 3525 3258 3595 singula
3292 3530 3420 3584 vitia
3449 3532 3519 3588 ad

1919 3592 2056 3648 iram
2088 3592 2434 3660 pertinentia,
2468 3592 2562 3647 sed
2593 3592 2701 3646 alio
2737 3593 2948 3656 ordine,
2981 3592 3252 3662 expressit
3280 3599 3366 3654 his
3393 3617 3520 3656 ver-

1919 3663 2004 3741 bis
2029 3679 2044 3717 :
2073 3663 2231 3718 Nunc
2247 3672 2423 3741 autem
2439 3663 2677 3741 deponite
2698 3671 2742 3741 e_t
2765 3679 2852 3716 vos
2873 3666 3068 3731 omnia,
3096 3666 3250 3731 irent,
3276 3670 3519 3741 indigna-

1921 3735 2128 3804 tionem,
2153 3733 2428 3804 malitiam,
2449 3732 2840 3804 blasphemiam,
2861 3743 3058 3804 turpem
3078 3732 3514 3804 sermonemfetc.

1990 3803 2019 3844 ι’
2054 3805 2276 3859 Videtur
2304 3802 2597 3860 Cassianus
2627 3803 2714 3858 bis
2744 3805 2928 3858 verbis
2947 3802 3174 3861 omnem
3206 3809 3341 3863 iram
3370 3802 3517 3870 velle

1919 3875 2228 3940 excludere,
2278 3875 2428 3946 etin
2468 3873 2600 3946 vitio
2646 3889 2849 3946 ponere
2893 3890 2908 3928 :
2952 3879 3094 3946 quod
3136 3893 3202 3933 ex
3242 3885 3514 3941 sententia

1920 3947 2080 4022 etiam
2124 3945 2370 4022 Apostoli
2415 3945 2576 4000 modo
2617 3944 3010 4022 egplicatapet
3051 3949 3517 4022 aliis‘Scriptuiae

1918 4017 2054 4074 locis
2095 4021 2307 4072 videtur
2346 4027 2612 4072 astruere.
2658 4015 2859 4072 Verum
2895 4018 2939 4071 si
2973 4015 3356 4077 antecedentia
3391 4041 3517 4083 cum

1918 4089 2376 4154 consequentibus
2397 4087 2766 4155 conferantur,
2789 4100 2842 4144 et
2863 4093 3170 4146 accuratius
3193 4097 3521 4153 examinen-

1920 4171 2028 4226 tur,
2076 4161 2208 4216 satis
2261 4158 2577 4229 intelligitur
2636 4173 2741 4214 non
2799 4159 3120 4229 simpliciter
3166 4173 3222 4218 et
3271 4166 3518 4226 absolute

1919 4247 2134 4308 onmem
2166 4233 2333 4308 iram,
2371 4232 2466 4285 sed
2486 4232 2601 4308 ira:
2625 4233 3015 4308 _t_antummodo
3040 4233 3252 4308 vitium,
3285 4236 3386 4293 hoc
3410 4250 3515 4308 est,

1920 4303 2054 4358 iram
2085 4303 2335 4358 vitiosam
2363 4316 2459 4356 seu
2486 4300 2847 4356 inordinatam
2873 4303 3111 4360 voluisse
3139 4300 3424 4371 damnare.
3462 4300 3518 4366 ei

1920 4374 2388 4429 mansuetudinem
2430 4374 2631 4426 irarum
2670 4371 3080 4429 moderatricem
3123 4379 3412 4435 monachis
3450 4384 3516 4438 ad

1922 4445 2311 4513 perfectionem
2364 4442 2707 4497 tendentibus
2754 4443 3049 4512 impensius
3108 4451 3513 4508 commendare.

1921 4514 2045 4585 Agit
2062 4517 2203 4570 enim
2228 4516 2280 4569 in
2305 4514 2389 4567 liis
2410 4513 2566 4585 libris
2587 4522 2773 4568 contra
2797 4517 2920 4585 vitia
2945 4517 3220 4584 capitalia,
3249 4530 3306 4576 ut
3327 4534 3515 4579 notum

1921 4583 2027 4665 est,
2057 4595 2111 4641 et
2141 4585 2326 4640 titulus
2349 4583 2585 4665 indicat:
2617 4583 2845 4665 proinde
2871 4583 3222 4665 contrairam
3247 4608 3353 4647 non
3384 4597 3516 4665 agit,

1925 4658 2029 4712 nisi
2054 4667 2317 4725 quatenus
2340 4656 2524 4708 vitium
2548 4663 2633 4709 est
2658 4664 2713 4709 et
2736 4669 3038 4724 peccatum.
3073 4659 3222 4716 Unde
3251 4679 3357 4718 non
3386 4656 3517 4720 dicit

1844 4701 1900 4762 D
1923 4701 2246 4784 montictium
2281 4725 2524 4800 abomui
2554 4725 2630 4800 ira
2663 4701 2898 4800 alienum
2931 4744 3050 4785 esse
3073 4701 3516 4800 :e‘d'n'l;

1924 4801 2058 4874 omni
2085 4799 2178 4874 ira;
2209 4798 2496 4874 {morisque
2525 4796 2680 4874 vitio;
2709 4809 2763 4852 et
2789 4797 3112 4874 infradocet
3145 4796 3296 4874 (Cap.
3329 4805 3359 4858 7
3381 4816 3430 4859 et
3460 4807 3516 4874 8)

1921 4867 2508 4943 irascendumnostris
2556 4867 2701 4943 vitiis
2747 4879 2801 4924 et
2847 4867 3166 4938 defectibus,
3221 4867 3274 4929 et
3321 4891 3440 4943 cap.
3483 4867 3516 4932 7

1923 4941 2106 5016 laudat
2135 4939 2410 5016 Davidem,
2441 4939 2582 5016 quod
2618 4938 2880 5016 adversus
2905 4943 3079 4998 diram
3111 4938 3515 5016 suggeStionem

1926 5012 2216 5087 nbisaipia
2235 5008 2602 5087 indignatione
2623 5008 2785 5066 fuerit
2804 5024 3109 5087 commotus
3133 5008 3196 5087 (11
3213 5008 3347 5085 Reg.
3380 5017 3512 5087 xvi).

1926 5082 2158 5138 Proinde
2197 5082 2594 5137 observandum
2631 5091 2683 5135 et
2720 5086 2996 5139 memoria:
3022 5082 3516 5143 commendandum

1928 5169 1994 5210 ex
2037 5153 2279 5226 doctrina
2325 5153 2387 5226 1).
2436 5151 2680 5226 Gregorii
2723 5152 2821 5226 lib.
2867 5169 2899 5206 v
2942 5155 3220 5211 Moralium
3253 5174 3372 5226 cap.
3413 5158 3515 5226 55,

1927 5225 2071 5300 quod
2095 5223 2303 5300 aliae“
2332 5224 2432 5300 ira,
2454 5240 2610 5294 quam
2624 5223 2960 5300 impatientia
2985 5229 3201 5300 eacitat;
3227 5223 3333 5282 alia
3359 5223 3518 5300 quant

1929 5293 2068 5352 zelus
2090 5297 2314 5372 justititc
2343 5293 2585 5372 {armat}
2618 5293 2710 5372 illa
2737 5310 2800 5348 ea:
2828 5297 2970 5372 vitio,
3003 5297 3111 5351 hcec
3133 5293 3196 5352 ea
3222 5293 3406 5372 viriut}:
3433 5317 3519 5372 ge.

1930 5365 2160 5422 neratur.
2195 5365 2254 5422 Si
2285 5368 2419 5438 enim
2441 5366 2588 5438 nulla
2614 5366 2694 5438 ira
2714 5381 2776 5418 ea:
2800 5367 2986 5420 virtute
3013 5381 3258 5438 surgeret,
3291 5365 3517 5428 Phincos

1932 5439 2120 5492 divina:
2146 5437 2606 5514 animadversionis
2628 5437 2873 5514 impetum
2903 5455 2992 5514 per
3018 5437 3253 5514 gladium
3275 5458 3379 5495 non
3403 5443 3519 5514 pla.

1932 5517 2116 5564 casset.
2149 5508 2306 5562 Hanc
2329 5508 2461 5562 iram
2481 5508 2599 5578 quia
2630 5505 2751 5559 Heli
2775 5522 2876 5559 non
2900 5505 3092 5576 habuit,
3118 5521 3311 5568 motum
3338 5505 3520 5568 contra

1934 5597 1988 5634 se
2016 5579 2413 5652 implacabiliter
2439 5577 2910 5652 Vsuperntejltionis
2928 5581 3186 5652 excitavit.
3216 5582 3294 5637 De
3313 5581 3410 5636 hac
3440 5587 3520 5638 ina

1936 5667 2025 5728 per
2056 5645 2388 5728 Psalmistant
2415 5651 2604 5728 dicitur
2624 5645 2848 5728 (Psalm.
2883 5650 2956 5719 tv)
2988 5666 3004 5706 :
3032 5650 3327 5728 Irascintini
3355 5664 3401 5708 et
3427 5671 3520 5728 nos

1937 5718 2028 5794 lite
2056 5738 2284 5794 peccare.
2323 5719 2481 5794 Quod
2520 5718 2760 5794 nimirum
2798 5734 2902 5772 non
2941 5718 3078 5777 recte
3106 5721 3404 5794 intelligunt
3428 5725 3517 5794 qui

1938 5787 2094 5849 irasci
2122 5809 2214 5848 nos
2242 5792 2390 5850 nobis
2426 5787 2800 5859 tantummodo,
2830 5807 2932 5846 non
2969 5795 3122 5849 etiam
3151 5787 3397 5868 proximis
3425 5787 3520 5860 de:

2965 5884 3035 5946 11
