3986 6320
427 278 534 337 355

1745 269 2025 331 JOANNIS
2060 271 2374 334 CASSIANI

3601 254 3722 342 εὖθ’

427 394 516 451 his
565 393 828 450 adversus
871 390 1090 446 fratrem
1133 385 1447 460 irrepserit,
1489 399 1915 453 commovemur,
1969 397 2023 442 et
2049 391 2100 451 Α
2126 390 2315 461 capitis
2347 389 2465 461 ejus
2509 390 2768 461 explere;
2808 401 3000 451 beatus
3043 395 3210 451 Dawd
3236 395 3494 452 adversus
3531 397 3711 454 diram

429 487 556 543 irati
604 485 833 540 lethales
876 483 1257 555 instigationes
1285 481 1404 548 ejus
1434 478 1792 542 extrudimus,
1825 494 1927 535 nec
1968 480 2025 533 in

429 581 631 637 abditis
667 577 901 652 pectoris
950 577 1120 633 nostri
1165 574 1356 630 noxias
1397 587 1517 628 eam
1560 571 1798 627 latebras
1822 570 2026 627 habere

428 675 821 746 permittimus.
852 669 1056 725 Taliter
1085 683 1184 723 nos
1224 666 1386 722 irasci
1426 668 1590 720 etiam
1624 664 1717 720 ille
1761 664 2027 736 pr0pbeta

431 766 613 828 docet,
647 763 738 834 qui
767 764 819 817 in
853 769 1056 816 tantum
1084 759 1226 814 banc
1255 772 1287 814 e
1315 757 1428 813 suis
1474 757 1731 827 abegerat
1754 756 2024 824 sensibus,

428 869 492 914 ut
517 874 586 913 ne
609 855 844 912 inimicis
870 852 1087 923 quidem
1113 850 1364 922 propriis,
1400 859 1454 906 et
1480 849 1696 921 quidem
1723 863 1754 904 a
1782 849 1894 904 Deo
1923 849 2026 906 sibi

433 952 649 1007 traditis
670 993 684 1018 ,
737 949 989 1004 maluerit
1033 945 1266 1002 reddere
1309 944 1562 999 talionem
1597 962 1612 998 :
1645 953 1670 982 ι
1699 942 2025 1011 lrascimini,

432 1046 708 1117 inquiens,
747 1052 804 1099 et
833 1042 1003 1097 nolite
1052 1055 1278 1112 peccare
1311 1037 1543 1112 (Psalm.
1575 1037 1712 1108 xtv).
1759 1035 1853 1091 Ille
1882 1036 2028 1092 enim

433 1156 557 1197 cum
599 1153 793 1209 aquam
823 1136 891 1192 de
921 1136 1160 1192 cisterna
1201 1131 1612 1189 Bethleemitica
1649 1130 2024 1199 concupisset,

432 1247 662 1302 eamque
690 1247 720 1284 a
747 1229 883 1285 viris
913 1229 1142 1284 fortibus
1168 1242 1265 1298 per
1292 1224 1500 1282 medias
1522 1225 1757 1279 hostium
1785 1234 2026 1279 catervas

432 1324 796 1394 suscepiSset,
844 1321 1063 1377 allatam
1095 1321 1344 1391 protinus
1392 1318 1581 1375 ell'udit
1611 1317 1667 1372 in
1701 1327 1934 1384 terram;
1976 1323 2032 1372 et

431 1418 510 1474 ita
557 1417 932 1488 voluptuosam
962 1415 991 1454 δ
1019 1415 1474 1485 concupiscentia:
1507 1413 1815 1484 passionem
1862 1413 2032 1469 iratus

437 1510 798 1581 exstinguens
840 1508 1029 1565 libavit
1069 1521 1186 1562 eam
1218 1505 1471 1572 Domino,
1497 1514 1553 1561 et
1582 1504 1896 1575 cupiditatis
1920 1518 2033 1564 suae

433 1593 766 1658 desiderium
797 1615 904 1654 non
945 1597 1206 1667 explevit,
1235 1597 1422 1652 dicens
1450 1613 1465 1650 :
1497 1595 1770 1667 Propitius
1796 1597 1869 1650 sit
1898 1593 2034 1651 mihi

432 1695 702 1752 Dominus
724 1707 792 1749 ne
821 1691 1012 1747 faciam
1056 1689 1193 1756 hoc;
1224 1705 1352 1745 num
1393 1689 1713 1760 sanguinem
1748 1687 2032 1743 hominum

2126 483 2527 554 suggestionem
2555 485 2671 555 ejus
2702 484 3075 558 indignatione
3123 489 3210 559 pia
3246 499 3582 559 commotus,
3612 491 3716 546 hu-

2126 581 2368 638 militatis
2397 581 2617 638 modum
2645 590 2700 636 et
2722 582 2993 652 patientia:
3024 583 3260 653 rigorem
3288 583 3609 648 inconcussa
3637 586 3716 642 le-

2129 674 2297 730 nitate
2320 676 2577 742 servavit,
2597 673 2783 730 dicens
2811 691 2826 729 :
2856 673 2993 742 Quid
3018 675 3149 730 mihi
3175 684 3231 732 et
3256 677 3432 742 vobis,
3461 676 3559 733 ﬁlii
3581 675 3714 733 Sar-

2128 767 2269 824 vite?
2316 767 2536 825 Dimitte
2576 783 2721 834 eum,
2758 777 2815 823 ut
2856 768 3166 824 maledicat.
3205 781 3227 809 ε
3276 769 3535 826 Dominus
3571 771 3718 826 enim

2129 861 2392 932 praecepit
2419 861 2469 917 ei
2499 871 2558 917 ut
2601 861 2956 918 malediceret
3000 860 3188 916 David.
3235 861 3302 918 Et
3341 863 3462 932 quis
3488 872 3592 929 est,
3622 862 3716 934 qui

2129 957 2326 1012 audeat
2365 956 2547 1014 dicere
2569 999 2585 1026 ,
2615 971 2785 1025 quare
2814 957 2894 1012 sic
2920 956 3145 1013 iecerit?
3175 957 3318 1014 Ecce
3346 957 3486 1013 ﬁlius
3530 971 3716 1023 meus,

2129 1048 2220 1119 qui
2241 1063 2492 1119 egressus
2510 1047 2678 1105 estde
2699 1056 2856 1105 utero
2880 1063 3022 1112 meo,
3041 1051 3240 1120 quaarit
3259 1050 3495 1106 animam
3516 1065 3717 1118 meam,

2129 1150 2331 1212 quanto
2357 1142 2527 1213 magis
2550 1141 2638 1198 hic
2663 1141 2808 1198 ﬁlius
2837 1142 3072 1198 Jemini!
3101 1143 3327 1201 Dimitte
3355 1159 3503 1213 eum,
3524 1154 3582 1200 ut
3605 1159 3720 1200 ma-

2131 1233 2328 1290 ledicat
2364 1235 2518 1306 juxta
2543 1245 2870 1306 prxceptum
2900 1234 3143 1304 Domini,
3190 1236 3236 1291 si
3284 1235 3422 1292 forte
3467 1236 3723 1307 respiciat

2133 1328 2392 1384 Dominus
2421 1327 2772 1384 aiﬁictionem
2804 1343 3006 1399 meam,
3036 1340 3089 1385 et
3121 1328 3313 1385 reddat
3354 1329 3489 1385 mihi
3514 1330 3721 1386 bonum

2131 1435 2232 1492 pro
2255 1419 2638 1479 maledictione
2663 1421 2766 1478 hac
2793 1422 3058 1478 hodierna
3090 1422 3158 1495 (ll
3189 1421 3322 1494 Reg.
3351 1423 3488 1494 xix).

2721 1555 2954 1614 CAPUT
2992 1556 3127 1614 Vlll.

2328 1668 2408 1726 De
2433 1670 2515 1724 ira
2535 1669 2784 1726 adversus
2811 1671 3154 1743 nosmetipsos
3181 1672 3529 1745 suscipienda.

433 1789 686 1852 istorum,
719 1787 810 1858 qui
837 1784 1068 1856 proiecti
1108 1791 1256 1849 sunt,
1299 1791 1356 1839 et
1395 1783 1698 1837 animarum
1727 1781 2032 1852 periculum
2060 1774 2110 1836 B
2206 1777 2234 1818 ἀ
2256 1780 2520 1838 Jubemur
2547 1783 2728 1854 itaque
2761 1782 2923 1839 irasci
2952 1783 3269 1852 salubriter,
3301 1784 3396 1840 sed
3425 1783 3727 1842 nobismet-

433 1879 615 1937 bibam
643 1879 714 1950 (ll
746 1879 876 1950 Reg.
909 1875 1103 1947 xxut)?
1127 1875 1224 1932 γει
1256 1891 1381 1932 cum
1410 1875 1592 1931 Semei
1620 1876 1673 1929 in
1705 1891 1888 1945 regem
1920 1875 2026 1930 Da-

435 1974 551 2041 vid,
583 1973 838 2028 audiente
863 1986 953 2038 eo,
972 1969 1180 2040 lapides
1209 1979 1264 2025 et
1293 1968 1588 2024 maledicta
1625 1983 1808 2023 coram
1853 1968 2032 2023 omni-

435 2066 538 2122 bus
582 2065 883 2136 irrogaret,
933 2063 1206 2134 velletque
1235 2061 1420 2117 Abisai
1466 2061 1609 2117 ﬁlius
1637 2060 1849 2118 Sarvite
1887 2062 2034 2131 prin-

436 2173 566 2230 ceps
595 2158 856 2229 militum,
888 2155 1122 2214 convicii
1169 2157 1366 2229 regalis
1397 2157 1661 2214 ultionem
1691 2158 2033 2214 truncatione

2134 1875 2307 1946 ipsis,
2353 1890 2418 1931 ac
2469 1874 2905 1946 suggestionibus
2959 1876 3346 1933 accedentibus
3391 1877 3612 1947 pravis;
3671 1887 3728 1934 et

2137 1983 2244 2022 non
2273 1980 2516 2036 peccare,
2551 1952 2618 2021 ad
2647 1965 2901 2022 eﬁ‘ectum
2931 1967 3141 2024 scilicet
3185 1982 3278 2023 eas
3320 1969 3540 2024 noxium
3589 1985 3726 2040 per-

2138 2058 2416 2115 ducentes.
2447 2059 2689 2130 Denique
2717 2058 2860 2116 hunc
2883 2059 3133 2116 eumdem
3164 2075 3382 2116 sensum
3419 2061 3731 2118 evidentius

2139 2154 2394 2224 explanat
2438 2153 2740 2210 versiculus
2783 2168 3017 2225 sequens
3051 2171 3065 2209 :
3112 2163 3136 2193 ε
3165 2155 3297 2222 Quae
3323 2155 3500 2212 dicitis
3527 2157 3582 2212 in
3604 2171 3734 2213 cor-

1526 2293 1785 2349 ALARDI
1825 2292 2054 2351 GAZEI
2088 2289 2663 2348 COMMENTARIUS:

438 2393 562 2449 dine
598 2393 673 2447 ita
710 2396 1068 2458 comparatum
1115 2398 1224 2455 est,
1270 2396 1326 2442 ut
1370 2389 1457 2442 vix
1500 2388 1768 2458 quisquam
1810 2387 2028 2441 inveniri

437 2466 619 2537 possit,
644 2464 734 2537 cui
763 2457 867 2516 non
896 2459 1154 2537 interdum
1179 2458 1470 2537 iracundiis
1498 2457 2028 2537 a/fectus_oboriatur;

439 2530 549 2591 lucc
574 2535 686 2590 sola
705 2536 848 2605 justo
875 2530 1223 2605 existimanda
1254 2539 1351 2605 est,
1390 2544 1506 2605 quia
1535 2545 1636 2583 non
1667 2530 1913 2605 adversus
1943 2544 2032 2583 eos

439 2608 526 2672 qui
571 2599 719 2660 nobis'
757 2603 1006 2676 injurias:
1044 2601 1273 2672 aliquam
1310 2599 1620 2668 intulerunt,
1651 2599 1742 2654 sed
1785 2601 2030 2655 adversus

440 2679 573 2731 iram
597 2678 764 2737 ipsam
792 2672 1100 2737 concipitur.

516 2757 541 2784 λ
576 2748 686 2802 Hoc
715 2746 924 2797 duobus
967 2743 1143 2797 modis
1174 2741 1403 2813 intelligi
1433 2756 1599 2812 posse
1625 2741 1787 2796 docet
1815 2742 2029 2813 Augus-

440 2820 585 2873 tinus
614 2837 625 2869 ε
658 2818 781 2884 Aut,
812 2813 1030 2876 etiamsi,
1063 2813 1255 2882 inquit,
1283 2813 1586 2876 irascimini,
1617 2813 1776 2866 nolite
1814 2829 2029 2881 peccare

442 2889 619 2961 (Psal.
649 2887 755 2957 tv);
785 2885 984 2940 etiamsi
1002 2892 1191 2961 surgat
1215 2893 1387 2961 motus
1429 2885 1611 2949 animi,
1643 2884 1731 2961 qui
1764 2885 2032 2961 jam_pro-

441 2955 556 3028 pter
587 2955 788 3026 poenam
819 2956 1012 3028 peccati
1034 2972 1136 3009 non
1165 2962 1239 3010 est
1268 2955 1322 3009 in
1348 2963 1624 3028 potestate,
1651 2955 1831 3008 saltem
1856 2956 1904 3008 ei
1928 2971 2031 3010 non

442 3031 722 3085 consentiat
751 3027 884 3081 ratio
907 3037 955 3081 et
983 3042 1145 3092 mens,
1189 3042 1302 3097 qui:
1338 3027 1481 3079 intus
1517 3034 1816 3097 regenerata
1854 3035 1929 3079 est
1953 3043 2033 3081 se-

443 3102 669 3157 cundum
696 3098 894 3162 Deum;
915 3105 1026 3162 aut,
1050 3095 1209 3168 agite
1231 3095 1600 3168 posuitentiam,
1630 3095 1693 3168 _id
1725 3105 1820 3160 est,
1849 3097 2034 3168 irasci-

442 3175 572 3227 mini
612 3169 986 3236 vobismetipsis
1024 3165 1404 3236 de’prte'teritis
1443 3166 1687 3237 peccatis,
1729 3175 1775 3219 et
1813 3165 2034 3222 ulterius

2137 2393 2279 2461 tanta
2316 2384 2582 2461 exercitus,
2612 2400 2845 2461 numero,
2887 2385 3212 2461 cumulique
3235 2389 3393 2461 multo
3416 2388 3588 2461 minus
3616 2391 3734 2461 regi

2134 2455 2308 2508 deesse
2331 2455 2556 2524 potuerit
2580 2471 2646 2509 ex
2663 2456 2861 2510 exteris
2883 2456 3112 2526 fontibus
3127 2455 3293 2527 aqua,
3318 2455 3734 2515 irrationabilein

2133 2527 2411 2648 Zuamdum
2434 2528 2898 2594 concupiscentiam
2921 2543 3126 2599 passus,
3151 2529 3456 2584 desideravit
3476 2546 3586 2584 eam
3608 2547 3735 2597 qua:

2174 2597 2361 2648 ostium
2390 2605 2501 2648 erat
2531 2601 2926 2648 circumrustone
2956 2597 3173 2648 uallata.
3203 2602 3341 2648 unde
3364 2601 3478 2648 sine
3497 2604 3734 2648 maxima

2174 2597 2361 2649 ostium
2390 2605 2501 2651 erat
2531 2597 2930 2652 circumfusione
2956 2597 3173 2663 vallata,
3203 2602 3341 2654 unde
3364 2601 3478 2654 sine
3497 2604 3734 2658 maximo

2135 2667 2369 2740 periculo
2399 2683 2502 2721 non
2525 2669 2776 2740 potuisset
2805 2669 3017 2740 deferri.
3051 2667 3237 2740 Itaque
3260 2672 3334 2724 ait
3366 2686 3384 2724 :
3419 2671 3549 2736 Quis
3579 2675 3735 2728 dabit

2136 2737 2265 2810 mihi
2296 2748 2470 2807 potant
2501 2737 2564 2790 de
2591 2739 2708 2792 lacu
2742 2739 2830 2808 qui
2873 2737 2945 2792 est
2990 2741 3047 2794 in
3091 2737 3354 2796 Bethleem
3383 2744 3452 2796 ud
3480 2747 3736 2810 portam?

2136 2807 2348 2883 Etcum
2369 2818 2546 2883 essent
2559 2811 2747 2883 reperti
2775 2818 2876 2864 tres
2906 2811 3001 2863 viri
3024 2811 3112 2880 qui
3137 2811 3358 2866 hostium
3388 2807 3556 2867 castra
3581 2833 3735 2883 prae-

2138 2880 2386 2951 ciderent,
2430 2888 2478 2934 et
2513 2879 2768 2948 deferrent
2795 2897 3003 2950 aquam,
3037 2879 3198 2951 quam
3228 2900 3446 2942 summa,
3469 2879 3734 2943 desiderio

2139 2949 2506 3026 desiderasset,
2525 2965 2832 3026 cognoscens
2854 2957 2995 3026 quod
3016 2949 3246 3026 periculo
3267 2955 3437 3008 alieno
3463 2971 3598 3026 aqua
3627 2959 3736 3012 sibi

2138 3024 2322 3096 eadem
2337 3020 2671 3096 constitisset,
2701 3022 2932 3096 profudit
2958 3020 3107 3096 illam
3129 3022 3376 3096 Domino,
3409 3041 3471 3079 ne
3499 3020 3731 3096 sangui-

2139 3108 2264 3165 nem
2283 3091 2496 3165 illorum
2519 3093 2607 3154 qui
2629 3091 2751 3165 eam
2766 3092 3064 3147 detulerant
3091 3095 3259 3150 bibere
3283 3096 3558 3150 rideretur.
3592 3091 3735 3165 Qua

2139 3177 2221 3216 res
2249 3162 2448 3236 indicio
2482 3170 2576 3236 est,
2613 3162 2751 3232 quod
2783 3166 3197 3236 concupiscentia
3234 3168 3439 3236 quidem
3466 3162 3734 3225 rationem

443 3259 651 3312 peccare
698 3228 935 3312 desinite.
977 3228 1143 3312 Atqui
1180 3240 1269 3293 hic
1301 3228 1569 3312 posterior
1606 3228 1828 3312 sensus,
1861 3238 1951 3312 qui
1980 3228 2106 3293 etC
2138 3234 2449 3312 praeveniat,
2470 3233 2559 3285 sed
2588 3228 2721 3288 ratio
2751 3228 3030 3305 cupiditati
3057 3228 3279 3290 resistal.
3313 3238 3439 3293 Haec
3481 3240 3730 3296 Ambro-

444 3308 702 3369 Cassiano
759 3308 1280 3380 placuit.A_Isidorus
1309 3309 1634 3380 _Pelusiotes
1676 3310 1739 3380 _in
1794 3309 2025 3374 quadam

445 3385 675 3451 epistola
699 3377 934 3451 quatuor
953 3377 1106 3451 aﬁ'ert
1135 3378 1779 3451 expositiones_eju_sdem
1812 3387 2032 3451 senten-

446 3447 535 3537 tis
567 3447 762 3537 (Ερέεὶο
804 3449 930 3534 ἓδεὶς
959 3449 1067 3537 ﬁt:
1118 3447 1282 3537 ιιιέεπ
1319 3467 1450 3537 νοτε·
1492 3447 1688 3537 βίιιίὶλ
1725 3449 1892 3537 esse
1923 3450 2027 3537 his:

446 3518 652 3596 inquit;
676 3521 990 3596 irascimini,
1019 3530 1064 3574 et
1085 3520 1244 3596 nolite
1263 3535 1508 3596 peccare;
1528 3518 1876 3596 multiplicem
1903 3522 2029 3576 mihi

446 3589 648 3652 sensum
678 3595 862 3648 habere
886 3593 1107 3646 videtur.
1148 3593 1209 3647 1ο
1253 3589 1428 3644 Potest
1460 3591 1594 3643 enim
1630 3589 1936 3645 et’absolute
1969 3608 2030 3646 ac

446 3669 655 3736 deﬁnite
681 3663 923 3736 intelligi,
951 3672 999 3716 et
1035 3679 1125 3736 per
1149 3661 1790 3736 consiliinmodumpver-bi
1817 3662 1987 3732 gratia
2010 3678 2029 3716 :

447 3732 774 3802 Irascimini;
801 3732 1020 3802 et'quam
1041 3733 1102 3785 ob
1124 3749 1332 3786 causam
1355 3732 1682 3787 irascimini?
1705 3733 2030 3802 Quapropter

447 3827 510 3863 ne
531 3807 836 3871 irascimini,
860 3814 915 3858 ut
946 3819 1007 3856 ne
1028 3804 1362 3874 peccetis.__2°
1385 3803 1559 3856 Potest
1581 3804 1702 3856 item
1724 3813 1770 3857 et
1797 3803 1931 3855 illud
1961 3804 2031 3858 si-

447 3883 695 3952 gnificare
716 3893 734 3930 :
759 3872 1178 3952 Quoniam'acris
1206 3872 1424 3940 affectus
1457 3875 1736 3952 iracundia:
1759 3883 1857 3952 est,
1887 3890 2030 3942 qua:-

447 3944 548 4019 que
575 3952 798 4003 animum
831 3946 957 4019 inire
982 3945 1241 4012 surripere
1266 3953 1426 4019 queat
1468 3944 1486 4012 (
1515 3961 1736 4015 perstepe
1771 3945 1908 3996 enim
1944 3962 2030 4019 ra-

449 4014 574 4073 tioni
599 4015 868 4091 prtecurrit
899 4031 958 4068 ac
991 4024 1174 4091 prater
1195 4015 1660 4091 voluntatempene
1681 4014 2027 4091 procreatur),

448 4083 642 4144 idcirco
671 4087 871 4140 ratione
908 4093 1000 4137 aut
1035 4085 1322 4153 insequenti
1351 4085 1759 4137 consideratione
1787 4083 1919 4136 hanc
1949 4101 2028 4138 se-

451 4163 589 4224 date,
624 4175 724 4213 non
753 4160 808 4211 in
842 4156 1087 4209 ultionem
1113 4163 1520 4225 prorumpentes,
1559 4155 1649 4207 sed
1685 4155 1738 4206 in
1770 4154 2028 4209 lenitatem

449 4222 601 4300 atque
622 4228 943 4300 clementiam
965 4222 1265 4300 desinentes.
1282 4223 1353 4300 ῥ’
1377 4225 1400 4276 l
1411 4222 1521 4300 llud
1543 4240 1741 4300 quoque
1761 4225 2030 4300 designare

452 4295 617 4370 potest
657 4317 674 4355 :
727 4295 1033 4351 irascamini
1075 4295 1193 4346 huic
1231 4295 1478 4370 aﬁ‘ectui,‘
1498 4296 1584 4363 qui
1613 4295 1750 4370 vobis
1790 4297 2029 4350 molestus

449 4362 599 4437 atque
626 4372 843 4493 ingestus
879 4377 970 4427 est,
1003 4382 1062 4418 ac
1091 4367 1372 4432 prcesertim
1397 4362 1673 4432 voluptati,
1705 4373 1752 4417 et
1783 4383 1884 4418 non
1915 4383 2030 4431 pec-

452 4443 649 4493 cabitis.
733 4455 818 4492 am
837 4438 880 4491 si
905 4453 990 4490 vos
1014 4437 1202 4493 fractos
1228 4453 1288 4489 ac
1308 4434 1584 4488 dissolutos
1606 4435 1853 4493 inveniat,
1883 4436 2028 4490 nullo

452 4434 649 4496 cubitis.
678 4434 818 4493 Nam
837 4438 880 4491 si
905 4453 990 4490 vos
1014 4437 1202 4506 fractos
1228 4453 1288 4489 ac
1308 4434 1584 4506 dissolutos
1606 4435 1853 4498 inveniat,
1883 4436 2028 4490 nullo

451 4514 656 4583 negotio
682 4527 768 4563 vos
799 4503 1088 4575 superabit;
1120 4508 1163 4560 si
1202 4517 1373 4583 autem
1405 4503 1671 4583 vigilantes
1709 4508 2024 4583 acusobrios,

451 4576 646 4653 ipsique
681 4584 975 4653 irascentes,
1011 4594 1163 4653 quam
1202 4579 1427 4653 primunt
1466 4578 1710 4653 discedet.
1751 4576 1809 4632 4°
1851 4577 2028 4653 Potest

451 4648 609 4707 etiam
633 4649 918 4722 imperandi
942 4648 1090 4722 modo
1116 4649 1329 4722 exponi,
1363 4648 1616 4713 Quoniam
1643 4653 1788 4722 enim
1807 4665 1920 4702 cum
1948 4650 2024 4702 in-

451 4726 623 4796 jurias
645 4718 845 4776 nostras
867 4718 1419 4796 ulciscimurantodum
1446 4734 1643 4796 quoque
1663 4720 1714 4771 in
1736 4720 2029 4796 ulciscendo

450 4789 736 4848 excedimus
757 4809 772 4854 ;
796 4806 913 4844 cum
933 4799 1102 4842 autem
1127 4789 1204 4841 vel
1225 4790 1287 4841 de
1313 4791 1483 4842 divina
1512 4789 1697 4858 gloria,
1727 4789 1802 4842 vel
1827 4791 1891 4845 de
1911 4793 2026 4844 vin-

451 4864 686 4917 dicundis
713 4877 888 4915 eorum
913 4859 1001 4930 qui
1029 4859 1291 4912 lteduntur
1319 4861 1524 4930 injuriis
1552 4861 1742 4930 agitur,
1779 4870 1886 4913 tum
1912 4878 2026 4915 vero

449 4946 639 4989 metum
667 4943 713 4986 et
739 4933 955 5002 quietem
988 4930 1247 4999 ﬁngimus,
1280 4939 1508 5002 mutique
1528 4945 1588 4981 ac
1616 4930 1809 4996 torpidi
1828 4947 2023 4998 sumus,

451 5015 506 5058 ut
537 5005 666 5058 nihil
705 5001 836 5057 inter
865 5017 954 5054 nos
994 5009 1041 5053 et
1079 5016 1207 5052 saxa
1233 5001 1434 5053 intersit
1464 5015 1483 5053 :
1515 5012 1806 5069 propterea,
1839 5003 2022 5070 inquit,

448 5079 584 5138 iuste
630 5075 832 5142 quidem
857 5071 1159 5136 irascimini,
1206 5079 1260 5123 at
1300 5072 1458 5124 nolite
1495 5086 1742 5140 peccare;
1783 5071 2020 5142 nimirum

450 5145 530 5199 vel
566 5141 736 5199 aliena
769 5150 1255 5215 peccata._quorum
1291 5142 1484 5215 conscii
1509 5143 1650 5215 (stis,
1681 5141 2018 5215 occultantes,

446 5217 525 5270 vel
570 5219 636 5270 ad
679 5210 1185 5286 privatas_injurias_
1208 5212 1543 5286 vindicandas
1582 5210 1679 5265 hoc
1716 5211 2018 5284 adjumento

449 5282 734 5341 abutentes.
767 5285 892 5338 Haec
916 5282 1006 5338 ille
1037 5282 1220 5351 paucis
1247 5283 1589 5337 intermissis.

517 5356 544 5395 δ
576 5358 685 5411 Hoc
715 5355 926 5425 insigne
951 5352 1706 5425 mortiﬁcationisexemplum
1735 5351 2017 5425 inDavide

445 5421 926 5482 commendans'D.
958 5423 1207 5477 Ambros.
1241 5423 1336 5478 lib.
1364 5424 1433 5477 de
1456 5431 1643 5477 sancto
1669 5421 1832 5476 Jacob
1860 5422 2014 5492 (Cap.

443 5499 502 5565 1)
530 5514 542 5551 :
572 5497 752 5563 Quem,
777 5496 973 5565 inquit,
1001 5494 1063 5547 de
1088 5494 1376 5565 hominibus
1396 5492 1657 5565 meliorem
1679 5504 1727 5565 et
1748 5493 2015 5563 fortiorem

441 5563 776 5630 assumemus,
800 5563 959 5636 quam
978 5574 1209 5636 sanctum
1231 5563 1421 5636 ngid,
1448 5564 1534 5633 qui
1557 5563 1888 5636 cupiditatem
1913 5583 2018 5634 qua

440 5637 774 5702 concupierat
801 5634 988 5702 aquam
1017 5634 1081 5687 de
1117 5636 1232 5688 lacu
1261 5634 1523 5688 Bethleem
1562 5635 1737 5688 hostili
1769 5636 2018 5690 interclu-

439 5724 553 5764 sam
579 5707 833 5767 exercitu,
864 5707 962 5759 sibi
991 5705 1198 5775 auferre
1222 5722 1324 5760 non
1353 5707 1538 5774 potuit,
1567 5706 1729 5772 potuit
1758 5707 2012 5775 mitigare.

439 5778 582 5838 Nam
611 5791 727 5833 cum
750 5775 869 5833 aliis
898 5777 1070 5842 utique
1098 5776 1323 5845 defuisse
1350 5793 1452 5832 non
1476 5777 1814 5847 inveniamus,
1837 5775 1892 5832 id
1917 5788 2012 5848 est,

2055 4618 2109 4679 D

2137 3305 2250 3357 sius
2282 3304 2408 3358 huic
2440 3305 2557 3356 loco
2584 3304 2969 3360 consentanea.

2211 3384 2232 3412 α
2265 3373 2537 3441 Quomodo
2561 3375 2746 3430 dixerit
2776 3376 3028 3431 Dominus
3057 3376 3229 3432 Semei
3253 3378 3560 3433 maledicere
3597 3380 3728 3438 Da-

2133 3445 2218 3520 vid
2245 3445 2320 3520 (ll_
2339 3444 2638 3520 Req._xv1).
2669 3449 2784 3520 quis
2812 3453 3034 3520 sapiens,
3067 3458 3112 3500 et
3142 3449 3426 3520 intelliget?
3449 3466 3552 3504 non
3583 3455 3735 3513 enim

2124 3515 2354 3592 jubendo
2377 3516 2529 3580 dixit,
2555 3517 2948 3592 ubiobedientia
2972 3519 3274 3592 laudaretur
3287 3515 3420 3592 {sed
3449 3521 3586 3592 quod
3609 3525 3736 3590 eius

2133 3588 2452 3661 voluntatem
2480 3591 2692 3661 proprio
2720 3605 2811 3644 suo
2843 3590 2963 3661 vitio
2991 3591 3208 3661 malam,
3239 3591 3292 3645 in
3323 3591 3422 3645 hoc
3453 3588 3735 3661 peccatum

2128 3658 2328 3726 judicio
2359 3674 2450 3711 suo
2494 3658 2630 3721 iusto
2659 3669 2705 3712 et
2735 3659 2935 3713 occulto
2975 3659 3322 3725 iuclinaverit,
3364 3658 3478 3717 ideo
3508 3664 3648 3717 dixit
3681 3667 3736 3720 ei

2134 3727 2412 3803 Dominus.
2459 3727 2598 3782 Nam
2634 3731 2681 3803 si
2712 3731 2916 3802 jubenti
2961 3731 3378 3803 obtemperasset.
3420 3735 3736 3792 laudandus

2135 3801 2304 3876 potius
2335 3816 2485 3865 quam
2518 3801 2812 3876 puniendus
2847 3811 2997 3876 esset,
3032 3801 3164 3856 sicut
3192 3804 3384 3876 ex‘hoc
3414 3815 3589 3876 postea
3623 3825 3736 3876 pu-

2135 3870 2423 3945 n‘i‘tumesse
2448 3872 2859 3945 novimus._ll:t_‘c
2886 3875 3218 3942 Augustinus
3236 3873 3368 3945 (Lib.
3399 3870 3463 3929 de
3489 3870 3648 3929 Grut.
3683 3889 3736 3932 et

2134 3938 2225 3992 lib.
2258 3941 2450 3995 Arbitr.
2485 3957 2600 4008 Cap.
2634 3942 2759 4011 20).
2797 3938 3001 3997 Dicitur
3039 3953 3218 3998 autem
3244 3938 3392 3999 Deus
3423 3946 3734 4004 inclitiaSse

2135 4011 2464 4082 voluntatem
2495 4013 2671 4066 Semei
2693 4013 2760 4067 ad
2787 4014 3211 4068 maledicendum
3245 4017 3428 4082 David,
3459 4033 3563 4070 non
3589 4035 3731 4075 eum

2135 4081 2430 4153 incitando,
2471 4095 2561 4134 aut
2589 4084 3000 4148 compellenda;
3039 4086 3132 4140 sed
3174 4089 3553 4153 permittendo,
3594 4104 3734 4146 cum

2137 4150 2294 4204 facile
2323 4153 2797 4230 possetitnpedire
2841 4173 2852 4205 :
2897 4171 2995 4210 nec
3039 4150 3414 4230 hoc-lautum,
3459 4150 3551 4214 sed
3591 4165 3732 4230 quia

2135 4236 2440 4290 perversam
2470 4227 2589 4291 ejus
2622 4225 2974 4287 voluntatem,
3009 4238 3062 4281 et
3089 4227 3152 4280 ad
3187 4229 3350 4282 multa
3394 4225 3734 4285 scelera—itt-

2133 4294 2414 4368 clinatam,
2447 4295 2548 4349 hoc
2579 4305 2783 4350 tantum
2817 4313 2975 4365 agere
3022 4310 3074 4351 et
3114 4300 3334 4364 exsequi
3376 4301 3619 4368 permisit
3655 4320 3734 4358 ex

2135 4365 2314 4436 multis
2343 4366 2408 4418 ad
2438 4381 2554 4433 qum
2588 4376 2768 4435 parata
2791 4376 2935 4433 erat;
2965 4369 3127 4436 idquc
3150 4372 3214 4422 ad
3243 4365 3566 4435 puniendum
3602 4371 3730 4427 Da-

2131 4433 2310 4505 yidem
2361 4453 2374 4490 :
2423 4433 2836 4492 sientidiabolo
2883 4433 3082 4505 petenti
3129 4433 3440 4495 facultatem
3483 4445 3734 4500 vexandi

2131 4503 2251 4579 Job,
2285 4509 2549 4561 concessit
2589 4524 2692 4561 non
2732 4503 2946 4579 omne—tn
3003 4525 3159 4577 quam
3199 4512 3439 4579 optabat,
3482 4513 3578 4568 sed
3628 4531 3736 4570 re-

2135 4577 2374 4652 strictatu
2403 4579 2510 4631 illis
2540 4579 2723 4632 verbis
2755 4578 2895 4650 (Job.
2928 4579 2968 4650 ι)
2999 4599 3010 4633 :
3041 4581 3173 4634 Ecce
3201 4577 3440 4636 universa
3469 4600 3584 4652 qua:
3615 4587 3736 4638 ha-

2134 4646 2212 4698 bet
2240 4649 2294 4700 in
2333 4665 2515 4710 manu,
2559 4661 2647 4703 tua
2688 4646 2848 4715 sunt;
2877 4646 3084 4704 tantum
3122 4653 3173 4704 in
3204 4668 3317 4705 eum
3361 4646 3570 4707 manum
3610 4673 3736 4712 non

2132 4720 2379 4772 extendas
2404 4719 2569 4843 BVide
2593 4719 2838 4774 Bellarm.
2863 4720 2951 4775 lib.
2982 4738 3016 4776 ll
3049 4723 3110 4775 de
3137 4723 3325 4777 Amiss.
3357 4734 3491 4795 grat.
3516 4741 3566 4777 c.
3594 4724 3731 4796 i3).

2201 4787 2228 4824 (ί
2271 4789 2360 4843 Sic
2455 4831 2467 4842 .
2513 4793 2836 4843 Augustinus
2880 4793 2933 4843 in
2983 4794 3117 4843 psal.
3154 4809 3258 4843 xxv
3289 4794 3532 4843 scribens
3584 4813 3599 4843 ε
3657 4797 3731 4843 Si

2201 4787 2228 4824 (ί
2271 4789 2360 4844 Sic
2404 4787 2467 4843 Ι).
2513 4793 2836 4859 Augustinus
2880 4793 2933 4845 in
2983 4794 3117 4862 psal.
3154 4809 3258 4850 xxv
3289 4787 3532 4849 scFibens
3584 4813 3599 4850 :
3657 4787 3734 4853 Si

2128 4871 2399 4934 propterea
2426 4863 2658 4934 irasceris
2683 4879 2823 4916 servo
2853 4871 2961 4934 tuo,
3003 4866 3128 4934 quia
3160 4865 3417 4934 peccavit;
3463 4883 3526 4920 ne
3567 4877 3617 4918 et
3667 4879 3737 4923 tu

2127 4931 2701 5007 ipsepccces,irascere
2735 4935 2824 4987 tibi
2864 4931 3038 5007 (Vide,
3167 4933 3355 4990 Thom.
3386 4931 3497 5004 2-2,
3526 4953 3579 5007 q.
3614 4937 3729 5006 46,

2127 5016 2179 5054 a.
2213 5001 2288 5070 7).
2324 5001 2390 5054 Et
2410 5001 2546 5074 alibi
2577 5001 2666 5074 (In
2691 5008 2821 5074 psal.
2851 5001 2926 5074 tv)
2952 5023 2965 5059 :
2997 5004 3129 5059 Volo
3159 5022 3245 5060 vos
3273 5008 3450 5068 irasci,
3484 5001 3574 5060 sed
3605 5001 3736 5066 non

2125 5081 2182 5147 ut
2227 5073 2476 5147 peccetis;
2525 5083 2584 5147 ut
2627 5073 2803 5147 autem
2841 5092 2944 5129 non
2991 5078 3229 5147 peccetis,
3278 5077 3464 5147 quibus
3510 5076 3733 5134 habetis

2118 5141 2293 5214 irasci,
2341 5144 2443 5197 nisi
2472 5144 2652 5198 vobis?
2681 5146 2806 5214 quid
2841 5141 3081 5200 enim'est
3112 5141 3263 5201 homo
3291 5141 3564 5214 paenitens,
3609 5151 3733 5205 nisi

2119 5163 2293 5208 irasci,
2341 5163 2443 5197 nisi
2472 5163 2652 5198 vocis:
2716 5163 2804 5199 uia
2841 5163 2979 5200 enim
3007 5163 3081 5200 est
3112 5163 3263 5201 nonw
3295 5163 3564 5214 paenitens,
3609 5166 3731 5205 mss

2119 5211 2272 5266 homo
2300 5214 2464 5270 iratus
2493 5216 2631 5270 sibi?
2663 5163 2730 5271 (3t
2758 5219 2979 5287 accipiat
3005 5220 3226 5285 veniam,
3260 5219 3326 5273 de
3353 5219 3521 5290 seipso
3549 5220 3735 5293 exigit

2119 5297 2265 5350 paena
2272 5301 2316 5336 nt
2325 5326 2338 5340 .

2193 5363 2234 5431 ο,
2264 5355 2496 5431 Basilius
2518 5357 2574 5431 in
2596 5356 2993 5431 huncjlocum;
3037 5358 3164 5426 Quae
3211 5375 3302 5431 per
3353 5360 3492 5413 diem
3544 5377 3730 5423 prava

2118 5426 2354 5502 c_ogitati_s
2385 5428 2630 5502 consilia,
2660 5444 2719 5481 ea
2741 5429 2794 5481 in
2823 5427 3074 5502 cubilibus
3100 5426 3278 5484 vestris
3308 5441 3536 5502 tempore
3561 5433 3729 5501 quie-

2121 5496 2185 5570 tis
2217 5499 2479 5568 castigate,
2515 5499 2671 5568 inque
2694 5514 2780 5570 vos
2831 5499 2968 5570 ipsos
3006 5501 3390 5570 inquisitionem
3409 5496 3730 5561 instititite.

2120 5566 2191 5620 Et
2213 5566 2369 5636 quare
2395 5585 2495 5621 non
2523 5566 2592 5622 de
2610 5569 2772 5622 verbis
2799 5566 2861 5622 et'
2893 5566 3126 5636 operibus
3166 5573 3368 5626 locutus
3398 5582 3494 5635 est,
3523 5573 3617 5625 sed
3651 5577 3738 5630 de

2119 5640 2291 5711 pravis
2336 5639 2769 5710 cogitationibus?
2822 5657 2887 5694 ex
2927 5641 3216 5696 abundanti
3267 5645 3364 5695 hoc
3409 5643 3540 5696 dixit
3587 5658 3607 5694 :
3673 5650 3738 5702 si

2121 5725 2340 5779 namque
2365 5720 2483 5764 sunt
2510 5711 2808 5786 castiganda
2854 5728 3009 5782 prava
3049 5714 3266 5786 consilia
3288 5753 3304 5778 ,
3339 5714 3505 5786 multo
3536 5719 3736 5786 attigi:

2118 5794 2515 5853 propteropera
2539 5790 2586 5835 et
2605 5783 2755 5836 verba
2803 5784 3194 5856 compungenda
3240 5793 3315 5840 est
3345 5785 3539 5838 anima.
3567 5783 3738 5847 Hinc
