3986 6320
259 352 356 411 337

914 355 998 412 DE
1035 355 1519 416 C(ENOBIORUM
1558 357 1806 417 INSTIT.
1849 359 1975 418 LIB.
2022 360 2158 417 VIII.
2187 319 2259 404 -—'
2286 361 2376 418 DE
2415 360 2688 421 SPIRI'I‘U
2728 362 2895 421 IRAE.

3435 367 3540 426 558

264 475 412 530 dibus
437 474 666 539 vestris,
702 473 756 529 in
788 475 1059 531 cubilibus
1090 478 1286 532 vestris
1317 478 1770 548 compungimini;
1800 476 1852 532 id
1880 481 1932 540 Α
1957 481 2373 545 compunctione
2413 480 2764 534 saluberrima
2812 479 3118 548 emendate,
3166 486 3325 552 atque
3369 481 3543 538 corri-

267 577 378 632 est,
418 585 783 639 quaecumque
816 569 868 623 itt
913 570 1167 625 cordibus
1211 573 1436 634 vestris,
1477 570 1852 640 ingruentibus

270 663 561 731 repentinis
589 679 655 718 ac
684 663 908 717 lubricis
940 663 1389 734 instigatiouibus,
1424 665 1689 736 cogitatis,
1717 679 1848 718 con-

270 755 365 808 silii
417 755 797 811 moderatione
840 771 1054 810 omnem
1094 757 1376 826 strepitum
1408 768 1460 811 et
1493 757 1854 826 perturbatio-

270 863 380 902 nem
415 847 616 903 l‘uroris
644 857 981 915 amoventes,
1006 849 1154 904 velut
1181 849 1233 904 in
1259 848 1424 904 cubili
1446 849 1640 917 quietis
1664 849 1847 920 positi,

1959 571 2087 640 gite.
2122 572 2362 641 Denique
2389 573 2575 627 beatus
2605 574 2898 643 Aposwlus
2930 591 3056 631 usus
3103 574 3260 645 hujus
3287 574 3543 631 versiculi

1961 664 2288 730 testimonio,
2319 679 2440 719 cum
2471 665 2700 722 dixisset
2730 686 2741 719 :
2793 667 3086 723 lrascimini
3129 677 3185 723 et
3217 669 3383 723 nolite
3415 681 3542 739 pec-

1957 770 2118 817 care:
2170 757 2446 826 subiunxit
2481 777 2492 812 :
2531 768 2554 794 η
2582 759 2674 814 Sol
2709 777 2814 815 non
2858 761 3071 816 occidat
3119 777 3284 830 super
3326 761 3541 815 iracun-

1957 848 2098 902 diam
2123 859 2380 915 vestram,
2403 865 2576 921 neque
2595 850 2735 907 detis
2759 853 2932 908 locum
2954 853 3170 910 diabolo
3194 853 3412 925 (Ephes.
3437 851 3538 926 tv).

1347 965 1602 1023 ALARDI
1643 963 1875 1023 GAZ/EI
1912 965 2476 1023 COMMENTARIUS.

269 1055 524 1116 Basilius.
552 1071 676 1123 qua:
704 1065 760 1111 et
807 1055 1066 1110 Cassiano
1097 1055 1480 1126 suffragantur.
1540 1055 1719 1126 Atque
1769 1057 1841 1110 ita

266 1127 480 1180 solitum
512 1126 682 1182 fuisse
715 1127 976 1182 Davidem
1026 1137 1187 1181 noctu
1219 1128 1269 1181 in
1299 1127 1463 1182 cubili
1497 1136 1715 1197 peccata
1747 1141 1842 1181 sua

265 1198 568 1265 recogitare
597 1207 651 1253 et
679 1198 906 1261 deﬂere,
936 1209 1156 1266 propter
1175 1200 1636 1266 Opportunitatem
1669 1213 1846 1252 secre-

266 1269 302 1322 ti
331 1277 386 1323 et
410 1267 617 1323 silentii
647 1269 929 1332 nocturni,
966 1269 1250 1323 manifeste
1296 1269 1572 1336 colligitur
1613 1285 1678 1324 ex
1735 1269 1845 1322 illis

267 1339 468 1400 verbis,
505 1339 703 1406 psalm.
731 1356 782 1394 vl
809 1358 822 1392 :
855 1339 1060 1394 Lavabo
1091 1356 1179 1406 per
1194 1339 1431 1410 singulas
1459 1349 1631 1394 noctes
1657 1340 1845 1410 lectum

266 1427 426 1483 meum
451 1428 470 1474 ;
503 1413 747 1482 lacrymis
778 1413 1140 1483 mgisstratum
1168 1409 1335 1465 meum
1361 1412 1537 1483 rigobo
1585 1410 1746 1483 (Vide
1774 1409 1842 1464 ι).

267 1479 598 1552 Hieronym.,
620 1479 790 1552 infra,
820 1480 958 1551 Eph.
991 1497 1040 1536 tv
1065 1481 1107 1551 ).

334 1562 359 1589 ι
390 1551 615 1620 Triplex
668 1551 831 1621 hujus
863 1555 1153 1608 sententia:
1196 1553 1472 1623 expositio
1501 1568 1531 1608 a
1585 1551 1848 1608 Cassiano

266 1622 506 1689 aﬂertur,
540 1639 767 1693 quarum
795 1623 1023 1690 primam
1053 1634 1106 1678 et
1132 1622 1422 1678 secundam
1448 1624 1707 1689 admittit,
1738 1632 1846 1678 ter-

268 1694 391 1747 tiam
424 1695 696 1760 improbat
722 1703 778 1750 et
800 1694 1015 1749 refellit.
1039 1695 1221 1749 Prima
1259 1696 1572 1762 allegorica,
1606 1711 1710 1760 qua
1745 1709 1842 1761 per

266 1765 429 1837 solem
464 1767 792 1835 intelligitur
816 1764 1066 1821 Christus
1101 1766 1380 1827 Dominus,
1413 1783 1574 1820 verus
1610 1765 1846 1837 justitite

265 1835 339 1889 sul
360 1838 552 1909 oriens
582 1852 657 1909 ex
677 1837 812 1909 alto,
837 1838 902 1890 tle
931 1851 1038 1906 quo
1066 1837 1203 1909 Sap.
1226 1852 1280 1900 ν,
1307 1837 1534 1909 Malacb.
1567 1835 1642 1901 tv‘,
1681 1840 1845 1909 Amos

267 1921 371 1971 ml,
420 1907 512 1977 qui
538 1919 592 1962 et
643 1908 907 1977 illuminat
945 1907 1149 1961 omnem
1186 1908 1439 1961 hominem
1478 1909 1756 1962 venientem
1791 1908 1844 1960 in

267 1979 395 2030 hunc
422 1975 676 2032 mundum
708 1979 727 2048 (
754 1975 914 2032 Joaa.
947 1993 963 2031 ι
994 1977 1012 2047 )
1039 1993 1052 2031 ;
1088 1987 1142 2048 et
1168 1978 1370 2032 dicitur
1396 1979 1648 2033 occidere
1679 1993 1848 2046 super

269 2048 598 2103 iracundiam
632 2047 905 2112 nostram,
939 2047 1156 2115 quando
1190 2058 1410 2117 propter
1439 2049 1532 2102 ira:
1555 2063 1846 2105 excessum

266 2133 289 2170 a
310 2119 471 2174 nobis
499 2121 729 2183 recedit,
754 2129 809 2174 et
840 2117 1021 2174 radios
1050 2135 1162 2172 suae
1191 2121 1379 2189 gratiae
1427 2119 1716 2174 subtrahit.
1751 2118 1848 2174 Se-

266 2190 432 2244 cunda
451 2191 812 2261 tropologica,
830 2205 933 2260 qua
959 2190 1090 2244 solis
1109 2190 1328 2261 nomine
1343 2190 1676 2260 signiﬁcatur
1691 2204 1844 2245 mens

267 2271 442 2315 nostra
463 2304 478 2326 ,
517 2277 616 2316 seu
649 2260 831 2316 lumen
856 2261 1108 2324 rationis,
1140 2275 1262 2328 quae
1286 2260 1340 2315 in
1369 2262 1527 2315 nobis
1557 2273 1641 2316 est
1672 2261 1845 2316 instar

266 2332 384 2386 solis
416 2340 476 2387 et
499 2332 664 2394 locis,
698 2333 1002 2386 secundum
1036 2331 1166 2386 illud
1195 2330 1358 2386 Luca:
1395 2347 1448 2386 ιι
1487 2350 1498 2384 :
1543 2331 1674 2386 Vide
1715 2348 1838 2402 ergo

267 2418 320 2473 ne
341 2405 520 2457 lumen
543 2405 684 2473 quod
710 2404 832 2457 inte
857 2411 950 2466 est,
980 2402 1202 2457 tenebrat
1220 2403 1354 2456 sint:
1388 2415 1441 2457 et
1471 2403 1845 2469 metapltorice

266 2471 458 2528 dicitur
474 2471 733 2530 occidere
746 2483 799 2528 et
823 2474 1298 2539 obtenebrescere,
1328 2473 1454 2529 dum
1477 2475 1554 2528 ira
1577 2473 1844 2542 judicium

268 2545 492 2599 rationis
517 2553 751 2615 occupat
779 2554 834 2599 et
861 2544 1124 2607 obcaecat,
1155 2552 1208 2599 et
1251 2546 1526 2599 hominem
1575 2545 1841 2612 quodam-

265 2616 415 2670 modo
439 2625 594 2672 extra
622 2631 681 2671 se
707 2617 1011 2679 constituit,
1030 2623 1090 2668 ut
1107 2615 1325 2670 velutin
1353 2616 1594 2671 tenebris
1617 2625 1672 2672 et
1697 2631 1842 2671 caeca

264 2697 409 2757 nocte
438 2689 749 2750 ambulans,
781 2687 984 2742 nesciat
1029 2685 1156 2754 quid
1189 2695 1334 2757 agat,
1369 2697 1461 2741 aut
1512 2702 1620 2757 quo
1653 2686 1838 2755 vadat,

260 2755 404 2825 juxta
434 2758 572 2813 illud
603 2759 785 2814 Poeta:
812 2777 824 2812 :

375 2859 593 2922 Impedit
619 2861 692 2910 ira
715 2861 1038 2924 animum,.ne
1063 2862 1214 2924 possit
1239 2872 1452 2911 cernere
1473 2873 1664 2911 verum.

260 2961 420 3035 quam
473 2964 872 3035 expositionem
905 2965 1195 3020 confirmat
1235 2967 1400 3035 etiam
1446 2965 1512 3019 D.
1547 2965 1842 3035 Gregorius

264 3032 410 3100 (Lib.
450 3049 511 3090 ιιι
541 3033 736 3089 Μαι-αι.
767 3051 813 3089 c.
834 3035 898 3091 51
933 3036 950 3105 )
985 3035 1069 3091 his
1098 3034 1279 3091 verbis
1310 3055 1322 3088 :
1361 3036 1460 3090 Per
1481 3038 1613 3090 iram
1639 3032 1732 3092 lita:
1757 3053 1841 3091 ue-

261 3105 421 3160 ritatis
453 3106 736 3177 amittitur,
766 3108 897 3162 sicut
919 3107 1165 3177 scriptum
1197 3117 1272 3161 cst
1301 3123 1318 3159 :
1371 3107 1467 3162 Sol
1504 3123 1606 3161 non
1637 3108 1838 3162 occidat

256 3189 403 3241 super
429 3176 764 3248 iracundiam
784 3187 1002 3232 uestram
1025 3176 1049 3243 7;
1079 3178 1199 3248 quia
1225 3193 1341 3248 cum
1371 3179 1529 3232 menti
1573 3179 1840 3233 iracundia

1875 1871 1922 1932 Β

1948 1066 2094 1128 tuam
2153 1057 2498 1110 concordiam
2553 1065 2609 1111 ct
2660 1057 2948 1112 amicitiam
2994 1057 3298 1113 redeamus.
3351 1057 3538 1128 Neque

1949 1125 2361 1200 indeseqnitur
2399 1128 2599 1200 licitum
2650 1137 2904 1200 esseiaut
2940 1139 3216 1200 peccatum
3275 1145 3378 1184 non
3413 1125 3538 1185 esse

1952 1197 2132 1261 irasci,
2163 1209 2254 1252 aut
2275 1199 2409 1251 iram
2438 1199 2721 1268 perlicere,
2748 1199 2799 1253 id
2828 1197 3242 1266 est,'vindicare
3258 1207 3385 1255 ante
3403 1201 3536 1256 solis

1951 1281 2224 1339 occasum,
2274 1271 2354 1323 vel
2403 1271 2565 1324 etiam
2597 1279 2808 1331 noctu;
2849 1271 2941 1326 sed
2976 1272 3153 1339 potius
3197 1271 3536 1326 contrarium

1953 1338 2278 1412 insinuatur,
2308 1341 2560 1394 nimirum
2585 1343 2766 1412 statim
2791 1349 2846 1394 et
2871 1338 3074 1410 ahstque
3091 1356 3236 1396 mora
3264 1342 3535 1412 deponenc

1953 1408 2074 1482 dam
2103 1424 2227 1464 esse
2249 1412 2410 1475 iram,
2440 1419 2495 1465 et
2523 1411 2854 1467 redeundum
2895 1412 2946 1464 in
2989 1408 3220 1482 gratiam
3252 1429 3265 1466 :
3306 1408 3455 1468 velut
3483 1414 3535 1468 si

1952 1481 2072 1548 quis
2106 1481 2312 1534 homini
2337 1482 2525 1535 saucio
2562 1494 2654 1536 aut
2699 1497 2845 1551 aegro
2891 1481 3058 1548 dicat,
3107 1482 3296 1538 eadem
3347 1485 3530 1550 phrasi

1954 1560 2112 1604 utens
2140 1569 2152 1604 :
2182 1551 2317 1605 Vide
2342 1569 2409 1607 ne
2429 1553 2511 1606 sol
2546 1554 2756 1607 occidat
2790 1569 2956 1622 super
2994 1554 3190 1608 vulnus
3221 1565 3392 1620 tuum,
3437 1562 3534 1608 aut

1953 1636 2115 1693 super
2141 1623 2387 1676 morbum
2421 1632 2589 1687 tuum,
2620 1624 2826 1693 absque
2880 1625 3073 1679 medici
3115 1639 3268 1687 cura,
3310 1639 3415 1678 non
3456 1625 3533 1680 si—

1950 1692 2167 1764 gniﬁcat
2192 1694 2614 1758 exspeCtantlum
2657 1695 2707 1748 ei
2740 1692 2912 1764 usque
2940 1695 3008 1749 ad
3034 1711 3337 1764 vesperam,
3363 1704 3423 1750 ut
3461 1696 3531 1750 ad

1953 1762 2222 1835 medicum
2247 1765 2488 1829 accedat,
2517 1775 2607 1818 aut
2633 1780 2758 1820 eum
2789 1762 3032 1819 accersiit
3055 1782 3070 1832 ;
3096 1762 3190 1822 sed
3215 1762 3401 1821 contra
3435 1781 3532 1835 po-

1953 1834 2080 1900 tius,
2108 1843 2163 1887 ut
2190 1849 2350 1903 quam
2387 1838 2613 1900 primum
2640 1844 2852 1904 potest;
2878 1836 2971 1891 sed
2995 1838 3038 1891 si
3069 1837 3228 1892 citius
3265 1852 3372 1892 non
3405 1834 3532 1904 pose

1953 1905 2041 1971 sit,
2071 1904 2260 1960 saltem
2291 1913 2416 1962 ante
2439 1907 2572 1961 solis
2613 1922 2868 1961 occasum
2894 1907 2947 1960 id
2976 1916 3212 1977 prtestet,
3240 1922 3308 1964 ne
3331 1904 3532 1963 vulnus

1950 1984 2041 2029 aut
2063 1978 2283 2048 morbus
2312 1977 2682 2048 ingravescat.
2737 1977 2922 2044 Neque
2967 1977 3107 2033 hanc
3135 1978 3530 2048 expositionem

1949 2046 2171 2120 omnino
2218 2047 2398 2120 rejicit
2431 2048 2492 2102 D.
2516 2048 2896 2120 Hieronymus.
2925 2047 3055 2103 Nam
3081 2046 3220 2120 post‘
3245 2049 3530 2118 pra-missa

1948 2116 2130 2190 subdit
2157 2135 2168 2169 :
2201 2117 2424 2185 Quidam
2456 2128 2638 2190 putant
2663 2116 2738 2173 sic
2766 2120 3121 2190 accipiendum
3144 2116 3380 2174 hoc—esse
3407 2121 3531 2173 sim-

1947 2185 2173 2254 pliciter;
2196 2185 2522 2261 quomodo'et
2551 2189 2681 2242 illud
2723 2185 2896 2260 quarti
2912 2191 3274 2261 psalmi,undc
3302 2191 3531 2260 idipsum

1945 2268 2205 2329 sumptum
2231 2260 2430 2313 videtur
2455 2277 2473 2316 :
2508 2261 2636 2326 Qua:
2678 2261 2849 2314 dicitis
2876 2260 2930 2314 in
2955 2262 3192 2316 cordibus
3222 2263 3424 2329 vestris,
3479 2270 3529 2315 et

1946 2327 1999 2403 in
2030 2327 2279 2403 cubilibus
2309 2331 2484 2385 vestris
2512 2331 2938 2403 compungimini,
2967 2331 3026 2403 id
3066 2343 3162 2396 est,
3192 2327 3530 2403 qua'cuntque

1945 2398 1997 2474 in
2026 2400 2130 2474 die,
2169 2403 2249 2454 vel
2279 2417 2450 2474 opere.
2484 2402 2562 2456 vel
2611 2398 2864 2474 sermone,
2898 2401 2974 2456 vel
3003 2398 3312 2472 cogitatione
3341 2398 3527 2474 pecca-

1946 2469 2031 2545 tis,
2063 2469 2170 2545 haec
2197 2469 2498 2545 succedente
2524 2473 2826 2545 paenitentia
2852 2469 3082 2545 purgate
3099 2469 3443 2545 per_noctem,
3462 2483 3528 2545 _et

1944 2540 2025 2593 ira
2051 2542 2115 2596 sit
2143 2541 2325 2606 brevis;
2358 2559 2448 2597 nec
2503 2540 2555 2598 in
2599 2543 2736 2596 diem
2791 2540 3071 2596 crastinum
3099 2540 3410 2608 differatur.
3459 2543 3529 2598 Et.

1945 2612 2106 2687 epist.
2130 2613 2198 2668 56
2232 2615 2373 2687 hunc
2404 2615 2581 2687 ipsum
2613 2616 2790 2687 locum
2817 2624 3068 2683 speetans
3095 2631 3112 2672 :
3149 2615 3287 2687 Quid
3314 2629 3527 2687 agemus

1945 2697 2060 2755 nos,
2093 2685 2288 2753 inquit,
2320 2686 2372 2738 in
2402 2684 2484 2738 die
2513 2685 2723 2755 judicii,
2783 2701 2934 2752 super
2989 2701 3207 2755 quorum
3258 2684 3391 2738 iram
3420 2701 3528 2738 non

1943 2754 2095 2808 unius
2123 2755 2244 2815 diei,
2274 2755 2362 2808 sed
2389 2754 2649 2810 tantorum
2684 2771 2939 2809 annorum
2963 2754 3041 2810 sol
3069 2757 3212 2810 testis
3243 2755 3527 2810 occubuit?

1943 2821 2202 2898 S_imiliter
2230 2837 2284 2880 et
2317 2824 2374 2881 S.
2425 2825 2849 2898 Chrysostomus
2887 2827 3002 2880 haec
3044 2827 3208 2882 verba
3258 2823 3523 2898 exponit:

1943 2892 2040 2968 Sol
2067 2913 2168 2968 non
2193 2897 2393 2950 occidat
2423 2892 2574 2968 super
2599 2897 2929 2968 iracundiam
2952 2908 3202 2963 vestram,
3233 2897 3284 2951 id
3308 2892 3413 2960 est,
3444 2899 3523 2952 sol

1941 2964 2036 3037 iste
2061 2967 2232 3021 abiens
2284 2984 2386 3021 non
2417 2964 2504 3022 vos
2553 2969 2807 3037 relinquat
2856 2967 3113 3022 inimicos.
3141 2968 3430 3024 Consentit
3458 2968 3523 3023 Ι).

1941 3035 2260 3109 ambrosius
2281 3039 2332 3093 in
2347 3040 2582 3109 psalmos
2597 3041 2667 3092 ita
2681 3035 2946 3094 scribens:
2962 3037 3110 3094 Alius
3131 3039 3357 3094 medicus
3374 3039 3525 3094 dicit:

1941 3107 2161 3182 Sholnon
2188 3107 2560 3182 occidatsuper
2587 3109 3160 3178 iracundiamvestram;
3187 3127 3250 3165 ne
3279 3111 3400 3164 dum
3430 3110 3525 3182 diu

1941 3178 2144 3248 differs,
2174 3183 2341 3234 veniat
2365 3180 2454 3235 ille
2470 3178 2570 3252 'qui
2596 3182 2897 3252 calefactum
2924 3184 3154 3252 corporis
3179 3197 3357 3237 somno
3384 3181 3526 3236 exci-

259 3247 572 3323 confusionis
594 3248 1030 3323 tenebrasincntit
1052 3291 1068 3323 ,_
1093 3247 1236 3323 huic
1281 3247 1423 3323 Deus
1465 3250 1679 3323 radium
1726 3265 1836 3323 sua
1860 3251 1908 3315 ο
1941 3247 2052 3323 tnre
2078 3252 2336 3306 consueuit
2365 3247 2507 3322 (scil;
2541 3247 2833 3323 diabolus),
2867 3259 2915 3304 et
2941 3247 3165 3308 stimulet
3210 3263 3278 3318 te,
3331 3252 3523 3322 inferat

259 3318 563 3388 cognitionis
600 3318 890 3375 abscondit.
923 3318 1104 3374 Tertia
1135 3319 1392 3374 litteralis
1449 3319 1517 3375 de
1564 3319 1668 3376 hoc
1716 3322 1831 3377 sole

259 3400 520 3457 corporeo
550 3397 606 3444 et
633 3389 855 3455 visibili,
888 3390 1136 3445 luminari
1168 3405 1395 3459 magno,
1424 3391 1581 3459 cujus
1625 3400 1746 3446 ortu
1778 3401 1833 3446 et

260 3471 452 3514 occasu
474 3459 595 3515 dies
623 3468 680 3516 ct
700 3470 884 3516 noctes
902 3460 1321 3528 distinguuntur.
1356 3460 1553 3517 Verum
1575 3461 1716 3517 hanc
1739 3478 1834 3518 ex-

261 3532 606 3600 positionem,
638 3539 696 3586 ut
720 3531 866 3597 dixi,
899 3532 1139 3587 excludit
1180 3529 1476 3586 Cassianus
1524 3532 1624 3587 sub
1669 3533 1829 3588 linem

256 3600 444 3674 capitis
487 3601 788 3674 sequentis,
820 3603 904 3658 cui
924 3612 987 3674 et
1032 3602 1502 3674 D.Ilieronymus
1546 3603 1830 3674 sutl‘ragari

257 3669 482 3742 videtur.
517 3671 609 3727 Sic
637 3673 782 3728 enim
809 3673 1001 3728 scribit
1025 3673 1079 3728 in
1108 3673 1253 3727 hunc
1301 3669 1514 3728 locum:
1539 3672 1600 3728 Si
1627 3669 1831 3742 simpli-

254 3739 368 3794 citer
391 3742 541 3796 hunc
561 3743 722 3797 solem
741 3743 1092 3814 intelligimus,
1123 3745 1208 3812 qui
1238 3745 1400 3798 oculis
1427 3746 1598 3815 carnis
1643 3739 1833 3815 aspici-

253 3816 345 3878 tur,
377 3829 660 3880 peccamus
687 3815 893 3881 quando
912 3815 1204 3882 irascimur,
1229 3823 1276 3868 et
1299 3814 1560 3868 occidente
1595 3814 1831 3869 soleira-

253 3885 429 3955 cundia
465 3895 901 3948 perseveratmon
931 3901 1196 3954 peccamus
1234 3885 1647 3954 autem,quando
1670 3886 1832 3955 (verbi

251 3954 429 4024 gratia)
463 3971 498 4007 a
527 3956 693 4022 prima
722 3955 850 4010 hora
881 3973 1036 4024 usque
1078 3956 1146 4010 ad
1189 3957 1511 4009 undecimam
1556 3954 1832 4012 irascentes

253 4026 476 4088 facimus
496 4026 639 4098 quod
668 4027 976 4098 indignatio,
1012 4030 1177 4097 furor,
1194 4028 1282 4098 ira
1304 4029 1666 4096 suggesserim.
1715 4029 1830 4093 Quo

249 4111 388 4148 sensu
435 4097 581 4150 nihil
609 4096 738 4150 mihi
775 4096 974 4151 uidetur
1012 4096 1305 4162 absurdius,
1346 4098 1496 4167 quasi
1525 4114 1628 4151 non
1677 4107 1831 4167 queat

248 4166 512 4238 quispiam
539 4167 601 4221 ab
630 4178 750 4222 ortu
770 4168 895 4222 solis
931 4173 1088 4238 usque
1107 4169 1177 4220 ad
1203 4166 1444 4221 occasum
1473 4168 1525 4221 in
1553 4166 1696 4221 tanta
1722 4185 1828 4224 sce-

248 4235 346 4290 lera
368 4239 710 4311 debacchari,
740 4249 933 4309 quanta
971 4235 1198 4311 totaruita
1227 4255 1319 4292 sua
1349 4255 1450 4311 non
1479 4241 1636 4311 possit
1660 4239 1831 4311 lacry-

250 4311 335 4362 mis
357 4310 602 4377 expiare;
629 4319 718 4362 aut
748 4326 850 4364 non
871 4311 1033 4381 magis
1078 4310 1156 4363 ira
1183 4310 1350 4362 locum
1383 4310 1436 4362 in
1467 4310 1548 4381 die
1605 4310 1785 4365 habeat
1812 4356 1826 4380 ,

257 4393 358 4430 :um
381 4383 572 4448 utique
601 4396 706 4433 nox
731 4383 926 4448 requies
951 4380 1014 4434 sit
1028 4382 1245 4449 furoris,
1268 4390 1336 4443 et,
1368 4380 1667 4434 succedente
1690 4398 1831 4434 som-

252 4460 328 4519 no.
353 4452 562 4504 etiamsi
589 4451 882 4519 irascimur,
915 4453 967 4504 in
992 4451 1125 4504 diem
1156 4450 1478 4504 iracundiam
1502 4451 1826 4516 differamus.

253 4518 380 4582 Quia
407 4522 575 4591 igitur
601 4538 748 4576 verus
769 4518 875 4586 sol,
905 4523 1037 4576 sicut
1063 4522 1250 4575 occidit
1301 4538 1454 4592 super
1494 4523 1660 4576 malos
1710 4540 1830 4589 pro-

249 4593 448 4657 phetas,
473 4595 640 4665 juxta
666 4592 801 4646 illud
832 4593 967 4663 quod
1000 4594 1250 4665 scriptum
1273 4602 1348 4646 est
1367 4591 1387 4645 ξ
1405 4591 1716 4665 Occiditsol
1743 4611 1829 4647 su-

247 4677 330 4728 per
358 4661 649 4734 prophetas
676 4661 864 4717 vestros
889 4664 1281 4733 meridic(Amos
1306 4661 1446 4731 vm),
1470 4664 1543 4715 ita
1568 4664 1721 4716 etiam
1743 4682 1834 4718 su-

249 4748 332 4804 per
360 4749 540 4787 omnes
564 4735 755 4787 occidit
785 4743 1094 4802 peccatores,
1120 4750 1440 4804 nequaquam
1476 4735 1548 4788 eis
1579 4743 1722 4788 ortus
1754 4736 1836 4789 sui

245 4802 412 4877 lumen
437 4805 761 4877 indulgens;
792 4805 1025 4875 prwcipit
1057 4820 1190 4858 nunc
1208 4802 1484 4877 Apostolus
1506 4822 1568 4859 ne
1599 4806 1726 4858 talia
1747 4810 1830 4877 fa-

247 4873 440 4956 ciamus
465 4873 650 4958 fnrore
672 4873 922 4958 superati,
945 4873 1042 4958 per
1070 4891 1185 4958 qua
1207 4873 1352 4958 nabis
1404 4875 1496 4958 ευμ-
1515 4877 1732 4939 occidat,
1748 4873 1838 4958 "et

247 4945 534 5015 principale
599 4945 773 5000 cordis
825 4945 1045 5002 tenebris
1093 4945 1400 5000 involvatur.
1453 4945 1726 5001 Hactenus
1766 4947 1829 5002 D.

248 5013 636 5087 Hieronymus.
662 5015 768 5071 Sed
794 5033 923 5084 pace
947 5017 1075 5071 tanti
1105 5017 1206 5070 viri
1223 5026 1277 5071 et
1305 5016 1474 5070 nostri
1503 5017 1664 5070 etiam
1696 5017 1832 5071 Cas-

245 5086 397 5151 siani,
432 5086 609 5141 verus
638 5097 693 5141 et
739 5089 988 5157 proprius
1034 5087 1194 5156 hujus
1225 5087 1327 5140 loci
1373 5102 1566 5141 sensus
1591 5102 1711 5142 esse
1752 5089 1834 5141 vi-

245 5156 420 5223 detur,
447 5173 616 5227 quem
640 5159 806 5212 verba
832 5156 1045 5226 proprie
1072 5168 1290 5226 accepta
1317 5159 1646 5224 exprimunt,
1680 5173 1833 5212 nem-

247 5241 308 5299 pe
331 5228 404 5299 de
436 5229 564 5283 sole
610 5230 715 5284 hoc
747 5243 1007 5299 corporeo
1035 5238 1086 5282 et
1110 5227 1430 5293 aspectabili
1454 5268 1468 5292 ,
1495 5228 1583 5298 qui
1612 5231 1830 5298 proprie

243 5295 440 5368 dicitur
468 5300 730 5354 occidere
771 5295 935 5368 super
957 5299 1288 5354 iracundiam
1323 5295 1581 5360 nostram,
1611 5295 1828 5366 quando

243 5365 373 5421 iram
396 5369 672 5424 adversus
696 5365 1001 5438 proximum
1041 5374 1201 5424 etiam
1231 5379 1353 5438 post
1398 5371 1530 5423 solis
1577 5365 1828 5425 occasum

245 5440 577 5509 retinemus;
607 5449 666 5494 et
684 5441 934 5495 vindicta:
950 5442 1407 5509 opportunitatem
1432 5449 1828 5508 exSpectamus.

247 5507 510 5582 Estenim
544 5509 658 5566 hmo
691 5512 896 5567 locutio
945 5507 1166 5581 figurata
1197 5523 1247 5566 et
1268 5556 1282 5580 ,
1308 5519 1365 5566 ut
1414 5520 1654 5582 apparet,
1701 5527 1830 5580 pro-

241 5581 536 5646 verbialis,
583 5591 641 5635 et
677 5585 837 5651 vulgo
864 5584 988 5636 trita
1020 5583 1307 5646 sententia,
1338 5598 1440 5651 qua
1475 5581 1698 5636 mouere
1734 5597 1832 5638 nos

242 5653 408 5706 voluit
437 5652 771 5722 Apostolus,
804 5653 933 5707 utsi
981 5652 1117 5708 forte
1150 5668 1246 5721 per
1297 5651 1439 5707 dictu
1498 5654 1548 5705 in
1591 5652 1830 5721 aliquem

241 5725 507 5776 commoti
543 5723 781 5783 autirati
829 5723 1111 5786 fuerimus,
1164 5724 1353 5779 demus
1383 5737 1605 5791 operam
1634 5733 1692 5776 ut
1724 5724 1832 5777 sal-

241 5801 343 5846 tem
376 5804 829 5863 antcivesperam
858 5803 913 5850 et
951 5794 1082 5848 solis
1110 5809 1362 5849 occasum
1414 5794 1490 5849 ei~
1513 5795 1835 5849 reconcilie-

244 5877 385 5932 mur,
414 5870 478 5920 et
509 5862 757 5932 deposita
790 5865 938 5922 omni
970 5865 1046 5920 ira
1078 5874 1132 5922 et
1153 5865 1532 5922 malevolentia
1560 5907 1574 5933 ,
1615 5864 1668 5919 in
1711 5880 1832 5920 mu-

1859 4632 1912 4694 D

1936 3321 2032 3394 tibi
2058 3321 2413 3394 cogitationes,
2447 3333 2494 3377 et
2542 3325 2596 3378 in
2622 3321 2816 3378 secreta
2867 3325 3085 3394 pectoris
3125 3325 3204 3378 tui
3229 3321 3519 3393 immergat,

1932 3392 2114 3465 dicens
2125 3392 2162 3446 ':
2203 3392 2418 3447 Vindica
2444 3392 3082 3465 injuriamtuomfvirum
3107 3405 3154 3449 te
3176 3411 3284 3450 esse
3332 3392 3522 3463 cogno-

1932 3477 2057 3534 see;
2089 3463 2320 3533 feminea:
2346 3463 2662 3534 infimiitatis
2713 3475 2788 3521 est
2837 3477 2939 3516 non
2989 3481 3170 3534 capere
3220 3465 3520 3518 uindictam.

1931 3531 2076 3604 Ergo
2089 3531 2424 3589 contemnere
2454 3546 2500 3590 te
2525 3536 2696 3590 debuit
2745 3549 2920 3604 servus
2942 3535 2968 3589 Ρ
3013 3531 3203 3590 Frater
3229 3536 3470 3604 decipere
3493 3537 3520 3590 1’

1932 3605 2131 3658 amicus
2157 3605 2379 3661 illudere
2400 3607 2425 3660 ?
2447 3616 2552 3662 etc.
2591 3606 2692 3662 Ubi
2723 3603 3014 3662 manifeste
3037 3606 3262 3675 exponit
3281 3605 3518 3660 Ambro-

1932 3677 2048 3728 sius
2072 3678 2396 3747 sententiam
2419 3677 2666 3747 Apostoli
2696 3677 2766 3734 de
2791 3675 2906 3731 sole
2925 3690 3211 3746 corporeo,
3240 3678 3397 3745 cujus
3426 3691 3521 3730 oc-

1931 3758 2061 3817 casu
2089 3746 2208 3800 dies
2261 3746 2484 3814 ﬁnitur,
2514 3760 2569 3804 et
2609 3763 2715 3803 nox
2765 3750 3128 3817 supervenit;
3159 3755 3216 3803 et
3253 3748 3520 3802 rationem

1933 3814 2176 3870 insinuat
2200 3832 2298 3872 cur
2325 3833 2428 3873 non
2457 3814 2930 3874 sitretinenda’ira
2964 3833 3136 3888 usque
3165 3817 3232 3872 ad
3265 3818 3399 3872 solis
3428 3833 3521 3872 oc-

1932 3900 2140 3960 casum,
2170 3903 2241 3942 ne
2267 3889 2478 3945 scilicet
2499 3891 2680 3944 noctis
2699 3890 2878 3960 spatio
2899 3899 3032 3960 Apost
3076 3889 3318 3958 quietem
3340 3889 3520 3944 acrio-

1932 3957 2082 4031 ribus
2108 3959 2341 4031 stimulis
2379 3962 2446 4014 ad
2469 3957 2761 4016 vindictam
2805 3977 2834 4014 a
2878 3957 3105 4017 dtabolo’
3138 3975 3518 4031 provocemur.

1932 4025 2179 4108 Denique
2205 4030 2532 4108 Prudentius
2567 4034 2618 4087 in
2650 4032 2864 4089 laudem
2885 4025 3204 4088 Concordia:
3248 4032 3366 4087 sive
3412 4031 3520 4087 Pa-

1933 4100 2136 4155 tientia:
2165 4102 2237 4156 ita
2276 4104 2472 4159 cecinit
2497 4121 2510 4157 :

2029 4203 2270 4268 Occasum
2290 4205 2416 4254 lucis
2439 4208 2581 4255 venia
2608 4218 2919 4267 praacurrere
2942 4207 3094 4268 gestit

2026 4267 2208 4326 Anxia,
2231 4279 2294 4316 ne
2313 4267 2544 4318 stabilem
2562 4268 2754 4331 linquat
2777 4268 2853 4318 sol
2873 4267 3100 4318 conscius
3118 4269 3252 4318 iram.

1931 4375 2044 4432 Nec
2072 4390 2202 4430 vero
2233 4373 2670 4442 praetereundum
2712 4373 2970 4429 existimo
3025 4371 3190 4440 huius
3236 4371 3524 4427 sententias

1932 4459 2256 4502 assertorem
2285 4445 2703 4499 disertissimum
2732 4454 2786 4498 et
2807 4444 3189 4514 gravissimum
3241 4453 3523 4514 auctorem

1936 4518 2201 4572 lsidorum
2233 4515 2592 4582 Pelusiotam,
2615 4515 2706 4584 qui
2731 4515 2784 4568 in
2812 4513 3043 4584 quadam
3065 4513 3294 4584 cpistola
3323 4513 3521 4585 (Epist.

1940 4589 2042 4644 189
2071 4589 2162 4642 lib.
2188 4590 2275 4658 ιι),
2304 4587 2451 4658 hach
2472 4585 2802 4658 sententiam
2842 4585 2917 4658 ita
2965 4587 3247 4658 enucleate
3290 4585 3528 4658 explicat

1937 4670 1992 4714 ct
2021 4656 2271 4722 adstruit,
2306 4669 2362 4710 ut
2405 4657 2538 4711 nihil
2589 4656 2824 4725 amplius
2872 4656 3170 4710 desiderari
3211 4656 3399 4724 possit.
3433 4656 3526 4710 Sic

1937 4732 2082 4785 enim
2107 4731 2222 4798 ipse
2248 4748 2261 4782 :
2302 4727 2560 4793 Quoniam
2583 4743 2701 4798 cum,
2729 4725 2998 4798 iracundia
3025 4728 3271 4798 rationis,
3298 4741 3410 4795 qua:
3429 4742 3526 4778 au-

1937 4802 2066 4872 riga:
2097 4797 2304 4854 munere
2333 4799 2591 4872 fungitur,
2617 4797 2840 4872 habenas
2868 4797 3094 4868 infregit,
3137 4797 3357 4849 hominis
3383 4813 3525 4872 men-

1938 4868 2037 4927 tem
2066 4884 2209 4926 extra
2231 4880 2431 4924 natura:
2445 4871 2692 4922 terminos
2714 4869 3011 4937 plerumque
3031 4879 3369 4921 transversam
3391 4868 3520 4935 agit:

1934 4943 2130 4996 idcirco
2151 4940 2353 4994 Paulus
2382 4940 2681 5012 hujusmodi
2709 4938 3197 5012 lapsuieatcOgitata
3227 4954 3337 5012 non
3371 4938 3526 4990 ntodo

1935 5016 2148 5084 optima,
2180 5013 2270 5066 sed
2300 5007 2461 5084 etiam
2479 5007 3066 5084 celerrimamedicina,
3097 5009 3177 5063 his
3203 5007 3365 5062 verbis
3395 5025 3524 5084 usus

1935 5077 2008 5138 est
2033 5099 2051 5138 :
2081 5084 2173 5139 Sol
2213 5100 2313 5137 non
2343 5083 2540 5136 occidat
2567 5097 2720 5146 super
2762 5082 3087 5135 iracundiam
3117 5089 3351 5132 vestram.
3409 5077 3525 5131 lloc

1935 5164 2034 5221 est,
2071 5166 2344 5221 antequam
2370 5155 2449 5206 sol
2492 5155 2545 5206 in
2573 5167 2816 5205 occasum
2845 5162 3053 5224 vergat,
3085 5161 3326 5204 naturam
3350 5167 3524 5224 agno-

1933 5228 2056 5279 scite
2079 5268 2092 5290 ,
2125 5228 2353 5293 furorem
2390 5224 2714 5291 exstinguite,
2773 5222 3120 5292 arrogantiam
3167 5222 3525 5293 comprimite;

1936 5291 2291 5364 cognationem
2317 5311 2376 5349 ac
2421 5291 3022 5362 propinquitatempqua:
3073 5293 3224 5345 etiam
3259 5291 3383 5360 feris
3424 5293 3526 5346 do.

1934 5373 2188 5435 minatur,
2229 5365 2777 5435 (amplectiminirnte
2809 5379 2910 5416 nos:
2967 5364 3235 5434 interjecta
3290 5365 3524 5418 morbum

1932 5433 2356 5494 immedicabilem
2391 5437 2595 5504 efﬁciat.
2651 5433 2789 5487 Nam
2835 5443 2942 5487 tum
2992 5433 3227 5488 diabolus
3281 5435 3525 5489 idoneum

1938 5519 2138 5580 tempus
2166 5518 2366 5571 nactus,
2400 5523 2459 5559 ra
2485 5521 2604 5580 quae
2629 5506 2948 5580 contigerunt
2999 5507 3162 5580 magis
3191 5506 3482 5580 inﬂammat
3505 5549 3520 5572 ,

1937 5582 2007 5633 ad
2038 5574 2285 5634 ultionem
2312 5574 2507 5642 irruat,
2538 5577 2605 5628 ad
2631 5575 2954 5628 inimicitiam
2985 5574 3309 5643 exstimulat,
3341 5581 3411 5631 ad
3437 5596 3525 5632 ac-

1937 5653 2218 5705 cusationes
2244 5650 2460 5715 excitat,
2485 5647 3125 5717 injuriarumntemoriam
3154 5649 3324 5717 parit,
3370 5666 3524 5703 mnu-

1941 5739 2176 5790 meraque
2205 5723 2320 5774 hinc
2352 5718 2489 5771 mala
2518 5715 2771 5790 procreat.
2796 5715 2936 5768 Nam
2951 5720 3086 5785 quod
3113 5715 3181 5772 Π.
3219 5717 3442 5784 Paulus,
3467 5732 3525 5772 uo

1940 5795 2047 5847 lucc
2071 5787 2404 5855 exscinderet,
2432 5787 2732 5842 dissidentes
2760 5802 2916 5857 quam
2942 5791 3178 5845 ocissime
3203 5791 3326 5842 inter
3359 5805 3412 5842 se
3436 5805 3522 5844 re-

1939 5865 2207 5918 conciliari
2231 5859 2469 5932 jusserit,
2498 5874 2561 5914 ea:
2583 5872 2641 5912 eo
2673 5867 2812 5925 patet
2863 5861 3002 5929 quod
3048 5876 3168 5916 mox
3216 5860 3480 5931 subjunxt't
3501 5876 3521 5913 :
