3986 6320
356 5656 367 5661 _
456 5582 555 5637 luit
584 5586 839 5661 praecipue
859 5582 971 5641 istis

436 305 544 368 359

1770 294 2045 355 lOANNlS
2087 292 2397 381 cassum

3613 288 3714 350 340

437 426 501 486 Si
545 424 767 485 noxium
802 429 886 481 est
916 436 1080 497 super
1122 421 1461 477 iracunata‘m
1486 427 1735 473 nostram
1785 414 2034 471 occidere
2060 413 2357 477 Amodum
2401 412 2471 467 de
2520 411 2600 467 ira
2650 410 2940 477 sentirent,
2989 407 3121 465 licet
3153 407 3397 479 longiore
3442 419 3710 479 sermone,

437 520 613 577 sulem
636 518 899 592 iustitia,
929 525 985 574 et
1008 515 1129 573 irati
1154 512 1437 571 confestim
1478 511 1653 567 locum
1693 508 1910 565 diabolo
1939 507 2035 563 da-

436 627 563 670 mus
611 612 668 668 in
715 610 881 668 corde
920 616 1139 675 nostro;
1184 605 1457 678 quomodo
1499 601 1753 671 superius
1790 601 2036 673 praecipit

432 715 501 765 ut
525 705 847 773 irascamur,
879 703 1066 763 dicens
1099 719 1111 755 :
1144 697 1442 761 Irascimini
1471 706 1527 754 et
1556 691 1725 753 nolite
1766 692 2033 769 peccare?

436 800 633 863 Nonne
656 798 937 857 evidenter
967 795 1070 855 hoc
1115 793 1249 851 dicit
1291 810 1305 847 ς
1351 790 1652 849 Irascimini
1686 788 1830 845 vitiis
1868 794 1925 842 et
1946 786 2032 843 lu-

435 870 550 950 rori
598 900 812 957 vestro,
873 905 941 945 ne
988 884 1407 944 conniventibus
1459 881 1615 939 vobis
1672 881 1755 938 sol
1805 879 2030 952 iustitiae

437 984 686 1043 Christus
718 982 940 1055 incipiat
984 988 1207 1052 propter
1232 977 1569 1035 iracundiam
1597 984 1831 1031 vestram
1874 987 2027 1028 men-

438 1077 584 1136 tibus
627 1072 934 1134 obscuratls
977 1072 1263 1141 occidere,
1306 1069 1697 1131 etdiscedente
1722 1067 1816 1129 illo
1842 1068 2025 1131 locum

436 1169 657 1229 diabolo
680 1169 738 1226 in
766 1167 964 1225 vestris
991 1166 1248 1225 cordibus
1276 1163 1564 1237 prmbeatis

1040 1279 1268 1341 CAPUT
1305 1277 1399 1336 IX.

435 1400 520 1460 De
537 1414 638 1476 quo
665 1399 776 1457 sols
811 1400 1035 1467 dicatur,
1060 1406 1118 1454 ut
1153 1394 1487 1523 rognoccidat
1513 1407 1670 1467 super
1692 1390 2021 1448 iracundiam

1066 1485 1149 1523 nes
1175 1485 1201 1523 r
1293 1508 1308 1523 .

1066 1485 1308 1525 uestram.

511 1587 591 1645 De
616 1601 727 1658 qua
750 1586 869 1642 sole
892 1600 988 1656 per
1015 1583 1341 1654 praphetam
1386 1580 1534 1638 Deus
1569 1577 1851 1636 evidenter
1879 1590 2031 1634 com-

437 1689 737 1749 memorat,
788 1680 861 1734 ita
918 1678 1143 1733 dicens:
1196 1673 1544 1731 Timentibus
1597 1679 1779 1729 autem
1830 1684 2028 1726 nomen

436 1793 619 1835 meum
650 1772 857 1853 orietur
891 1773 973 1830 sol
1007 1770 1260 1847 justitite,
1287 1779 1339 1825 et
1368 1768 1575 1825 sanitas
1603 1766 1658 1822 in
1687 1764 1882 1839 pennis
1910 1763 2031 1836 ejus

2140 505 2483 579 protulimus,
2515 503 2609 575 qui
2638 518 2760 559 eam
2784 517 2884 559 nec
2911 501 2977 558 ad
3013 508 3347 558 momentum
3376 500 3594 572 quidem
3624 515 3716 556 cor

2140 607 2385 653 nostrum
2407 605 2694 668 penetrare
2720 596 3067 671 permittunt,
3098 593 3236 650 illud
3278 593 3559 664 Evangelii
3605 608 3716 648 om-

2138 689 2378 772 nimodis
2404 691 2761 747 observantes
2792 708 2805 745 :
2840 687 2944 759 Qui
2970 688 3227 744 irascitur
3249 686 3402 743 fratri
3431 680 3531 743 suo
3555 728 3571 753 ,
3594 702 3719 744 reus

2141 785 2248 842 erit
2269 782 2479 855 judicio
2501 782 2733 857 (Matth.
2758 798 2792 837 v
2819 780 2866 858 ).
2919 781 3189 839 Caeterum
3230 780 3279 838 si
3324 796 3494 853 usque
3522 780 3589 837 ad
3624 794 3718 836 oc-

2138 893 2324 935 casum
2352 877 2489 934 solis
2532 877 2739 933 licitum
2770 874 2840 933 sit
2880 874 3079 945 irasci,
3116 884 3243 930 ante
3290 872 3720 946 perturbationes

2139 971 2318 1027 noxiae
2362 976 2622 1041 poterunt
2672 969 2873 1025 furoris
2914 967 3222 1024 satietatem
3273 975 3329 1023 et
3367 964 3579 1021 ultricis
3626 965 3723 1021 ira:

2137 1063 2562 1121 commotionem
2594 1062 2840 1134 explere,
2869 1076 3031 1136 quam
3058 1062 3163 1118 iste
3183 1060 3263 1118 soi
3294 1058 3362 1115 ad
3412 1060 3592 1116 locum
3638 1058 3722 1114 sui

2140 1164 2328 1228 vergat
2355 1167 2601 1213 occasus.
2777 1220 3004 1282 CAPUT
3028 1221 3081 1283 Χ

2137 1321 2223 1380 De
2240 1321 2323 1378 his
2341 1336 2561 1399 quorum
2574 1318 2861 1399 iracundiis
2884 1337 2945 1375 ne
2964 1314 3176 1399 occasus
3196 1318 3404 1392 quidem
3426 1316 3553 1375 solis
3576 1317 3726 1373 istius

2716 1391 2926 1447 modum
2966 1392 3134 1465 ponit.

2106 1554 2107 1557 η
2208 1487 2348 1559 Quid
2368 1502 2500 1544 vero
2522 1485 2700 1542 dicam
2729 1485 2799 1541 de
2823 1484 2911 1540 bis
2943 1483 3110 1557 (quod
3138 1483 3360 1557 quidem
3391 1480 3577 1541 dicere
3604 1481 3726 1540 sine

2136 1597 2259 1640 mea
2281 1581 2601 1639 confusione
2617 1597 2727 1638 non
2742 1582 2991 1653 possum)
3016 1595 3261 1653 quorum
3290 1579 3725 1651 implacabilitati

2137 1692 2238 1734 nec
2260 1678 2349 1734 hic
2378 1677 2598 1749 quidem
2639 1677 2725 1733 sol
2754 1677 3016 1735 occidens
3061 1676 3351 1733 terminum
3382 1676 3577 1747 ponit;
3629 1675 3727 1732 sed

2136 1784 2237 1841 per
2258 1769 2377 1827 dies
2396 1785 2515 1826 eam
2556 1769 2825 1843 plurimos
2867 1769 3227 1841 protelantes,
3261 1778 3425 1841 atque
3459 1768 3727 1825 adversus

437 1867 709 1941 (Halach.
742 1882 796 1922 tv
896 1864 1000 1932 Qui
1039 1877 1232 1920 rursus
1268 1858 1654 1933 peccatoribus
1685 1865 1743 1916 ei
1785 1854 2029 1930 Ρεθιιάο·
2055 1846 2104 1907 Β
2132 1879 2229 1922 eos
2257 1865 2321 1920 in
2339 1878 2477 1936 quos
2502 1865 2761 1922 commoti
2812 1862 3017 1921 fuerint
3043 1863 3071 1905 δ
3110 1877 3400 1921 rancorem
3436 1862 3605 1919 animi
3636 1878 3725 1919 re-

437 1958 749 2033 prophetis,
781 1958 1001 2029 illisque
1026 1958 1118 2027 qui
1174 1960 1508 2016 irascuntur,
1541 1951 1797 2008 occidere
1823 1948 2029 2005 dicitur

436 2057 495 2114 in
525 2055 706 2112 medio
743 2053 855 2121 die,
879 2053 1094 2110 dicente
1142 2050 1449 2122 prOpheta:
1492 2047 1706 2104 Occidit
1731 2047 1814 2103 eis
1854 2045 1940 2101 sol
1968 2044 2027 2100 in

436 2148 667 2205 meridie
692 2147 712 2219 (
735 2147 894 2203 Amos
914 2162 1009 2202 vut
1042 2143 1084 2217 ).
1110 2140 1207 2200 Vel
1236 2151 1389 2200 certe
1430 2139 1732 2198 secundum
1762 2138 2029 2210 tropicum

438 2254 663 2297 sensum
688 2248 718 2279 ι
748 2253 923 2304 mens,
952 2239 1007 2294 id
1034 2245 1138 2303 est,
1168 2243 1288 2299 νοῦς
1316 2236 1434 2292 sive
1480 2235 1645 2300 ratio,
1675 2248 1796 2303 qua:
1828 2246 1925 2303 pro
1962 2246 2031 2287 eo

437 2331 583 2404 quod
606 2346 796 2387 omnes
823 2328 1005 2388 cordis
1034 2326 1396 2400 cogitationes
1421 2325 1892 2396 discretionesque
1916 2338 2035 2394 per-

436 2424 660 2492 lustret,
690 2422 775 2479 sol
801 2421 997 2481 merito
1020 2432 1385 2491 nuncupatur,
1410 2421 1508 2476 irae
1534 2418 1666 2475 vitio
1684 2433 1794 2474 non
1826 2417 2035 2475 exstin-

436 2524 676 2589 guatur;
723 2530 794 2571 ne
847 2514 1040 2571 eadem
1070 2512 1375 2581 occidente,
1426 2511 1905 2583 perturbationum
1950 2519 2033 2566 te—

440 2609 627 2665 nebrae
672 2622 797 2663 cum
836 2616 1060 2664 auctore
1087 2620 1187 2662 suo
1228 2605 1451 2662 diabolo
1490 2604 1807 2660 universum
1858 2604 2033 2660 nostri

438 2701 627 2761 cordis
666 2696 941 2773 occupent
966 2715 1211 2769 sensum,
1244 2706 1302 2756 et
1329 2698 1574 2757 tenebris
1621 2698 1718 2754 ira
1746 2697 1985 2768 possessi
2010 2738 2027 2764 ,

439 2795 595 2851 velut
620 2796 674 2850 in
703 2803 863 2851 nocte
881 2808 1055 2859 caeca,
1087 2791 1215 2864 quid
1245 2806 1346 2849 nos
1384 2799 1641 2863 oporteat
1666 2806 1847 2862 agere,
1880 2790 2033 2860 igno-

439 2900 652 2944 remus.
702 2886 823 2942 Tali
867 2900 1033 2951 sensu
1064 2885 1212 2943 hunc
1256 2885 1508 2954 Apostoli
1556 2884 1735 2939 locum
1769 2883 2033 2939 institutis

435 2977 719 3047 seniorum
742 2978 1002 3041 traditum
1032 2976 1208 3048 nobis,
1234 2975 1359 3049 quia
1391 2990 1619 3034 necesse
1646 2975 1747 3031 fuit
1771 2973 2034 3046 quemad-

2129 1968 2431 2021 servantes.
2459 1968 2657 2030 negant
2685 1958 2906 2030 quidem
2929 1972 2989 2014 se
3010 1958 3195 2014 verbis
3242 1957 3424 2026 irasci,
3468 1957 3567 2013 sed
3613 1957 3727 2013 rei-

2130 2065 2230 2125 psa
2268 2059 2327 2107 et
2368 2064 2536 2122 opere
2568 2048 2845 2122 indignari
2894 2051 3225 2125 gravissime,
3252 2049 3731 2121 comprobantur?

2133 2144 2268 2202 Nam
2294 2160 2472 2216 neque
2520 2160 2618 2202 eos
2645 2160 2887 2217 congruo
2930 2160 3187 2202 sermone
3216 2144 3551 2216 compellant
3577 2184 3592 2211 ,
3629 2158 3735 2201 nec

2132 2237 2456 2295 allabilitate
2491 2238 2574 2295 eis
2611 2240 2772 2297 solita
2811 2239 3241 2312 colloquuntur;
3274 2242 3403 2296 etin
3430 2255 3498 2296 eo
3523 2253 3587 2295 se
3632 2250 3736 2294 mt-

2139 2329 2288 2385 nime
2322 2329 2645 2402 delinquere
2676 2341 2890 2402 putant,
2933 2331 3075 2405 quod
3102 2331 3399 2387 vindictam
3430 2344 3542 2385 sua:
3585 2344 3735 2385 com-

2136 2419 2394 2478 motionis
2442 2437 2551 2478 non
2582 2433 2883 2495 expetant;
2915 2439 3075 2496 quam
3107 2433 3288 2479 tamen
3316 2423 3440 2494 quia
3485 2422 3738 2493 proferre

2136 2514 2311 2583 palam
2340 2521 2399 2570 et
2427 2528 2721 2583 exercere,
2749 2524 2845 2572 aut
2899 2531 3006 2573 non
3038 2517 3254 2582 audent,
3304 2524 3397 2571 aut
3440 2523 3593 2572 certe
3620 2529 3736 2571 non

2134 2615 2384 2683 possunt,
2418 2607 2473 2662 in
2501 2621 2657 2662 suam
2683 2608 2981 2678 perniciem
3008 2608 3165 2664 virus
3210 2606 3506 2663 iracundias
3551 2615 3739 2664 retor-

2133 2707 2381 2771 quentes,
2397 2709 2745 2770 concoquunt
2763 2716 2885 2757 eam
2899 2701 2953 2757 in
2967 2702 3134 2759 corde
3150 2703 3318 2770 taciti,
3341 2717 3406 2758 ac
3427 2701 3659 2787 sileptes
3680 2698 3737 2757 in

2131 2794 2440 2865 semetipsis
2451 2806 2795 2862 consumunt,
2819 2796 3235 2853 amaritudinem
3253 2796 3480 2852 tristitiae
3492 2810 3603 2850 non
3617 2794 3739 2850 vir-

2135 2894 2249 2942 tute
2268 2886 2435 2942 animi
2458 2888 2705 2961 protinus
2742 2888 3101 2957 expellentes,
3129 2887 3224 2944 sed
3264 2888 3573 2957 digerentes
3612 2902 3742 2958 pro-

2135 2993 2292 3035 cessu
2320 2978 2559 3045 dierum,
2592 2988 2648 3035 et
2672 2988 2965 3050 utcumque
2995 2993 3097 3051 pro
3123 2987 3369 3050 tempore
3396 2979 3737 3057 mitigantes.

592 3120 597 3127 ,
1534 3068 1800 3131 ALARDI
1835 3069 2072 3131 GAZEI
2106 3071 2665 3130 COMMENTARIUS.

439 3167 622 3226 Nolite
645 3168 817 3225 locum
847 3169 972 3242 dare
999 3166 1232 3233 diabolo,
1263 3166 1628 3242 qui__eatiguos_
1651 3163 1867 3231 afectus
1903 3180 2020 3242 mo-
2047 3167 2094 3242 ζ]
2126 3168 2379 3237 contingit
2407 3162 3003 3242 fratrem‘fratriirasci,
3047 3169 3093 3242 ei
3131 3168 3355 3241 quodam
3390 3169 3584 3239 furoris
3638 3171 3743 3242 im-

436 3256 566 3315 gnos
594 3244 795 3315 occulte
819 3239 1010 3315 reddit,
1040 3254 1102 3315 ea
1126 3236 1427 3315 essesfacile
1447 3236 1886 3315 furaripossunt,
1912 3238 2023 3315 _via:
2058 3236 2077 3253 "

434 3307 532 3366 aut
558 3312 717 3395 etiam
737 3311 883 3366 nullo
927 3310 1087 3365 modo
1110 3307 1370 3364 curabilia
1404 3308 1570 3434 e{[icit.
1600 3307 1727 3363 Haec
1762 3308 1878 3392 ille:
1912 3307 2016 3362 Po-

439 3393 645 3434 stremo
671 3397 813 3434 circa
845 3382 991 3434 hunc
1030 3382 1206 3434 locum
1236 3380 1372 3434 libet
1394 3394 1424 3433 ιι
1450 3396 1499 3434 ta
1520 3379 1628 3434 duo
1653 3380 1905 3433 salutaria
1930 3379 2016 3434 do-

439 3393 645 3439 stremo
671 3384 813 3439 circa
845 3382 991 3437 hunc
1030 3382 1206 3437 locum
1236 3380 1372 3436 libet
1394 3377 1499 3434 alia
1520 3379 1628 3434 duo
1653 3377 1905 3433 salutaria
1930 3379 2023 3434 do-

438 3463 690 3510 cumenta
713 3465 993 3523 annotare,
1024 3462 1253 3523 Quorum
1286 3452 1523 3523 primum
1553 3458 1638 3523 est
1660 3450 1719 3506 S.
1775 3449 2019 3523 Antonii,

438 3494 929 3596 ’ἀὶῗιῖΐῖεῗέἑῗόἶ
945 3494 1724 3596 Ἄεῗιᾨῖἐὲἐῖὶίρνῖἰϊ’ἐῖιῖξιΪῆἷιζζ
1773 3494 2024 3577 ﬁliiﬁlii

436 3592 552 3671 iugi
581 3592 1282 3671 _meditatione‘retinendu'm
1324 3592 1557 3671 Apostoli
1585 3608 1889 3659 sermonem,
1922 3607 2021 3659 quo

438 3666 533 3737 aii,
570 3668 668 3725 Sal
710 3683 817 3723 non
846 3668 1049 3721 occidat
1078 3682 1235 3738 super
1257 3666 1587 3738 iracundiam
1613 3673 1833 3738 vestram
1858 3679 1880 3728 ;
1919 3679 2023 3718 non

439 3746 641 3793 tantum
668 3750 839 3793 autem
860 3754 1015 3810 super
1055 3737 1403 3807 iracundiam,
1435 3737 1591 3792 solem
1640 3737 1869 3810 occidere
1916 3748 2022 3810 non

440 3811 620 3866 debere
641 3807 1103 3877 interpretabatur,
1134 3810 1222 3864 sed
1242 3817 1289 3864 et
1334 3824 1486 3876 super
1514 3807 1687 3861 omnia
1715 3808 1902 3861 delicta
1931 3807 2023 3859 ho-

440 3883 659 3956 minum,
688 3897 752 3936 ne
770 3889 1097 3956 peccatorum
1123 3894 1363 3956 umquam
1383 3886 1678 3956 nostrorum
1700 3919 1715 3956 _,
1734 3949 1744 3956 _
1760 3888 1851 3931 aut
1880 3886 2026 3956 nocte

442 3947 569 4006 luna
591 3993 607 4019 ,
647 3959 738 4006 aut
772 3947 829 4005 in
867 3952 953 4005 die
1004 3952 1083 4006 sol
1111 3947 1261 4005 testes
1295 3949 1650 4019 abscederent.
1684 3949 1927 4003 Alterum
1957 3947 2021 4001 D.

444 4022 723 4093 Benedicti
755 4020 928 4093 (Cap.
955 4022 1023 4077 15
1041 4020 1230 4093 Regul.
1258 4021 1300 4089 ),
1334 4021 1449 4088 qui,
1488 4018 2026 4093 utATurrecrAematus

444 4102 501 4147 et
525 4090 857 4163 smaragdus
877 4090 1299 4163 'annotaverunt,
1331 4091 1673 4163 sanctissime
1696 4090 1951 4163 instituit,
1971 4096 2026 4141 ut

444 4164 501 4217 in
551 4159 745 4219 ultimi
789 4172 934 4233 parte
981 4162 1361 4217 Matutinarum
1404 4162 1425 4233 (
1466 4161 1522 4216 id
1554 4170 1670 4233 est,
1696 4159 1941 4233 Laudum
1973 4168 2028 4213 et

445 4231 809 4301 Vesperarum
833 4234 878 4304 ),
901 4235 1107 4289 dicatur
1125 4250 1158 4287 α
1185 4234 1358 4304 priore
1391 4231 1423 4299 ,’
1456 4247 1562 4304 seu
1612 4232 1685 4304 ab
1703 4244 1770 4286 eo
1783 4231 1886 4304 qui
1939 4243 2029 4304 sa-

446 4299 687 4361 cerdotis
714 4299 1126 4362 hebdomadarii
1147 4303 1389 4373 fungitur
1411 4301 1617 4367 ofﬁcio,
1647 4299 1826 4356 Oratio
1845 4299 2028 4355 Domi-

446 4377 563 4429 nica
582 4379 692 4429 alta
714 4393 876 4440 uoce;
908 4387 954 4431 et
1002 4374 1121 4441 hoc,
1172 4374 1379 4447 inquit,
1420 4383 1628 4446 propter
1651 4372 2029 4447 scandalorum

447 4448 649 4518 spinas,
675 4446 726 4503 id
746 4456 849 4514 est,
883 4444 1263 4503 dissensiones
1284 4460 1346 4518 ac
1366 4444 1628 4511 lites,‘aut
1648 4444 1900 4514 injurias,
1930 4457 2028 4498 seu

450 4516 830 4573 contentiones
857 4534 978 4590 quae
1003 4527 1128 4573 sunt
1154 4516 1536 4573 scandalorum
1556 4530 1741 4590 causae
1767 4531 1782 4571 :
1812 4523 1862 4570 et
1890 4523 2030 4569 tam-

449 4602 611 4660 quam
640 4590 811 4660 Spiuas
843 4588 1078 4644 mentem
1114 4590 1221 4658 per‘
1240 4591 1375 4660 iram
1416 4595 1472 4644 et
1504 4588 1685 4660 odium
1716 4594 2026 4660 pungentes

2130 3247 2248 3305 petu
2292 3240 2599 3293 commoveri
2628 3254 2649 3304 ;
2677 3240 2768 3306 qui
2809 3239 2929 3294 licet
2962 3239 3151 3293 statim
3185 3239 3417 3293 animum
3447 3254 3551 3293 non
3582 3241 3741 3294 cohi-

2127 3309 2259 3373 beat,
2275 3311 2641 3382 exspectandus
2659 3318 2825 3364 tamen
2846 3310 2915 3363 ad
2934 3312 3133 3365 veniam
3146 3327 3164 3365 :
3179 3311 3297 3366 ideo
3313 3310 3536 3382 suﬁicere
3556 3313 3741 3364 nisum

2123 3389 2197 3522 ξι
2224 3379 2399 3504 sancto
2432 3379 2621 3505 πίητε,
2645 3382 2692 3435 si
2736 3382 2817 3436 sol
2862 3396 2963 3436 non
3006 3383 3206 3437 occidat
3252 3379 3408 3453 super
3454 3382 3741 3436 iracundia

2178 3467 2256 3505 us.
2335 3467 2445 3506 teet
2493 3468 2542 3507 e.

2178 3467 2256 3505 us.
2288 3467 2413 3506 HEC
2431 3467 2542 3507 me.

2197 3530 2225 3559 ι
2249 3523 2546 3595 tuoin-apud
2595 3522 2817 3595 Griecos
2846 3524 2997 3595 varie
3027 3524 3316 3595 accipitur.
3368 3525 3473 3577 Pro
3516 3524 3736 3595 animo,

2126 3606 2220 3647 seu
2254 3593 2513 3647 facultate
2534 3593 2805 3663 rationali,
2842 3594 2892 3648 id
2916 3604 3019 3659 est,
3051 3593 3253 3661 mente,
3290 3595 3524 3659 ratione,
3553 3594 3740 3652 intel-

2126 3663 2368 3741 ligentia.
2388 3663 2423 3741 Δ1
2450 3664 2694 3741 Corinth.
2729 3680 2858 3741 xr_v_:
2890 3666 3040 3722 γαλῶ
3058 3673 3141 3741 τῷ
3168 3668 3453 3739 πνεύματι,
3476 3663 3629 3741 γᾳλῷ
3680 3665 3743 3741 δὲ

2125 3739 2209 3812 xui
2228 3743 2308 3812 ﬂii
2326 3734 2420 3812 νος.
2446 3734 2688 3812 Psallam
2709 3737 2924 3812 spiritu,
2954 3734 3175 3812 psallam
3205 3746 3262 3812 et
3277 3734 3461 3791 mente.
3508 3735 3744 3812 Aristo—

2127 3804 2349 3860 teles'in
2380 3806 2624 3876 Ethicist
2657 3804 2772 3861 Lib.
2798 3822 2886 3873 vt,
2918 3810 3054 3863 verb.
3089 3815 3221 3870 Νοῦς
3252 3808 3270 3878 )
3316 3817 3486 3880 σῶμα,
3540 3808 3623 3930 ‘lu
3679 3813 3737 3873 ἠ,

2127 3884 2259 3930 νοῦς.
2289 3894 2496 3930 corpus.
2522 3881 2718 3930 anima.
2741 3894 2904 3930 mens.
2931 3888 3102 3930 partes
3129 3879 3375 3930 hominis.
3411 3880 3547 3930 Anut
3596 3831 3737 3930 sin-

2130 3831 2265 3860 ιιςιιεδ
2299 3831 2349 3859 ιιι
2380 3831 2624 3876 malust
2657 3831 2772 3861 ua.
2800 3831 2848 3861 γι
2872 3849 2886 3873 ,
2918 3831 3054 3863 veru.
3090 3831 3221 3870 Νους
3252 3831 3270 3878 )
3316 3831 3486 3880 σωμα,
3584 3831 3623 3863 υ
3679 3831 3737 3873 η,

2125 3884 2259 3940 νοῦς,
2289 3894 2496 3949 corpus,
2522 3881 2719 3946 anima,
2741 3894 2904 3943 mens,
2931 3888 3102 3949 partes
3129 3879 3375 3934 hominis.
3411 3831 3579 3948 Aput‘f
3596 3831 3743 3935 ἓξιί-

2128 3949 2250 4022 datu
2289 3948 2614 4021 Pythagoras
2644 3950 2863 4004 hominis
2888 3948 3118 4004 animum
3145 3950 3199 4003 in
3230 3960 3329 4004 tres
3363 3960 3533 4022 partes
3557 3950 3743 4005 dividi

2128 4019 2282 4101 dixit,
2310 4026 2447 4084 νοῦν,
2466 4019 2675 4104 φρένας,
2705 4023 3001 4104 κᾳζιθυμόνς
3024 4039 3090 4104 ,σε
3113 4029 3230 4077 νοῦν
3259 4019 3463 4104 quidem
3482 4029 3547 4103 et.
3566 4022 3743 4104 θυμόν

2129 4105 2238 4170 esse
2263 4092 2540 4170 minueris
2569 4092 2896 4170 animalibus,
2941 4095 3498 4170 ppiuacrerotantum
3526 4094 3580 4145 in
3636 4092 3745 4147 ho-

2130 4161 2283 4234 mine.
2317 4160 2415 4234 Ubi
2442 4169 2555 4217 νοῦν
2589 4178 2685 4231 pro
2710 4160 2991 4234 phantasia
3015 4179 3114 4234 seu
3139 4163 3525 4234 imaginatione
3554 4178 3737 4219 acce-

2134 4179 2283 4215 nnne.
2318 4179 2415 4216 um
2442 4179 2555 4217 νοῦν
2589 4179 2685 4231 pro
2710 4179 2986 4234 puautasta
3020 4179 3114 4216 seu
3139 4179 3243 4217 una
3288 4179 3525 4218 unauone
3554 4179 3737 4219 acce-

2134 4231 2300 4314 pisse
2326 4231 2537 4314 videtur
2566 4179 3408 4314 Lactantius(Libovttlcﬁﬁ);
3444 4232 3570 4288 Non
3623 4244 3741 4314 est.

2133 4303 2497 4376 inquit,_idem
2526 4322 2668 4360 mens
2689 4316 2736 4360 et
2767 4303 2943 4359 anima
2976 4322 2996 4372 ;
3021 4305 3167 4359 aliud
3198 4316 3271 4360 est
3300 4303 3436 4359 enim
3464 4319 3566 4376 quo
3588 4308 3745 4360 uivi—

2132 4389 2266 4439 mus,
2292 4373 2436 4450 aliud
2455 4393 2560 4444 quo
2592 4379 2916 4450 cogitamus;
2941 4373 3485 4450 nomdormientium
3521 4392 3685 4433 mens
3718 4419 3736 4445 ,

2133 4459 2232 4525 non
2255 4447 2453 4509 anima,
2482 4447 2731 4525 sopitur_;_
2758 4456 2807 4501 et
2834 4449 2885 4501 in
2923 4448 3132 4525 furiosis
3162 4464 3303 4501 mens
3346 4448 3741 4525 castinguitur.

2131 4519 2305 4568 anima
2331 4527 2621 4585 manet;el
2677 4520 2790 4573 ideo
2818 4536 2919 4573 non
2974 4521 3263 4584 exanimes,
3312 4519 3401 4574 sed
3456 4519 3744 4575 dementes

2131 4596 2394 4660 vocantur.
2445 4587 2585 4643 Mens
2605 4605 2746 4659 ergo,
2767 4590 2938 4660 idest,
2973 4590 3339 4660 intelligentia,
3366 4588 3446 4643 vel
3497 4602 3745 4660 augetur

450 4649 505 4712 et
528 4649 851 4733 lacerantes,
881 4671 936 4714 ut
968 4649 1223 4733 conventi,
1256 4659 1310 4713 id
1341 4668 1444 4727 est,
1468 4649 1753 4733 admoniti,
1768 4649 1867 4733 vel
1906 4672 2026 4724 per—
2053 4649 2107 4711 D
2131 4655 2484 4733 vel_minuitur
2505 4674 2602 4733 pro
2619 4649 2787 4733 miat'e.
2817 4659 2874 4717 S.
2894 4649 3120 4733 Basilius
3139 4649 3236 4727 ’(Ιη
3260 4649 3459 4715 constit.
3489 4649 3740 4717 manust.

452 4732 621 4803 suasi,
644 4742 695 4785 et
724 4732 977 4799 compulsi
1007 4747 1094 4800 per
1120 4732 1284 4803 ipsius
1311 4733 1560 4787 orationis
1582 4731 1855 4803 dominica:
1877 4744 2032 4803 spon-

450 4802 650 4874 sionem
671 4819 732 4857 ac
758 4799 1100 4857 conditionem
1121 4799 1267 4874 {qua
1292 4802 1508 4857 dicunt":
1533 4803 1744 4856 Dimitte
1772 4799 1913 4874 nobis
1943 4799 2033 4874 de-

453 4872 559 4927 bita
585 4885 780 4939 nostra,
799 4877 932 4929 sicut
958 4885 1003 4928 et
1025 4890 1114 4929 nos
1145 4870 1444 4928 dimittimus
1471 4874 1787 4929 debitoribus
1804 4870 1989 4927 nostris
2012 4885 2031 4933 ;

452 4955 676 5017 purgent
704 4948 758 5001 se
787 4946 851 5000 ab
876 4947 970 5000 hoc
992 4948 1112 5000 vitio
1138 4946 1267 5009 odii,
1298 4946 1374 5000 vel
1398 4944 1514 5009 ir‘te,
1547 4962 1635 4999 seu
1663 4947 2031 5017 cujuscumque

452 5015 665 5102 alterius
694 5017 970 5102 passionis,
1000 5027 1054 5102 et.
1068 5017 1290 5102 dimittat
1313 5018 1661 5102 unusquisque
1674 5015 1829 5102 fratri
1849 5017 1912 5070 de
1924 5026 2030 5102 cor:

454 5086 518 5141 de
536 5103 663 5152 suo;
693 5086 843 5142 utsic
869 5096 1142 5160 purgatus,
1164 5089 1215 5144 id
1241 5097 1389 5152 est,a
1420 5086 2029 5155 vitiisemendatus,aut

454 5162 520 5211 ad
534 5173 664 5233 aptis
692 5176 840 5215 mane
862 5161 1069 5214 accedat
1092 5160 1389 5233 obedientiae
1417 5162 1782 5233 peragendum,
1802 5170 1892 5213 aut
1913 5176 2020 5233 ves-

452 5244 574 5302 pere
596 5231 663 5302 ad
694 5241 969 5302 nocturnas
988 5230 1224 5302 excubias
1250 5230 1599 5287 celebrandas.
1624 5234 1732 5287 Cur
1755 5241 1937 5286 autem
1964 5232 2019 5286 in

456 5298 578 5355 aliis
608 5301 754 5355 horis
795 5310 905 5356 tcta
934 5298 1121 5358 Oratio
1160 5301 1436 5358 Dominica
1489 5319 1597 5357 non
1629 5305 1705 5357 sic
1720 5304 1852 5357 salta
1885 5316 2022 5356 voce

454 5374 854 5444 pronuntietur,
878 5374 1140 5430 rationem
1189 5373 1366 5429 reddit
1407 5374 1871 5441 Turrecrematus,
1903 5374 2025 5444 quia

453 5452 762 5513 uesperaest
790 5442 909 5514 ﬁnis
938 5445 1045 5499 diei
1070 5454 1116 5499 et
1146 5445 1452 5514 principium
1472 5446 1676 5511 nectis;
1709 5442 2025 5499 matutinum

455 5527 572 5588 uero
600 5528 629 5566 e
655 5524 838 5588 contra
866 5517 1173 5588 principium
1201 5517 1305 5571 diei
1331 5526 1376 5571 et
1398 5518 1517 5588 finis
1548 5519 1708 5573 noctis
1738 5534 1756 5574 :
1801 5518 1915 5572 ideo
1943 5532 2030 5571 vo-

1046 5588 1208 5643 uabus
1254 5588 1396 5643 horis
1418 5589 1521 5642 dici
1549 5588 1658 5643 alta
1683 5605 1803 5645 uoce
1844 5591 2036 5644 oratio-

455 5668 576 5709 nem
593 5655 926 5731 dominicam,
953 5669 1009 5713 ut
1035 5658 1129 5713 illa
1151 5660 1310 5731 frater
1336 5661 1691 5728 commonitus,
1726 5677 1828 5716 non
1863 5669 2032 5731 tran_s-

456 5736 552 5805 eat
585 5726 719 5797 diem
750 5743 821 5805 ac.
840 5739 1036 5805 noctem
1055 5726 1164 5787 sine
1185 5731 1592 5805 reconciliatione
1618 5726 1923 5805 fratrissui.
1958 5728 2026 5787 In

2139 4741 2186 4782 c.
2214 4726 2289 4803 β)
2318 4743 2337 4781 :
2370 4726 2814 4803 Quemadmodum
2837 4748 2925 4801 per
2950 4726 3160 4785 oculum
3210 4749 3395 4803 corpus
3432 4733 3588 4803 uidet,
3656 4735 3745 4789 sic

2139 4798 2342 4884 animus
2369 4801 2501 4884 uidet
2515 4798 2847 4884 pergentem
2872 4803 3163 4884 (petistipsi
3189 4798 3480 4884 cognatam.
3597 4805 3747 4861 Am-

2138 4868 2348 4951 brosius
2372 4870 2391 4942 (
2424 4868 2592 4941 Epist.
2617 4872 2688 4951 g8
2805 4868 2935 4935 Νοῦς
2963 4875 3146 4951 animae
3170 4868 3747 4951 vigor,__principa_tum

2136 4944 2323 5021 animat
2347 4952 2393 4996 et
2424 4944 2656 5021 corporis
2682 4944 2803 5021 sibi,
2836 4946 2985 5014 quasi
3012 4954 3197 5011 rector,
3226 4944 3517 5021 vindicans.
3542 4944 3746 5021 Divus

2138 5009 2497 5097 Hieronymus
2518 5009 2582 5069 in
2603 5009 2808 5097 Nabutu
2847 5009 2964 5085 cap.
2989 5032 3046 5070 ιιι
3075 5035 3087 5070 :
3122 5009 3361 5085 sensum,
3408 5017 3606 5085 inquit,
3644 5019 3747 5072 hic

2136 5096 2242 5160 non
2269 5090 2492 5160 accipias
2524 5104 2640 5157 pro,
2669 5090 2839 5142 animo
2888 5097 2935 5142 et
2972 5098 3172 5157 mente,
3227 5105 3342 5160 qua
3376 5103 3543 5160 graece
3596 5097 3747 5153 νοῦς

2126 5152 2335 5228 dicitur,
2359 5152 2452 5210 sed
2482 5152 2576 5228 pro
2598 5160 2850 5219 αἰσθήσει.

2172 5221 2199 5260 δ
2214 5221 2431 5303 Bancor
2452 5221 2670 5301 proprie
2691 5231 2886 5286 dicitur
2911 5241 3068 5300 putor
3087 5233 3324 5303 quidam,
3345 5238 3507 5298 atque
3528 5227 3748 5303 odoris

2128 5295 2510 5374 gravitasque:
2523 5295 2591 5357 ei
2604 5311 2873 5358 vetustate
2885 5295 2937 5357 et
2960 5295 3243 5374 putredine
3276 5295 3532 5358 nascitur.
3561 5298 3748 5374 Unde

2133 5369 2408 5445 rancidum
2430 5372 2569 5427 idem
2595 5376 2745 5445 quod
2761 5369 3028 5444 putridtim
3050 5376 3133 5430 vel
3150 5375 3411 5444 putidum,
3435 5371 3575 5444 quod
3598 5376 3750 5445 Asci-

2136 5447 2261 5501 Iit-et
2275 5444 2439 5497 nimia
2472 5443 2736 5501 vetustate
2762 5443 3076 5516 corruptum
3106 5446 3333 5503 fetorem
3364 5443 3647 5501 contraxit
3683 5454 3753 5501 et

2136 5520 2402 5585 ingratum
2437 5531 2708 5586 saporem.
2754 5518 3116 5585 Metaphorice
3150 5534 3277 5573 vero
3301 5516 3639 5573 transfertur
3663 5516 3750 5571 ad

2135 5592 2398 5655 animum,
2417 5604 2538 5644 cum
2567 5605 2665 5658 pro
2688 5590 2763 5644 ira
2794 5590 3115 5652 inveterata,
3144 5591 3294 5653 odio,
3323 5587 3602 5658 simultate
3632 5601 3754 5644 ac-

2131 5663 2349 5735 cipitur.
2386 5661 2519 5716 Hinc
2544 5656 2606 5717 D.
2639 5660 3010 5735 Hieronymus
3039 5662 3263 5730 epistola
3286 5662 3356 5718 56
3386 5677 3398 5735 ς
3431 5656 3499 5735 U_t
3523 5666 3747 5729 vetere,

2129 5728 2324 5803 inquit,
2360 5749 2575 5807 ran‘core
2600 5728 2871 5807 deposito,
2920 5728 3173 5790 mundum
3200 5734 3424 5807 pectoris
3453 5728 3563 5785 Deo
3626 5728 3752 5807 pa-

456 5794 580 5873 bliis
602 5790 773 5873 autem
798 5798 941 5869 horis
968 5816 1071 5865 non
1116 5805 1191 5860 sic
1220 5803 1323 5861 dici
1362 5790 1688 5876 praecipitur,
1728 5804 1851 5878 quia
1889 5820 2027 5878 πρε
2122 5790 2323 5871 remus,
2347 5790 2716 5863 habitaculum.
