3986 6320
249 244 330 304 5H

854 351 1082 410 CAPUT
1134 350 1226 406 XI.

256 450 344 520 Qui
380 451 514 506 iram
544 463 696 504 suam
726 444 1054 520 dissimulant
1080 487 1095 514 ,
1143 453 1232 498 aut
1283 451 1480 520 tegunt,
1507 455 1636 520 (non
1683 451 1830 492 secus

547 527 768 592 peccant
810 533 962 588 quam
989 517 1033 570 si
1080 513 1192 570 eam
1240 513 1535 584 proderent.

318 637 473 706 Quasi
515 650 651 691 vero
690 648 799 690 non
830 632 918 688 hic
960 630 1086 686 finis
1128 628 1417 698 unicuique
1445 623 1695 692 vindictae
1737 621 1830 688 sit,

258 745 304 791 et
330 732 546 788 abunde
573 731 704 803 quis
741 727 916 784 furori
957 726 1179 798 proprio
1210 724 1297 784 vel
1337 722 1569 778 tristitia:
1614 717 1843 777 satisfe-.

265 827 405 890 cerit,
453 825 497 878 si
531 823 582 878 id
613 821 756 893 quod
794 819 1069 889 praevalet,
1098 819 1178 872 ira
1232 816 1522 886 instigante
1551 855 1564 879 ,
1596 810 1837 881 comple-

258 919 424 974 verit:
464 914 611 986 quod
641 913 694 968 lti
722 927 935 984 quoque
965 909 1144 966 facere
1182 919 1479 964 noscuntur
1515 904 1608 976 qui
1655 912 1835 960 motus

258 1024 391 1079 suos,
422 1023 532 1063 non
558 1007 803 1076 appetitu
837 1002 1188 1074 placiditatis,
1220 999 1314 1054 sed
1368 996 1544 1067 in0pia
1578 993 1839 1050 cohibent

259 1103 466 1158 ultionis
494 1118 508 1152 :
549 1098 684 1154 nihil
712 1097 854 1154 enim
885 1095 1087 1152 inferre
1120 1093 1354 1162 amplius
1386 1091 1469 1146 his
1492 1088 1690 1160 quibus
1713 1084 1838 1141 irati

261 1203 396 1260 sunt,
432 1199 689 1263 possunt,
743 1187 848 1244 nisi
872 1203 993 1242 cum
1023 1187 1103 1242 eis
1131 1194 1157 1222 ι
1184 1182 1499 1239 affabilitate
1528 1180 1683 1235 solita
1736 1177 1837 1232 mi-

259 1285 390 1342 nime
419 1282 833 1352 colloquantur;
865 1289 953 1333 aut
985 1277 1135 1349 quasi
1172 1275 1224 1332 in
1274 1273 1466 1330 effectu
1521 1271 1702 1345 operis
1742 1285 1830 1326 so‘

259 1373 528 1433 lummodo
560 1375 632 1429 sit
655 1371 937 1429 iracundia
964 1368 1319 1432 moderanda,
1347 1378 1400 1421 et
1432 1382 1536 1421 non
1567 1365 1742 1436 p0tius
1769 1363 1837 1418 ab

259 1469 461 1523 arcanis
492 1467 667 1522 nostri
708 1465 943 1535 peetoris
972 1461 1212 1519 eruenda
1244 1502 1259 1528 ,
1307 1475 1373 1514 ne
1407 1458 1647 1514 tenebris
1688 1455 1836 1511 illius

258 1562 549 1624 obscurati,
578 1576 677 1616 nec
707 1559 918 1615 consilii
946 1557 1200 1620 salubris,
1249 1569 1348 1609 nec
1373 1553 1612 1608 scientia:
1654 1551 1835 1605 lumen

261 1654 566 1719 admittere,
602 1652 696 1708 sed
726 1669 792 1707 ne
809 1650 1066 1722 templum
1089 1649 1318 1719 Spiritus
1335 1647 1526 1714 sancti,
1560 1644 1839 1700 habitante

890 237 980 294 DE
1019 232 1501 294 C(ENOBIORUM
1542 229 1783 287 lNS'l‘lT.
1824 227 1952 284 LIB.
1999 225 2136 281 Vill.
2167 255 2238 269 --
2270 225 2356 282 DE
2399 223 2668 282 SPIRITU
2710 223 2875 280 IRE.

1853 343 1909 408 Α
1935 340 2096 396 alium
2119 347 2307 394 contra
2351 354 2450 394 nos
2480 338 2678 408 aliquid
2709 337 2952 392 rancoris
2994 334 3198 390 habere
3236 333 3525 405 cognosci-

3408 219 3524 281 δη

1937 449 2088 498 mus;
2121 433 2307 488 dicens
2334 450 2346 484 :
2369 431 2395 470 δ
2429 431 2490 487 Si
2518 447 2639 501 ergo
2674 429 2828 499 offers
2847 446 3032 484 munus
3062 437 3209 482 tuum
3239 428 3306 481 ad
3331 427 3518 493 altare,

1936 534 1984 580 et
2009 526 2080 579 ibi
2107 525 2405 579 recordatus
2425 526 2607 595 fueris.
2636 523 2776 594 quod
2805 524 2967 594 frater
2995 531 3111 576 tuus
3152 521 3297 576 habet
3326 521 3522 591 aliquid

1935 616 2203 670 aduersum
2227 625 2274 669 te
2297 656 2309 679 ,
2339 615 2568 681 relinque
2597 613 2668 668 ibi
2711 629 2900 667 munus
2945 622 3090 667 tuum
3129 611 3197 666 ad
3227 613 3393 664 altare
3417 654 3430 678 ,
3472 618 3525 665 et

1934 711 2063 764 vade
2083 708 2227 781 prius
2250 707 2571 764 reconciliari
2601 707 2757 778 fratri
2801 715 2888 761 tuo
2911 722 2932 771 ;
2982 716 3032 760 et
3067 706 3140 761 sic
3163 706 3366 760 veniens
3395 703 3526 771 afer

1939 816 2122 856 munus
2167 809 2310 856 tuum
2342 798 2550 871 (Matth.
2595 800 2672 869 v).
2726 797 3008 868 Quomodo
3057 812 3228 866 ergo,
3281 811 3385 850 non
3437 795 3522 850 di-

1936 909 2055 950 cam
2106 908 2277 964 usque
2318 895 2370 946 in
2398 892 2516 948 dies
2563 894 2742 964 plures
2765 934 2780 958 ,
2825 891 2922 950 sed
2954 891 3034 947 vel
3064 905 3233 962 usque
3263 890 3330 944 ad
3361 903 3524 946 occa-

1937 1002 2055 1043 sum
2085 987 2214 1041 solis
2235 986 2410 1051 istius,
2445 987 2803 1055 permittimur
2823 993 3011 1042 contra
3034 982 3254 1038 fratrem
3288 982 3526 1038 retinere

1939 1081 2209 1136 tristitiam
2235 1097 2251 1145 ;
2293 1082 2382 1149 qui
2415 1095 2482 1136 ne
2513 1080 2606 1138 illo
2633 1080 2742 1152 [Αἰ.
2774 1075 2905 1149 ullo]
2935 1077 3150 1148 quidem
3200 1075 3399 1140 aliquid
3431 1076 3526 1129 ba-

1939 1175 2099 1232 bente
2128 1174 2414 1230 adversum
2445 1189 2542 1231 nos
2567 1216 2582 1240 ,
2616 1173 2892 1230 orationes
2939 1180 3150 1227 nostras
3189 1169 3302 1224 Deo
3329 1167 3528 1223 oﬂ‘erre

1939 1268 2321 1326 concedimur?
2362 1267 2557 1338 quibus
2597 1253 2909 1336 pracipltur
2946 1263 3015 1319 ab
3053 1261 3352 1333 Apostolo:
3398 1259 3527 1316 Siue

1939 1363 2315 1420 intermissione
2341 1371 2482 1416 orate
2506 1360 2549 1432 (l
2578 1359 2754 1414 Thess.
2784 1358 2872 1430 v);
2918 1365 2994 1428 et,
3026 1357 3094 1414 In
3131 1358 3270 1412 omni
3313 1356 3423 1409 loco
3454 1353 3527 1406 le-

1938 1465 2109 1511 vantes
2125 1471 2281 1528 puras
2301 1469 2484 1509 manus
2505 1455 2617 1508 sine
2635 1453 2715 1508 ira
2735 1460 2784 1506 et
2805 1450 3171 1521 disceptatione
3207 1451 3249 1518 (I
3271 1447 3408 1503 Tim.
3431 1445 3517 1514 ιι).

1940 1549 2200 1618 Superest
2240 1547 2422 1617 igitur,
2455 1552 2514 1610 ut
2542 1552 2632 1598 aut
2653 1559 2944 1613 numquam
2988 1557 3227 1604 oremus,
3275 1539 3529 1608 hujusce-

1940 1641 2086 1698 modi
2119 1641 2269 1696 virns
2298 1640 2591 1694 retinentes
2621 1637 2673 1692 in
2697 1636 2950 1698 cordibus
2978 1635 3208 1698 nostris,
3233 1641 3286 1688 et
3311 1639 3532 1702 aposto-

264 1747 313 1802 in
360 1745 518 1801 nobis
577 1745 769 1816 spiritu
823 1740 1132 1807 iracundiae,
1192 1753 1527 1810 nequaquam
1567 1736 1839 1790 valeamus
1871 1727 1919 1790 B
1947 1737 2049 1792 lico
2074 1734 2198 1790 huic
2218 1740 2514 1804 praecepto,
2537 1731 2653 1786 sive
2677 1729 3010 1799 evangelica,
3035 1724 3534 1799 quoindesinenter

262 1838 532 1892 existere:
583 1835 861 1890 cohibitus
905 1834 1049 1888 enim
1102 1833 1154 1886 in
1192 1831 1356 1888 corde
1410 1829 1560 1884 furor
1600 1837 1843 1883 astantes

262 1929 472 1999 quidem
495 1927 748 1982 homines
771 1942 874 1982 non
900 1923 1141 1991 offendit,
1176 1925 1269 1980 sed
1291 1939 1442 1991 aeque
1469 1921 1700 1993 Spiritus
1721 1937 1845 1976 san-

259 2023 325 2078 eti
339 2020 836 2092 splendidissimum
854 2021 1033 2091 jubar,
1056 2034 1118 2073 ac
1143 2020 1185 2073 si
1218 2018 1480 2088 prolatus,
1514 2014 1770 2072 excludit.

851 2111 1078 2168 CAPUT
1122 2110 1217 2166 Xll

263 2203 412 2270 Quod
444 2221 508 2260 ne
536 2213 947 2261 momentaneam
969 2202 1178 2277 quidem
1218 2203 1349 2260 iram
1400 2200 1552 2260 liceat
1600 2200 1840 2258 retinere.

324 2296 435 2351 Aut
474 2296 930 2366 quemadmodum
972 2297 1057 2351 vel
1107 2296 1172 2350 ad
1203 2304 1532 2350 momentum
1565 2296 1676 2348 vult
1722 2309 1843 2348 eam

260 2388 517 2444 Dominus
546 2392 806 2446 retentari
826 2432 841 2456 ,
892 2391 982 2461 qui
1010 2406 1110 2447 nec
1139 2391 1402 2447 sacrificia
1435 2390 1648 2459 quidem
1682 2388 1842 2458 spiri-

260 2481 374 2536 talia
416 2483 727 2539 orationum
777 2490 1086 2539 nostrarum
1118 2483 1385 2554 permittit
1407 2481 1630 2539 oﬂ‘erri:
1669 2481 1713 2536 si
1760 2480 1845 2534 vel

1944 1840 2000 1886 et
2028 1827 2225 1898 ubique
2247 1826 2502 1897 iubemur
2524 1837 2702 1888 orare,
2732 1823 2904 1876 simus
2932 1820 3149 1876 obnoxii
3175 1836 3190 1886 ;
3219 1827 3310 1873 aut
3337 1819 3381 1873 si
3409 1830 3534 1871 nos-

1945 1921 2206 1990 metipsos
2223 1915 2706 1977 circumvenientes
2724 1928 2936 1985 precem
2962 1912 3187 1968 fundere
3207 1919 3393 1968 contra
3415 1908 3536 1977 ejus

1944 2013 2298 2072 interdictum
2323 2013 2701 2084 praesumimus
2721 2051 2737 2079 ,
2787 2023 2891 2064 non
2921 2007 3221 2062 orationem
3260 2002 3492 2058 Domino
3515 2039 3532 2064 ,

1947 2107 2045 2166 sed
2077 2108 2387 2164 rebellionis
2404 2107 2595 2176 spiritu
2615 2102 3014 2161 contumaciam
3045 2113 3143 2154 nos
3171 2096 3348 2154 eidem
3369 2107 3537 2150 nove-

1951 2200 2122 2257 rimus
2146 2199 2365 2260 offerre.

2543 2287 2771 2346 CAPUT
2809 2285 2948 2342 χιιι.

2337 2383 2416 2438 De
2441 2381 2858 2437 reconciliatione
2895 2383 3147 2448 fraterna.

2027 2481 2094 2536 Et
2110 2479 2234 2551 quia
2259 2479 2574 2548 plerumque
2596 2490 2692 2532 seu
2722 2475 2879 2530 laesos
2905 2473 3097 2528 fratres
3118 2468 3538 2526 etcontristatos

1339 2643 1597 2699 ALARDI
1635 2640 1869 2698 GAZAII
1906 2639 2473 2698 COMMENTARIUS.

328 2765 352 2793 ι
383 2756 449 2812 D.
479 2755 780 2826 Gregorius
804 2757 925 2812 loco
957 2755 1054 2811 illo
1098 2771 1244 2828 sepe
1296 2757 1461 2812 citato
1492 2774 1503 2808 :
1532 2757 1847 2828 Aliquando,

261 2829 451 2896 inquit,
493 2829 576 2899 ira
600 2828 900 2899 perturbato
922 2829 1128 2899 animo,
1157 2826 1306 2898 quasi
1334 2845 1398 2882 ea:
1435 2826 1664 2899 judicio,
1688 2827 1848 2882 silen-

259 2899 379 2952 tium
408 2898 638 2970 inducit,
669 2910 716 2952 et
745 2916 847 2970 quo
874 2916 927 2952 se
958 2898 1100 2970 foras
1128 2916 1216 2969 per
1246 2898 1480 2969 linguam
1532 2915 1635 2951 non
1683 2900 1854 2965 expri-

262 2973 377 3037 mit,
419 2971 564 3023 intus
594 2969 818 3024 deterius
839 2969 1093 3040 ignoscit;
1124 2981 1177 3024 ut
1204 2971 1369 3024 iratus
1390 2970 1604 3037 quisque
1633 2971 1854 3023 collocu-

261 3043 445 3095 tionem
479 3056 626 3094 suam
647 3043 881 3102 proximo
905 3042 1196 3108 subtrahat,
1229 3052 1276 3095 et
1301 3040 1429 3094 nihil
1443 3040 1854 3109 dicendo,quam

260 3114 320 3168 sit
346 3128 584 3174 auersus.
612 3113 771 3165 dicat.
807 3109 873 3166 Et
902 3129 1283 3180 nonnumquam
1308 3113 1414 3165 lucc
1452 3110 1643 3165 silentii
1663 3113 1852 3165 severi-

260 3193 332 3238 tas
376 3201 472 3254 per
518 3184 812 3253 disciplina
859 3183 1298 3251 dispensationem
1327 3183 1544 3250 geritur,
1585 3184 1630 3236 si
1683 3194 1851 3254 tanien

261 3252 478 3309 sollicite
521 3255 573 3308 in
603 3252 802 3307 inlimis
848 3255 1168 3308 discretionis
1217 3254 1385 3324 forma
1422 3262 1674 3307 teneatur.
1711 3252 1858 3308 Non-

262 3341 546 3396 numquam
567 3340 687 3396 νει-ο
715 3325 840 3378 dum
868 3340 1111 3381 accensus
1160 3327 1362 3378 animus
1407 3341 1438 3376 a
1487 3333 1734 3377 consueta
1773 3326 1852 3378 lo-

263 3395 462 3450 cutione
505 3395 859 3464 restringitur,
895 3413 985 3465 per
1012 3413 1276 3452 accessum
1304 3395 1547 3465 temporis
1579 3397 1782 3462 penitus
1822 3412 1856 3448 a

261 3467 485 3537 proximi
515 3466 792 3538 dilectione
840 3478 1130 3538 separatur,
1181 3474 1229 3520 et
1277 3471 1500 3520 acriores
1544 3465 1742 3520 stimuli
1788 3467 1857 3520 ad

262 3548 482 3592 mentem
531 3537 748 3590 ueniunt
771 3577 789 3602 ,
832 3537 1097 3609 causteque
1137 3554 1251 3608 qua:
1276 3538 1484 3609 grauius
1514 3545 1854 3609 exasperant,

264 3610 532 3679 oriuntur,
564 3617 721 3676 atque
757 3609 812 3660 in
851 3611 976 3662 irati
1013 3607 1171 3664 oculo
1209 3607 1405 3679 festuca
1431 3609 1486 3662 in
1518 3607 1714 3662 trabem
1745 3624 1859 3662 uer-

261 3680 400 3751 titur,
443 3678 577 3751 dum
607 3680 690 3751 ira
731 3679 783 3731 in
812 3680 987 3734 odium
1024 3678 1365 3751 permutatur.

327 3749 354 3788 δ
398 3749 573 3804 Multa
603 3748 657 3802 in
709 3752 848 3803 hanc
891 3748 1214 3820 sententiam
1255 3748 1624 3820 evangelicam
1671 3748 1854 3805 afferri

262 3831 698 3901 possentmqute
723 3834 827 3901 non
862 3819 1037 3876 minus
1068 3823 1181 3901 pie,
1207 3839 1365 3890 quam
1394 3819 1553 3901 docte
1577 3839 1603 3872 a
1626 3821 1858 3876 diversis

263 3891 881 3962 interpretibustradita
911 3891 1182 3948 suntzised
1215 3908 1381 3962 pauca
1405 3893 1710 3956 dumtaxat,
1731 3907 1856 3959 qua:

263 3960 385 4033 huic
405 3960 547 4033 loco
584 3960 859 4018 sufficiant
882 4004 896 4028 ,
926 3962 1016 4018 hic
1042 3960 1348 4033 subjiciam.
1396 3965 1632 4018 Primum
1664 3964 1857 4019 efficax

263 4032 559 4087 admodum
593 4041 677 4088 est
702 4033 818 4088 hinc
839 4035 1107 4089 sententia
1143 4032 1213 4089 ad
1254 4033 1586 4090 suadendqu
1618 4034 1856 4090 studium

263 4103 752 4173 reconciliationis,
786 4104 908 4159 dum
941 4107 1100 4161 docet
1128 4107 1416 4161 fraternam
1459 4105 1775 4160 charitatem
1804 4114 1860 4160 ct

267 4174 622 4246 concordiam
653 4174 765 4229 Deo
797 4178 967 4246 magis
996 4177 1213 4245 placere
1233 4218 1250 4244 ,
1290 4191 1448 4246 quam
1472 4176 1734 4230 sacrificia
1755 4220 1768 4244 ,
1803 4186 1859 4231 et

270 4245 608 4325 oblationes;
631 4246 798 4298 immo
820 4262 1076 4325 nouesse
1098 4247 1212 4302 Deo
1236 4245 1453 4316 accepta
1482 4247 1770 4325 sacrificia,
1795 4261 1859 4301 ac

268 4316 498 4396 proinde
531 4330 634 4370 nec
661 4317 863 4396 qumvis
892 4318 996 4371 alia
1025 4334 1189 4388 opera
1238 4330 1458 4396 nostra,
1485 4319 1537 4396 si_
1559 4317 1700 4372 desit
1725 4320 1856 4372 cha-

266 4386 397 4440 ritas
426 4396 648 4452 mutua,
679 4386 910 4456 ideoque
951 4386 1079 4445 ante
1109 4391 1285 4444 omnia
1307 4389 1635 4444 studendum
1667 4403 1859 4444 recon-

265 4457 776 4530 ciliatioui,si_la:sa
802 4459 873 4514 sit
893 4458 1159 4524 Charitas;
1185 4472 1347 4530 atque
1372 4460 1507 4515 adeo
1531 4469 1859 4530 postponen-

1957 2757 2222 2816 ftabemus.
2249 2757 2295 2811 si
2321 2755 2411 2810 ille
2447 2771 2541 2812 nos
2570 2756 2757 2811 laeserit
2781 2769 2800 2820 ;
2830 2754 2918 2808 ubi
2949 2769 3050 2807 non
3076 2761 3148 2807 est
3179 2766 3306 2823 apus
3333 2766 3543 2822 pergere

1955 2829 2022 2881 ad
2046 2829 2543 2884 reconciliationem:
2565 2844 2670 2881 non
2687 2828 2824 2880 enim
2847 2825 3042 2879 ueniant
3064 2824 3347 2895 postulabit;
3370 2827 3433 2875 ob
3460 2838 3543 2895 eo,

1954 2899 2044 2965 ’qui
2071 2900 2164 2951 tibi
2197 2902 2314 2966 fecit
2344 2900 2626 2968 injuriam;
2655 2899 2744 2953 sed
2793 2906 2991 2949 tantum
3021 2892 3270 2968 dimittas,
3295 2903 3439 2968 sicut
3453 2892 3545 2946 tibi

1957 2963 1990 3024 ἁ
2025 2963 2244 3023 Domitio
2284 2963 2473 3024 dimitti
2503 2971 2683 3039 cupis,
2715 2969 2853 3037 quod
2893 2969 3003 3032 ipse
3033 2967 3355 3039 commiseris
3383 2963 3543 3039 (Aug.

1959 3041 2048 3095 lib.
2075 3057 2090 3094 ι
2120 3042 2182 3093 de
2207 3041 2375 3095 Serm.
2405 3041 2556 3098 Dom.
2572 3034 2631 3094 ὀ.
2658 3034 2771 3111 2o).
2801 3041 2983 3111 Itaque
3010 3053 3114 3111 non
3141 3034 3540 3111 praecipiturei,

1959 3111 2050 3180 qui
2079 3113 2145 3165 ab
2173 3113 2281 3166 alio
2305 3115 2466 3166 laesus
2497 3122 2602 3179 est,
2635 3122 2693 3166 ut
2721 3105 2846 3165 ante
2867 3105 3199 3180 oblationem
3227 3105 3546 3180 reconcilio:

1962 3177 2048 3237 tur
2089 3183 2274 3240 fratri;
2308 3185 2554 3253 quamvis
2579 3177 2785 3253 magna:
2817 3184 2886 3236 sit
2914 3179 3256 3253 perfectiOnis
3281 3221 3296 3242 ,
3337 3177 3383 3232 si
3426 3178 3547 3243 quis

1961 3253 2124 3308 lat-sus
2180 3251 2396 3308 fratrem
2438 3251 2770 3309 ittducat'ad
2809 3251 3309 3307 reconciliationem
3360 3263 3545 3303 secum

1959 3325 2271 3380 iucundam.
2312 3325 2504 3380 Verum
2538 3327 2640 3393 etsi
2670 3341 2776 3378 non
2816 3325 2885 3378 sit
2910 3337 3158 3389 necesse,
3188 3333 3240 3374 ut
3268 3320 3358 3389 qui
3389 3320 3547 3373 laesus

1959 3405 2062 3460 est,
2092 3395 2586 3451 reconciliationem
2616 3405 2826 3465 quaerat
2861 3411 2874 3448 :
2907 3401 3243 3465 necesseest
3270 3399 3448 3445 tamen
3474 3401 3548 3465 _ut

1960 3475 2085 3521 ante
2127 3467 2455 3522 oblationem
2506 3461 2756 3534 iniuriam
2784 3465 3040 3520 dimittat.
3089 3462 3248 3534 Aliud
3277 3472 3357 3534 est
3391 3461 3546 3534 enim

1959 3537 2300 3594 reconciliari
2357 3536 2546 3602 fratri,
2578 3540 2690 3591 sive
2735 3537 2984 3606 proximo
3009 3576 3023 3600 ,
3077 3533 3239 3606 aliud
3271 3533 3547 3606 dimittere

1961 3608 2109 3662 fratri
2138 3626 2149 3661 :
2185 3608 2316 3661 Nam
2342 3608 2708 3662 reconciliatio
2735 3603 2804 3662 ex
2835 3615 2989 3676 parte
3016 3605 3134 3672 ejus
3154 3603 3243 3676 qui
3271 3603 3425 3676 la'sit.
3459 3617 3548 3676 re-

1959 3679 2127 3748 quirit
2154 3678 2579 3734 satisfactionem
2611 3672 2854 3748 injurizn';
2890 3691 2962 3748 ex
3005 3672 3546 3748 parteltesicondo-

1962 3743 2256 3810 nationem.
2282 3757 2338 3803 et
2363 3743 2761 3804 remissioni-tn.
2788 3747 2972 3803 Tertio
2991 3743 3097 3800 non
3125 3747 3201 3799 sic
3227 3743 3543 3808 accipienda

1961 3829 2046 3874 est
2084 3822 2186 3875 ista
2211 3821 2508 3887 sententia,
2541 3819 2692 3888 quasi
2732 3834 2950 3888 semper
2986 3819 3052 3870 ad
3080 3816 3299 3870 fratrem
3340 3815 3417 3868 ire
3445 3814 3542 3888 tle-

1961 3891 2206 3946 beamus.
2239 3884 2504 3946 Sanctum
2523 3884 2573 3945 id
2597 3891 2813 3960 quidem
2843 3884 3160 3952 consilium;
3182 3897 3383 3960 etcum
3413 3884 3544 3938 eba-

1959 3963 2099 4017 ritas
2146 3961 2402 4029 efflagitat
2425 4003 2440 4028 ,
2485 3970 2542 4017 et
2569 3957 2720 4016 locus
2754 3976 2818 4015 ac
2848 3970 3059 4025 tempus
3091 3957 3374 4027 permittit,
3406 3971 3545 4029 prtu—

1957 4044 2175 4104 ceptum
2207 4027 2367 4089 etiam
2402 4033 2766 4104 necessarium
2794 4050 2807 4087 :
2855 4031 3171 4101 plerumque
3203 4038 3380 4104 tamen
3409 4066 3423 4089 ,
3466 4027 3545 4104 af-

1962 4096 2192 4160 fectibus
2238 4106 2457 4174 potius,
2496 4114 2589 4160 aut
2616 4096 2927 4166 effectibus,
2978 4096 3138 4174 quam
3189 4096 3413 4174 pedibus
3450 4098 3545 4174 ire

1961 4169 2254 4242 debemus,
2299 4169 2493 4233 affectu
2524 4175 2778 4246 iniuriam
2812 4169 3019 4246 potius,
3062 4173 3106 4226 si
3149 4183 3312 4246 quam
3345 4169 3412 4224 ab
3450 4169 3544 4223 illo

1963 4241 2302 4314 accepimus.
2359 4241 2765 4309 condonautes,
2816 4241 3110 4310 odiumque
3160 4241 3542 4314 remittentes:

1963 4311 2182 4384 effectu,
2209 4317 2440 4385 injuriae,
2460 4320 2506 4372 si
2533 4333 2701 4388 quam
2727 4317 2819 4388 ille
2839 4331 2866 4369 a
2892 4315 3047 4388 nobis
3073 4314 3299 4388 accepit,
3331 4311 3546 4366 satisfa-

1963 4383 2187 4444 cientes.
2240 4383 2356 4444 lloc
2389 4383 2646 4458 justitiae,
2691 4386 2823 4441 illud
2863 4383 3140 4458 charitatis
3189 4393 3537 4458 praeceptum.

1963 4458 2250 4516 Postremo
2277 4453 2418 4528 quod
2446 4460 2530 4514 bic
2547 4461 2614 4514 de
2634 4453 2909 4512 veteribus
2932 4455 3242 4528 .ludaorum
3262 4453 3544 4528 sacrificiis

265 4525 410 4612 gum,
443 4543 512 4583 ac
545 4528 903 4612 diligendum
934 4544 1056 4612 esse
1083 4523 1447 4612 sacrificium,
1480 4523 1544 4585 υἱ
1579 4523 1737 4612 [[ἐιίτὶ
1778 4530 1861 4612 of-
1888 4551 1939 4612 [ι
1963 4529 2163 4612 dicitur
2192 4523 2485 4612 (quantum
2511 4531 2688 4612 adhuc
2715 4529 2990 4612 vigebant,
3020 4541 3141 4612 cum
3167 4523 3416 4612 (ibristus
3430 4523 3544 4606 haec

263 4596 413 4680 tenso
441 4599 887 4680 reconciliemur.
931 4602 1160 4680 llincD.
1195 4596 1526 4680 Gregorius:
1578 4600 1748 4680 Ecce,
1780 4604 1862 4657 itt-

265 4671 397 4745 quit,
430 4689 465 4724 a
499 4671 920 4745 discordantibus
969 4676 1201 4745 accipere
1225 4671 1326 4745 non
1353 4673 1461 4726 vult
1497 4673 1812 4741 sacriﬁcium
1841 4690 1863 4729 :

266 4739 632 4815 holocaustum
673 4744 934 4815 suscipere
977 4739 1201 4799 recusat.
1238 4744 1372 4799 Hinc
1407 4760 1526 4814 ergo
1567 4739 1861 4815 perpendite

266 4823 519 4886 quantum
557 4814 624 4866 sit
660 4814 853 4886 malum
879 4815 1183 4886 discordiw,
1215 4826 1420 4886 propter
1461 4814 1598 4886 quod
1637 4822 1683 4867 et
1724 4815 1860 4886 illud

266 4880 545 4958 ιιιυῙὶιὶἱμιικ⁸
560 4885 816 4958 per_quod
843 4885 998 4958 culpa
1015 4880 1278 4940 relaxatur
1297 4880 1484 4958 (Gregi
1509 4885 1686 4939 ftomil.
1713 4885 1747 4940 8
1767 4902 1858 4940 su-

268 4967 352 5037 per
375 4951 844 5037 Ezech.2._Ne'que
865 4951 939 5009 ad
961 4958 1063 5011 hoc
1088 4951 1469 5037 tantum'valét
1491 4959 1616 5037 haec
1635 4965 1848 5037 senten-

267 5024 333 5074 tia
360 5064 374 5086 ,
423 5034 484 5078 ut
513 5024 606 5094 qui
634 5024 812 5090 laesit,
857 5042 1017 5096 quam
1059 5028 1320 5083 citissime
1363 5026 1858 5083 reconciliationem

265 5106 510 5167 quaerat;
549 5097 643 5167 sed
673 5096 835 5151 etiam
865 5108 922 5152 ut
951 5101 1042 5167 qui
1075 5099 1238 5154 Lusus
1261 5109 1342 5154 est
1363 5141 1376 5161 ,
1428 5098 1479 5152 id
1511 5109 1592 5151 est
1613 5139 1626 5161 ,
1665 5099 1860 5163 injuria

268 5161 518 5232 aﬂectus,
543 5165 698 5239 fratri
724 5161 1222 5226 reconciliationem
1245 5170 1508 5239 quaerenti
1532 5169 1687 5223 facile
1709 5161 1862 5238 igno-

268 5245 400 5301 scat,
436 5252 509 5292 ne
542 5236 638 5292 Dei
672 5237 966 5305 honorem,
995 5252 1049 5296 et
1078 5236 1342 5295 sacrificia
1370 5241 1443 5295 illi
1470 5236 1752 5294 offerenda
1775 5255 1860 5295 re-

267 5316 516 5385 moretur
538 5318 594 5385 et
624 5309 902 5378 impediat.
950 5310 1199 5385 Secundo
1228 5312 1441 5385 dicitur
1466 5311 1631 5365 frater
1659 5310 1859 5367 habere

265 5375 471 5452 aliquid
502 5375 792 5434 adversum
824 5395 943 5447 nos,
976 5399 1096 5437 cum
1122 5384 1326 5452 justam
1357 5381 1518 5438 habet
1545 5390 1730 5437 contra
1760 5397 1858 5438 nos

266 5450 572 5572 ﬂuentiam,
601 5453 746 5518 quod
769 5466 797 5502 a
824 5453 980 5508 nobis
1008 5450 1262 5523 iniuriam
1295 5457 1524 5520 aliquam
1557 5453 1850 5521 acceperit.

334 5518 421 5572 ide
445 5537 557 5572 non
589 5520 756 5572 dicit:
782 5521 836 5572 Si
865 5533 920 5572 tu
950 5525 1602 5572 habesalinuitladversus
1631 5525 1846 5572 fratrem

334 5518 421 5572 ide
445 5520 756 5593 nonidicit:
782 5521 836 5577 Si
865 5533 920 5577 tu
950 5518 1114 5578 habes
1130 5525 1327 5593 aliquid
1345 5518 1602 5579 adversus
1631 5518 1846 5579 fratrem

266 5591 451 5666 Limn);
485 5592 584 5666 sed
604 5594 690 5666 ,si
718 5598 878 5662 frater
915 5605 1031 5649 tuus
1060 5595 1206 5650 habet
1222 5591 1429 5666 aliquid
1459 5597 1730 5648 adversum
1757 5605 1845 5661 te;

264 5655 411 5746 [uite
432 5663 604 5746 enim,
623 5655 793 5746 inquit
812 5670 1156 5746 Augustinus,
1179 5669 1288 5735 ipse
1303 5655 1449 5720 liabet
1471 5655 1839 5746 adtversusnnas,

265 5735 310 5788 si
323 5747 417 5788 nos
437 5749 561 5789 eum
583 5735 638 5790 in
649 5737 825 5800 aliquo
845 5738 1084 5794 (resimas.
1104 5739 1217 5794 Nos
1242 5749 1412 5795 autem
1430 5739 1669 5795 adversus
1693 5735 1841 5793 illum

1966 4595 2305 4671 loqueretur)
2335 4602 2384 4654 id
2415 4602 2582 4656 multo
2613 4595 2873 4669 magis'de
2902 4597 3166 4671 sacrificio
3189 4595 3544 4671 Eucharistize

1967 4666 2377 4742 intelligendum
2404 4688 2418 4737 ;
2454 4673 2677 4742 proinde
2705 4666 2753 4726 si
2777 4678 2902 4724 ante
2932 4669 3257 4742 oblationem
3291 4666 3542 4742 legalium

1966 4736 2355 4799 sacriﬁciorum
2381 4736 2411 4806 ,ί
2439 4736 2732 4812 qum-renda
2777 4752 2891 4796 erat
2923 4736 3328 4812 reconciliatio:
3372 4737 3546 4812 multo

1929 4819 1937 4828 '
1968 4815 2136 4883 magis
2169 4824 2291 4869 ante
2316 4806 2647 4869 oblationem
2677 4811 2931 4868 sacriﬁcii
2956 4808 3126 4864 nostri
3155 4806 3542 4883 Eucliaristici;

1921 4898 1932 4910 '
1969 4877 2269 4954 praisertim
2296 4900 2417 4939 cum
2469 4886 2608 4940 idem
2653 4885 2899 4954 ultionis,
2933 4889 2990 4954 et
3025 4877 3339 4954 cgncordiaa_
3363 4891 3548 4954 sacra-

1966 4945 2204 5011 mentum
2234 4956 2325 5020 sit,
2355 4971 2418 5010 ac
2445 4957 2746 5024 sytttbolum
2769 4953 2930 5024 (Vide
2957 4952 3022 5005 Ι).
3055 4949 3272 5024 Bernar.
3305 4947 3369 5000 de
3395 4945 3542 5024 Prag-

1963 5037 2107 5098 cepto
2126 5036 2172 5082 et
2196 5026 2434 5098 Dispens.
2451 5020 2496 5082 ε’.
2520 5027 2635 5097 26).
2669 5020 2821 5083 Unde
2843 5036 2895 5079 et
2919 5020 3226 5098 communio
3251 5026 3303 5071 ct
3323 5020 3542 5098 synaxis

1963 5089 2301 5167 appellatur:
2341 5097 2513 5153 Unum
2537 5089 2670 5152 enim
2713 5112 2897 5166 corpus
2928 5093 3072 5167 multi
3105 5106 3314 5167 su_ntus_,
3344 5089 3437 5167 qui
3477 5090 3542 5141 de

1964 5159 2067 5242 uno
2096 5187 2226 5239 pane
2255 5171 2624 5242 participamus
2662 5170 2704 5241 (Ι
2729 5159 2850 5242 Cor.
2894 5165 2967 5233 χ).
3018 5161 3178 5242 Atqui
3221 5159 3382 5213 etiam
3425 5159 3543 5242 Ιιηιτ

1963 5233 2397 5309 des,'gratiarum
2423 5233 2685 5304 actiones,
2705 5240 2997 5309 orationes,
3021 5241 3074 5287 et
3100 5233 3459 5309 e_l_ee_mosyna3
3488 5239 3542 5309 et

1963 5301 2185 5366 omniito
2207 5314 2385 5367 omnia
2415 5327 2580 5380 opera
2611 5301 2771 5374 bona,
2801 5323 2920 5380 qua}
2944 5306 3058 5380 Deo
3083 5301 3377 5380 offerimus,
3411 5311 3464 5354 et
3489 5304 3540 5354 in

1967 5381 2057 5437 Dei
2102 5385 2364 5438 honorem
2415 5373 3048 5446 réierimus,rsacrificia
3096 5373 3345 5446 quaedam
3391 5382 3535 5446 sunt.

1961 5450 2146 5524 Itaque
2177 5455 2276 5509 bac
2304 5456 2568 5509 sententia
2619 5443 2905 5515 docemur,
2957 5443 3276 5524 sacriﬁcium
3321 5443 3494 5497 laudis
3520 5483 3535 5507 ,

1957 5517 2258 5594 oraiionis,
2311 5526 2649 5594 aliorumque
2693 5535 2979 5594 operum,_
3007 5518 3127 5594 Deo
3171 5517 3386 5587 placere
3430 5529 3540 5594 non

1956 5612 2147 5666 posse,
2197 5586 2297 5652 nisi
2330 5586 2696 5662 reconciliati,
2723 5586 2920 5649 etcum
2954 5586 3213 5644 fratribus
3238 5586 3541 5644 concordes

1951 5667 2070 5726 haec
2103 5671 2212 5725 Deo
2232 5669 2546 5724 offeramus.
