3986 6320
193 223 281 281 ’545

789 215 878 273 DE
916 213 1395 275 C(ENOBIORUM
1436 216 1682 276 INSTIT.
1724 218 1854 277 LIB.
1897 218 2035 276 VIII.
2088 248 2153 263 -—
2195 220 2285 278 DE
2326 219 2600 281 SPIRITU
2639 220 2802 281 IRE.

3336 224 3444 285 316

204 330 1030 412 querimur,tamquamibi,nullis
1046 345 1144 387 nos
1160 331 1582 401 concitantibus,
1610 332 1753 387 illico
1779 334 1828 395 A
1860 335 2030 390 sortio
2061 352 2077 389 :
2107 335 2173 391 ad
2202 344 2451 392 naturam
2475 338 2759 407 pristinam
2790 352 2916 397 mox
2944 352 3284 408 reversurus,
3317 356 3443 401 cum

203 431 419 485 virtutem
464 424 740 495 patientiae
783 424 1079 494 repertori:
1120 435 1448 480 excusantes
1478 426 1753 495 negligen-

203 524 303 578 tiam
346 531 602 587 nostram,
653 534 957 590 causasque
998 520 1379 574 commotionis
1418 536 1525 574 non
1568 531 1751 575 nostra

202 618 415 672 dicentes
462 614 831 685 impatientia,
878 613 971 669 sed
1023 614 1249 669 fratrum
1301 614 1433 669 vitio
1483 615 1749 686 generari.

201 712 409 779 Dumque
450 708 503 762 in
546 706 686 762 alios
733 705 939 762 erroris
985 706 1156 762 nostri
1206 707 1467 763 vertimus
1514 722 1747 775 causas,

199 815 454 870 numquam
485 799 551 854 ad
579 799 854 869 patientia:
880 813 943 854 ac
975 798 1326 870 perfectionis
1361 798 1563 856 calcem
1607 799 1751 855 vale-

199 895 350 949 bimus
379 892 687 964 pervenire.

751 982 978 1039 CAPUT
1015 981 1138 1040 XVI

200 1077 324 1146 Quod
342 1076 689 1146 tranquillitas
712 1077 881 1131 cordis
906 1075 1066 1129 nostri
1088 1092 1187 1130 non
1206 1077 1257 1130 in
1284 1077 1496 1130 alterius
1516 1075 1744 1143 arbitrio,

385 1150 472 1203 sed
499 1149 556 1201 in
585 1158 763 1201 nostra
793 1148 971 1203 debeat
993 1148 1185 1202 ditione
1208 1150 1506 1201 consistere.

246 1262 444 1317 Summa
482 1261 649 1331 igitur
677 1261 1076 1317 emendationis
1107 1277 1169 1316 ac
1213 1261 1619 1332 tranquillitatis
1652 1276 1749 1317 no-

195 1362 314 1419 stne,
345 1369 448 1407 non
478 1363 565 1409 est
594 1353 648 1407 in
680 1354 906 1409 alterius
953 1354 1176 1409 arbitrio
1218 1353 1566 1421 collocanda;
1604 1354 1748 1424 quod

192 1460 488 1515 nequaquam
514 1454 719 1500 nostra:
744 1445 1024 1515 subjaceat
1054 1446 1343 1515 potestati:
1363 1446 1457 1501 sed
1485 1445 1536 1500 in
1562 1456 1746 1500 nostra

191 1538 335 1608 potius
352 1537 667 1593 conditione
697 1539 981 1594 consistat.
1008 1538 1191 1610 Itaque
1214 1547 1269 1593 ut
1295 1553 1399 1593 non
1425 1539 1743 1605 irascamur,

192 1646 273 1684 non
300 1629 447 1685 debet
492 1645 566 1685 ex
610 1630 835 1684 alterius
867 1630 1236 1699 perfectione,
1293 1630 1388 1685 sed
1438 1645 1507 1685 ex
1559 1638 1741 1685 nostra

1858 430 2287 498 interpellaverit
2354 432 2644 501 cujuslibet
2708 434 3096 491 commotionis
3148 436 3361 491 occasio
3418 454 3434 493 :

1856 533 2135 591 emergunt
2167 524 2364 594 quippe
2392 540 2459 580 ex
2506 539 2574 581 eo
2620 525 2904 582 confestim
2944 527 3101 594 vitia,
3143 542 3263 595 quae
3307 527 3444 585 late-

1856 612 2007 681 bant,
2040 624 2096 670 et
2124 614 2270 670 velut
2299 616 2421 685 equi
2446 614 2687 674 infrenes
2714 619 2959 674 certatim
3000 634 3031 674 e
3057 620 3171 675 suis
3209 636 3443 692 repagu-

1856 705 1925 759 lis
1953 707 2066 761 otio
2097 706 2343 776 longiore
2371 709 2556 763 nutriti
2581 710 2760 766 acrius
2784 710 2849 765 ad
2893 711 3191 781 perniciem
3234 714 3439 783 auriga

1857 799 2079 869 proprii,
2100 798 2443 871 ferociusque
2475 811 2851 873 prorumpunt.
2879 803 3048 873 Magis
3072 803 3238 872 enim,
3266 819 3444 862 exer-

1853 890 1984 945 citio
2015 906 2225 961 usuque
2262 891 2500 948 humano
2540 902 2815 959 cessante,
2839 893 3133 951 efferantur
3180 896 3233 951 in
3285 896 3444 952 nobis

1858 982 2011 1049 vitia,
2047 982 2152 1038 nisi
2198 983 2398 1039 fuerint
2425 993 2551 1041 ante
2576 994 2827 1057 purgata.
2858 986 3142 1058 lpsamque
3194 988 3439 1043 umbram

1856 1075 2154 1145 patientiae,
2185 1091 2346 1147 quant
2372 1077 2653 1147 possidere
2680 1079 2998 1150 imaginarie
3030 1081 3281 1152 permixti
3331 1081 3438 1136 fra-

1858 1168 2031 1224 tribus
2058 1169 2250 1225 saltem
2282 1186 2380 1241 pro
2409 1188 2601 1229 eorum
2630 1176 2944 1231 reverentia
2969 1184 3024 1231 et
3060 1185 3187 1232 nota
3222 1176 3439 1249 publica

1865 1257 2201 1327 videbamur,
2229 1259 2437 1317 desidia
2466 1264 2777 1320 securitatis
2803 1266 3121 1321 amittimus.

2413 1371 2642 1430 CAPUT
2680 1374 2867 1431 XVIII.

1852 1458 2188 1537 Impatientes
2236 1471 2389 1537 atque
2428 1464 2723 1537 iracundos
2788 1482 2895 1521 esse
2944 1467 3235 1537 frequenter
3283 1470 3436 1525 etiam

2050 1533 2169 1587 illos
2198 1533 2391 1602 qui'ab
2418 1534 2717 1590 hominibus
2752 1553 2854 1591 non
2885 1533 3250 1608 provocamur.

1922 1644 1948 1684 δ
1977 1644 2141 1714 Quasi
2190 1662 2319 1702 vero
2366 1647 2615 1704 universa
2663 1648 2931 1704 virulenta
2970 1652 3298 1720 serpentium
3344 1667 3428 1721 ge-

190 1724 354 1779 virtute
397 1724 770 1789 descendere,
802 1740 920 1795 quze
964 1740 1071 1779 non
1105 1724 1282 1779 aliena
1315 1723 1573 1795 patientia
1597 1763 1613 1791 ,
1650 1721 1743 1778 sed

1852 1752 1980 1794 nera
2004 1779 2020 1805 ,
2051 1738 2137 1794 vel
2160 1738 2412 1805 ferarum,
2440 1755 2558 1795 cum
2599 1739 2653 1795 in
2682 1741 2971 1797 solitudine
3021 1743 3238 1812 suisque
3279 1743 3434 1798 cubi-

193 1818 369 1887 propria
398 1817 809 1889 longanimitate
846 1818 1202 1888 conquiritur.

740 1910 970 1967 CAPUT
1008 1909 1173 1966 XVII.

370 2004 480 2070 Quo
511 2002 691 2057 studio
715 2018 939 2057 eremum
969 2002 1245 2057 debeamus
1267 2010 1523 2071 expetere.

248 2096 393 2151 Porro
414 2105 439 2132 ι
470 2110 724 2150 eremum
764 2093 1056 2165 perfectos,
1087 2095 1345 2164 omnique
1367 2094 1504 2149 vitio
1549 2109 1745 2165 purga-

200 2201 264 2244 tos
287 2199 481 2259 oportet
507 2199 795 2257 expetere,
830 2198 883 2243 et
913 2188 1149 2244 excoctis
1180 2186 1248 2242 ad
1292 2202 1481 2257 purum
1519 2187 1572 2243 in
1604 2202 1740 2243 con-

192 2282 462 2351 gregatione
510 2281 743 2335 fratrum
775 2280 940 2345 vitiis,
974 2293 1078 2334 non
1113 2279 1575 2349 pusillanimitatis
1618 2295 1743 2349 pro-

192 2373 325 2443 lugio,
356 2373 444 2428 sed
477 2372 685 2427 divina:
714 2372 1191 2441 contemplationis
1236 2372 1479 2440 obtentu,
1513 2380 1567 2428 et
1594 2372 1743 2429 desi-

189 2464 307 2519 derio
336 2465 558 2520 intuitus
601 2464 935 2519 sublimioris
986 2463 1186 2519 intrare
1213 2508 1227 2529 ,
1260 2465 1350 2535 qui
1402 2480 1509 2520 non
1542 2466 1644 2520 nisi
1690 2467 1741 2521 in

188 2559 438 2614 solitudine
492 2574 529 2611 a
585 2558 837 2627 perfectis
902 2557 1245 2613 solummodo
1295 2558 1495 2628 poterit
1548 2572 1742 2629 appre-

192 2650 337 2706 hendi.
385 2653 755 2722 Quaecumque
786 2653 927 2707 enim
955 2652 1085 2707 vitia
1128 2652 1367 2707 incurata
1411 2652 1464 2707 in
1500 2666 1744 2708 eremum

195 2744 507 2799 detulerimus
541 2790 555 2813 ,
588 2755 777 2815 operta
808 2745 860 2798 in
902 2745 1077 2811 nobis,
1113 2759 1219 2800 non
1260 2745 1460 2800 abolita
1502 2746 1744 2802 sentien-

192 2848 270 2893 tur.
297 2839 537 2895 Solitudo
567 2854 825 2909 namque,
857 2840 994 2895 sicut
1033 2838 1205 2908 novit,
1234 2838 1538 2895 emendatis
1580 2840 1745 2895 mori-

194 2930 826 3001 bus,eontemplationem
858 2930 1202 3000 purissimam
1246 2945 1513 2998 reserare,
1561 2940 1615 2985 et
1663 2931 1745 2987 in-

196 3024 301 3078 tuitu
328 3025 697 3080 sincerissimo
726 3024 1046 3094 Spiritalium
1076 3033 1538 3079 sacramentorum
1564 3026 1743 3081 scien-

194 3116 292 3171 tiam
318 3118 557 3173 revclare
588 3137 600 3170 :
637 3118 707 3172 ita
731 3132 941 3184 eorum,
972 3118 1058 3189 qui
1085 3116 1265 3173 minus
1290 3118 1562 3173 emendati
1586 3128 1731 3183 sunt,
1766 3102 1813 3167 C

196 3208 314 3274 vitia,
346 3224 443 3263 non
470 3210 652 3265 solum
699 3223 940 3271 servare,
990 3223 1178 3263 verum
1211 3209 1372 3264 etiam
1402 3223 1735 3279 exaggerare

188 3304 439 3356 cnnSnevil.
492 3300 835 3371 Tamdiuque
888 3300 986 3354 sibi
1032 3302 1240 3368 patiens
1284 3300 1401 3370 quis
1440 3302 1650 3357 videtur
1680 3312 1735 3358 et

190 3392 383 3461 humilis,
425 3396 606 3451 donec
655 3394 857 3449 nullius
900 3393 1133 3449 hominis
1163 3396 1574 3451 commisceatur
1604 3411 1735 3451 con-

1844 1831 1983 1887 libus
2029 1831 2419 1897 immorantur,
2476 1846 2581 1886 non
2638 1831 2854 1886 innoxia
2902 1842 3274 1901 perseverent,
3326 1848 3427 1889 nec

1846 1934 2023 1979 tamen
2054 1938 2120 1977 ex
2149 1937 2216 1978 eo
2249 1922 2584 1993 pronuntiari
2616 1924 2823 1993 possint
2873 1922 3111 1988 innoxia,
3138 1923 3260 1992 quia
3299 1922 3435 1979 nulli

1845 2024 2097 2073 noceant.
2132 2016 2245 2072 Hoc
2288 2016 2432 2072 enim
2479 2016 2559 2072 eis
2614 2031 2720 2071 non
2760 2016 2983 2072 affectus
3029 2015 3305 2082 bonitatis,
3338 2016 3435 2079 sed

1846 2110 2145 2166 necessitas
2195 2108 2499 2165 solitudinis
2556 2111 2763 2166 confert
2806 2127 2819 2163 :
2860 2111 2989 2178 Quae
3033 2124 3154 2166 cum
3205 2109 3434 2165 laedendi

1846 2212 2000 2257 nacta
2073 2200 2274 2257 fuerint
2331 2203 2576 2273 copiam,
2628 2203 2681 2259 in
2729 2203 3036 2272 semetipsis
3094 2204 3431 2259 reconditum

1843 2292 1994 2347 virus
2048 2299 2104 2348 et
2144 2293 2338 2348 animae
2382 2292 2649 2349 feritatem
2700 2293 2949 2364 protinus
2992 2302 3221 2364 egerunt
3260 2304 3426 2366 atque

1845 2386 2238 2441 demonstrant.
2253 2385 2491 2456 Ideoque
2513 2386 2901 2456 perfectionem
2923 2386 3294 2457 quaerentibus
3318 2400 3428 2442 non

1845 2476 2047 2533 sufﬁcit
2063 2486 2256 2532 contra
2278 2476 2553 2531 hominem
2578 2491 2683 2533 non
2710 2477 2891 2532 irasci.
2916 2477 3259 2531 Meminimus
3281 2477 3427 2533 enim

1847 2568 1983 2640 (vide
2011 2568 2199 2622 Collat.
2249 2568 2337 2634 I9,
2361 2584 2409 2623 c.
2438 2568 2492 2635 6,
2531 2568 2595 2623 I0
2631 2578 2678 2623 et
2710 2568 2841 2639 seq.)
2870 2570 2925 2623 in
2955 2567 3246 2625 solitudine
3275 2582 3427 2623 com-

1855 2660 2187 2715 morantibus
2215 2659 2389 2725 nobis,
2419 2669 2608 2715 contra
2631 2661 2919 2723 calamum,
2949 2675 3071 2715 cum
3103 2668 3200 2715 aut
3225 2660 3430 2730 grossi-

1848 2751 1975 2807 tudo
2003 2753 2145 2822 ejus,
2182 2761 2275 2806 aut
2320 2753 2533 2809 exilitas
2580 2753 2931 2822 displiceret:
2982 2763 3239 2808 contrave
3284 2753 3426 2808 scal-

1848 2846 2071 2914 pellum,
2102 2860 2224 2900 cum
2258 2845 2543 2901 incidenda
2577 2846 2763 2903 hebeti
2796 2847 2913 2902 acie
2938 2847 3177 2917 segniter
3208 2861 3430 2903 esseea-

1846 2948 1965 3004 ret;
1996 2948 2295 3007 contraque
2318 2940 2550 3007 silicem,
2584 2941 2628 2995 si
2657 2940 2797 2996 forte
2822 2956 2889 2996 ex
2936 2955 3000 2997 ea
3044 2940 3427 2995 festinantibus

1847 3032 2006 3087 nobis
2034 3032 2101 3087 ad
2130 3032 2418 3089 lectionem
2452 3034 2655 3090 tardius
2685 3034 2917 3090 scintilla
2946 3034 3083 3105 ignis
3116 3034 3417 3100 emicuerit,

1844 3123 1915 3177 ita
1942 3124 2325 3194 indignationis
2354 3125 2639 3196 irrepsisse
2669 3135 2895 3195 motum,
2923 3136 2981 3182 ut
3006 3142 3110 3187 non
3141 3126 3272 3182 alias
3300 3141 3423 3197 pcr-

1843 3215 2211 3272 turbationent
2260 3217 2487 3285 mentis,
2519 3234 2681 3288 quam
2720 3220 2803 3276 vel
2847 3229 3036 3275 contra
3080 3220 3425 3277 insensibiles

1843 3309 2122 3377 materias,
2152 3308 2236 3364 vel
2264 3318 2413 3366 certe
2454 3310 2713 3368 adversus
2744 3312 3014 3369 diabolum
3046 3312 3423 3371 maledictione

1842 3398 2075 3468 prolata,
2098 3399 2343 3472 digerere
2370 3410 2531 3474 atque
2571 3418 2867 3475 evaporare
2899 3416 3202 3477 possemus.
3223 3406 3422 3475 Quam-

1220 3537 1477 3593 ALARDI
1517 3536 1751 3594 GAZA‘SI
1792 3538 2335 3599 COMMENTARIUS

190 3650 393 3705 damonis
422 3654 662 3718 intentio,
697 3653 852 3720 idque
877 3668 1199 3721 summopere
1228 3651 1466 3720 inquirit.
1502 3658 1555 3702 ut
1581 3648 1740 3703 veluti

191 3736 259 3783 per
279 3723 624 3777 rationabilem
651 3725 972 3777 occasionem
1002 3723 1328 3790 penitentiw,
1363 3731 1411 3775 et
1439 3722 1628 3783 luctus,
1651 3737 1739 3774 eas

192 3794 411 3857 materias,
441 3810 564 3859 qua:
586 3794 768 3848 morbo
792 3794 909 3847 huic
932 3795 1245 3846 incrementa
1266 3793 1391 3845 dare
1417 3792 1634 3863 possint,
1660 3808 1741 3845 se-

192 3866 378 3936 quendas
407 3867 515 3919 illis
546 3867 873 3933 persuadeat.
907 3864 997 3920 Sic
1029 3865 1120 3917 ille
1146 3864 1349 3936 (Gradu
1380 3863 1459 3933 8).

244 3941 263 3967 ³
289 3930 579 3989 Conﬁrmat
602 3936 739 3989 hanc
765 3936 1081 3990 sententiam
1113 3930 1279 3988 abbas
1320 3930 1556 3989 Joannes
1601 3930 1742 3997 apud

190 4001 459 4059 Cassianum
491 4006 712 4077 (Collat.
748 4006 833 4072 Ill,
868 4023 983 4074 cap.
1012 4006 1099 4075 10)
1115 4022 1137 4077 ;ί
1158 4007 1243 4077 cui
1284 4015 1338 4059 et
1376 4005 1467 4058 alii
1645 4002 1743 4057 Pa-

192 4083 274 4125 trcs
316 4075 686 4140 astipulantur.
730 4078 1030 4146 docentqne
1078 4076 1143 4129 ad
1194 4076 1355 4129 vitam
1408 4075 1740 4129 eremiticam

194 4147 486 4217 mmdebcre
518 4162 845 4217 quemquam
874 4147 1124 4209 transire,
1156 4146 1259 4200 nisi
1287 4161 1347 4200 se
1377 4146 1530 4217 prius
1556 4146 1607 4197 in
1628 4158 1744 4199 cte-

192 4215 318 4288 nobio
336 4215 622 4288 diligenter
642 4215 981 4282 exercuerit;
1009 4225 1290 4288 pr0pterea
1322 4218 1463 4285 quod
1492 4215 1741 4288 Eremus,

192 4284 279 4337 sive
303 4284 551 4354 solitudo,
581 4304 703 4343 cum
731 4292 800 4343 sit
831 4284 1041 4342 culmen
1067 4297 1123 4342 et
1163 4284 1428 4354 fastigium
1456 4287 1582 4340 vitae
1612 4286 1742 4339 reli-

192 4357 340 4427 giosas,
383 4361 771 4427 perfectionem
807 4375 910 4414 non
957 4357 1167 4422 afferat,
1209 4357 1303 4413 sed
1344 4366 1630 4423 supponat.
1677 4356 1771 4409 D.‘

194 4424 536 4499 Hieronymus,
570 4440 847 4500 postquam
878 4429 1297 4500 solitudinis,et
1334 4428 1589 4500 solitaria;
1622 4427 1745 4500 vit_a:

194 4494 407 4552 nonnulla
462 4494 800 4554 incommoda
846 4511 900 4554 et
940 4494 1288 4568 pericularita
1332 4496 1645 4553 recensuit:
1679 4494 1745 4550 In

192 4569 427 4641 solitudine
450 4576 551 4625 cito
582 4572 776 4641 obrepit
798 4572 1035 4640 superbia
1056 4587 1074 4637 ;
1096 4578 1145 4623 et
1168 4573 1213 4622 si
1240 4585 1513 4641 parumper
1524 4569 1744 4638 jejuna-

194 4640 309 4702 rm’t,
332 4640 818 4710 hominemque'non
856 4643 1055 4705 viderit,
1102 4649 1247 4712 putat
1287 4657 1342 4694 se
1385 4640 1608 4712 alicujus
1639 4654 1746 4691 esse

194 4716 416 4775 momenti,
446 4715 738 4775 oblitusque
776 4715 878 4779 sui,
912 4713 1066 4775 unde,
1110 4722 1157 4764 et
1202 4728 1304 4781 quo
1351 4711 1575 4773 venerit;
1607 4712 1745 4781 intus

194 4781 335 4854 corde,
358 4785 537 4853 lingua
579 4784 707 4853 faris
744 4795 975 4854 vagatur,
1008 4793 1094 4837 etc
1127 4822 1142 4854 _.
1192 4779 1312 4854 mox
1346 4781 1571 4854 subdit:
1600 4779 1747 4854 Quid

196 4847 351 4923 igitur?
397 4847 703 4907 Solitariam
758 4847 914 4906 pilam
965 4847 1422 4923 reprehendimus?
1484 4850 1693 4904 minime
1728 4893 1741 4916 ,

194 4921 347 4995 lillittpe
372 4942 523 4993 quam
550 4941 687 4995 sarpe
715 4921 1034 4977 laudavimus
1065 4939 1083 4976 :
1109 4923 1197 4976 sed
1223 4923 1287 4995 de
1326 4921 1453 4975 ludo
1489 4930 1745 4995 ntonaste-_

196 4990 360 5063 riorum
382 4990 685 5060 huiusmodi
714 4996 946 5047 volumus
978 4995 1150 5063 egredi
1180 4994 1393 5056 milites,
1422 5008 1551 5061 quos
1590 4991 1744 5045 eremi

196 5060 301 5133 dura
319 5067 605 5119 rudimenta
632 5082 733 5118 non
765 5060 1024 5127 terreantf
1056 5065 1141 5131 qui
1178 5060 1443 5133 specimen
1474 5077 1747 5133 conuersa-

196 5130 319 5206 tionis
343 5153 447 5190 sua:
474 5138 638 5191 multo
666 5145 889 5206 tempore
916 5130 1179 5199 dederint;
1198 5130 1283 5202 qui
1304 5134 1530 5185 omnium
1554 5132 1747 5206 fuerint

197 5202 383 5268 minimi,
413 5218 467 5260 ut
501 5208 653 5275 primi
682 5202 909 5260 omnium
932 5208 1110 5273 ﬁerent
1126 5221 1143 5269 ;
1170 5220 1294 5274 quos
1319 5219 1407 5257 nec
1429 5205 1621 5275 esuries
1644 5202 1747 5253 alio

196 5277 390 5341 Quando,
424 5272 517 5330 nec
543 5279 786 5332 saturitas
809 5272 1065 5343 superavit
1086 5292 1102 5337 ;
1126 5272 1212 5345 qui
1243 5283 1547 5345 paupertate
1565 5272 1749 5325 ltetan-

198 5349 291 5411 lur;
316 5364 533 5415 quorum
560 5348 785 5411 habitus,
810 5363 995 5412 sermo,
1024 5349 1215 5411 vultus,
1240 5346 1487 5415 incessus,
1515 5344 1751 5415 doctrina

197 5412 415 5483 virtutum
472 5433 566 5474 est.
618 5420 743 5473 Haec
791 5419 851 5471 υ.
897 5417 1257 5483 Hieronymus
1304 5413 1515 5483 (Epist.
1556 5412 1590 5465 4
1618 5456 1631 5479 ,
1680 5414 1747 5467 ad

199 5482 372 5559 Busae.
400 5489 689 5559 monach.).
722 5488 980 5543 Similiter
1006 5488 1065 5541 D.
1098 5482 1612 5559 BenedictuSLinitio
1639 5499 1751 5537 sua:

199 5552 390 5625 Regula
418 5561 583 5615 vitam
612 5552 1065 5625 anachoreticam,
1099 5569 1152 5612 et
1182 5558 1373 5627 quibus
1420 5555 1508 5609 illa
1554 5569 1751 5608 conve-

201 5628 309 5693 niat,
338 5630 649 5687 describens
678 5648 692 5686 :
722 5629 1049 5692 Secundum,
1085 5629 1255 5697 inquit
1275 5668 1287 5690 ,
1321 5642 1480 5696 genus
1508 5636 1583 5679 est
1622 5641 1750 5677 ana-

201 5697 520 5764 clientarum,
547 5704 601 5755 id
623 5712 715 5767 est,
748 5702 1095 5763 eremitarum,
1128 5698 1334 5765 horum,
1358 5697 1443 5766 qui
1484 5712 1583 5767 non
1624 5710 1745 5767 con-

204 5772 418 5827 tlminatis
460 5773 659 5839 fervore
708 5774 915 5839 nouitio,
966 5771 1055 5826 sed
1101 5768 1393 5825 monasterii
1440 5766 1743 5839 probatione

1773 4959 1827 5019 D

1843 3651 2094 3704 diuturna
2130 3651 2439 3717 didicerunt,
2462 3660 2644 3709 contra
2670 3651 2953 3717 diabolum,
2981 3654 3259 3707 multorum
3290 3654 3431 3707 sola-

1841 3723 1911 3775 tio
1932 3725 2049 3793 jam
2074 3721 2210 3775 docti
2233 3740 2485 3793 pugnare,
2518 3733 2566 3777 et
2609 3724 2732 3777 bene
2778 3724 3045 3793 instructi,
3096 3724 3331 3793 fraterna
3358 3741 3425 3779 ex

1842 3793 1950 3865 acie
1974 3793 2041 3846 ad
2070 3793 2381 3865 singularem
2406 3811 2629 3865 pugnam
2658 3795 2837 3858 eremi,
2861 3795 3025 3849 securi
3040 3796 3157 3865 jam
3184 3795 3292 3848 sine
3308 3812 3430 3849 eon-

1842 3862 2093 3935 splatione
2114 3862 2328 3935 alterius
2355 3862 2533 3919 contra
2555 3866 2680 3917 vitia
2700 3867 2893 3929 carnis,
2924 3862 3423 3935 velicOgjtationum,

1848 3932 1954 3987 Deo
1973 3934 2274 4007 augiliante,
2300 3950 2531 4007 pugnare
2552 3935 2804 4007 sufficiunt
2830 3935 2970 4007 (vide
2990 3934 3059 3989 ι).
3087 3932 3421 3991 Βστηαγάιιηι

1842 4019 1995 4074 serat.
2026 4005 2061 4059 5
2084 4004 2147 4058 de
2176 4003 2621 4074 Circum'cisione).

1915 4072 1943 4112 δ
1973 4074 2153 4145 Stylus
2183 4076 2423 4148 Dionysii
2467 4086 2523 4130 et
2541 4072 2762 4148 planior
2791 4084 2844 4129 et
2878 4077 3087 4145 plenior
3119 4095 3133 4131 :
3171 4075 3424 4133 Unioersa

1844 4156 2091 4219 venenata
2132 4146 2809 4219 serpeniium,7[erarumue
2848 4164 3073 4219 genera,
3122 4148 3328 4216 quando
3366 4150 3421 4203 in

1845 4217 1952 4269 suis
1974 4216 2197 4271 latibulis
2244 4227 2291 4270 et
2314 4217 2589 4272 solitudine
2613 4216 2930 4287 permanent,
2954 4228 3153 4274 exstant
3174 4220 3423 4284 innoxia;

1844 4303 1935 4339 nec
1965 4298 2132 4340 tamen
2152 4288 2216 4341 ob
2242 4288 2336 4341 hoc
2366 4287 2669 4356 simpliciter
2691 4288 2795 4341 dici
2818 4298 3031 4356 possunt
3054 4291 3284 4354 innoxia,
3307 4292 3431 4357 quia

1846 4357 1987 4429 nulli
2007 4368 2127 4411 tunc
2153 4367 2357 4412 nocent.
2386 4360 2474 4413 Sic
2496 4360 2630 4427 ipse.
2669 4358 2820 4414 Unde
2841 4360 3109 4427 colligitur
3136 4361 3421 4429 legendum

1846 4428 1934 4482 hic
1972 4428 2207 4489 innoxia.
2251 4430 2499 4497 quamvis
2528 4428 2639 4493 alii,
2670 4438 2726 4485 et
2766 4430 2993 4485 fortasse
3021 4428 3212 4486 melius
3252 4431 3433 4496 legant

1846 4500 2021 4564 noxia,
2054 4508 2110 4552 ut
2139 4499 2469 4553 Basileensis
2494 4509 2550 4553 et
2578 4514 2707 4553 mss.
2734 4501 2971 4555 nonnulli
3002 4518 3018 4557 :
3049 4500 3151 4555 hoc
3173 4501 3427 4555 nimirum

1848 4578 2101 4641 contextu
2132 4570 2346 4641 :Quasi
2386 4585 2489 4623 non
2540 4571 2693 4623 noxia
2733 4580 3086 4641 perseverent,
3134 4588 3225 4626 nec
3263 4588 3326 4626 ea:
3370 4588 3431 4625 eo

1850 4638 2177 4708 pronuntiari
2226 4642 2423 4712 possint
2476 4641 2664 4708 noxia,
2721 4638 2845 4712 quia
2890 4642 3022 4696 nulli
3071 4652 3308 4696 noceant.
3365 4642 3433 4695 Et

1852 4718 2136 4782 utrumque
2160 4710 2379 4782 quidem
2412 4726 2600 4764 verum
2642 4710 2744 4765 est.
2780 4712 2915 4782 Actu
2965 4712 3164 4782 quippe
3210 4712 3427 4766 innoxia

1850 4790 1975 4852 sunt
2003 4781 2305 4852 huiusmodi
2334 4782 2606 4848 animalia,
2636 4781 2888 4852 quamdiu
2922 4781 3313 4847 insolitudine,
3338 4790 3432 4836 aut

1852 4851 1905 4905 in
1935 4852 2048 4905 suis
2080 4851 2319 4906 latibulis
2352 4851 2681 4907 remanent:
2713 4852 2943 4908 naturali
2984 4863 3164 4908 tamen
3199 4867 3432 4919 propen-

1852 4921 2007 4975 sione
2036 4932 2091 4977 et
2120 4921 2462 4976 inclinatione
2491 4922 2646 4977 noxia
2674 4933 3042 4992 perseverant,
3068 4925 3193 4993 quia
3217 4936 3431 4991 semper

1852 4993 1918 5046 ad
1949 4993 2247 5046 nocendum
2273 5002 2516 5063 prompta
2550 5008 2565 5047 :
2595 4992 2826 5063 ideoque
2858 5010 2961 5049 non
2988 4992 3335 5063 simpliciter,
3367 5001 3429 5046 ut

1853 5064 1924 5115 ait
1973 5063 2277 5133 Dionysius,
2325 5062 2538 5135 innoxia
2584 5062 2915 5133 pronuntiari
2950 5062 3192 5135 possunt.
3228 5063 3296 5135 At
3327 5062 3432 5117 hoc

1854 5136 2120 5202 posterius
2172 5134 2599 5201 prta-cedentibus
2656 5136 2826 5203 magis
2874 5133 3139 5203 quadrare
3186 5133 3423 5186 videtur.

1856 5206 2071 5271 Spectat
2112 5206 2253 5258 enim
2286 5204 2436 5270 illud,
2479 5203 2620 5273 quod
2661 5202 2908 5268 superius
2942 5205 3119 5259 dixit:
3151 5202 3433 5273 Emergunt

1854 5277 2043 5347 quippe
2067 5291 2129 5329 ex
2153 5275 2377 5347 corvitia,
2410 5290 2543 5347 quia
2562 5274 3081 5347 latebantpet‘uelut
3108 5275 3227 5345 equi
3270 5275 3434 5347 infre-

1858 5343 2120 5409 nes','etc.
2172 5345 2262 5400 Sic
2309 5347 2476 5399 abbas
2519 5344 2755 5399 Joannes
2804 5345 3091 5400 Collat.l9
3148 5343 3268 5412 cap.
3322 5343 3426 5397 ηε

1863 5415 2052 5479 Nosse,
2082 5417 2273 5484 inquit,
2302 5416 2567 5477 debemus,
2591 5415 2728 5483 quod
2769 5416 2813 5469 si
2851 5416 2920 5469 ad
2964 5415 3323 5481 solitudinem,
3358 5413 3435 5468 vel

1858 5488 1927 5540 ad
1951 5487 2127 5542 abdita
2156 5486 2267 5540 loca
2298 5488 2529 5539 nondum
2579 5487 2772 5539 curatis
2808 5486 2941 5540 vitiis
2980 5487 3299 5549 secedamus,
3343 5484 3433 5554 af-

1858 5562 2020 5627 fectus
2049 5574 2226 5612 eorum
2250 5556 2602 5609 tantummodo
2626 5556 2965 5624 reprimatur,
2999 5572 3103 5611 non
3133 5557 3435 5627 exstinguu-

1856 5639 1961 5684 tur.
1982 5629 2187 5701 ,Latitat
2221 5629 2356 5681 enim
2376 5628 2525 5701 intra
2564 5628 2874 5701 nos,‘immo
2906 5629 3059 5682 etiam
3082 5628 3241 5701 serpit
3280 5628 3435 5679 radix

1850 5700 2097 5767 omnium,
2122 5714 2237 5769 qua:
2254 5698 2537 5767 exstirpata
2562 5711 2667 5750 non
2690 5696 2884 5765 fuerat,
2917 5696 3272 5770 peccatorum,
3296 5707 3404 5753 etc.
