3986 6320
542 236 659 306 347

1875 244 2157 305 JOANNIS
2193 242 2508 305 CASSIANI

3684 261 3781 322 sta

548 359 738 416 obrem
773 364 841 417 ad
863 356 1213 433 perfectionis
1241 357 1526 417 dumtaxat
1549 358 1818 418 rationem
1848 376 1956 419 non
1999 363 2137 420 satis
2165 372 2215 430 Α
2243 379 2364 419 mus
2388 363 2637 434 adipisci,
2679 363 2748 422 de
2795 379 2902 437 quo
2940 363 3137 425 dicitur
3168 384 3181 423 :
3212 365 3361 425 Beati
3405 372 3584 428 mimdo
3626 378 3782 448 corde,

557 454 802 525 proderit
845 454 1037 512 abesse
1087 455 1352 522 homines,
1399 454 1454 510 in
1483 470 1625 526 quos
1675 457 1759 512 ira
1807 467 2135 514 moveatur:

560 562 683 604 cum
712 546 759 602 si
787 547 1049 617 patientia
1079 548 1225 618 prius
1265 561 1371 603 non
1405 545 1572 604 fuerit
1600 548 1889 619 acquisita,
1918 557 1945 586 ι
1974 549 2135 605 etiam

558 656 686 713 erga
713 656 802 698 res
825 649 1000 697 mutas
1027 641 1346 711 speciesque
1369 641 1607 698 minutas
1627 643 1869 699 exerceri
1890 640 2139 699 similiter

563 734 860 794 iracundia:
916 735 1087 807 possit
1132 733 1395 802 aﬂ’ectus,
1440 735 1535 808 qui
1585 735 1828 793 residens
1871 736 1927 793 in
1972 735 2141 794 corde

574 840 788 896 nostro,
822 843 922 885 nec
943 828 1125 899 jugem
1157 842 1256 884 nos
1285 828 1563 900 possidere
1594 829 1997 901 tranquillitatis
2032 841 2141 887 stac

573 930 708 992 tum,
739 938 841 980 nec
869 923 1103 979 residuis
1128 923 1275 980 vitiis
1315 938 1502 982 carere
1534 927 1843 995 permittet;
1872 924 1973 981 nisi
2004 924 2143 983 forte

573 1016 627 1073 in
657 1031 724 1073 eo
766 1025 1013 1087 putemus
1058 1018 1512 1075 commotionibus
1556 1021 1760 1075 nostris
1796 1021 2004 1076 lucrum
2044 1020 2144 1077 aii-

562 1106 728 1178 quod,
760 1107 844 1162 vel
874 1106 1171 1165 remedium
1198 1102 1533 1181 comparari,
1563 1111 1706 1184 quod
1742 1110 2146 1168 malcdictioni-

560 1199 661 1255 hns
699 1200 787 1257 vel
816 1201 1109 1258 iracundia:
1155 1212 1385 1271 nostrae,
1430 1202 1653 1261 minime
1695 1220 1785 1261 res
1836 1204 2147 1263 inanimatae

552 1300 827 1363 mutaeque
871 1295 1277 1366 respondeant,
1325 1305 1379 1353 et
1428 1297 1903 1368 intemperantiam
1955 1297 2144 1356 cordis

565 1384 734 1437 nostri
753 1382 820 1439 ad
837 1384 1095 1456 majorem
1120 1402 1456 1459 nequaquam
1471 1398 1773 1460 provocent
1785 1389 2147 1449 exardescere

555 1473 757 1533 furoris
788 1477 1076 1535 insaniam.

1152 1572 1381 1632 CAPUT
1418 1573 1562 1631 XIX.

732 1661 815 1720 De
842 1667 1166 1739 amputanda
1190 1669 1271 1723 ira
1299 1670 1579 1726 secundum
1616 1669 1978 1743 Ecangelium.

2240 457 2484 530 quoniam
2512 458 2613 530 ipsi
2637 455 2804 514 Deum
2827 459 3068 515 uidebunt
3096 460 3313 532 (Matth.
3344 462 3398 535 v)
3428 480 3443 522 :
3474 482 3575 522 non
3618 469 3781 528 solum

2247 567 2278 609 e
2308 552 2516 609 nostris
2544 552 2752 610 actibus
2780 554 2895 610 hac
2925 556 3253 628 amputanda
3286 568 3366 615 est
3386 600 3402 626 ,
3433 560 3525 617 sed
3554 563 3704 619 etiam
3728 566 3787 624 de

2243 646 2476 703 internis
2490 647 2691 703 anima:
2712 648 2966 705 radicitus
2982 651 3344 731 exstirpanda.
3362 650 3476 709 Non
3496 655 3628 710 enim
3648 658 3788 715 valde

2256 740 2500 813 proderit
2527 739 2819 798 iracundia:
2844 743 3112 800 cohibitus
3145 743 3293 801 furor
3333 745 3386 801 in
3414 745 3599 816 verbo,
3625 764 3715 806 nec
3741 751 3788 808 in

2251 832 2503 889 eﬂ'ectum
2549 824 2814 904 prolatus,
2855 834 2899 890 si
2941 835 3089 890 illum
3119 837 3329 892 arcanis
3371 839 3596 909 pectoris
3638 840 3789 898 nostri

2251 923 2418 989 Deus,
2469 939 2630 994 quem
2678 935 2888 982 secreta
2948 940 3056 991 non
3108 926 3279 987 latent
3324 929 3585 998 cordium,
3636 931 3791 990 inesse

2245 1017 2605 1088 perspexerit.
2639 1015 2667 1056 ιι
2694 1017 2922 1073 Radices
2944 1019 3087 1074 enim
3111 1018 3366 1076 vitiorum
3387 1022 3793 1092 potiusexscindi

2222 1109 2496 1180 .prtecipit
2523 1108 2880 1180 Evangelicus
2906 1125 3104 1178 sermo,
3134 1128 3295 1184 quam
3319 1112 3558 1183 fructus;
3584 1116 3670 1186 qui
3695 1131 3798 1186 pro-

2247 1200 2505 1259 culdubio
2533 1202 2734 1261 evulsis
2762 1204 3040 1259 fomitibus
3063 1221 3401 1278 nequaquam
3433 1207 3651 1264 ulterius
3688 1210 3795 1281 pul-

2250 1295 2530 1352 lulabunt:
2578 1309 2739 1369 atque
2789 1297 2860 1351 ita
2908 1312 3059 1354 mens
3090 1300 3289 1370 poterit
3332 1302 3529 1372 jugiter
3571 1302 3622 1357 in
3664 1304 3792 1359 omni

2250 1390 2507 1461 patientia
2539 1399 2594 1445 et
2616 1390 2909 1446 sanctitate
2938 1390 3137 1447 durare
3159 1434 3174 1460 ,
3204 1407 3327 1447 cum
3360 1374 3474 1448 hac
3503 1409 3605 1449 non
3639 1394 3700 1449 de
3722 1408 3800 1450 su-

2255 1481 2475 1553 perﬁcie
2502 1481 2831 1553 operationis
2855 1491 2911 1538 et
2935 1490 3150 1538 actuum
3172 1528 3187 1553 ,
3218 1482 3314 1538 sed
3352 1483 3421 1540 de
3444 1484 3803 1556 cogitationum

2259 1576 2460 1633 fuerint
2494 1577 2678 1637 evulsa
2710 1576 3101 1649 penetralibus.
3132 1577 3198 1634 Et
3225 1577 3351 1634 ideo
3382 1594 3449 1634 ne
3482 1579 3803 1636 homicidium

2256 1677 2627 1741 perpetretur,
2662 1668 2743 1724 ira
2764 1710 2779 1737 ,
2811 1669 3101 1743 odiumque
3129 1671 3442 1741 succiditur,
3485 1672 3598 1728 sine
3626 1671 3800 1744 qudtus

647 1753 984 1830 Quapropter
1008 1760 1053 1815 si
1081 1760 1230 1817 illam
1258 1777 1523 1820 summam
1544 1763 1712 1819 divini
1744 1764 1949 1835 praemii
1990 1763 2144 1835 cupi-
2176 1757 2220 1819 Β
2252 1760 2532 1819 homicidii
2556 1761 2762 1818 crimen
2794 1760 2945 1819 nullo
2972 1761 3134 1819 modo
3176 1763 3375 1822 valebit
3404 1763 3627 1822 admitti.
3655 1775 3677 1804 ε
3702 1763 3792 1834 Qui

1643 1943 1900 2002 ALARDI
1937 1941 2169 2002 GAZJEI
2207 1942 2777 2001 COMMENTARIUS.

633 2135 659 2166 ι
691 2126 803 2183 Hoc
827 2128 1007 2200 ipsum
1037 2129 1314 2200 eleganter
1341 2127 1545 2184 notavit
1575 2127 1638 2183 D.
1666 2124 2020 2200 Augustinus,
2052 2125 2140 2200 his

563 2200 741 2255 verbis
766 2218 781 2254 :
808 2198 951 2255 Iram
981 2200 1111 2256 nihil
1129 2198 1274 2255 aliud
1319 2215 1434 2255 esse
1466 2215 1618 2268 quam
1654 2199 1940 2253 ulciscendi
1964 2198 2143 2252 libidi-

566 2286 682 2341 nem
704 2282 893 2326 veteres
918 2273 1260 2341 deﬁnierunt,
1287 2272 1516 2341 quamvis
1545 2272 1697 2323 homo
1727 2286 2139 2341 nonnumquam,

564 2339 653 2393 ubi
681 2340 922 2398 vindicta:
957 2339 1130 2397 nullus
1171 2353 1245 2398 est
1279 2339 1478 2407 sensus,
1514 2341 1669 2394 etiam
1713 2342 1862 2395 rebus
1901 2339 2143 2395 inanimis

563 2410 848 2483 irascatur;
872 2425 926 2467 ut
956 2412 1091 2467 male
1117 2414 1418 2467 scribentem
1449 2412 1644 2483 stylum
1669 2411 1909 2478 collidat,
1936 2411 2016 2465 vel
2032 2482 2037 2483 γ
2057 2428 2144 2465 ra-

564 2482 761 2537 lamum
784 2487 999 2554 frangat
1024 2486 1212 2539 iratus.
1253 2483 1435 2538 Verum
1476 2482 1524 2538 et
1564 2483 1667 2537 ista
1704 2482 2137 2548 irrationabilior,

564 2565 735 2610 tamen
760 2553 998 2620 autetiam
1026 2556 1309 2611 ulciscendi
1330 2553 1493 2609 libido
1518 2563 1629 2619 est;
1658 2564 1707 2608 et
1729 2554 1904 2608 nescio
1927 2568 2042 2619 (μίας
2060 2557 2144 2615 (ut

565 2625 638 2707 ita
661 2625 923 2707 dixerim)
939 2628 1093 2707 quasi
1130 2625 1337 2707 umbra-
1357 2624 1747 2707 r‘etributionis‘i
1774 2634 1827 2707 ut
1874 2627 1963 2696 qui
2006 2623 2147 2707 male

593 2698 787 2771 'aciunt,
819 2692 963 2771 mala
986 2699 1259 2771 patiantur
1281 2694 1422 2771 (Lib.
1455 2712 1546 2771 xiv
1582 2695 1665 2771 deA
1686 2692 1841 2771 Civit.
1874 2692 1988 2769 cap.
2032 2692 2146 2767 15).

620 2777 639 2823 t
670 2769 722 2822 in
750 2765 1070 2837 epistoia'ad
1100 2768 1410 2823 Nebridium
1441 2783 1457 2826 :
1490 2765 1583 2821 Ira
1604 2807 1619 2832 ,
1652 2765 1825 2837 inquit
1851 2806 1865 2832 ,
1895 2765 2149 2837 quantum

572 2856 689 2895 mea
718 2840 815 2911 fert
849 2840 1060 2912 opinio,
1100 2849 1174 2894 est
1212 2839 1539 2912 turbulentus
1573 2841 1843 2912 appetitus
1879 2837 2151 2912 auferendi

571 2928 632 2966 ea
682 2907 797 2982 qua:
836 2907 1147 2982 facilitatem
1186 2910 1406 2969 actionis
1451 2907 1762 2982 impediunt.
1812 2907 1999 2982 Itaque
2026 2908 2152 2982 pple-

572 2980 787 3052 rumque
813 2980 917 3036 non
946 2982 1240 3037 hominibus
1270 2988 1487 3052 tantum,
1520 2980 1612 3035 sed
1642 2980 1842 3035 calamo
1878 2980 2154 3035 irascimur

2249 2124 2447 2180 inferre
2475 2126 2677 2197 cupiat.
2725 2124 3071 2196 Loquebatur
3117 2128 3259 2184 enim
3311 2129 3572 2188 Dominus
3615 2141 3805 2186 accom-

2249 2197 2467 2252 modate
2502 2201 2567 2252 ad
2596 2198 2969 2263 homicidium,
3004 2199 3074 2256 de
3102 2215 3211 2271 quo
3255 2203 3549 2268 agebatur,
3590 2211 3642 2256 et
3684 2202 3801 2271 iram

2248 2278 2408 2343 vocat
2435 2282 2542 2323 non
2587 2283 2805 2343 omnem
2838 2269 3227 2343 appetitionem
3261 2273 3533 2337 vindictae,
3569 2269 3806 2343 quemad-

2256 2338 2470 2394 modum
2505 2355 2546 2413 Aa
2592 2338 2933 2413 philosophis
2968 2343 3379 2413 delinitur,rsed
3424 2358 3542 2398 eam
3587 2338 3807 2413 proprie,

2291 2428 2368 2465 U.l'
2391 2411 2566 2497 tendit
2582 2410 2649 2465 ad
2675 2411 3021 2497 homicidium
3037 2412 3357 2497 (ιριιιζιιοηιιξε
3374 2414 3424 2468 in
3442 2410 3628 2497 μσςιῆΓ
3642 2430 3746 2497 cap.
3764 2415 3809 2493 ξς

2299 2482 2494 2557 eonard
2514 2481 2684 2557 r_l_.ess.
2740 2481 2833 2540 lib.
2864 2498 2918 2537 Iv
2961 2481 3193 2557 delun.
3224 2501 3269 2537 c.
3301 2483 3383 2557 4).
3412 2484 3629 2557 Agebat
3668 2481 3812 2557 siqui-

2254 2553 2377 2608 dem
2408 2554 2476 2608 de
2512 2554 2606 2607 ille
2636 2564 2907 2624 praecepto
2934 2572 2947 2608 :
2985 2553 3104 2608 Non
3131 2553 3354 2611 occides.
3393 2553 3546 2623 Quod
3577 2565 3633 2611 ut
3659 2554 3810 2624 expli-

2255 2634 2426 2688 caret,
2458 2623 2666 2691 docuit,
2694 2641 2801 2679 non
2822 2623 3000 2683 Solum
3032 2637 3311 2682 externum
3338 2627 3679 2689 homicidium
3706 2623 3811 2680 esse

2258 2707 2559 2768 peccatum
2587 2695 2919 2752 mortiferum
2954 2696 3005 2751 in
3042 2697 3250 2768 judicio
3281 2698 3489 2766 divino,
3535 2697 3628 2754 sed
3671 2695 3814 2751 etiam

2258 2767 2523 2821 occultam
2552 2767 2708 2836 iram,
2740 2782 2841 2836 qua
2874 2768 2996 2838 quis
3029 2767 3257 2838 proximi
3288 2776 3817 2838 mortem,autgrave

2261 2848 2641 2911 nocumentum
2689 2847 2859 2907 optat,
2904 2850 2965 2894 ut
3009 2841 3231 2909 exponit
3263 2841 3333 2894 D.
3362 2842 3595 2896 'l‘homas
3637 2838 3746 2911 (2-2
3770 2852 3816 2908 ᾳ.

2263 2907 2388 2977 158,
2434 2926 2487 2964 a.
2522 2914 2628 2981 δερ
2672 2911 2732 2981 5)
2768 2927 2779 2962 :
2810 2925 2874 2969 ac
2923 2907 3150 2980 proinde
3194 2927 3303 2967 non
3356 2913 3532 2969 solum
3584 2907 3699 2968 eum
3740 2911 3818 2979 qui

2263 2982 2474 3049 reipsa,
2524 2980 2620 3035 sed
2648 2980 2807 3035 etiam
2850 2998 2985 3053 enm
3017 2984 3106 3053 qui
3149 2982 3262 3039 sola
3313 2984 3605 3040 occidisset
3649 2981 3820 3053 volun-

572 3054 625 3107 in
654 3051 943 3117 scribendo,
972 3068 1190 3123 eumque
1215 3051 1540 3117 collidimus,
1571 3063 1725 3124 atque
1753 3052 2042 3124 frangimus
2061 3065 2092 3124 ,ﬁ
2109 3060 2156 3104 et
2184 3053 2231 3117 C
2266 3058 2393 3117 tate,
2429 3066 2579 3124 reutn
2611 3067 2730 3107 esse
2763 3051 3049 3109 homicidii
3074 3054 3215 3124 apud
3258 3055 3458 3122 Deum;
3505 3058 3641 3110 sicut
3680 3051 3819 3124 paulo

574 3124 829 3178 aleatores
861 3122 1109 3189 tesseris,
1126 3134 1175 3177 et
1208 3123 1727 3195 pictoresApentcillo,
1767 3131 1815 3176 et
1854 3122 2048 3195 cuique
2076 3122 2156 3175 in-

574 3204 858 3268 strumento
884 3196 1097 3268 quilibet
1122 3192 1314 3268 eaque
1343 3192 1700 3268 diﬁcultatem
1729 3210 1785 3248 se
1811 3194 1918 3266 pati
1940 3194 2159 3268 arbitra:

580 3276 685 3321 tur.
718 3265 836 3321 Hac
864 3264 1034 3322 autem
1063 3264 1371 3321 assiduitate
1417 3264 1487 3335 [el
1513 3280 1738 3319 crescere
1781 3264 1934 3319 etiam
1971 3264 2158 3318 medici

580 3338 875 3408 afﬁrmant;
912 3347 1168 3393 cremento
1213 3345 1387 3408 autem
1415 3336 1554 3407 fellis
1581 3350 1764 3390 rursus
1793 3346 1840 3408 et
1877 3336 2069 3408 facile,
2096 3351 2158 3408 ac

576 3404 737 3482 prope
766 3411 928 3465 nullis
947 3411 1117 3482 causis
1132 3404 1464 3482 cristattibus
1483 3408 1763 3482 irascimur
1782 3406 1887 3477 (Ad
1911 3405 1963 3460 Ν
1967 3404 2111 3460 ebrid
2119 3444 2157 3472 .,

578 3477 728 3550 epist.
765 3483 909 3549 l3l).
942 3481 1017 3536 lta
1050 3481 1110 3538 S.
1150 3481 1511 3550 Augustinus.
1557 3479 1620 3533 D.
1660 3477 1900 3533 Thomas
1934 3491 2159 3550 causam

581 3545 887 3619 liujnsmodi
918 3555 1011 3607 ira:
1062 3561 1116 3607 et
1156 3545 1537 3607 commotionis
1565 3551 1845 3618 explicans
1877 3566 1889 3602 :
1919 3545 2054 3603 Cum
2101 3550 2155 3601 in

580 3621 802 3696 nomine,
837 3626 1030 3696 inquit.
1066 3624 1133 3681 sit
1164 3631 1223 3677 et
1246 3624 1399 3696 ratio.
1430 3630 1490 3696 _et
1526 3621 1852 3696 imaginatio,
1883 3619 2163 3696 dupliciter

580 3688 859 3766 infhomine
892 3688 1057 3765 potest
1086 3702 1250 3748 motus
1292 3695 1383 3748 ira
1424 3688 1714 3766 insurgere.
1758 3688 1874 3766 Uno
1914 3688 2067 3766 modo
2096 3706 2162 3766 ea:

580 3765 695 3837 sola
721 3760 1084 3837 imaginatione
1112 3767 1385 3837 nuntiante
1414 3760 1675 3837 [tationem
1700 3779 1719 3818 :
1746 3772 1793 3837 et
1823 3760 1896 3816 sic
1938 3762 2163 3837 insurgit

579 3835 768 3908 aliquis
792 3832 956 3891 niotus
989 3839 1080 3892 ira:
1106 3836 1259 3908 etiam
1291 3837 1359 3908 ad
1405 3851 1486 3890 res
1508 3832 1851 3908 irrationales
1894 3842 1945 3888 et
1973 3832 2161 3908 inani-

582 3903 748 3963 matae
779 3908 1057 3963 secundum
1084 3907 1472 3961 similitudinem
1500 3906 1644 3961 illius
1676 3915 1863 3976 motus,
1894 3903 1984 3976 qui
2014 3912 2087 3976 est
2107 3903 2163 3958 in

583 3978 892 4032 animalibus
937 3987 1118 4032 contra
1166 3977 1429 4045 quodlibet
1469 3977 1722 4030 nocivum.
1766 3973 2164 4045 Alio‘modoex

584 4050 785 4103 ratione
833 4051 1101 4104 nuntiante
1129 4043 1386 4102 ltesionem
1421 4062 1438 4104 :
1478 4056 1527 4101 et
1571 4049 1667 4113 sic,
1719 4053 1773 4101 ut
1823 4043 2163 4115 philosOphus

584 4118 710 4192 dicit
742 4120 795 4192 in
824 4135 864 4175 ll
895 4119 1156 4192 Rhetoric.
1177 4124 1330 4192 tcap.
1375 4115 1453 4187 5),
1484 4116 1631 4192 nullo
1662 4116 1814 4170 modo
1852 4124 2018 4185 potest
2056 4129 2167 4192 esse

582 4188 669 4242 ira
691 4190 757 4243 ad
792 4208 871 4245 res
913 4190 1263 4258 insensibiles,
1303 4205 1462 4255 neque
1490 4187 1558 4241 ad
1589 4200 1841 4258 mortuos,
1885 4194 1995 4258 tum
2042 4187 2167 4258 quia

586 4275 691 4315 non
723 4261 919 4329 dolent,
944 4265 1078 4327 quod
1101 4254 1323 4314 maxime
1357 4254 1593 4330 quaerunt
1622 4257 1747 4330 irati
1764 4258 1820 4315 in
1852 4255 1954 4330 eis,
1975 4254 2165 4330 quibus

586 4330 883 4388 irascuntur
907 4325 928 4388 ξ
960 4325 1069 4387 tum
1100 4332 1252 4414 etiam
1281 4325 1401 4416 quia
1427 4346 1529 4384 non
1574 4337 1650 4384 est
1679 4328 1761 4416 ad,
1782 4343 1873 4416 eos)
1908 4325 2158 4416 uindicta,

2261 3133 2388 3177 ante
2409 3123 2640 3189 dixerat,
2677 3138 2785 3196 non
2817 3124 2991 3178 solum
3021 3123 3143 3180 eum
3180 3126 3269 3195 qui
3294 3128 3474 3196 reipsa
3522 3123 3817 3181 adulterium

2264 3196 2515 3265 patravit,
2534 3196 2632 3250 sed
2656 3195 2819 3250 etiam
2833 3196 2922 3265 qui
2948 3205 3160 3264 patrare
3172 3197 3368 3263 voluit,
3384 3195 3679 3252 adulterum
3692 3207 3815 3265 esse.

2263 3262 2426 3335 Atqui
2479 3262 2584 3321 hoc
2628 3267 2790 3322 modo
2842 3262 3017 3338 neque
3060 3262 3360 3336 Christus,
3396 3284 3570 3337 neque
3616 3262 3820 3337 apostoli

2265 3337 2679 3409 ntnqttamLirati
2703 3348 2847 3391 sunt.
2875 3336 3007 3391 Nam
3039 3338 3182 3409 quod
3212 3339 3410 3395 Petrus
3457 3336 3667 3393 videtur
3692 3339 3820 3409 Ana-

2262 3406 2405 3480 niam
2435 3416 2490 3479 et
2518 3406 2818 3480 Sapliyram
2846 3408 3016 3463 iratus
3046 3406 3338 3475 occidisse,
3374 3425 3479 3467 non
3509 3411 3606 3475 ira,
3632 3407 3719 3463 sed
3746 3420 3820 3461 re-

2264 3477 2489 3552 ligione,
2529 3489 2583 3552 et
2622 3477 2741 3552 zelo
2780 3480 3024 3548 justitim,
3066 3496 3240 3552 neque
3288 3492 3349 3537 ut
3391 3482 3552 3537 homo
3583 3482 3818 3552 privatus,

2263 3545 2357 3603 sed
2382 3561 2435 3602 ut
2467 3549 2559 3605 Dei
2604 3545 2869 3617 minister,
2916 3552 3113 3606 iecisse
3141 3545 3451 3609 credendus
3492 3545 3593 3619 cst,
3623 3559 3676 3606 ut
3709 3545 3821 3604 alibi

2263 3620 2626 3691 ostendimus.
2680 3621 2785 3676 Sed
2830 3622 2982 3689 juvat
3038 3623 3126 3678 hic
3164 3625 3221 3679 S.
3274 3623 3542 3681 Thomam
3599 3633 3823 3691 spectare

2266 3689 2474 3771 plenius
2524 3704 2576 3746 et
2616 3693 2923 3771 accuratius
2961 3692 3061 3771 ista
3102 3694 3486 3771 explicantem.
3532 3689 3819 3771 Dicendum,

2266 3759 2438 3837 ὶραυίι
2469 3805 2484 3828 .
2558 3763 2700 3837 quod
2759 3765 2952 3837 gradus
3017 3764 3140 3833 irae,
3174 3759 3337 3837 'quos
3397 3764 3647 3837 Dominus
3694 3759 3823 3837 ponit

2269 3831 2504 3907 (nempe
2556 3831 2797 3891 MatthaEi
2849 3837 3084 3905 quinto)
3123 3831 3231 3890 non
3270 3839 3533 3907 pertinent
3572 3834 3640 3890 ad
3670 3835 3823 3889 direr-

2263 3919 2353 3958 sas
2395 3906 2489 3978 ira:
2533 3907 2724 3978 species
2753 3921 2772 3961 :
2797 3906 2887 3978 sed
2932 3906 3589 3978 accipiuntursecundum
3636 3918 3823 3978 proces-

2265 3990 2379 4028 sum
2402 3974 2830 4050 _Itumani_actus;
2859 3977 2912 4030 in
2940 3974 3139 4050 quibus
3162 3979 3328 4042 primo
3368 3979 3572 4050 aliquid
3598 3974 3650 4032 in
3685 3974 3820 4050 corde

2265 4046 2574 4119 concipitur.
2608 4046 2685 4119 Et
2733 4058 2981 4119 quantunt
3022 4048 3089 4103 ad
3118 4047 3218 4102 hac
3256 4050 3385 4105 dicit
3421 4046 3569 4119 :Oui
3608 4047 3825 4103 irascitur

2267 4115 2561 4194 fratristto.
2592 4115 2891 4194 Secundum
2915 4128 3214 4194 autemest,
3245 4137 3363 4194 cum
3385 4137 3478 4194 per
3506 4118 3679 4190 aliqua
3696 4120 3825 4186 signa

2266 4190 2523 4242 exteriora
2554 4191 2915 4259 manifestatur
2944 4191 3190 4258 exterius,
3222 4190 3679 4259 etiam'antequam
3714 4202 3824 4259 pro:

2268 4270 2473 4331 rumpat
2514 4263 2569 4314 in
2605 4256 2872 4331 effectum,
2916 4270 2962 4313 et
3000 4256 3250 4331 quantum
3289 4263 3361 4319 ad
3405 4263 3501 4319 hoc
3543 4256 3670 4315 dicit
3695 4256 3825 4324 {Qui

2269 4329 2455 4405 dixerit
2478 4334 2626 4405 fratri
2648 4349 2763 4405 suo,
2792 4329 3167 4405 Racha,‘quod
3194 4345 3267 4389 est
3293 4334 3588 4405 interjectio
3615 4333 3825 4386 irascen-

587 4418 939 4494 cunt-eorum
984 4420 1086 4460 non
1122 4404 1189 4459 sit
1231 4395 1484 4475 injuriam
1523 4406 1693 4472 facere
1741 4397 1876 4469 (1-2
1914 4414 1968 4469 q.
2024 4395 2124 4454 M6
2148 4437 2163 4463 ,
2196 4433 2251 4494 Β
2275 4395 2595 4494 ιίι..’1ἰὲιίιίε
2621 4403 2818 4494 q‘radus
2844 4413 2936 4469 est,
2960 4395 3174 4494 quando
3197 4395 3462 4494 incoatum
3483 4406 3694 4494 interius
3712 4416 3820 4482 can-

588 4484 689 4532 art.

664 4544 690 4585 δ
774 4568 799 4601 ει

664 4544 690 4585 δ
719 4544 909 4605 Matth.
942 4562 999 4604 nt
1029 4556 1083 4602 et

2275 4481 2478 4544 ceptum
2505 4474 2574 4528 ad
2597 4471 2833 4544 effectum
2855 4471 3171 4547 perducitur.
3197 4471 3294 4531 Est
3316 4488 3492 4533 autem
3519 4476 3723 4547 e/fectus
3749 4471 3828 4524 ira

1125 4545 1286 4602 Lucae
1326 4560 1385 4601 tu
1419 4561 1431 4596 :
1463 4542 1586 4597 Iam
1626 4542 1818 4598 securis
1848 4539 1916 4596 ad
1942 4539 2173 4596 radicem
2276 4539 2651 4603 nocumentuni
2677 4539 2892 4601 alterius
2923 4548 3016 4601 sub
3046 4547 3246 4601 ratione
3276 4539 3827 4603 uindictatillinimum

590 4617 852 4687 arborum,
890 4622 971 4674 vel
1021 4617 1249 4683 arboris,
1297 4617 1468 4689 posita
1510 4622 1606 4689 est.
1666 4612 1747 4669 Ad
1800 4613 1948 4689 hunc
1990 4611 2170 4689 locum
2273 4628 2442 4673 autem
2475 4626 3003 4689 nocumentorumest,
3027 4618 3162 4683 quod
3188 4618 3247 4688 fit
3277 4621 3388 4674 solo
3413 4617 3587 4674 uerbo.
3622 4615 3699 4689 Et
3722 4612 3827 4667 ideo

592 4684 846 4758 spectare
889 4690 1100 4746 videtur
1145 4684 1355 4752 auctor,
1407 4687 1711 4753 moraliter,
1760 4694 1826 4758 ut
1872 4685 2045 4750 solet,
2099 4684 2172 4758 ad

592 4754 749 4815 situm
806 4764 1139 4831 propositum
1186 4758 1600 4815 accommodans
1642 4774 1661 4831 _:
1716 4756 1988 4831 radicem_
2024 4754 2168 4811 enim

592 4842 749 4886 vocat
774 4825 922 4888 iram'
942 4834 1230 4899 internum,
1253 4841 1307 4886 et
1330 4830 1381 4885 in
1404 4840 1621 4900 pectore
1642 4828 1897 4884 latentem
1920 4844 1933 4880 :
1963 4825 2169 4883 fructus

591 4917 725 4958 vero
751 4901 868 4972 ejus
898 4914 1049 4959 actus
1078 4902 1241 4957 verbo
1268 4914 1323 4958 et
1352 4915 1515 4970 opere
1541 4900 1888 4971 prodeuntes.

666 4983 688 5013 ε
721 4968 908 5030 Hortis
934 4972 1177 5038 aeternae,
1208 4982 1269 5028 ut
1312 4968 1501 5028 omnes
1541 4968 1991 5042 interpretantur.
2034 4968 2166 5025 Nam

593 5060 742 5111 rens,
773 5047 889 5103 sive
915 5048 1183 5103 obnoxius
1220 5043 1427 5113 judicio
1453 5044 1697 5099 Hebraeis
1741 5043 2040 5106 dicebatur,
2071 5042 2166 5111 qui

593 5127 768 5188 morte
789 5119 982 5188 dignus
1003 5124 1139 5172 erat.
1161 5119 1230 5188 At
1254 5115 1330 5170 illi
1358 5115 1427 5171 de
1443 5124 1615 5188 morte
1635 5113 2167 5185 corporis,Christus

594 5187 662 5242 de
710 5186 884 5245 m‘orte
927 5192 1119 5244 animm
1157 5187 1496 5256 loquebatur.
1545 5186 1742 5240 Verum
1783 5193 2169 5256 cumiconstet

597 5274 704 5314 non
734 5274 950 5317 omnem
981 5261 1115 5315 iram
1152 5255 1276 5314 essie
1325 5267 1625 5324 peccatum,
1651 5265 1708 5311 et
1758 5264 1864 5310 tam
1911 5255 2163 5310 Christus

596 5329 731 5398 ipse,
762 5347 921 5399 quam
961 5329 1273 5399 apostoli.et
1300 5323 1387 5382 alii
1420 5328 1519 5383 viri
1560 5326 1735 5381 sancti
1769 5326 1894 5381 irati
1934 5323 2164 5399 subinde

597 5396 761 5457 luisse
781 5396 1399 5469 legsntuh'ut'superius
1424 5406 1698 5454 ostensum
1714 5408 1795 5453 est
1815 5414 1830 5462 ;
1853 5411 1981 5452 sana
2004 5396 2163 5463 hujus

594 5468 880 5544 sementim
905 5474 1197 5544 requiritur
1218 5468 1582 5542 intelligentia
1613 5485 1626 5521 :
1662 5483 1767 5544 non
1789 5468 1934 5544 enim
1960 5470 2159 5544 omnis,

594 5541 686 5608 qtti
718 5538 1125 5607 quomodolibet
1170 5538 1443 5610 irascitur,
1486 5548 1579 5597 aut
1617 5541 1712 5610 qui
1756 5540 1916 5594 alium
1959 5538 2158 5607 levem,

593 5622 689 5694 aut
708 5611 909 5694 fatuum
933 5617 1188 5694 appellat,
1211 5616 1467 5694 continuo
1491 5614 1811 5694 damnatur;
1843 5610 1939 5694 sed
1968 5611 2057 5680 qui
2087 5611 2159 5666 ita

594 5682 865 5753 irascitur,
890 5696 945 5743 et
970 5682 1063 5743 ita
1095 5688 1350 5758 appellat,
1384 5697 1441 5743 ut
1485 5694 1712 5758 mortem
1744 5684 1824 5749 ei,
1859 5682 1943 5739 vel
1972 5698 2160 5752 quatu-

593 5768 821 5819 cumotte
841 5772 1060 5828 gravem
1090 5757 1388 5827 laesionem,
1433 5757 1546 5817 sive
1583 5757 1833 5827 injuriam
1862 5765 2031 5830 optet,
2068 5762 2162 5812 aut

2309 4702 2525 4761 stantum
2553 4690 2622 4743 ad
2644 4687 2741 4744 hoc
2771 4688 2893 4761 dicit
2920 4705 2935 4740 :
2964 4684 3064 4753 Qui
3094 4684 3281 4744 dixerit
3318 4690 3475 4761 fratri
3503 4706 3618 4753 suo,
3652 4684 3824 4740 Fatue.

2324 4761 2436 4815 tsic
2473 4770 2612 4832 patet
2650 4760 2786 4828 quod
2826 4761 3107 4832 secundum
3149 4761 3293 4814 addit
3318 4778 3482 4829 supra
3521 4761 3759 4832 primum,
3786 4761 3828 4807 et

2271 4829 2483 4903 tertium
2500 4849 2661 4902 supra
2682 4842 2966 4899 utrumque.
3000 4829 3213 4903 (indesi
3232 4832 3460 4903 primum
3481 4829 3827 4903 estpeccatum

2271 4895 2734 4971 mortalein'casu,
2775 4905 2829 4954 in
2863 4895 2971 4974 quo
3010 4895 3262 4975 Dominus
3291 4904 3520 4973 loquitur
3548 4895 3685 4975 (cum
3724 4895 3827 4967 quis

2269 4975 2414 5047 scil.)
2455 4977 2646 5046 appetit
2696 4975 2921 5047 proximi
2961 4973 3287 5040 occisionem,
3316 4987 3427 5047 aut
3470 4973 3829 5047 quamcumque

2269 5035 2498 5117 gravem.
2524 5035 2786 5102 lwsioriem
2830 5046 2938 5117 (ut_
2957 5047 3062 5117 ipse
3111 5035 3345 5117 exposuit
3402 5035 3508 5100 art'.
3556 5042 3612 5106 '5,
3652 5042 3716 5094 ad
3751 5035 3825 5103 2).

2270 5113 2429 5174 inulto
2457 5120 2621 5190 magis
2640 5119 2708 5171 ad
2738 5113 2864 5190 alia.
2894 5113 2959 5170 Et
2976 5113 3099 5190 ideo
3124 5113 3343 5190 singulis
3370 5131 3551 5190 eorum
3579 5119 3825 5190 ponuntur

2267 5183 2722 5264 c‘orrespon'dentia
2743 5183 3237 5264 aliquapertinentia
3255 5187 3322 5240 ad
3335 5183 3825 5264 condemnationem:

2270 5261 2378 5317 Sed
2404 5258 2458 5318 in
2483 5266 2649 5334 primo
2670 5263 2883 5334 ponitur
2897 5258 3177 5334 judicium,
3205 5258 3344 5334 quod
3371 5258 3539 5334 minus
3564 5265 3641 5310 est
3671 5269 3689 5307 :
3716 5260 3828 5334 quia

2267 5343 2322 5406 ut
2346 5317 2815 5406 Augustinus'dicit
2830 5317 2972 5406 (Lib.
2991 5334 3061 5406 de
3075 5317 3192 5406 Ser.
3217 5317 3373 5406 Dem.
3397 5329 3453 5382 in
3467 5337 3693 5406 montec.
3717 5317 3825 5406 lii),

2265 5404 2321 5457 in
2341 5390 2548 5479 judicio
2576 5390 3088 5479 adhucde‘fensionis
3109 5403 3262 5479 locus
3292 5402 3469 5479 datur.
3504 5396 3570 5452 In
3617 5390 3830 5479 secundo

2263 5466 2381 5531 uer'o
2410 5478 2551 5549 ponit
2582 5466 2874 5549 consilium,
2892 5475 2959 5549 in
2980 5488 3080 5544 quo
3092 5473 3298 5549 judices
3320 5473 3453 5549 inter
3476 5485 3533 5524 se
3551 5466 3829 5549 conferunt.

2263 5563 2366 5618 quo
2386 5535 2644 5620 s'upplicio
2665 5535 2902 5607 damnari
2930 5535 3183 5620 oporteat.
3217 5542 3286 5620 In
3311 5543 3465 5620 tertio
3488 5535 3833 5620 pyrgum:

2264 5612 2385 5675 nant
2414 5612 2567 5690 iqnis,
2592 5630 2710 5689 qum
2744 5628 2818 5672 est
2838 5612 2998 5690 certa»
3021 5617 3313 5672 damnatio.
3345 5613 3475 5673 liae
3516 5612 3579 5669 ὃ.
3609 5612 3835 5665 nomn

2263 5690 2387 5765 (2-2
2412 5688 2463 5763 q.
2491 5688 2617 5762 l58,
2642 5696 2747 5747 art.
2777 5690 2832 5759 ὅ,
2856 5689 2925 5744 ad
2952 5688 3033 5760 ὅ).
