3986 6320
216 468 310 523 odit
338 466 552 536 fratrem
579 483 756 537 suum,
789 467 1051 522 homicida
1091 479 1166 524 est
1197 469 1444 541 (Matt/2.,
1476 489 1529 538 v,
1564 472 1585 528 l
1621 473 1783 530 Joan.

217 561 322 631 tu);
351 561 404 616 in
435 575 504 618 eo
531 561 745 617 scilicet
771 561 915 632 quod
947 577 1073 619 eum
1108 565 1272 620 corde
1308 566 1490 636 cupiat
1534 567 1784 638 interire,

215 654 351 724 cujus
375 667 628 710 cruorem
658 654 877 726 propria
907 670 1093 722 manu,
1122 658 1206 714 vel
1235 657 1346 714 telo
1370 659 1513 728 apud
1539 660 1789 720 homines

215 750 419 807 minime
462 749 676 808 fudisse
714 751 1084 820 cognoscitur,
1126 752 1324 809 affectu
1373 754 1471 810 irae
1514 754 1787 812 homicida

214 841 583 914 pronuntiatur
607 857 637 898 a
664 842 898 900 Domino
928 859 944 899 :
976 845 1068 915 qui
1089 843 1213 902 'non
1244 845 1422 902 solum
1452 862 1551 916 pro
1594 863 1785 920 cpera-

217 933 359 990 tionis
388 933 610 1002 effectu,
641 933 740 990 sed
770 935 934 994 etiam
962 951 1062 1007 pro
1091 937 1387 994 voluntatis
1414 954 1477 995 ac
1499 940 1612 995 voti
1635 940 1788 997 desi-

214 1024 368 1092 derio,
398 1027 698 1099 unicuique
724 1035 819 1084 aut
857 1030 1140 1099 praemium
1170 1031 1391 1099 reddet,
1419 1043 1511 1088 aut
1544 1048 1782 1103 poenam,

215 1119 493 1176 secundum
530 1121 663 1177 illud
707 1123 851 1192 quod
877 1123 991 1193 ipse
1023 1124 1262 1194 loquitur
1288 1141 1384 1196 per
1415 1127 1733 1196 prophetam
1770 1147 1781 1182 :

215 1210 239 1250 δ
255 1210 361 1282 Ego
381 1223 560 1270 autem
581 1229 743 1283 Opera
769 1230 944 1271 eorum
961 1225 1011 1269 et
1027 1218 1364 1288 cogitationes
1381 1233 1557 1273 eorum
1573 1218 1719 1274 venio
1732 1228 1790 1274 ut

213 1321 496 1379 congregem
507 1323 627 1364 cum
639 1310 872 1364 omnibus
899 1310 1136 1383 gentibus
1157 1319 1208 1367 et
1233 1313 1426 1382 linguis
1454 1312 1591 1384 (Isa.
1616 1313 1784 1387 uri).

212 1397 274 1454 Et
292 1398 583 1467 Apostolus
614 1419 626 1456 :
669 1411 692 1441 ο
719 1399 869 1457 Inter
895 1420 949 1458 se
970 1403 1187 1460 invicem
1211 1405 1611 1476 cogitationibus
1633 1422 1790 1462 accu-

842 254 933 313 DE
969 256 1449 317 CENOBIORUM
1487 259 1730 320 INSTIT.
1774 263 1907 322 LIB.
1948 264 2084 324 VIII.
2124 296 2197 310 —
2237 267 2326 326 DE
2365 270 2639 332 SPlRlTU
2677 274 2839 335 "UE.

217 373 432 430 irascitur
454 370 607 430 enim
635 373 794 446 fratri
839 390 956 439 suo,
999 393 1115 430 rcus
1149 378 1246 430 erit
1285 377 1489 450 judicio
1517 396 1536 433 :
1569 389 1620 433 et
1646 388 1671 418 α
1699 381 1788 448 qui
1817 385 1870 444 Α
2020 384 2022 386 ’

3372 282 3481 343 350

2500 389 2727 448 CAPUT
2764 391 2883 448 XX.

1890 496 2065 580 In‘eo
2093 500 2232 580 quod
2275 500 2332 555 in
2362 501 2641 574 Evangelia
2668 506 2918 580 scriptum
2955 513 3072 580 est,
3114 508 3205 580 qui
3236 510 3483 571 irascitur

1961 571 2117 654 fratri
2149 589 2278 654 suo,
2312 583 2435 637 etc.,
2481 571 2653 630 utrum
2698 571 3066 646 recipiendum
3081 571 3177 648 sit,
3205 583 3346 654 quod
3382 585 3484 639 ad-

1951 641 2150 715 jectum
2178 641 2286 712 est,
2327 660 2444 700 SINE
2472 661 2664 703 causa.

1963 755 2253 812 Sciendum
2277 765 2459 812 tamen
2481 757 2535 812 in
2567 773 2654 827 eo,
2676 757 2822 830 quod
2850 759 2904 816 in
2935 760 3259 832 quibusdam
3288 779 3480 822 exem-

1889 847 2135 918 plaribus
2164 847 2458 914 invenitur,
2486 853 2573 918 qui
2601 849 2855 906 irascitur
2875 850 3032 908 fratri
3058 867 3158 908 suo
3172 857 3282 911 sine
3302 873 3480 924 causa,

1890 955 2016 996 reus
2045 940 2147 998 erit
2167 940 2395 1010 judicio,
2425 939 2454 978 ἀ
2483 942 2815 1012 superﬂuum
2855 960 3009 1016 esse,
3040 948 3152 1004 sine
3182 964 3373 1019 causa,
3418 960 3475 1006 et

1891 1034 2161 1105 adjectum
2187 1050 2310 1092 esse
2329 1035 2398 1092 ab
2416 1036 2502 1092 his
2520 1037 2608 1108 qui
2631 1039 3013 1109 amputandam
3036 1041 3171 1096 iram
3200 1058 3297 1109 pro
3318 1043 3482 1113 justis
3541 1085 3547 1090 ι

1890 1128 2066 1182 causis
2093 1128 2313 1184 minime
2336 1137 2681 1199 putaverunt,
2701 1139 2724 1168 ο
2749 1147 2871 1187 cum
2889 1133 3072 1204 utique
3098 1135 3274 1189 nullus
3294 1151 3484 1206 quam-

1891 1219 2024 1276 libet
2052 1222 2259 1292 absque
2289 1223 2502 1278 ratione
2531 1233 2871 1294 commotus,
2910 1226 3030 1281 sine
3064 1242 3225 1283 causa
3258 1227 3399 1283 dicat
3426 1243 3486 1285 se

1895 1311 2074 1367 irasci.
2103 1313 2464 1380 Quamobrem
2496 1326 2720 1386 apparet
2751 1317 2818 1371 ab
2846 1319 2923 1372 eis
2955 1318 3221 1388 adjectum
3248 1322 3337 1390 qui
3362 1337 3486 1392 pro-

1893 1404 2129 1474 positum
2160 1420 2267 1460 non
2291 1406 2680 1462 intellexerunt
2728 1406 3024 1478 Scripturae
3052 1409 3286 1465 volentis
3323 1411 3485 1467 fomi-

209 1493 458 1561 santibus,
483 1503 573 1548 aut
601 1496 756 1550 etiam
781 1497 1198 1568 defendentibus,
1229 1499 1284 1553 in
1306 1499 1392 1554 die
1413 1516 1519 1571 qua
1529 1498 1791 1572 judicabit

211 1582 334 1640 Deus
356 1586 569 1642 occulta
590 1586 864 1644 hominum
893 1589 1070 1663 (Rom.
1101 1590 1185 1662 ιι).

1893 1503 2000 1550 tem
2034 1496 2326 1552 iracundiae
2357 1498 2685 1553 omnimodis
2715 1510 3016 1568 amputare,
3049 1501 3364 1575 nullamque
3391 1505 3480 1559 in-

1893 1587 2218 1659 dignationis
2251 1589 2596 1647 occasionem
2647 1593 2863 1661 penitus
2893 1607 3205 1660 reservare;
3246 1611 3314 1652 ne
3353 1595 3483 1652 dum

1264 1726 1521 1785 ALARDI
1562 1723 1797 1784 GAZEI
1836 1722 2401 1781 COMMENTARIUS.

269 1824 293 1893 ξ
321 1816 449 1873 Haec
473 1820 741 1893 sententia
768 1819 1128 1890 praecedentis
1154 1821 1443 1893 explicatio
1473 1830 1574 1877 est.
1622 1820 1768 1877 idem
1803 1819 1852 1881 B
1878 1818 2124 1893 pra’betje,
2157 1818 2619 1893 inimicosttoslros
2649 1834 2843 1893 amare,
2892 1828 2939 1873 et
2977 1836 3125 1893 orare
3165 1838 3263 1891 pro
3307 1838 3477 1890 perse-

210 1889 332 1945 enim
363 1898 452 1943 est
481 1889 644 1944 irasci
675 1889 828 1946 fratri
859 1907 980 1958 suo,
1006 1894 1058 1945 in
1090 1893 1200 1948 illis
1229 1889 1412 1948 verbis
1433 1893 1764 1956 Salvatoris,
1877 1889 2172 1959 quentibus,
2203 1891 2368 1943 omnis
2396 1891 2489 1944 iris
2509 1891 2712 1944 occasio
2741 1891 2961 1946 tollitur.
2989 1891 3098 1946 Nec
3121 1889 3263 1947 enim
3288 1894 3482 1950 immu-

209 1975 262 2015 sc
298 1960 481 2034 odisse
521 1961 741 2034 fratrem
787 1979 968 2028 suum,
997 1966 1147 2030 juxta
1195 1976 1431 2020 mentem
1483 1964 1768 2033 Apostoli:
1879 1963 1964 2034 nis
1984 1970 2393 2034 estarpcccato,
2440 1963 2722 2034 quietiam
2756 1962 2824 2015 ab
2870 1962 2978 2014 alio
3005 1963 3167 2034 laesus
3193 1975 3244 2018 et
3278 1964 3475 2034 injuria

209 2046 313 2086 cum
341 2033 466 2101 quis
493 2033 706 2088 scilicet
736 2034 805 2087 ita
849 2035 1119 2100 irascitur,
1156 2045 1212 2089 ut
1259 2053 1375 2090 eum
1406 2031 1563 2089 corde
1591 2037 1773 2103 cupiat
1879 2031 2104 2086 affectus
2137 2031 2408 2086 irascitur.
2439 2031 2571 2086 Nam
2604 2034 2761 2086 sicuti
2795 2034 2995 2087 nemini
3031 2033 3176 2103 justa
3216 2037 3283 2090 de
3317 2031 3479 2094 causa

209 2103 424 2170 interire,
456 2111 514 2155 ut
542 2105 632 2158 hic
653 2103 728 2157 ait
752 2105 1064 2169 Cassianus,
1096 2106 1198 2161 hoc
1223 2117 1329 2170 est,
1365 2118 1421 2160 ut
1453 2119 1681 2161 mortem
1718 2107 1768 2161 ei
1879 2104 2000 2157 livet
2028 2103 2229 2171 privata
2257 2104 2578 2158 auctoritate
2600 2104 2906 2172 quempiam
2955 2105 3232 2171 occidere,
3269 2108 3339 2161 ita
3373 2123 3472 2163 ne-

209 2180 356 2241 optet.
386 2173 537 2247 Talis
561 2176 706 2247 enim
737 2177 877 2232 haud
923 2176 1083 2230 dubie
1111 2179 1252 2247 apud
1305 2179 1471 2233 Deum
1501 2177 1772 2232 homicida
1880 2175 2010 2247 mini
2057 2174 2196 2247 justa
2227 2174 2293 2247 de
2326 2190 2486 2229 causa
2519 2175 2644 2247 licet
2692 2175 2883 2247 irasci;
2914 2175 2992 2247 sic
3023 2176 3274 2247 nimirum
3307 2187 3363 2232 ut
3389 2179 3470 2233 al-

1880 2245 1979 2298 teri
2014 2245 2153 2318 male
2185 2245 2436 2313 velimus,
2473 2253 2584 2318 aut
2631 2245 2891 2318 injuriam‘
2929 2246 3280 2314 ulciscamur,
3327 2250 3474 2318 quod

1876 2326 1962 2370 est
1989 2315 2187 2368 malum
2236 2331 2334 2385 pro
2381 2315 2524 2370 malo
2552 2315 2800 2371 reddere.
2849 2315 2957 2371 Nec
2991 2318 3173 2372 obstat
3199 2315 3472 2387 quod'ali-

1883 2387 2100 2456 quando
2131 2387 2250 2441 sine
2283 2399 2504 2454 peccato
2532 2387 2653 2455 quis
2677 2387 2832 2441 alteri
2866 2388 3157 2453 irascatur;
3191 2401 3282 2443 aut
3305 2392 3467 2445 etiam

1878 2457 2070 2523 racha,
2104 2457 2187 2511 vel
2213 2456 2379 2519 fatue,
2408 2458 2570 2512 dicat.
2603 2458 2839 2512 Primum
2867 2457 3013 2512 enim
3043 2473 3149 2514 non
3181 2461 3469 2527 prohiben-

1881 2537 1966 2581 tur
1999 2528 2088 2582 hic
2129 2529 2289 2596 primi
2333 2528 2628 2583 iracundia:
2675 2537 2876 2594 motus,
2911 2531 3001 2598 qui
3046 2530 3098 2584 in
3147 2544 3329 2586 ltOSll‘a
3363 2548 3471 2588 non

1877 2610 2002 2671 sunt
2027 2607 2327 2667 potestate:
2353 2599 2447 2654 sed
2469 2601 2544 2653 ira
2571 2600 2866 2654 deliberata
2890 2611 2944 2654 et
2965 2602 3226 2671 perfecta,
3254 2604 3338 2656 cui
3364 2604 3471 2659 sci-

1878 2669 2005 2724 liCet
2033 2685 2330 2725 consensus
2367 2671 2597 2725 accedit.
2630 2671 2830 2726 Deinde
2876 2669 2977 2726 nec
3007 2671 3317 2738 hujusmodi
3360 2677 3466 2740 ira,

1875 2756 1980 2809 qua
2013 2741 2130 2808 quis
2158 2741 2392 2796 hominis
2419 2742 2548 2796 vitio
2592 2743 2841 2796 irascitur
2891 2751 2983 2796 aut
3026 2741 3350 2808 offenditur;
3401 2745 3468 2798 ad

1875 2813 2017 2882 quod
2045 2813 2426 2867 insinuandum
2450 2813 2668 2882 quidam
2693 2814 2896 2867 dictum
2923 2821 3142 2880 putant:
3165 2814 3268 2881 Qui
3291 2816 3474 2870 irasci-

1877 2893 1961 2937 tur
1982 2884 2133 2953 fratri
2155 2899 2269 2949 suo,
2305 2884 2407 2939 hoc
2426 2893 2528 2949 est,
2554 2900 2660 2938 non
2678 2884 2808 2938 vitio
2831 2883 3078 2950 hominis,
3110 2887 3204 2939 sed
3240 2886 3473 2952 homini;

1876 2970 2056 3024 quem,
2086 2955 2207 3024 quia
2237 2955 2404 3009 frater
2432 2966 2535 3020 est,
2568 2954 2807 3010 fraterne
2837 2955 3063 3024 diligere
3083 2956 3274 3020 debet;
3306 2965 3362 3011 ut
3389 2956 3472 3012 in-

1877 3026 2184 3094 telligamus
2230 3026 2531 3096 Dominum
2560 3026 2700 3096 loqui
2751 3026 2819 3081 de
2847 3026 2922 3081 ira
2952 3043 3071 3091 quae
3103 3037 3302 3096 pugnat
3345 3043 3469 3082 cum

209 3093 529 3168 cogitationes
563 3115 693 3163 suae,
737 3099 946 3166 quando
983 3100 1241 3168 judicabit
1270 3101 1522 3153 Dominus
1561 3100 1773 3152 abscon-
1877 3093 2167 3151 dilectione
2197 3096 2453 3151 fraterna.
2489 3093 2644 3152 Unde
2681 3097 2743 3168 ιι.
2777 3093 3278 3168 Αιιειιειίηιιεμὶὺ.
3317 3114 3334 3152 ι
3365 3099 3470 3154 Re-

211 3119 529 3168 cogitanones
563 3119 693 3163 sure,
737 3119 946 3166 quanao
1017 3119 1241 3154 uaicuoit
1270 3119 1522 3153 uommus
1561 3119 1773 3152 noscan-
1877 3119 2167 3151 uirecuune
2198 3119 2453 3151 iraterna.
2492 3119 2644 3152 unue
2681 3119 2743 3150 υ.
2777 3119 3108 3167 nugusunus
3138 3119 3278 3168 (uo.
3317 3119 3333 3152 ι
3365 3119 3470 3154 rte-

211 3167 618 3241 ditoihominum,
651 3171 933 3223 secundum
959 3119 1300 3241 Eivangelium
1319 3169 1446 3224 Jesu
1467 3169 1692 3232 Christi;
1715 3179 1770 3223 ut
1802 3207 1844 3241 ρ
1880 3177 2087 3241 tractat.
2115 3183 2160 3241 c.
2189 3169 2354 3241 i9,“
2385 3169 2581 3222 lib.nv
2601 3169 2664 3222 de
2693 3166 2847 3223 Ciuit.
2891 3185 2938 3241 cf.
2973 3169 3028 3240 9)
3061 3179 3243 3224 monet
3272 3170 3475 3225 intuen-

1802 3207 1845 3268 ρ
1880 3207 2012 3292 dum
2033 3240 2159 3306 quid
2182 3207 2430 3294 sil’irasci
2441 3241 2610 3379 lustri
2629 3255 2742 3302 suo,
2775 3207 3027 3322 quoniam,
3065 3256 3168 3293 non
3200 3241 3348 3310 fratri
3370 3243 3475 3296 ira-

212 3317 321 3363 tur:
367 3309 604 3365 Invicem
647 3313 1042 3379 cogitationibus
1085 3313 1442 3368 accusantibus
1484 3323 1532 3366 et
1570 3314 1779 3379 satisfa-
1884 3311 2044 3364 scitur
2071 3309 2156 3379 qui
2193 3318 2400 3378 peccato
2464 3312 2617 3364 ratris
2643 3312 2905 3364 irascitur.
2954 3308 3023 3364 Et
3070 3311 3195 3364 alibi
3229 3330 3242 3364 :
3276 3310 3443 3366 Irasci
3457 3354 3473 3376 ,

212 3309 604 3383 turglnvicem
647 3313 1042 3383 cogitationibus
1085 3309 1442 3383 accusantibus
1484 3323 1532 3366 et
1570 3314 1779 3383 satisfa-
1884 3311 2044 3383 scitur
2071 3309 2162 3383 qui
2193 3318 2400 3378 peccato

211 3381 448 3453 cientibus
479 3383 532 3434 in
564 3382 648 3436 die
672 3381 775 3452 qua
807 3384 1063 3453 judicabit
1094 3381 1234 3437 Deus
1280 3383 1582 3440 abscondita
1619 3381 1783 3440 Itami-

212 3464 318 3503 num
343 3452 523 3520 (Rom.
574 3468 632 3518 tt,
666 3455 741 3523 7),
775 3452 828 3506 ut
859 3455 1198 3524 cogitationes
1242 3467 1430 3509 nostra:
1469 3471 1644 3508 omnes
1681 3471 1780 3508 uno

211 3527 416 3592 tempore
438 3534 764 3593 congregatio
777 3527 978 3598 justum
1003 3525 1244 3580 Judicem
1273 3527 1514 3598 probent,
1542 3527 1664 3579 dum
1690 3534 1781 3579 aut

211 3603 399 3666 accusat
429 3611 526 3647 nos
569 3607 745 3648 nostra
786 3597 1117 3663 conscientia,
1151 3608 1239 3650 aut
1275 3597 1534 3666 satisfacit
1567 3613 1660 3666 pro
1692 3598 1781 3654 dc-

213 3661 337 3730 licto,
370 3674 554 3718 utrum
597 3667 752 3737 plura
785 3666 886 3719 sint
934 3661 1144 3736 peccata
1167 3708 1182 3732 ,
1217 3685 1284 3722 an
1324 3661 1460 3721 bona
1507 3661 1697 3734 opera;
1735 3677 1781 3721 et

212 3743 364 3809 utrum
391 3745 591 3809 vetera,
616 3752 872 3809 annona;
900 3747 946 3791 et
970 3747 1142 3791 utrum
1167 3739 1334 3794 deleta
1359 3739 1680 3809 panitentia,
1707 3755 1777 3792 an

212 3806 337 3860 novis
364 3806 647 3861 sceleribus
675 3808 986 3862 instaurata.

275 3886 296 3915 ε
326 3877 405 3931 Ita
435 3876 648 3947 vulgata
678 3875 843 3932 editio
873 3877 1177 3934 emendata.
1209 3878 1427 3935 Veteres
1474 3887 1654 3936 autem
1703 3879 1780 3934 le-

209 3957 331 4024 gunt
355 3951 408 4002 in
441 3951 682 4018 genitivo
711 3968 723 4004 :
754 3947 901 4024 Inter
919 3966 972 4003 se
997 3951 1208 4004 invicem
1231 3952 1602 4024 cogitationum
1623 3967 1779 4024 accu-

211 4020 446 4092 santium,
480 4030 612 4082 etc.,
659 4035 809 4075 more
851 4019 1186 4092 Graecorum,
1223 4019 1312 4092 qui
1363 4021 1612 4092 genitivis
1665 4023 1782 4076 loco

209 4089 560 4162 sbtativorum
585 4099 828 4153 utuntur,
859 4091 1001 4162 quod
1037 4089 1287 4146 ablativis
1324 4089 1564 4147 careant.
1603 4093 1770 4146 Porro

213 4161 566 4214 accusantibus
587 4169 639 4215 et
660 4161 1045 4232 defendentibus
1071 4163 1329 4218 vocabula
1355 4172 1481 4217 sunt
1503 4164 1736 4219 forensia
1765 4180 1777 4217 :

213 4237 257 4301 et
287 4245 478 4286 sensus
510 4240 617 4297 est,
652 4233 816 4301 quod,
842 4236 1173 4288 conscientia
1204 4245 1388 4288 nostra
1411 4244 1698 4290 attestante
1728 4246 1781 4290 et

210 4297 502 4368 iudicante,
557 4297 913 4372 cogitationes
965 4312 1160 4359 nostra:
1207 4307 1453 4372 qutedam
1509 4304 1646 4360 facta
1695 4320 1780 4358 ar-

211 4382 362 4440 guunt
390 4384 448 4428 et
490 4382 752 4428 accusant
791 4385 848 4427 ut
895 4376 1052 4439 mala,
1087 4375 1330 4445 qumdnm
1381 4375 1681 4430 defendunt
1729 4385 1782 4430 et

209 2253 384 2318 est,_ac
419 2245 651 2318 proinde
685 2247 871 2318 aeterni
905 2248 1093 2315 judicii
1138 2245 1297 2318 reus;
1339 2251 1552 2304 etiamsi
1597 2250 1770 2318 reipsa

210 2316 325 2392 nihil
357 2316 488 2392 mali
527 2315 750 2372 inferat.
800 2317 953 2392 Unde
987 2319 1052 2373 D.
1105 2317 1462 2392 Hieronymus
1512 2315 1772 2392 cpistf36

211 2385 346 2459 hunc
363 2387 547 2442 locum
573 2395 824 2458 spectans
855 2389 1015 2444 :Cum
1036 2391 1192 2454 enim,
1219 2385 1415 2459 inquit,
1442 2385 1773 2444 homicidium

209 2473 262 2532 ea:
287 2457 402 2532 odio
432 2475 570 2530 saepe
596 2457 886 2532 nascatur;
910 2462 1220 2532 quicumque
1255 2457 1385 2529 odit,
1421 2463 1513 2515 etsi
1552 2463 1771 2516 necdum

209 2530 363 2600 gladio
397 2530 728 2594 percusserit,
755 2533 929 2600 animo
956 2530 1411 2586 tamen'homicida
1431 2544 1525 2586 est.
1557 2534 1620 2586 Et
1645 2533 1773 2586 Cas-

209 2599 372 2653 Sianus
425 2600 532 2655 hoc
580 2601 702 2673 loco
743 2621 754 2658 :
792 2599 858 2655 Et
903 2603 1044 2670 ideo,
1089 2603 1282 2673 inquit,
1328 2619 1392 2658 ne
1441 2603 1773 2657 homicidium

209 2675 559 2746 perpetretur;
603 2672 723 2734 ira,
771 2673 1048 2746 odiumque
1091 2672 1390 2736 sueciditur,
1435 2676 1544 2729 sine
1589 2675 1774 2746 quibus

210 2741 462 2796 homicidii
502 2747 699 2797 crimen
731 2745 884 2797 nullo
931 2745 1081 2798 modo
1124 2746 1312 2799 valebit
1359 2747 1563 2800 admitti
1597 2741 1612 2798 Ξ
1646 2745 1775 2799 insi-

210 2826 365 2886 nuans
395 2815 572 2869 verba
599 2827 719 2886 qua:
750 2824 1047 2886 sequuntur
1077 2815 1143 2870 ad
1176 2818 1521 2871 homicidium
1554 2816 1764 2870 referri.

265 2881 290 2952 ιξ
324 2883 401 2937 Ea:
439 2901 573 2956 quo,
618 2881 700 2938 ait
748 2881 1128 2956 Hieronymus,
1168 2886 1416 2941 discimus
1465 2904 1564 2940 non
1604 2888 1772 2940 solum

210 2968 374 3029 opera,
401 2952 494 3009 sed
515 2965 568 3029 et
593 2957 930 3026 cogitationes
952 2952 1072 3029 esse
1102 2960 1152 3011 in
1190 2960 1274 3012 die
1301 2959 1492 3029 iudicii
1525 2960 1772 3027 judican-

211 3026 308 3081 ιω.
342 3025 418 3080 De
463 3025 669 3096 quibus,
701 3028 888 3082 dicitur
939 3046 959 3085 :
1004 3028 1162 3082 Nunc
1204 3025 1644 3084 circumdederunt
1684 3044 1769 3081 eos

2464 3308 2617 3364 ratris
2643 3308 2905 3364 irascitur.
2954 3308 3023 3364 Et
3070 3308 3242 3364 alibi:
3276 3310 3443 3366 Irasci
3457 3354 3473 3376 ,

1886 3382 1978 3452 ait,
2006 3381 2164 3452 fratri
2189 3393 2243 3432 ut
2271 3382 2582 3452 corrigatur,
2616 3383 2791 3434 nullus
2819 3397 2960 3434 sanie
2986 3382 3170 3434 mentis
3198 3384 3473 3452 reprelien-

1884 3450 1978 3504 dit.
1997 3449 2314 3520 Ifujusmodi
2345 3449 2479 3506 enim
2504 3460 2667 3504 motus
2694 3453 2758 3504 de
2784 3468 2958 3506 amore
2987 3451 3105 3504 boni
3134 3461 3180 3505 et
3209 3449 3271 3506 de
3297 3467 3475 3508 sancta

1882 3523 2134 3575 charitate
2160 3524 2432 3584 venientes.
2457 3525 2580 3576 vitia
2602 3523 2822 3577 dicenda
2845 3538 2948 3576 non
2975 3533 3116 3588 sunt,
3139 3539 3256 3576 cum
3285 3535 3476 3578 rectam

1883 3595 2138 3648 rationem
2169 3603 2469 3661 sequantur.

1960 3674 1983 3700 ο
2015 3664 2073 3718 ι).
2107 3663 2436 3730 Augustinus
2467 3663 2694 3733 epistola
2731 3665 3066 3719 centesima:
3101 3662 3370 3731 Subrepit,
3394 3666 3476 3718 in-

1882 3735 2027 3806 quit,
2059 3734 2181 3787 dum
2217 3736 2349 3806 nulli
2379 3737 2624 3806 irascenti
2655 3737 2730 3788 ira
2777 3753 2873 3788 sua
2901 3736 3098 3787 videtur
3126 3735 3324 3804 injusta
3355 3751 3373 3788 .'
3401 3737 3478 3788 ita

1883 3805 2362 3877 inveterascensira
2413 3805 2478 3877 ﬁt
2519 3806 2724 3870 odium,
2767 3807 2891 3859 dum
2937 3805 3240 3877 quasijusti
3285 3805 3480 3860 doloris

1883 3878 2116 3930 admixta
2166 3873 2385 3929 dulcedo
2414 3873 2621 3929 diutius
2671 3892 2781 3929 eam
2808 3877 2859 3929 in
2913 3873 3029 3928 vase
3069 3873 3285 3940 detinet,
3315 3878 3480 3930 donec

1885 3957 2044 4004 totum
2095 3957 2316 4010 acescat,
2348 3963 2535 4016 vasque
2567 3955 2886 4016 corrumpat.
2935 3947 3264 4014 QuaprOpter
3317 3948 3480 4002 multo

1884 4018 2066 4072 melius
2108 4033 2199 4090 nec
2230 4018 2375 4090 juste
2400 4019 2641 4088 cuiquam
2676 4020 2981 4090 irascimur,
3003 4017 3320 4090 quamcelut
3335 4021 3482 4090 juste

1883 4089 2158 4144 irascendo
2185 4088 2240 4160 in
2256 4089 2480 4160 alicujus
2509 4091 2686 4143 odium
2714 4091 2808 4144 ira
2833 4088 3036 4142 occulta
3053 4088 3306 4160 facilitate
3337 4088 3484 4142 dila-

1885 4162 2074 4215 bimnr.
2114 4162 2177 4230 Et
2206 4158 2502 4229 Gregorius
2555 4161 2606 4216 in
2660 4160 2889 4230 quadam
2921 4160 3149 4228 epistola
3191 4158 3335 4227 (Lib.
3378 4175 3480 4226 vn,

1885 4247 1932 4286 c.
1964 4232 2060 4300 26)
2092 4248 2105 4284 :
2132 4229 2224 4284 Ira
2255 4231 2299 4283 si
2321 4233 2474 4286 semel
2498 4241 2715 4285 mentem
2743 4231 3008 4302 possidens
3031 4229 3240 4302 ceperit,
3273 4233 3480 4302 justum

1885 4319 1992 4374 esse
2048 4303 2263 4374 deputat
2310 4302 2465 4357 etiam
2517 4302 2653 4374 quod
2708 4301 2984 4374 crudeliter
3030 4301 3173 4369 facit.
3229 4301 3296 4356 Et
3351 4302 3479 4374 alibi

1885 4373 2022 4444 (Lib.
2059 4388 2186 4427 mu
2211 4371 2402 4426 Horat.
2432 4371 2546 4442 cap'.
2599 4373 2688 4442 51)
2724 4391 2736 4425 :
2772 4372 2862 4426 Ira
2894 4372 3145 4444 devictum
3193 4388 3300 4437 cor,
3325 4373 3477 4443 quasi

213 4452 464 4514 excusant
491 4455 552 4497 ut
577 4445 748 4509 bona;
783 4446 1007 4513 proinde
1034 4442 1421 4514 cogitationum
1471 4459 1778 4500 nostrarum
1885 4442 1948 4498 ea:
1987 4446 2190 4498 ratione
2232 4445 2360 4498 solet
2390 4444 2686 4507 exhortari,
2730 4461 2848 4496 cum
2898 4443 3021 4497 dicit
3056 4461 3069 4496 :
3103 4442 3231 4508 Qua:
3255 4442 3380 4514 erga
3429 4455 3478 4499 te

210 4513 315 4568 alia
339 4515 445 4596 sibi
477 4525 908 4596 sumuntpartes
929 4513 1283 4584 accusatoris,
1314 4517 1435 4596 alia:
1465 4519 1563 4596 rei.
1587 4518 1654 4572 At
1677 4518 1782 4572 huc
1885 4523 2129 4596 aguntur,
2150 4515 2504 4596 aequanimiter
2534 4515 2655 4583 ferri
2684 4532 2786 4568 non
2811 4525 3048 4596 possunt,
3070 4515 3226 4567 immo
3253 4513 3360 4596 litae
3388 4532 3481 4586 pa-

211 4585 545 4657 conscientia:
594 4587 959 4641 testimonium
1005 4603 1126 4642 cum
1175 4588 1624 4657 cogitationibus,
1666 4592 1779 4643 sive
1809 4595 1860 4654 D
1887 4585 2068 4642 tienter
2119 4586 2338 4640 tolerare
2369 4597 2638 4652 peccatum
2677 4597 2754 4640 est
2785 4585 2954 4653 :quia
2989 4589 3034 4639 si
3079 4601 3186 4657 non
3241 4586 3316 4638 eis
3367 4602 3482 4639 cum

211 4654 704 4741 ratiocinationibus
724 4698 737 4720 ,
766 4659 1045 4741 λῃισμοῖς,
1076 4654 1454 4741 accusantibus
1481 4661 1563 4741 vei
1594 4660 1780 4741 defen-
1888 4675 2074 4729 magna
2102 4658 2485 4741 eaasperaltione
2512 4659 2790 4741 resiititur,
2815 4666 2994 4741 contra
3033 4667 3079 4710 te
3107 4656 3346 4741 deinceps
3370 4657 3482 4741 sine

211 4723 479 4808 dentibus,
515 4729 786 4808 praecipue
811 4723 1046 4808 futurum
1076 4738 1158 4783 est
1188 4728 1242 4808 in
1272 4730 1775 4808 estremojudicio;
1887 4723 2534 4808 ntensura_cuinulan_tur.
2573 4727 2704 4782 Vide
2752 4729 2812 4784 S.
2841 4729 3102 4808 Thomam
3155 4726 3267 4808 1:2,

210 4803 323 4851 tunc
350 4800 498 4852 enim
547 4797 784 4853 maxime
829 4801 1034 4868 aperiet
1067 4816 1127 4854 se
1172 4803 1252 4853 vis
1301 4803 1386 4854 illa
1433 4797 1781 4856 conscientiae
1890 4809 1992 4854 art.
2028 4806 2078 4864 4,
2113 4799 2198 4853 ubi
2231 4798 2389 4854 docet
2423 4801 2553 4853 iram
2585 4815 2704 4854 esse
2733 4815 2849 4852 cum
2896 4800 3116 4863 ratione,
3149 4797 3253 4848 sine
3271 4797 3481 4868 judicio

212 4870 504 4923 accusatrix
536 4878 593 4924 et
625 4867 960 4949 escusatrix,
1002 4871 1502 4949 quandojudicabit
1548 4873 1686 4929 Deus
1716 4887 1780 4928 ea
1889 4870 2311 4949 rationispundc
2343 4871 2476 4949 _dict't
2509 4869 2862 4949 Philosophus
2908 4871 2960 4949 iit
2992 4867 3231 4949 fibroodc
3262 4867 3482 4949 Rrobfq-

212 4950 320 5018 quae
334 4955 499 5018 _nunc_
521 4942 736 5018 occulta
763 4949 891 5018 sunt
916 4936 1053 5018 apud
1089 4936 1352 5018 homines.
1421 5014 1432 5018 Α
1474 5016 1482 5018 _
1621 5015 1629 5018 _
1893 4943 2113 5018 motibus
2146 4941 2309 5011 (Sect.
2342 4941 2677 5018 5,_pr‘oble_m.
2702 4941 2782 5009 ‘2),
2815 4941 3046 5018 quodii
3067 4938 3153 5007 qui
3182 4947 3302 5018 sunt
3331 4936 3483 4992 valde

271 5005 501 5089 {graeci
531 5011 747 5089 codices
762 5005 1003 5089 plerique
1023 5012 1256 5089 habent:
1281 5019 1387 5089 irai;
1413 5014 1438 5069 ὁ
1465 5015 1784 5089 ὀργιζόμενος
1892 5013 2040 5089 ebrii,
2073 5005 2336 5089 tamquam
2366 5005 2498 5067 nihil
2525 5005 2766 5089 [tabentes
2792 5005 2855 5065 de
2873 5005 3088 5089 judicio
3107 5007 3346 5071 rationis,
3375 5023 3480 5089 nlon

211 5085 273 5148 τῷ
290 5080 484 5154 ἀδελφῷ
511 5085 666 5160 adrui":
694 5086 823 5158 sinit,
842 5082 893 5136 id
918 5077 1025 5160 est,
1051 5085 1226 5137 omnis
1245 5085 1334 5160 qui
1359 5077 1612 5160 irasc'it'ur
1633 5077 1732 5140 irat
1744 5087 1785 5140 ri
1891 5077 2329 5160 irascuntur-[sed
2360 5085 2567 5160 quando
2594 5095 2715 5160 sun;
2738 5077 3084 5160 parumebrii,
3099 5090 3371 5160 tamquam
3391 5077 3483 5160 lm-

210 5149 550 5230 suotem'e're,
578 5149 872 5230 immerito,
898 5154 1015 5208 sine
1051 5169 1211 5230 causa
1245 5154 1463 5230 (Matth.
1491 5155 1580 5227 v);
1625 5172 1784 5230 quam
1890 5159 2060 5230 bentes
2072 5155 2331 5226 judicium
2350 5149 2593 5230 rationis,
2618 5154 2709 5230 sed
2734 5149 3291 5230 ittlgddilttm..DlCilmf
3311 5157 3482 5230 quiem

1887 5226 1969 5280 ira
2006 5217 2111 5301 ess'e
2141 5241 2257 5301 cum
2279 5226 2481 5301 ratione
2506 5217 3482 5301 secuitdutn‘Philosopbum.(vnEitltic.

1891 5313 2008 5367 cap.
2041 5297 2121 5364 li),
2153 5297 2276 5368 quia
2299 5299 2492 5368 appetit
2523 5296 2718 5350 malum
2744 5295 2955 5368 alterius
2983 5292 3072 5368 sub
3098 5292 3300 5343 ratione
3328 5292 3482 5368 iusta:

1890 5361 2145 5443 uindicat.
2167 5361 2582 5443 'Ituqu'e'spectat
2605 5369 2662 5443 in
2679 5363 3172 5443 objectoimaginctn
3195 5361 3480 5443 quamdam

1884 5440 2224 5514 justitiaz,_ut
2254 5433 2521 5514 justitiam
2562 5433 2933 5514 rindicativam
2974 5433 3172 5514 imitari
3207 5433 3481 5514 _videatur.

1897 5502 2048 5586 Sicut
2075 5502 2367 5586 enimbaec
2395 5510 2598 5586 appetit
2647 5509 2844 5586 malum
2875 5503 3109 5586 proximi
3139 5502 3240 5584 sub
3269 5502 3480 5586 ratione

1891 5581 2048 5650 justze
2098 5580 2368 5642 vindicta.
2402 5581 2479 5635 sic
2511 5582 2584 5633 ira
2615 5579 2716 5650 sub
2746 5577 2924 5642 specie
2962 5585 3018 5631 et
3060 5577 3480 5650 ituagine‘justa:

1895 5645 2146 5707 vindictae
2180 5653 2308 5706 :sed
2341 5652 2391 5704 in
2408 5667 2486 5726 _eo
2513 5659 2596 5726 est
2634 5649 2952 5726 discrimen,
2987 5647 3126 5716 quod
3149 5645 3358 5726 jtisiitiii
3389 5646 3478 5726 illa

1886 5735 2107 5790 regitur
2136 5738 2258 5778 vera
2290 5721 2600 5788 prudentia;
2633 5721 2709 5776 ira
2762 5735 2869 5778 non
2912 5734 3061 5786 vera,
3121 5717 3213 5774 sed
3245 5717 3477 5785 imagine

1892 5793 2167 5851 dumtaxat
2192 5793 2512 5860 prudentiae.

211 5217 490 5278 lectionem
536 5224 680 5297 inter
703 5217 928 5297 Graecos
969 5225 1214 5294 sequitur
1244 5217 1662 5297 Chrysosto'mus
1695 5227 1786 5295 (In

211 5297 516 5366 comment),
536 5295 677 5349 inter
696 5295 919 5350 Latinos
939 5297 1267 5366 Augustinus
1288 5295 1485 5356 (Serm.
1507 5301 1526 5352 l
1549 5299 1611 5351 de
1627 5315 1783 5354 serm.

212 5357 358 5439 Pons.
383 5366 446 5439 in
475 5357 698 5439 monte);
732 5377 896 5439 atque
936 5357 1061 5422 inde
1103 5367 1368 5438 colligunt
1409 5385 1515 5424 non
1567 5385 1785 5425 omnem

212 5435 336 5508 iram
363 5435 663 5508 interdici,
695 5437 790 5491 sed
809 5435 1024 5492 lautum
1053 5435 1309 5508 injustam
1339 5449 1395 5494 et
1436 5441 1784 5494 irrationabi-

211 5498 328 5556 lem.
363 5506 562 5561 Verum
583 5498 723 5563 hanc
751 5509 1058 5573 lectionem,
1084 5498 1258 5580 neque
1280 5510 1500 5565 Latinus
1520 5512 1787 5577 interpres

211 5585 422 5630 secutus
451 5588 550 5644 est,
579 5593 678 5633 nec
703 5595 821 5633 eam
851 5581 999 5635 solus
1019 5581 1328 5646 Cassianus,
1361 5582 1455 5636 sed
1485 5594 1539 5637 et
1567 5583 1630 5636 Ι).
1665 5582 1788 5636 Hie-

211 5657 464 5715 ronymus
508 5651 649 5704 haud
678 5650 949 5705 immerito
1001 5652 1382 5719 reprehendit,
1412 5663 1467 5708 et
1494 5653 1621 5707 illud
1653 5655 1782 5719 εἰκῇ.

212 5725 267 5770 ut
297 5709 660 5789 superfluum,
692 5735 724 5776 e
748 5721 905 5776 libris
928 5709 1253 5778 eradendum
1285 5709 1404 5779 esse
1432 5726 1686 5777 affirmat.
1723 5709 1786 5779 Si

212 5789 367 5854 sitim,
401 5792 608 5862 inquit,
648 5792 900 5860 jubcmur
927 5792 1213 5851 verberanti
1259 5795 1477 5851 alteram
1515 5793 1784 5851 maxillam
1833 5831 1836 5833 λ
