3986 6320
555 282 659 343 551

1892 275 2172 337 JOANNIS
2207 275 2518 337 CASSIANI

3695 299 3793 358 35!

559 399 809 472 iubemur
829 400 991 457 irssci
1009 414 1130 457 cum
1156 415 1342 466 causa,
1365 398 1526 457 etiam
1548 398 1660 455 sine
1688 414 1850 453 causa
1873 397 2139 454 irascendi
2167 401 2221 463 Α
2243 397 2407 454 licere
2430 397 2584 454 nobis
2625 397 2786 455 irasci
2815 413 2831 455 :
2859 397 3096 456 scientes
3119 412 3217 456 nos
3239 399 3571 465 discretionis
3597 399 3783 470 lumen.

561 492 721 548 nobis
752 493 1142 549 intromittatur
1171 493 1406 548 occasio.
1452 501 1479 529 ι
1510 490 1660 546 Finis
1688 491 1831 547 enim
1874 491 2150 560 patientia:

563 600 672 642 non
704 585 758 640 in
793 586 1076 642 irascendo
1120 585 1287 656 juste,
1319 584 1414 640 sed
1455 585 1672 656 penitus
1719 599 1826 639 non
1867 582 2150 638 irascendo

563 680 812 735 consistit
866 679 894 718 ι’
921 679 1072 735 Licet
1098 693 1126 736 a
1161 677 1482 750 quibusdam
1515 677 1618 733 hoc
1648 678 1818 748 ipsum
1845 676 1987 747 quod
2012 676 2150 730 dici-

565 780 652 826 tur
689 770 802 824 sine
821 787 1002 837 causa,
1034 770 1106 824 ita
1151 769 1496 840 interpretari
1525 771 1722 835 sciam,
1765 767 1910 838 quod
1942 767 2153 823 scilicet

565 864 685 918 sine
712 877 875 918 causa
922 862 1188 917 irascatur
1217 862 1264 918 is
1290 863 1378 917 cui
1404 870 1660 932 expetere
1695 860 1957 915 ultionem
2010 861 2152 916 irato

505 1005 507 1007 .
567 968 673 1010 non
699 956 876 1010 liceat.
907 955 1098 1011 Melius
1125 963 1306 1011 tamen
1329 964 1412 1011 est
1437 955 1510 1010 ita
1536 964 1745 1022 tenere,
1772 963 1830 1010 ut
1857 962 1911 1010 et
1939 953 2151 1010 novella

564 1049 892 1117 exemplaria
924 1048 1092 1105 multa
1120 1057 1176 1105 et
1197 1049 1421 1120 antiqua
1461 1048 1645 1106 omnia
1667 1048 2012 1104 inveniuntur
2029 1061 2154 1104 esse

565 1137 886 1208 perscripta.

1137 1249 1362 1308 CAPUT
1400 1249 1525 1307 XXI

568 1385 820 1442 Remedia
859 1387 1048 1446 quibus
1083 1388 1216 1442 iram
1262 1388 1327 1441 de
1372 1386 1612 1443 cordibus
1652 1385 1844 1441 nostris
1890 1384 2155 1440 eradicare

1218 1459 1500 1530 possimus.

632 1616 972 1686 Quapropter
993 1615 1254 1671 athletam
1274 1615 1476 1671 Christi
1499 1614 1738 1686 legitime
1753 1613 2150 1682 decertantem,

566 1707 858 1762 iracundiae
887 1717 1066 1762 motus
1087 1707 1348 1762 radicitus
1387 1715 1602 1775 oportet
1647 1705 1902 1762 evellere.
1932 1715 1954 1743 ε
1985 1703 2153 1774 Cujus

2251 496 2496 561 rectique
2523 492 2735 547 consilii
2766 492 3075 548 firmitatem
3097 534 3112 562 ,
3143 493 3311 564 ipsam
3334 512 3541 568 quoque
3569 500 3793 564 honesta»

2253 590 2390 649 tem,
2427 592 2479 637 et
2502 583 2734 654 iustitia:
2763 584 3135 640 moderamina
3166 588 3407 656 protinus
3434 593 3729 660 amissuros,
3758 600 3796 652 si

2251 675 2551 746 principale
2597 677 2778 732 cordis
2806 677 2976 733 nostri
3009 678 3192 734 lumen
3232 680 3348 748 ejus
3390 681 3548 738 fuerit
3585 687 3797 744 tenebris

2249 766 2636 826 obscuratum:
2669 777 2780 824 tum
2809 769 3007 826 deinde
3050 771 3342 841 puritatem
3393 777 3582 832 mentis
3624 789 3800 836 nastrzc

2251 873 2376 915 mox
2398 860 2837 931 perturbandam,
2873 862 3238 935 templumque
3264 879 3383 920 eam
3404 867 3568 922 sancti
3593 869 3798 939 Spiritus

2251 951 2392 1009 efllci
2416 954 2637 1010 omnino
2684 970 2790 1010 non
2829 969 2992 1025 posse
3031 956 3324 1012 iraCundlte
3356 959 3409 1014 in
3457 960 3605 1016 nobis
3631 963 3802 1032 spiritu

2252 1056 2640 1104 commorante.
2676 1047 2981 1115 Postremo,
3033 1057 3093 1104 ut
3125 1051 3446 1121 cogitemus,
3496 1068 3799 1124 nequaquam

2252 1136 2416 1196 licere
2453 1139 2610 1195 nobis
2663 1155 2860 1209 orare,
2916 1155 3020 1196 nec
3072 1141 3236 1198 iratos
3265 1143 3486 1198 fundere
3526 1160 3704 1214 preces
3743 1146 3801 1202 ad

2253 1229 2444 1287 Deum.
2475 1233 2542 1287 Et
2577 1247 2689 1303 prae
2717 1233 2967 1289 omnibus
2992 1233 3256 1289 incertum
3287 1243 3480 1290 statum
3506 1235 3803 1293 conditionis

2255 1322 2501 1379 humana
2531 1338 2642 1394 prae
2662 1324 2834 1380 oculis
2871 1324 3154 1390 habentes,
3183 1323 3210 1362 ἀ
3249 1325 3488 1391 quotidie
3521 1341 3615 1381 nos
3634 1327 3803 1383 creda-

2254 1429 2375 1471 mus
2401 1429 2432 1472 e
2452 1431 2679 1487 corpore
2699 1416 3047 1487 migraturos,
3074 1417 3318 1489 nihilque
3339 1419 3494 1474 nobis
3505 1420 3803 1476 continentia

2254 1509 2549 1576 castitatis,
2573 1508 2709 1566 nihil
2735 1509 3206 1567 abrenuntiatione
3235 1511 3475 1568 omnium
3499 1513 3803 1581 facultatum,

2255 1601 2390 1658 nihil
2417 1601 2727 1658 divitiarum
2755 1611 3092 1672 contemptu,
3124 1602 3254 1657 nihil
3276 1602 3601 1673 jejuniorum
3627 1605 3807 1676 vigilis-

2255 1713 2482 1770 rumque
2509 1698 2788 1753 laboribus
2814 1695 3226 1763 conferendum,
3260 1696 3454 1766 quibus
3483 1707 3693 1766 propter
3717 1697 3808 1751 ira-

565 1797 737 1854 morbi
765 1797 882 1853 haec
905 1798 1012 1854 erit
1041 1797 1306 1853 medicina
1333 1795 1591 1866 perfecta,
1610 1805 1669 1851 ut
1689 1795 1940 1866 primitus
1965 1794 2150 1850 creda-
2175 1789 2225 1852 Β
2251 1791 2502 1849 cundiam
2529 1791 2700 1847 solam
2721 1799 2776 1847 et
2799 1789 2984 1845 odium
3015 1788 3085 1844 ab
3123 1789 3487 1846 universitatis
3508 1789 3677 1859 judice
3697 1803 3808 1859 sup-

566 1905 685 1946 mus
715 1890 866 1946 nullo
891 1888 1053 1945 modo
1095 1889 1210 1946 sive
1247 1887 1408 1958 justis
1427 1927 1446 1956 ,
1477 1889 1592 1944 sive
1636 1887 1851 1958 injustis
1879 1901 1945 1942 ex
1974 1885 2152 1942 causis

2258 1883 2416 1954 plicia
2448 1882 2842 1953 promittuntur
2871 1888 3094 1937 aeterna.

1623 1998 1882 2056 ALARDI
1920 1996 2158 2056 GAZIEI
2193 1995 2758 2055 COMMENTARIUS.

636 2109 660 2136 ιι
685 2098 814 2152 Hmc
843 2096 1111 2153 sententia
1139 2110 1205 2152 eo
1218 2095 1380 2152 modo
1398 2094 1744 2165 intelligenda
1766 2103 1994 2165 est,quo
2020 2090 2144 2147 aliae

561 2168 765 2224 similes
786 2170 1034 2238 superius
1060 2163 1666 2238 explicatanempejde‘
1686 2166 1765 2219 ira
1791 2163 2019 2238 vulgari,
2049 2178 2146 2219 seu

563 2239 755 2296 affectu
787 2235 952 2293 animi
989 2235 1386 2294 male’volentis
1430 2235 1622 2301 alteri,
1654 2235 1706 2290 in
1739 2235 1821 2290 sui
1853 2238 2143 2300 ultionem;

563 2309 868 2381 hujusmodi
893 2311 1034 2381 enim
1062 2309 1142 2362 ira
1179 2323 1395 2381 semper
1427 2315 1511 2362 est
1549 2314 1848 2381 peccatum,
1872 2305 2148 2381 patientiae

562 2375 657 2436 seu
696 2378 1099 2434 mansuetudini
1125 2375 1494 2444 contrarium,
1523 2375 1687 2433 etiam
1725 2377 1778 2431 in
1800 2375 1983 2446 judice
2003 2375 2150 2446 juste

566 2452 821 2520 puniente
849 2462 1156 2505 nocentem.

631 2522 659 2578 ι
676 2522 767 2578 Sic
789 2521 1120 2576 intellexisse
1148 2520 1363 2576 videtur
1385 2520 1448 2576 D.
1472 2519 1802 2590 AuguStinus
1819 2515 1948 2589 (Ubi
1967 2533 2145 2589 supra,

560 2592 652 2646 lib.
684 2608 702 2646 ι
735 2591 964 2665 Retract.
995 2608 1112 2662 cap.
1145 2591 1256 2661 l9),
1286 2603 1345 2665 ut
1375 2591 1469 2646 ille
1493 2589 1653 2665 irasci
1683 2589 1895 2665 dicatur
1919 2591 2045 2665 ιεκῇ,
2070 2596 2151 2665 te:

561 2677 708 2718 mere
737 2673 790 2718 et
838 2664 955 2718 sine
984 2658 1166 2726 causa,
1212 2658 1303 2732 qui
1335 2671 1520 2731 peccat
1557 2659 1876 2726 irascendo,
1908 2658 2019 2732 seu
2054 2658 2148 2732 qui

563 2734 734 2804 iratus
761 2733 988 2804 proximi
1021 2729 1246 2788 malum“
1272 2729 1533 2798 intendit,
1563 2742 1658 2804 aut
1683 2745 1807 2804 eum
1851 2731 1986 2804 odit.
2045 2729 2149 2796 Qui

559 2803 716 2870 enim,
741 2801 938 2874 inquit,
965 2804 1139 2870 fratri,
1165 2819 1267 2858 non
1304 2811 1535 2872 peccato,
1561 2801 1828 2866 irascitur,
1851 2801 1962 2856 sine
1986 2815 2148 2854 causa

561 2875 818 2928 irascitur.

637 2943 942 2999 cRemedia
993 2942 1252 2998 nonnulla
1298 2942 1565 2998 adversus
1608 2943 1743 2998 iram
1790 2957 1885 2998 seu
1933 2941 2149 2996 iracun-

562 3013 704 3069 diam
751 3013 992 3082 suggerit
1034 3013 1342 3080 Cassianus,
1394 3029 1462 3068 ex
1513 3015 1579 3070 iis
1609 3028 1729 3083 qua:
1777 3014 2035 3083 hactenus
2078 3011 2149 3067 de

562 3085 664 3140 hoc
683 3085 816 3138 vitio
833 3084 1088 3139 disseruit
1119 3086 1364 3139 collecta.
1391 3083 1599 3150 Quibus
1622 3082 1774 3152 plura
1801 3084 1847 3138 si
1876 3082 2143 3153 requiras,

562 3154 684 3210 vide
711 3156 773 3209 Ι).
807 3154 1063 3209 Basilium
1113 3153 1169 3210 in
1198 3155 1415 3210 bomilia
1466 3155 1538 3210 de
1568 3155 1671 3222 ira,
1701 3152 2018 3210 Cassianum
2052 3152 2144 3208 iti-

2247 2092 2370 2146 dem
2399 2091 2583 2146 collat.
2618 2089 2706 2155 16,
2737 2103 2856 2160 cap.
2884 2087 2974 2156 27,
3006 2097 3079 2160 et
3096 2087 3277 2145 collat.
3304 2086 3401 2160 18,
3420 2084 3636 2160 cap_._l2
3660 2093 3708 2140 ct
3730 2086 3808 2149 15,

2247 2163 2337 2217 ubi
2365 2161 2433 2217 de
2449 2161 2704 2230 patientia
2726 2157 3053 2230 acquirenda
3077 2161 3297 2230 disserit
3322 2159 3489 2213 abbas
3509 2157 3807 2230 Piamtnon_.;

2248 2233 2315 2288 D.
2346 2227 2666 2302 Gregorium
2700 2227 2854 2285 Itbfv
2886 2230 3073 2286 bloral.
3100 2246 3225 2302 cap.
3255 2228 3357 2292 51;
3405 2243 3470 2302 ex
3506 2227 3806 2302 recentiori-

2248 2305 2372 2368 bus,
2405 2297 2877 2358 Turrecrematum
2907 2311 3066 2357 tract.
3098 2301 3132 2356 5
3161 2297 3214 2356 in
3251 2300 3508 2369 Regulam
3553 2298 3612 2352 D.
3659 2297 3812 2369 Bene-

2249 2373 2381 2428 dicti
2409 2414 2426 2440 ,
2455 2382 2510 2429 et
2538 2373 2599 2428 Ρ.
2628 2371 2971 2428 Leonardum
3013 2372 3261 2428 Lessiunt
3301 2367 3370 2427 de
3393 2369 3606 2426 iustitia
3629 2379 3680 2423 et
3703 2367 3812 2422 lure

2251 2443 2347 2520 lib,
2376 2460 2458 2520 Ψ,
2484 2442 2700 2520 φιλλ
2727 2452 2781 2498 ct
2817 2442 2912 2497 lib.
2949 2458 3020 2520 t_v,
3045 2458 3164 2520 cap.
3198 2443 3250 2497 4.
3307 2513 3320 2520 _
3526 2511 3538 2520 _
3675 2508 3684 2520 ι

2323 2515 2350 2552 ἀ
2366 2515 2545 2569 Facile
2558 2511 2691 2569 enim
2713 2514 2990 2567 contemnit
3013 2511 3205 2577 omnia,
3227 2513 3320 2581 qui
3347 2527 3402 2566 se
3426 2511 3705 2582 cogitaverit
3725 2523 3813 2562 esse

2252 2585 2766 2658 mpriturum,_ait__l_).
2795 2584 3157 2658 lli_eronymus
3181 2578 3426 2658 Epistula
3448 2578 3514 2636 ad
3543 2578 3803 2658 Paulinum

2253 2656 2446 2728 (Epist.
2480 2656 2625 2728 105).
2669 2655 2801 2728 Hinc
2843 2651 3047 2728 Eccles.
3078 2651 3242 2728 xxxix
3275 2651 3821 2728 :dissaeptanegt-lissi.r

2252 2719 2472 2793 morum,
2503 2737 2552 2781 et
2582 2719 2775 2792 desine,
2821 2724 2906 2779 vel
2937 2725 3140 2780 desines
3163 2723 3446 2779 inimicari.
3481 2723 3545 2778 Et
3573 2719 3813 2793 S.7Maca-

2257 2800 2368 2853 rius
2393 2792 2598 2854 dixisse
2617 2796 2789 2852 fertur
2812 2812 2827 2850 :
2859 2795 3172 2850 Monachum
3192 2795 3268 2849 ita
3285 2795 3466 2849 debere
3485 2792 3692 2865 jejuniis
3710 2805 3813 2857 ope-

2252 2884 2367 2922 ram
2395 2868 2546 2937 dare,
2594 2868 2742 2939 quasi
2788 2883 2988 2939 semper
3010 2867 3254 2939 uicturus
3269 2867 3338 2939 sit
3366 2880 3385 2939 ς
3414 2865 3487 2918 ita
3528 2878 3640 2917 vero
3667 2869 3813 2914 motus

2250 2941 2412 2994 animi
2431 2936 2715 3008 refrenare,
2736 2948 2784 2991 et
2811 2937 3128 3009 injuriarunt
3151 2936 3406 3009 oblivisci,
3436 2944 3686 3009 tamquam
3700 2944 3812 2999 quo-

2250 3009 2376 3065 tidie
2422 3005 2501 3065 sit
2520 3011 2834 3074 moriturus,
2860 3005 2944 3061 ἰιι
2972 3007 3145 3063 refert
3184 3006 3478 3062 Cassianus
3526 3005 3619 3060 lib.
3653 3017 3680 3055 v
3707 3013 3810 3074 cap.

2250 3082 2452 3222 ultimo)
2477 3081 2633 3149 (vide
2681 3071 2899 3135 Cliniae.
2928 3078 3098 3149 gradu
3141 3077 3197 3146 6,
3223 3078 3314 3148 qui
3358 3085 3433 3132 est
3485 3076 3548 3130 de
3593 3071 3813 3129 memoria

2250 3167 2361 3206 mor
2386 3167 2430 3206 ts
2462 3190 2477 3205 .

2247 3152 2477 3206 mortis).

570 3264 3802 3292 .__.__________________—__._________..__————

1637 3355 2119 3469 LIBER
2189 3356 2300 3464 Ν
2308 3355 2554 3462 ΟΝ
2557 3355 2768 3464 US.

1817 3517 1903 3570 DE
1934 3515 2187 3568 SPIRITU
2222 3513 2572 3568 TRISTITIIE.

1926 3759 2156 3823 CAPUT
2193 3762 2480 3823 PRIMUM.

642 3863 666 3893 ⁸
679 3855 877 3925 Quinto
897 3855 1057 3913 nobis
1076 3855 1374 3914 certamine
1391 3854 1421 3896 δ
1452 3855 1634 3915 edacis
1665 3857 1898 3913 tristitia:
1926 3857 2133 3914 stimuli

2241 3852 2570 3914 retundendi
2595 3858 2740 3909 sunt.
2765 3850 2899 3920 Qum
2926 3851 2973 3908 si
3012 3851 3215 3923 passim
3259 3865 3362 3923 per
3384 3851 3627 3922 singulos
3656 3851 3813 3906 incur-

1644 3995 1899 4052 ALARDI
1937 3995 2172 4054 GAZEI
2207 3993 2772 4054 COMMENTARIUS.

627 4096 654 4125 ι
683 4085 1006 4160 Tristitiam,
1037 4100 1132 4142 seu
1176 4085 1410 4142 tristitia:
1436 4085 1686 4156 spiritum
1704 4088 1862 4160 vitiis
1893 4089 2139 4156 capitali-
2164 4094 2211 4160 α
2243 4089 2330 4154 18,
2361 4105 2477 4160 cap.
2505 4087 2676 4160 _ult.).
2708 4085 3013 4160 Rationem
3059 4085 3376 4160 nonnullam
3425 4085 3725 4160 subindicat
3758 4083 3812 4136 υ.

559 4159 659 4213 bus
688 4158 881 4240 quint?
911 4157 1033 4238 loco
1063 4166 1417 4240 annumerat,
1455 4155 1514 4212 et
1565 4158 1810 4240 proxime
1838 4155 1971 4229 post
1998 4160 2134 4240 iram
2176 4155 2211 4160 “
2240 4155 2476 4240 'l‘homas
2505 4157 2590 4240 his
2609 4155 2789 4240 verbis
2817 4155 2954 4240 (2-2,
2982 4174 3034 4240 q.
3062 4155 3153 4223 57,
3184 4164 3289 4240 art.
3318 4157 3376 4240 ξ)
3408 4175 3427 4240 ξ
3448 4156 3606 4240 Fprte
3630 4162 3814 4240 propter

558 4227 803 4284 nominat
827 4228 1143 4300 cassianus,
1177 4241 1240 4282 ea
1270 4227 1522 4300 nimirum
1562 4227 1792 4300 ratione,
1818 4227 1976 4300 quam
2008 4231 2139 4286 alibi

557 4300 826 4381 expressit
867 4297 1087 4381 (Collat.
1109 4315 1166 4365 v,
1199 4296 1450 4381 rapui-0),
1473 4299 1624 4381 quod
1633 4370 1643 4381 .
1664 4300 1727 4381 de
1769 4296 1852 4353 ira
1875 4301 2139 4381 tristitiam

559 4370 838 4438 pullulare,
871 4369 1085 4441 ideoque
1113 4381 1170 4424 ut
1201 4369 1408 4441 tristitia
1440 4369 1785 4441 propellatur,
1819 4371 1960 4440 prius
2004 4371 2140 4441 iram

557 4442 765 4495 extrudi
796 4439 1105 4495 necesse‘sit.
1133 4439 1228 4496 Cui
1261 4440 1365 4494 hac
1395 4441 1446 4494 in
1480 4448 1638 4508 parte
1663 4440 1942 4510 suffragari
1971 4439 2138 4496 etiam

556 4513 768 4566 videtur
799 4512 860 4566 υ.
887 4511 1178 4582 Gregorius
1201 4511 1294 4566 lib.
1323 4526 1451 4566 xxxi
1474 4511 1666 4567 Moral.
1690 4527 1741 4566 c.
1760 4508 1852 4578 5i,
1873 4511 1962 4566 ubi
1983 4513 2139 4568 vitio-

556 4597 673 4654 Imm
699 4583 1007 4654 capitalium
1033 4582 1278 4654 ordinem
1299 4584 1785 4654 cognationemque
1815 4597 2092 4649 exponens
2118 4599 2133 4637 :

556 4651 640 4706 Ex
669 4651 989 4725 ira,'jttquit,
1011 4653 1218 4708 tristitia
1243 4651 1443 4718 oritur;
1463 4653 1586 4725 quia
1611 4651 1813 4725 turbata
1851 4669 2012 4714 mens.
2036 4670 2138 4725 quo

555 4740 610 4778 se
641 4714 932 4793 inordinate
977 4714 1246 4787 concutit,
1287 4739 1349 4778 eo
1401 4714 1692 4777 addicendo
1732 4714 2059 4793 confunditf
2091 4733 2140 4778 et

541 4810 670 4846 eum
701 4792 1022 4864 dulcedinem
1043 4793 1436 4864 tranquillitatis
1460 4794 1707 4860 amiserit,
1728 4792 1858 4848 nihil
1887 4795 2019 4848 hanc
2041 4797 2141 4848 nisi

554 4880 618 4916 ea:
637 4863 1022 4935 perturbatione
1045 4863 1355 4935 subsequens
1372 4880 1555 4918 maeror
1577 4865 1764 4935 pascit.
1798 4864 1994 4920 Verum
2037 4866 2139 4919 ali-

557 4932 986 4999 ter'Cassianus,
1041 4935 1200 4989 aliter
1244 4933 1540 5004 Gregorius
1578 4932 1863 4990 tristitiam
1915 4936 2135 5004 accipit.

542 5004 848 5063 Cassianus
877 5004 1020 5060 enim
1049 5004 1336 5076 tristitiam
1357 5006 1426 5076 ab
1451 5005 1632 5061 acedia
1665 5005 1966 5076 distinguit,
1995 5006 2140 5062 unde

552 5083 609 5130 et
632 5075 924 5145 separatim
953 5083 1010 5131 et
1029 5073 1286 5145 distincte
1307 5074 1375 5130 de
1404 5075 1504 5130 hac
1525 5086 1580 5131 et
1607 5076 1699 5131 illa
1729 5073 1855 5144 agit'
1867 5078 1970 5130 hoc
1996 5076 2138 5131 libro

551 5153 608 5200 et
633 5144 907 5214 sequenti;
936 5154 992 5199 at
1038 5145 1104 5199 D.
1133 5144 1426 5214 Gregorius
1455 5146 1698 5202 acediam
1744 5146 2015 5202 tristitiam
2047 5161 2139 5202 no-

554 5219 758 5281 minat,
791 5216 1079 5283 etquidem
1109 5217 1545 5284 convenientius,
1575 5226 1631 5270 ut
1672 5216 1732 5269 D.
1767 5216 2004 5271 Thomas
2050 5233 2139 5271 as-

525 5289 682 5341 ‘serit
712 5287 848 5349 (2-2.
874 5303 926 5356 q.
958 5284 1052 5356 55,
1083 5302 1135 5339 a.
1167 5287 1202 5341 5
1237 5287 1306 5338 ad
1346 5286 1424 5354 4),
1454 5297 1503 5341 et
1537 5303 1601 5342 ex
1647 5288 1996 5355 sequentibus
2020 5289 2138 5356 iliet

554 5355 917 5426 tnanil‘estum.
949 5355 1145 5410 Mirum
1169 5365 1346 5411 autem
1375 5358 1542 5412 videri
1590 5367 1787 5426 potest,
1818 5357 1961 5426 quod
2003 5355 2134 5412 Cas-

553 5427 737 5478 sianus
764 5425 818 5479 in
841 5425 942 5480 hac
963 5427 1216 5481 vitiorum
1238 5427 1552 5494 capitalium
1585 5428 1726 5482 serie
1747 5425 1999 5482 invidiam
2023 5443 2130 5482 non

552 5496 880 5561 nominarit;
913 5511 1034 5552 cum
1060 5508 1238 5553 tamen
1268 5505 1480 5554 constet
1509 5498 1760 5554 invidiam
1793 5497 1981 5552 vitium
2011 5513 2133 5553 esse

553 5634 879 5710 capitalibus
906 5634 1248 5695 numeretur:
1279 5639 1446 5696 immo
1471 5643 1539 5695 ab
1569 5641 1686 5710 ipso
1719 5639 1977 5696 Cassiano
2009 5640 2127 5707 plu-

2161 5465 2213 5527 D

2240 4231 2355 4297 hoc,
2383 4229 2521 4302 quod
2544 4227 2746 4282 invidia
2781 4226 3048 4298 manifeste
3090 4243 3153 4281 ea:
3194 4229 3345 4283 inani
3358 4226 3543 4300 ’gloria
3580 4226 3810 4287 nascitur,

2309 4440 2339 4481 ι’
2379 4441 2617 4516 Edacem
2668 4439 2802 4495 dicit
2835 4438 3156 4516 tristitiam,
3203 4454 3317 4516 μιοη
3355 4439 3536 4496 solum
3576 4445 3812 4516 respectu

2241 4512 2489 4582 corporis
2513 4521 2570 4567 et
2599 4511 2902 4579 corporalis
2943 4511 3095 4582 vitae,
3129 4511 3218 4566 cui
3263 4526 3376 4578 prae
3403 4510 3619 4568 caeteris
3658 4510 3809 4562 animi

2239 4580 2589 4652 passionibus
2621 4597 2878 4652 magnum
2913 4580 3070 4652 affert
3094 4592 3493 4652 inocttmentum
3515 4624 3530 4646 ,
3561 4588 3697 4636 teste
3725 4593 3812 4635 ex-

2241 4650 2503 4724 perientia
2538 4653 2623 4723 (S.
2651 4651 2831 4724 Thom.
2861 4650 2953 4703 1-2
2975 4692 2988 4716 ,
3012 4669 3064 4721 q.
3090 4651 3180 4718 57,
3211 4669 3264 4707 a.
3295 4651 3378 4724 4);
3411 4653 3506 4708 sed
3532 4653 3694 4724 etiam
3709 4662 3812 4724 suo

2239 4719 2423 4788 modo,
2456 4719 2707 4790 respectu
2731 4723 2944 4785 animae,
2976 4719 3036 4777 ut
3060 4738 3130 4777 ex
3155 4719 3515 4792 sequentibus
3543 4719 3805 4791 colligitur

2240 4793 2390 4864 (Cap.
2415 4796 2494 4863 5),
2529 4793 2620 4848 ubi
2651 4793 2783 4848 dicit
2814 4794 3040 4846 animam
3069 4793 3394 4848 edacissimis
3438 4795 3665 4848 tristitiw
3689 4805 3812 4864 mor:-

2239 4857 2381 4919 sibus
2408 4857 2666 4919 devorari.
2701 4865 2774 4918 De
2799 4865 3046 4933 corporis
3082 4871 3262 4918 autem
3297 4875 3648 4924 nocutnento.
3675 4857 3808 4933 quod

2239 4951 2303 4990 cx
2346 4936 2564 4990 tristitia
2605 4931 2966 4999 contrahitur,
2995 4935 3152 5004 plura
3180 4944 3305 4989 sunt
3329 4933 3630 5004 Scriptum
3657 4931 3803 5004 testi-

2241 5009 2442 5060 monia.
2494 5007 2752 5060 Proverb.
2804 5021 2916 5061 xvlt
2959 5003 3074 5059 {In
3121 5021 3337 5078 mturare
3383 5003 3548 5060 animi
3568 5003 3810 5078 idejicitur

2238 5078 2483 5144 spiritus;
2529 5077 2729 5130 animus
2771 5079 2998 5148 gaudens
3040 5085 3242 5148 atatem
3291 5077 3417 5146 facit
3455 5076 3731 5148 ﬂoridam,
3767 5078 3810 5124 et

2237 5149 2450 5214 spiritus
2481 5148 2639 5201 tristis
2665 5145 2882 5201 exsiccat
2920 5162 3054 5200 ossa.
3099 5145 3302 5201 Eccles.
3343 5145 3500 5202 xxx:
3538 5145 3808 5202 Tristitiam

2239 5217 2392 5289 longe
2419 5217 2616 5289 expelle
2638 5216 2768 5283 a'te;
2791 5217 2976 5271 multos
3007 5218 3140 5270 enim
3157 5218 3339 5270 occidit
3364 5219 3610 5289 tristitia,
3643 5225 3688 5270 et
3717 5229 3809 5267 non

2238 5298 2313 5342 est
2337 5287 2536 5343 utilitas
2585 5291 2638 5341 in
2669 5305 2747 5342 ea.
2783 5289 2846 5344 Et
2871 5289 3048 5358 capite
3074 5303 3275 5342 xxxvttt
3309 5305 3320 5340 :
3355 5287 3550 5342 Melior
3582 5297 3654 5341 est
3685 5297 3809 5358 mors

2242 5375 2395 5428 quam
2433 5361 2785 5430 vitaramarar.
2820 5369 2866 5413 et
2906 5357 2951 5411 αθ
2983 5360 3187 5412 tristitia
3236 5359 3444 5430 festinat
3491 5375 3644 5430 mors.
3690 5357 3809 5420 Quae

2244 5432 2422 5482 omnia
2439 5430 2540 5482 etsi
2555 5429 2731 5484 locum
2753 5429 2986 5484 habeant
3000 5437 3054 5484 et
3069 5429 3347 5485 veritatem
3368 5430 3421 5483 in
3435 5429 3674 5500 qualibet
3695 5438 3806 5500 spe-

657 5496 880 5561 ninarit;
913 5511 1034 5552 cum
1060 5508 1238 5553 tamen
1268 5505 1480 5554 constet
1509 5498 1760 5554 invidiam
1793 5497 1981 5552 vitium
2011 5513 2133 5553 esse
2161 5495 2213 5527 υ
2235 5500 2320 5554 cie
2349 5501 2614 5565 tristitie,
2679 5500 2994 5556 eculiariter
3023 5509 3207 5555 tamen
3238 5510 3292 5555 et
3329 5495 3607 5570 praecipue
3635 5498 3684 5552 in
3712 5495 3805 5551 hac

657 5566 805 5624 itale.
838 5576 894 5621 et
919 5583 948 5621 a
979 5569 1040 5622 D.
1073 5568 1334 5624 Gregorio
1355 5579 1408 5624 et
1428 5570 1550 5623 aliis
1570 5569 1886 5624 doctoribus
1911 5570 1962 5622 in
1989 5569 2132 5624 vitiis
2234 5571 2504 5624 secunda.
2542 5579 2598 5624 ut
2625 5515 2828 5624 (fictum
2859 5581 2978 5624 est.
3023 5587 3125 5624 nua
3157 5572 3368 5624 animus
3402 5571 3650 5624 molestia
3692 5582 3805 5624 Dre-

551 5566 805 5638 capitale,
838 5576 894 5621 et
919 5583 948 5621 a
979 5569 1040 5622 D.
1073 5568 1334 5638 Gregorio
1355 5579 1408 5624 et
1428 5570 1550 5623 aliis
1570 5569 1886 5625 doctoribus
1911 5570 1962 5622 in
1989 5569 2132 5624 vitiis
2234 5571 2504 5636 secunda,
2542 5579 2598 5624 ut
2625 5566 2677 5624 dt

2235 5642 2400 5696 mitur
2442 5643 2512 5695 ob
2551 5640 2933 5696 adversitatem
2977 5650 3070 5697 aut
3100 5645 3468 5704 calamitatem
3518 5644 3802 5704 incursant,

2685 5581 2828 5625 ctum
2859 5581 2978 5638 est,
3023 5587 3125 5639 qua
3157 5572 3368 5627 animus
3402 5571 3650 5626 molestia
3692 5582 3806 5638 pre-

553 5706 704 5760 ribus
725 5707 777 5786 i_n
800 5710 933 5786 locis
953 5711 1116 5786 simul
1143 5725 1281 5786 cum‘
1298 5706 1848 5786 vitiisprincipaltbus
1869 5706 2132 5786 jungatur
2233 5728 2355 5781 qua:
2385 5712 2530 5786 nullo
2559 5712 2772 5786 meliori
2815 5713 3212 5771 medicamento
3240 5728 3400 5786 quam
3431 5714 3688 5784 patientia
3716 5723 3804 5765 cu-

555 5785 610 5830 ct
629 5777 939 5834 conferatur
967 5775 1106 5844 (Lib.
1139 5796 1168 5834 v
1187 5797 1233 5836 c.
1254 5781 1319 5836 21
1345 5793 1390 5838 et
1411 5775 1484 5836 2i
1507 5797 1522 5847 ;
1546 5775 1768 5849 libfvu,
1791 5797 1837 5838 ι.
1866 5782 1921 5844 5.
1947 5775 2124 5837 collat.

2233 5776 2385 5839 ratur
2415 5792 2468 5839 et
2493 5776 2800 5864 depellitur.
