3986 6320
187 267 279 331 353
702 262 792 324 DE
828 259 1306 324 C(ENOBIORUM
1344 263 1588 324 INSTIT.
1633 264 1762 321 LIB.
1820 260 1914 322 IX.
1958 294 2027 307 -—
2059 265 2147 321 DE
2187 260 2459 323 SPIRITU
2498 261 2890 323 TRISTITUE.

3324 268 3431 329 δδι

188 398 268 440 sus
289 388 340 437 et
369 380 606 437 incertos
647 394 712 435 ac
745 382 928 436 varios
968 395 1131 436 casus
1185 379 1463 449 obtinendi
1513 380 1749 435 animum
1777 380 1832 443 Α
1856 380 2021 434 cordi.
2052 378 2199 436 Satis
2228 381 2509 437 evidenter
2556 394 2621 436 ac
2667 381 2885 452 proprie
2932 381 3039 437 vim
3085 382 3232 438 noxii
3279 382 3441 454 hujus

190 483 407 530 nostrum
435 471 684 528 habuerit
712 471 1047 539 facultatem,
1080 481 1105 511 ⁸
1130 472 1198 528 ab
1219 474 1365 529 omni
1392 488 1490 529 nos
1512 488 1609 544 per
1634 488 1750 529 mo-

187 577 343 623 menta
370 564 582 635 singula
611 576 832 636 separat
859 565 1057 621 divina:
1081 565 1555 637 contemplationis
1587 566 1749 622 intui-

188 668 262 723 tu,
290 658 561 728 ipsamque
609 669 847 715 mentem
900 658 968 713 ab
1016 659 1274 716 universo
1311 660 1558 730 puritatis
1602 670 1749 717 statu

186 752 423 822 deiectam
471 751 716 837 funditus
748 752 1037 809 labefactat
1081 768 1147 810 ac
1172 754 1444 824 deprimit.
1486 754 1604 812 Non
1626 771 1748 813 ora-

188 848 339 901 tiones
362 860 481 900 eam
509 844 735 915 explere
760 860 883 902 cum
915 846 1077 902 solita
1107 846 1290 903 cordis
1322 848 1601 907 alacritate
1626 864 1750 921 per-

185 935 355 1002 mittit,
387 952 495 991 non
521 951 798 992 sacrarum
828 936 1125 993 lectionum
1153 938 1283 994 sinit
1302 940 1556 996 remediis
1598 941 1749 997 incu-

185 1029 311 1094 bare,
341 1029 692 1100 tranquillum
718 1044 934 1101 quoque
978 1045 1043 1086 ac
1088 1032 1277 1088 mitem
1320 1031 1579 1089 fratribus
1626 1047 1747 1089 esse

184 1134 273 1176 non
300 1120 517 1190 patitur,
548 1130 605 1177 et
625 1120 692 1176 ad
722 1131 917 1178 cuncta
946 1123 1327 1193 Operationum
1354 1126 1439 1182 vel
1468 1124 1747 1196 religionis

183 1214 329 1269 officia
356 1213 733 1284 impatientem
754 1224 809 1272 et
830 1231 1088 1288 asperum
1115 1218 1327 1285 reddit;
1355 1220 1609 1289 omnique
1622 1234 1747 1291 per-

184 1305 277 1363 dito
296 1306 495 1363 salubri
518 1309 773 1377 consilio,
797 1320 853 1367 et
873 1312 1057 1370 cordis
1076 1314 1379 1370 constantia
1404 1314 1741 1385 perturbata,

182 1401 593 1459 velutamentem
619 1402 747 1460 facit
770 1412 826 1461 et
840 1404 1052 1462 ebrium
1082 1422 1303 1465 sensum
1360 1408 1671 1481 frangitque
1691 1417 1746 1466 et

184 1492 337 1550 obruit
359 1493 749 1567 desperatione
770 1498 993 1567 poenali.
1176 1548 1179 1553 ,

786 1586 1016 1647 CAPUT
1045 1590 1112 1647 Il.

300 1677 406 1745 Qua
434 1679 680 1735 cautione
706 1682 911 1737 morbus
949 1682 1174 1739 tristitia
1213 1684 1281 1740 sit
1310 1686 1596 1741 curandus.

1851 485 1915 526 ac
1946 471 2393 541 perniciosissimi
2452 473 2604 543 vitii,
2649 474 2883 546 Spiritus
2921 475 3139 531 divinus
3169 478 3440 548 expressit

1851 562 2123 638 (Prorerb.
2157 564 2306 621 xxvi.

2476 658 2703 717 CAPUT
2743 660 2834 718 III.

1890 749 2061 816 Quam
2097 750 2539 825 comparationem
2576 750 2760 825 habeat
2796 752 2975 807 anima
3010 770 3127 825 qua
3162 755 3389 811 tristitia:

2347 822 2597 877 morsibus
2640 823 2937 881 devoratur.

1920 932 2315 992 Vestimentum
2366 952 2599 1008 namque
2655 939 2926 995 tinearum
2975 956 3073 997 esu
3127 950 3435 1011 attactum,

1850 1029 2049 1084 nullius
2074 1032 2228 1100 pretii
2248 1032 2333 1087 vel
2361 1030 2574 1088 honesti
2601 1048 2730 1088 usus
2754 1035 2954 1104 poterit
2982 1034 3208 1091 ulterius
3237 1035 3441 1093 habere

1848 1123 2267 1189 commercium;
2317 1123 2611 1195 itidemque
2656 1126 2863 1196 lignum
2916 1128 3188 1184 vermibus
3242 1144 3438 1185 exara-

1848 1223 1998 1281 tum,
2028 1230 2134 1271 non
2180 1216 2291 1287 jam
2335 1217 2400 1271 ad
2443 1227 2694 1275 ornatum
2740 1221 2822 1275 vel
2857 1222 3152 1279 mediocris
3194 1224 3430 1289 aedilicii,

1846 1305 1941 1361 sed
1980 1305 2049 1362 ad
2079 1306 2507 1364 combustionem
2552 1310 2691 1380 ignis
2722 1311 3016 1367 merebitur
3048 1311 3319 1384 deputari.
3349 1313 3431 1369 Ita

1846 1398 2008 1471 igitur
2038 1410 2093 1456 et
2133 1402 2311 1457 anima
2356 1417 2478 1470 quae
2511 1402 2849 1458 edacissimis
2898 1404 3437 1462 tristitimmorsibus

1846 1492 2164 1559 devoratur,
2218 1493 2433 1549 inutilis
2463 1494 2570 1550 erit
2608 1496 2693 1549 vel
2739 1496 3065 1551 vestimento
3104 1497 3180 1551 illi
3227 1497 3441 1568 pontifi-

1844 1586 1983 1653 cali,
2031 1586 2175 1657 quod
2207 1596 2540 1658 unguentum
2571 1586 2809 1658 Spiritus
2838 1588 3009 1643 sancti
3046 1589 3113 1644 de
3159 1590 3298 1645 ctelo
3343 1590 3440 1645 de-

1847 1679 2155 1747 scendens,
2184 1679 2334 1750 prius
2373 1680 2429 1735 in
2457 1679 2683 1735 barbam
2715 1681 2895 1734 Aaron
2916 1721 2930 1746 ,
2963 1679 3159 1735 deinde
3197 1682 3251 1736 in
3287 1696 3438 1736 oram

236 1771 590 1840 Quamobrem
634 1790 740 1830 non
780 1774 993 1832 minore
1025 1788 1315 1848 prospectu
1341 1820 1357 1845 ,
1401 1779 1447 1835 si
1478 1778 1742 1850 spiritalis
1772 1780 1822 1842 Β
1848 1790 2000 1830 suam
2041 1774 2219 1831 solere
2249 1774 2561 1843 suscipere,
2602 1773 2781 1830 sancti
2818 1772 2987 1829 David
3021 1774 3275 1829 vaticinio
3316 1789 3441 1843 pcr-

182 1864 339 1935 agonis
386 1866 690 1921 certamina
734 1866 975 1938 legitime
1023 1870 1275 1939 cupimus
1316 1871 1622 1940 desudare,
1653 1872 1739 1929 hic

180 1972 362 2026 quoque
389 1956 555 2012 nobis
594 1958 871 2015 curandus
918 1970 1002 2016 est
1032 1962 1276 2018 morbus.
1317 1960 1346 2001 δ
1396 1962 1548 2018 Sicut
1593 1965 1738 2020 enim

179 2050 291 2104 tinea
312 2051 613 2106 vestimento
640 2060 691 2106 et
722 2052 906 2108 vermis
936 2053 1099 2125 ligno,
1132 2055 1207 2110 ita
1236 2057 1444 2111 tristitia
1468 2057 1565 2111 viri
1596 2062 1745 2113 nocet

1847 1868 2086 1933 hibetur,
2130 1868 2426 1923 secundum
2474 1866 2608 1923 illud
2645 1885 2658 1921 :
2696 1877 2717 1907 ο
2755 1867 2905 1923 Sicut
2929 1878 3243 1937 unguentum
3267 1868 3321 1921 in
3348 1885 3440 1923 ca-

1848 1963 1971 2032 pite,
2000 1961 2138 2033 quod
2159 1960 2423 2015 descendit
2446 1962 2499 2014 in
2529 1960 2742 2014 barbam
2766 1960 2973 2029 Aaron,
3006 1966 3142 2030 quod
3170 1960 3432 2015 descendit

1850 2056 1904 2109 in
1932 2071 2077 2109 oram
2102 2054 2385 2109 vestimenti
2413 2054 2526 2123 ejus
2555 2051 2795 2126 (Psalm.
2827 2051 3079 2124 cxxxu);
3113 2052 3210 2109 sed
3239 2068 3338 2109 nec
3368 2055 3438 2109 ad

1240 2193 1499 2249 ALARDI
1537 2194 1769 2251 GAZ/EI
1806 2192 2367 2251 COMMENTARIUS.

177 2324 257 2362 non
281 2310 480 2382 ponitur
508 2310 695 2365 vitium
743 2309 985 2382 capitale,
1035 2317 1197 2380 neque
1225 2310 1291 2382 ab
1328 2308 1534 2364 Isidoro
1563 2311 1616 2365 in
1645 2310 1735 2363 lib.

177 2382 422 2434 desummo
447 2381 622 2443 Bono,
648 2380 868 2451 nequeo
889 2380 1140 2437 Cassiano
1170 2382 1223 2434 in
1236 2381 1365 2435 libro
1392 2382 1457 2434 de
1479 2381 1743 2436 lnstitutis

178 2452 518 2505 canobiorum.
577 2452 869 2508 Videbatur
918 2453 1063 2507 enim
1120 2453 1289 2521 prima
1345 2453 1519 2507 fronte
1552 2453 1739 2507 incon-

177 2536 335 2588 gruum
366 2533 422 2577 ut
448 2522 659 2578 invidia
710 2524 981 2579 diceretur
1006 2522 1194 2577 vitium
1227 2525 1478 2591 capitale,
1506 2538 1627 2578 cum
1662 2524 1743 2577 ins

179 2600 244 2645 ter
282 2594 405 2646 ﬁlias
438 2595 625 2665 inanis
650 2595 857 2665 gloriae,
890 2595 1005 2648 vitii
1035 2594 1285 2664 capitalis
1312 2605 1617 2649 censeatur.
1673 2599 1743 2649 At

178 2665 437 2732 nspondet
456 2667 522 2719 ι).
550 2664 789 2720 Themas
812 2681 915 2719 non
946 2680 1067 2720 esse
1087 2666 1440 2734 incongruum
1468 2675 1529 2720 ut
1554 2667 1741 2720 vitium

178 2750 313 2788 unum
333 2736 569 2805 capitale
610 2752 676 2792 ex
721 2736 827 2790 alio
856 2739 1088 2793 oriatur:
1144 2736 1435 2790 dummodo
1467 2738 1569 2791 tale
1595 2738 1665 2790 sit
1688 2746 1744 2791 ut

177 2820 229 2858 ex
249 2806 353 2873 ipso
373 2809 545 2862 etiam
570 2807 736 2862 multa
758 2808 861 2862 alia
892 2808 1015 2861 vitia
1044 2808 1175 2861 oriri
1215 2807 1446 2872 soleant,
1473 2818 1529 2860 ut
1567 2809 1739 2862 solent

178 2891 229 2947 ex
250 2876 455 2932 invidia.
490 2877 632 2933 Nam
664 2879 960 2933 secundum
1009 2877 1071 2931 D.
1106 2877 1423 2946 Gregorium
1448 2878 1740 2947 (Lib.xxxt

178 2946 340 3020 Morel.
368 2966 411 3002 r.
440 2950 543 3016 31)
574 2948 830 3020 Capitalia
860 2950 979 3003 vitia
1007 2957 1149 3002 tanta
1188 2949 1283 3002 sibi
1307 2946 1607 3016 cognatione
1630 2967 1725 3020 con

176 3019 457 3089 junguntur,
477 3029 539 3073 ut
563 3019 663 3073 non
691 3020 792 3073 nisi
820 3037 976 3073 unum
997 3021 1061 3073 de
1089 3022 1252 3074 altero
1280 3019 1584 3087 proferatur.
1624 3019 1718 3074 Pri

178 3107 242 3141 ina
292 3108 503 3160 namque
568 3090 820 3159 superbiae
858 3091 1076 3154 soboles,
1110 3092 1278 3144 inanis
1311 3101 1386 3143 est
1415 3091 1601 3160 gloria,
1629 3109 1746 3161 qua:

1847 2309 2012 2377 gitur,
2038 2309 2341 2381 tristitiam,
2390 2307 2460 2362 de
2485 2321 2591 2377 qua
2619 2306 2711 2381 hic
2736 2306 2935 2381 agitur,
2962 2306 3093 2381 nihil
3120 2308 3262 2365 aliud
3291 2326 3434 2381 esse,

1846 2396 2005 2450 quam
2034 2379 2449 2448 impatientiam,
2474 2394 2601 2450 quae
2622 2378 2840 2445 quidem
2871 2394 2993 2433 cum
3029 2380 3104 2434 ira
3132 2389 3186 2433 et
3218 2378 3436 2441 iracunQ

1846 2447 1931 2505 dia
1983 2447 2227 2521 magnam
2260 2450 2421 2505 habet
2451 2447 2775 2521 affinitatem
2797 2488 2810 2510 ,
2845 2458 2901 2504 et
2938 2450 3047 2503 fere
3106 2450 3436 2517 individuam

1840 2518 2187 2585 societatem.
2222 2521 2317 2577 Est
2344 2520 2485 2575 enim
2529 2518 2632 2573 hoc
2681 2519 2867 2592 vitium
2910 2521 3183 2590 patientia:
3208 2526 3432 2592 ορροείρ

1849 2602 1982 2656 lum,
2009 2594 2164 2662 cujus
2190 2601 2275 2648 est
2309 2592 2526 2647 firmare
2554 2592 2790 2644 animum
2839 2591 2894 2645 in
2931 2593 3206 2660 adversis;
3248 2591 3438 2652 mode-

1845 2664 2015 2731 rando
2044 2679 2327 2725 mmrorcs.
2352 2664 2444 2731 qui
2471 2677 2538 2716 ex
2566 2662 2629 2715 iis
2653 2662 2858 2732 percipi
2888 2664 3084 2731 solent,
3122 2680 3188 2720 ne
3222 2682 3316 2733 per
3335 2666 3436 2723 hos

1846 2750 1875 2787 a
1900 2736 2219 2805 praescripto
2249 2734 2474 2789 rationis
2519 2733 2771 2798 recedat,
2815 2734 2905 2805 vel
2946 2735 3147 2805 aliquid
3194 2737 3437 2794 indecori

1847 2817 2001 2875 agat;
2032 2814 2091 2859 ut
2114 2804 2165 2861 in
2193 2815 2372 2861 morte
2408 2814 2714 2875 parentum,
2742 2804 2826 2858 vel
2857 2804 3176 2874 amicorum,
3210 2809 3261 2863 in
3292 2810 3438 2864 exsi-

1846 2874 1946 2943 lio,
1973 2877 2023 2931 in
2047 2878 2280 2942 damnis,
2308 2878 2362 2931 in
2398 2874 2620 2949 morbis,
2665 2874 2715 2928 in
2743 2878 3106 2943 contumeliis,
3130 2880 3356 2949 aliisque
3377 2882 3433 2935 id

1882 2963 2016 3002 enus
2040 2950 2223 3016 malis;
2255 2950 2370 3002 haec
2388 2947 2535 3001 enim
2564 2961 2786 3016 magnos
2832 2963 3095 3005 maerores
3117 2947 3313 3005 afferre
3346 2967 3435 3007 so.

1839 2962 2016 3072 genus
2040 2962 2223 3016 malls;
2256 2962 2370 3002 meo
2388 2962 2535 3001 enim
2564 2962 2786 3069 nlag’nos
2832 2963 3095 3005 mmrores
3117 2962 3313 3005 allerre
3346 2967 3435 3007 suo

1867 3030 1980 3082 ent,
2004 3035 2125 3089 quae
2154 3020 2425 3074 hominem
2457 3032 2601 3089 saepe
2631 3035 2656 3069 a
2744 3032 2869 3073 arce
2918 3022 3143 3077 rationis
3173 3032 3225 3077 et
3250 3021 3437 3079 officio

1848 3088 2059 3145 virtutis
2084 3091 2396 3156 deturbant,
2422 3098 2476 3144 et
2503 3088 2555 3142 in
2582 3089 2749 3143 multa
2779 3090 2919 3145 mala
2945 3091 3246 3160 impellunt,
3273 3104 3437 3160 atque

178 3161 277 3212 dum
291 3178 591 3228 oppressam
606 3173 819 3215 mentem
836 3163 1141 3229 corrumpit,
1162 3161 1536 3216 moxinvidiam
1556 3165 1608 3232 gi
1646 3166 1742 3228 nit,-
1769 3162 1816 3226 C
1845 3161 1981 3217 adeo
2004 3164 2056 3216 in
2089 3164 2259 3230 ipstm
2300 3161 2730 3229 desperationem
2759 3161 2986 3217 subinde
3025 3164 3302 3219 inducunt.
3339 3161 3435 3221 Est

178 3232 273 3286 auia
299 3233 415 3285 dum
440 3234 562 3286 vani
587 3234 808 3286 nominis
829 3234 1108 3286 potentiam
1132 3234 1349 3286 appetit.
1375 3250 1437 3286 ne
1464 3235 1576 3286 auis
1606 3181 1736 3286 lianc
1841 3232 2004 3286 igitur
2027 3233 2263 3286 tristitia.
2297 3248 2390 3286 seu
2420 3230 2773 3286 impatientia.
2809 3231 3100 3286 liuiuslihri
3133 3236 3430 3286 obiectum-

177 3232 273 3315 quia
299 3233 415 3315 dum
438 3234 562 3315 vani
587 3234 808 3315 nominis
828 3234 1108 3315 potentiam
1132 3234 1349 3315 appetit,
1375 3250 1437 3286 ne
1464 3235 1576 3315 quis
1606 3232 1736 3315 hanc

179 3306 288 3356 alius
314 3305 531 3375 adipisci
560 3305 767 3375 valeat,
794 3305 1024 3357 tabescit.
1059 3303 1135 3375 Ita
1170 3305 1228 3356 ί).
1261 3303 1574 3371 Gregorius.
1606 3308 1731 3359 Pos-

180 3384 245 3446 set
282 3374 494 3444 quidem
528 3376 636 3429 dici
667 3374 918 3429 invidiam
950 3374 1182 3428 tristitiae
1232 3375 1448 3429 nomine
1493 3390 1739 3446 compre-

180 3444 332 3508 hendi,
363 3462 484 3501 cum
518 3447 593 3500 sit
622 3446 835 3499 tristitia
865 3448 933 3500 de
965 3446 1106 3499 hooo
1130 3446 1379 3513 proximi.
1415 3450 1481 3501 At
1528 3444 1633 3501 non
1659 3447 1737 3501 vi-

179 3515 308 3585 detur
348 3518 647 3572 Cassianus
690 3517 767 3572 sic
816 3516 1163 3580 intellexisse,
1197 3525 1458 3585 quantum
1506 3534 1572 3571 ex
1628 3529 1739 3572 toto

179 3584 309 3658 hujus
348 3588 467 3644 libri
497 3597 733 3643 tractatu
758 3590 911 3658 (Cap.
944 3586 978 3639 5
1007 3598 1052 3641 et
1075 3584 1281 3658 ultimo)
1308 3598 1361 3640 et
1392 3587 1606 3643 aliunde
1627 3590 1735 3643 col-

179 3657 248 3725 ligi
274 3670 461 3729 potest.
495 3658 618 3714 Non
652 3658 795 3713 enim
840 3657 980 3714 solet
1007 3657 1259 3712 invidiam
1306 3658 1626 3725 simpliciter
1654 3676 1738 3715 vo-

178 3742 280 3782 care
304 3732 613 3791 tri~titiam;
662 3740 715 3783 et
741 3733 865 3785 dum
899 3732 1131 3784 tristitia:
1157 3744 1345 3782 causas
1379 3731 1465 3783 llic
1494 3745 1739 3787 comme-

177 3810 340 3863 morat,
384 3803 593 3855 nullam
624 3800 693 3855 de
724 3802 919 3855 invidia
962 3810 1051 3854 aut
1084 3800 1295 3853 invidiae
1317 3815 1477 3855 causa
1515 3802 1741 3856 mentio-

179 3884 276 3925 nem
302 3872 440 3926 facit.
478 3872 719 3927 Proindo
760 3872 886 3940 quid
919 3888 1011 3940 per
1047 3871 1318 3925 tristitiam
1356 3872 1638 3941 intelligat,
1686 3882 1742 3927 ef.

178 3944 420 4009 quomodo
440 3959 569 3997 eam
596 3944 664 3996 ab
693 3943 888 3996 invidia
914 3942 1073 3996 simul
1112 3951 1167 3996 et
1209 3943 1390 3997 acetlia
1422 3942 1737 4012 distinguat,

179 4020 223 4064 ut
244 4013 627 4082 intelligamus,
653 4013 945 4067 notandum
969 4028 997 4066 a
1026 4015 1235 4068 Joanne
1265 4014 1741 4084 Damasceuoqua-

178 4089 281 4137 tuor
299 4089 507 4149 species
543 4084 771 4138 tristitia:
818 4084 1069 4147 όίηῑίιιεωί
1102 4084 1221 4152 (Lib
1246 4100 1279 4137 ll
1307 4084 1529 4137 Orthod.
1564 4084 1736 4153 Fidei,

178 4168 272 4223 cap.
305 4154 411 4226 li),
459 4172 587 4225 quae
633 4155 836 4209 Latinis
882 4155 1191 4209 nominibus
1234 4155 1487 4209 dicuntur
1532 4159 1739 4223 acedia,

182 4226 421 4285 molestia,
449 4227 682 4290 ins-illia,
718 4226 1104 4279 misericordia.
1134 4226 1345 4287 Acedia,
1373 4226 1562 4292 inquit,
1588 4229 1742 4282 tristi-

178 4295 235 4345 tia
259 4310 323 4349 est
358 4299 771 4350 taciturnitatem
817 4297 1253 4366 dt-{ectioncmque
1295 4300 1429 4349 vocis
1455 4298 1740 4365 inducens;

180 4368 400 4437 molestia,
452 4368 667 4421 tristitia
698 4378 768 4420 est
806 4383 1109 4437 aggravans,
1143 4368 1441 4437 pondusque
1485 4368 1740 4437 a/ferens;

177 4436 343 4492 invidia
362 4442 579 4492 tristitia
604 4449 677 4490 est
705 4455 767 4492 ea:
786 4436 969 4492 alienis
996 4436 1151 4492 bonis
1170 4436 1470 4502 provcn'iens
1492 4456 1509 4503 ;
1540 4436 1740 4493 miseri-

177 4510 325 4560 cordia
347 4529 462 4563 οπο
489 4510 546 4563 in
576 4511 759 4562 alienis
787 4510 939 4563 malis
962 4512 1188 4564 tristitia.
1224 4510 1349 4564 Haec
1375 4512 1739 4565 llaiuasccnus

177 4551 460 4641 (eius;
490 4551 1349 4650 ϊζξξᾜῗ’δὲῖὶἑῗέᾗῗλῖιῖιὶέῖὶ
1376 4551 1740 4648 ’ἑιῖἔῖιῖἆιὶὶὃῖ
1767 4551 1820 4613 Ῑ)

177 4653 562 4713 speciebussola
583 4664 639 4706 et
660 4653 918 4720 secunda,
945 4652 1423 4712 scilicetmolcstia.
1451 4667 1607 4720 quam
1635 4656 1737 4709 sub

178 4732 371 4774 ιιοιιιιησι
407 4723 647 4777 tri~titiae
678 4719 965 4777 Cassianus
996 4722 1097 4777 hoc
1127 4723 1247 4777 loco
1293 4719 1652 4791 persequitur,
1685 4734 1736 4779 et

175 4791 372 4863 spiritali
413 4795 705 4863 agonistte,
754 4794 802 4846 id
847 4803 951 4859 est,
998 4796 1263 4847 monacho
1309 4794 1635 4848 domandam
1684 4808 1739 4850 et

175 4862 499 4932 subigendam
515 4867 676 4919 docet
710 4882 723 4916 :
758 4880 875 4934 quas
906 4864 1039 4918 nihil
1066 4864 1210 4918 aliud
1235 4874 1317 4919 est
1341 4880 1499 4933 quam
1528 4866 1731 4921 inordi-

175 4944 272 5003 nata
292 4938 451 4990 animi
482 4935 771 5003 wgritudo,
803 4939 1074 4998 maestitia,
1110 4950 1203 4989 seu
1231 4934 1454 4989 afflictio
1476 4950 1539 4989 es
1572 4938 1736 4991 alicu-

169 5002 241 5067 jus
259 5008 377 5061 mali
392 5002 635 5061 illati’vel
653 5009 774 5059 boni
797 5006 1054 5060 subtracti
1068 5007 1500 5075 apprehensimic
1514 5007 1732 5074 oborta;

175 5081 221 5147 ut
242 5090 351 5129 cum
374 5082 501 5147 quis
529 5077 814 5130 fraudatur
854 5078 995 5130 bono
1024 5086 1354 5146 exspectato,
1378 5086 1470 5131 aut
1499 5080 1737 5147 privatur

174 5142 289 5220 bono
308 5142 458 5216 prius
488 5147 698 5220 habito,
717 5151 794 5202 vel
811 5148 1086 5217 inopinato
1113 5142 1373 5215 premitur
1397 5142 1555 5214 malo,
1577 5161 1737 5220 atque

172 5215 277 5272 inde
301 5215 488 5274 animo
521 5219 645 5287 deji«
668 5219 794 5285 itur,
819 5228 874 5273 et
909 5215 1063 5286 quasi
1108 5221 1255 5287 gravi
1289 5220 1526 5286 pondere
1556 5215 1735 5290 depri-

172 5290 337 5355 mitur;
388 5308 518 5344 cutn
552 5292 776 5345 deberet
807 5306 900 5357 per
944 5290 1256 5358 patientiam
1286 5300 1339 5343 ct
1372 5293 1638 5357 liduciam,
1672 5310 1733 5347 ac

170 5370 296 5425 spem
329 5361 582 5417 melioris
607 5376 913 5424 successus,
936 5361 1067 5428 erigi
1091 5363 1158 5416 ab
1184 5361 1487 5430 huiusmodi
1512 5363 1735 5431 depres-

169 5433 315 5503 Slone.
338 5432 500 5488 Unde
524 5434 590 5486 ad
612 5434 988 5487 excutiemlutn
1011 5433 1312 5499 huiusmodi
1339 5449 1501 5503 grave
1527 5435 1733 5502 pondus

169 5502 378 5571 seipsum
412 5504 668 5558 excitans
702 5504 981 5557 P~almista
1012 5511 1279 5557 exclamat
1308 5519 1321 5555 :
1352 5502 1535 5571 Quare
1576 5507 1736 5561 tristis

168 5587 227 5646 es:
248 5577 419 5628 anima
440 5592 581 5638 mea,
600 5585 812 5646 etquare
827 5574 1232 5646 conturbasme?
1261 5574 1425 5645 Spera
1443 5578 1493 5627 in
1518 5574 1737 5631 Domino

169 5640 372 5718 (Psaltn.
400 5661 544 5712 xu),
566 5640 679 5718 etc;
696 5648 761 5701 Et
786 5647 1071 5715 Apostolus
1094 5640 1327 5701 Jacohus
1353 5657 1554 5707 monet,
1571 5658 1627 5699 ut
1650 5650 1738 5718 qui

170 5714 399 5781 tristatur,
426 5716 765 5785 oret(.lacob.
795 5714 873 5787 v),
907 5720 957 5771 id
989 5727 1091 5783 est,
1128 5729 1360 5772 mentem
1392 5733 1621 5774 mterore
1643 5714 1735 5775 de-

168 5796 389 5849 pressam
413 5796 469 5845 in
503 5788 673 5846 Deum
697 5793 872 5847 elevet
900 5798 956 5845 et
978 5790 1212 5845 attollat.
1251 5789 1330 5845 Ex
1356 5788 1547 5865 quibus
1577 5790 1732 5850 colli-

1841 3232 2004 3300 igitur
2027 3233 2263 3295 tristitia.
2297 3248 2390 3288 seu
2420 3230 2773 3303 impatientia,
2809 3231 3100 3302 lmjnslibri
3133 3236 3431 3303 obiectum,

1842 3313 1899 3357 ut
1932 3304 2241 3373 loquuntur,
2274 3319 2394 3375 qum
2419 3311 2475 3357 et
2506 3302 2558 3356 in
2598 3317 2822 3375 numero
2842 3306 3150 3369 capitalium
3172 3302 3431 3363 vitiorum

1842 3378 2037 3431 merito
2086 3374 2416 3437 recensetur,
2458 3388 2583 3428 cum
2634 3374 2705 3427 sit
2754 3376 3043 3431 multorum
3085 3378 3347 3433 malorum
3378 3390 3436 3434 et

1844 3454 2186 3511 peccatorum
2230 3462 2425 3513 causa,
2472 3454 2530 3498 ut
2576 3446 2907 3512 experientia
2957 3458 3295 3513 compertum
3326 3458 3433 3507 est.

1843 3516 1997 3573 Unde
2019 3518 2273 3585 Isidorus,
2306 3516 2395 3571 ubi
2419 3531 2603 3583 supra,
2630 3515 2763 3569 dicit
2798 3530 2863 3570 ex
2888 3518 3107 3572 tristitia
3134 3518 3268 3574 oriri
3307 3536 3432 3575 ran-

1841 3604 2055 3655 corcm,
2103 3589 2640 3659 pusillanimilatem,
2668 3586 3129 3659 amaritudinem,
3178 3590 3436 3659 despera-

1844 3662 2063 3713 ti0nem.
2098 3657 2322 3714 Differre
2337 3668 2514 3712 autem
2541 3657 2813 3711 tristitiam
2828 3657 2930 3713 hoc
2961 3657 3123 3714 modo
3150 3657 3430 3729 acceptam

1842 3731 1911 3802 ab
1937 3730 2146 3795 acedia,
2183 3747 2276 3799 per
2308 3745 2364 3786 se
2395 3739 2580 3784 notum
2628 3737 2733 3793 est,
2763 3738 2818 3783 et
2856 3728 3055 3785 clarius
3084 3746 3149 3787 ex
3181 3728 3433 3802 sequenti

1844 3801 1981 3855 libro
2013 3802 2232 3870 patebit.

1916 3881 1942 3909 ι
1988 3869 2062 3926 De
2094 3873 2176 3925 his
2205 3872 2436 3942 aliisque
2468 3869 2700 3924 tristitiae
2730 3884 2825 3926 seu
2866 3870 3220 3942 impatientia:
3264 3888 3433 3931 nocu-

1843 3944 2083 4069 menliiso,
2117 3946 2233 3998 vide
2286 3941 2359 3999 l).
2397 3941 2719 4012 Gregorium
2763 3943 2819 3997 in
2870 3941 3133 3999 Pastorali
3184 3956 3334 4015 parte
3374 3962 3433 4005 ιιι

1843 4029 1962 4069 can.
2079 4054 2092 4068 .

1842 4029 1962 4083 cap.
2007 4016 2092 4069 10.

1915 4085 1941 4125 ιι
1985 4087 2133 4140 Hanc
2160 4085 2481 4141 sententiam
2526 4084 2578 4139 in
2609 4084 2842 4140 Hebraeo
2870 4101 2973 4141 non
3007 4084 3195 4143 haberi
3240 4098 3433 4145 notant

1842 4158 2192 4228 interpretes.
2244 4158 2306 4211 D.
2341 4156 2575 4211 Thomas
2621 4157 2687 4210 ad
2732 4156 2968 4224 corpus,
3021 4156 3318 4215 Cassianus
3360 4162 3429 4216 ad

1842 4231 2076 4283 animam
2111 4230 2313 4295 refert,
2348 4242 2468 4296 quae
2500 4229 2701 4295 passim
2743 4228 2794 4281 in
2838 4228 3142 4298 Scripturis
3171 4232 3425 4299 appella-

1844 4301 1992 4355 tione
2016 4301 2196 4354 cordis
2224 4300 2542 4368 intelligitur
2580 4300 2641 4369 S:
2663 4299 3089 4369 Cllrysostomus
3113 4302 3177 4355 ad
3211 4312 3422 4357 utrum-

1842 4387 1945 4441 que
1979 4373 2229 4425 retulitin
2259 4372 2341 4425 his
2368 4369 2552 4424 verbis
2573 4368 2859 4440 (Ερὶειζαά
2885 4370 3122 4441 Olymp.)
3152 4390 3163 4424 :
3192 4372 3425 4427 Tristitia

1841 4445 2134 4495 animarum
2183 4444 2389 4496 crudele
2442 4450 2753 4494 tormentum
2784 4450 2887 4509 est,
2920 4442 3069 4495 dolor
3106 4445 3319 4511 quidam
3348 4448 3432 4499 in-

1845 4514 2134 4585 explebilis,
2170 4524 2215 4567 et
2240 4514 2497 4585 judicium
2534 4527 2649 4585 cum
2672 4513 2893 4578 judicio,
2931 4514 3257 4585 vindictaque
3284 4516 3432 4569 dete-

1843 4586 1972 4638 rius.
2008 4583 2149 4636 Nam
2176 4594 2222 4636 ct
2250 4586 2405 4637 vermi
2452 4584 2637 4636 similis
2684 4592 2756 4637 est
2802 4592 3081 4650 venenato;
3120 4583 3220 4638 nun
3266 4587 3431 4640 solum

1844 4672 2080 4733 carnem,
2100 4655 2200 4733 sed
2229 4664 2274 4707 et
2300 4656 2530 4733 animum
2572 4655 2735 4733 ipsam
2764 4657 3121 4733 perimetts'bct
3150 4658 3286 4711 tinea
3325 4673 3430 4711 non

1843 4698 2011 4779 solum
2043 4698 2110 4779 (id
2139 4742 2285 4799 ossa,
2316 4726 2406 4779 sed
2436 4727 2502 4777 ad
2527 4698 2684 4779 calida
2707 4698 3113 4797 pe'i'tingens,”et
3142 4698 3426 4799 pervpetuus'

1842 4799 2051 4865 quidam
2081 4798 2335 4867 carnifex,
2365 4806 2472 4850 etc.

1920 4879 1941 4906 ο
1987 4870 2270 4936 Eleganter
2312 4878 2366 4921 et
2410 4868 2629 4936 copiose
2657 4868 2851 4923 scribit
2884 4869 2944 4923 D.
2975 4868 3333 4937 Hieronymus
3364 4869 3416 4923 in

1844 4939 1987 5010 hunc
2037 4939 2303 5006 psalmum
2352 4938 2503 5003 (Lib.
2538 4955 2551 4992 I
2594 4944 2657 4992 de
2688 4939 2833 5009 U/ﬁc.
2864 4940 3023 4995 divin.
3054 4956 3166 5010 cap.
3200 4939 3324 5009 2‘2).
3357 4940 3427 4994 At

1842 5008 2112 5073 Rupertus
2134 5013 2594 5076 compendiosius,
2628 5022 2684 5067 et
2709 5008 2897 5067 nnStro
2930 5008 3174 5065 instituto
3199 5008 3420 5065 accom-

1844 5082 2131 5145 mndatius,
2170 5084 2220 5134 in
2256 5082 2397 5137 hunc
2436 5082 2655 5137 modum
2684 5104 2691 5130 ;
2732 5083 2884 5147 Quod
2906 5091 3009 5145 est,
3037 5083 3210 5149 inquit
3237 5125 3250 5148 ,
3282 5078 3417 5133 illud

1840 5154 2240 5206 vestimentum?
2272 5155 2463 5207 Sancta
2511 5152 2738 5207 Ecclesia
2774 5155 3046 5207 catholica.
3088 5152 3227 5205 Nam
3268 5152 3425 5204 barba

1842 5225 2015 5296 Aaron
2061 5226 2235 5296 (quod
2270 5225 2636 5296 interpretatur
2660 5240 2807 5277 mons
2837 5224 3154 5289 fortitudinis
3173 5222 3418 5296 )Ubarba,

1838 5293 2079 5367 inquam,
2104 5295 2274 5347 Aaron
2305 5295 2493 5349 Christi
2519 5297 2738 5358 apostoli
2769 5309 2907 5362 sunt,
2937 5302 2985 5347 et
3008 5293 3272 5367 apostolici
3296 5294 3415 5359 riri,

1838 5366 2000 5437 fortes
2030 5376 2077 5419 et
2105 5367 2343 5437 perfecti;
2372 5377 2689 5437 unguentum
2718 5376 2887 5419 autem
2913 5368 3083 5435 regale
3111 5375 3157 5417 et
3176 5368 3422 5437 sacerdo-

1840 5436 1943 5489 tale
1973 5435 2205 5508 Spiritus
2246 5440 2414 5508 sancti
2447 5435 2569 5503 'est,
2620 5441 2767 5507 cujus
2809 5447 2915 5490 tota
2954 5435 3217 5508 plenitudo
3265 5446 3338 5488 est
3368 5436 3419 5487 in

1840 5506 2025 5575 capite,
2054 5508 2247 5562 scilicet
2271 5506 2497 5572 Christo;
2519 5521 2667 5578 atque
2678 5506 2807 5561 inde
2819 5509 3045 5579 primum
3056 5507 3109 5559 in
3131 5509 3418 5575 apostolos,

1838 5580 1988 5650 quasi
2015 5581 2066 5633 in
2100 5582 2307 5633 barbam
2328 5622 2343 5645 ,
2368 5581 2555 5650 deinde
2582 5596 2633 5631 tn
2664 5578 2825 5631 totam
2856 5578 3159 5642 Ecclesium,
3191 5588 3237 5632 et
3265 5594 3422 5647 usque

1838 5649 1890 5704 in
1912 5660 2139 5705 extrema
2161 5652 2385 5705 membra
2414 5649 2680 5717 Ecclesiw,
2702 5651 2849 5720 quasi
2870 5651 2924 5705 in
2949 5666 3095 5704 oram
3114 5650 3419 5717 vestimenti,

1838 5724 2115 5779 descendit.
