3986 6320
530 275 640 342 355

533 492 735 562 poterit
777 491 1083 559 pertinere,
1125 492 1281 562 cuius
1316 492 1512 548 Paulus
1538 493 1868 550 architectus
1899 494 2117 564 sapiens

531 582 714 655 posuit
736 583 1082 639 fundamenta
1103 624 1118 649 ,
1162 583 1352 640 dicens
1383 601 1396 638 :
1439 583 1541 638 Vos
1568 586 1689 638 estis
1717 585 1963 654 templum
1995 583 2116 650 Dei,

534 685 580 730 et
603 676 814 747 spiritus
839 674 937 730 Dei
957 674 1152 729 habitat
1177 676 1230 729 in
1257 676 1397 730 vobis
1421 673 1467 747 (ι
1491 675 1610 731 Cor.
1636 677 1741 746 Ill);
1767 677 1920 745 cujus
1937 676 2117 746 qualia

533 768 642 823 sint
669 767 844 838 ligna,
884 782 1080 837 sponsa
1113 767 1372 822 describit
1403 769 1454 821 in
1481 769 1706 823 Cantico
1731 767 2068 822 canticorum
2099 783 2112 820 :

538 869 563 896 ⁸
589 858 800 926 Trabes,
830 858 1102 928 inquiens,
1135 867 1326 914 nostra:
1355 875 1650 930 cupressus,
1679 861 1828 930 tigna
1853 860 2120 912 domorum

537 959 830 1004 nostrarum
855 949 997 1002 cedri
1030 948 1203 1014 (Cant.
1239 951 1300 1022 t).
1333 952 1396 1004 Et
1423 950 1632 1006 idcirco
1664 948 2036 1020 hujuscemodi
2051 950 2118 1004 ad

536 1044 795 1114 templum
829 1042 917 1098 Dei
953 1043 1220 1114 lignorum
1263 1060 1466 1114 genera
1499 1044 1794 1116 eliguntur,
1826 1059 1947 1112 quae
1993 1053 2120 1099 sunt

534 1144 589 1191 et
635 1136 789 1190 bonae
833 1134 1175 1207 fragrantiae,
1207 1146 1262 1194 et
1302 1137 1694 1208 imputribilia,
1740 1151 1977 1208 quaeque
2019 1150 2120 1191 nec

534 1228 861 1298 corruptelae
907 1230 1196 1285 vetustatis
1249 1244 1351 1286 nec
1410 1230 1529 1286 esui
1579 1229 1843 1286 vermium
1904 1227 2122 1284 valeant

534 1318 838 1390 subiacere.

1142 1410 1371 1470 CAPUT
1406 1413 1494 1470 IV.

733 1503 884 1560 Unde
910 1504 988 1560 vel
1013 1507 1196 1577 quibus
1222 1507 1391 1562 ntodts
1419 1507 1628 1561 tristitia
1652 1493 1914 1580 gignatur.

607 1596 632 1636 ι)
673 1597 1087 1670 Nonnumquam
1123 1609 1302 1655 tamen
1334 1601 1427 1656 ira;
1461 1600 1816 1671 praecedentis
1839 1599 1973 1656 vitio
2002 1597 2122 1654 sub-

534 1691 708 1761 sequi,
736 1706 830 1747 seu
861 1693 1320 1763 concupiscentia:
1349 1703 1370 1732 ε
1398 1693 1608 1750 lucrive
1630 1692 1910 1763 cujusdam
1940 1692 2120 1746 minus

1851 279 2133 342 JOANNIS
2167 272 2482 342 CASSIANI

530 403 861 452 structuram
911 395 1100 468 templi
1149 395 1299 454 illius
1347 397 1612 468 spiritalis
1656 405 1819 470 atque
1864 406 2116 457 ornatum
2143 399 2194 460 Δ

3673 303 3768 370 856

2836 400 3063 462 CAPUT
3099 404 3191 464 VI.

2265 487 2418 557 Quod
2439 489 2616 579 nullus
2640 493 2907 578 repentino
2933 496 3081 579 lapsu
3106 511 3340 579 corruat,
3367 505 3453 559 sed
3477 509 3712 579 paulatim

2457 577 2548 632 per
2567 558 2777 633 longam
2802 558 3051 637 iniuriam
3074 558 3340 641 recidam"
3365 558 3712 646 We;
3724 558 3738 584 ,

2298 681 2322 710 ε
2359 671 2660 744 Numquam
2707 677 2850 732 enim
2893 680 3012 748 quis
3061 682 3290 740 alterius
3338 685 3465 744 vitio
3516 691 3773 755 lacessitus

2225 779 2453 835 peccare
2480 770 2844 839 compellitur,
2876 772 2923 827 si
2951 775 3242 843 repositam
3273 781 3542 838 materiem
3567 785 3772 844 delicto-

2222 871 2342 912 rum
2391 858 2448 912 in
2491 875 2591 915 suo
2632 863 2796 918 corde
2843 879 2950 920 non
2984 865 3194 922 habeat.
3239 867 3262 907 ί
3294 869 3404 927 Nec
3450 882 3576 932 tunc
3616 880 3775 936 subito

2225 950 2496 1022 quispiam
2518 953 2780 1024 deceptus
2808 969 2930 1011 esse
2957 957 3263 1016 credendus
3283 971 3385 1029 est,
3421 979 3540 1020 cum
3570 983 3776 1040 conspe—

2222 1051 2309 1097 cta
2355 1045 2599 1101 mulieris
2645 1046 2812 1102 forma
2863 1049 2918 1104 in
2965 1049 3281 1108 barathrum
3341 1061 3775 1128 concupiscentia:

2223 1136 2395 1207 turpis
2440 1139 2735 1209 inciderit,
2791 1140 2888 1198 sed
2939 1143 3121 1213 potius
3170 1148 3416 1204 occultos
3462 1165 3525 1206 ac
3569 1152 3776 1210 latentes

2222 1230 2540 1286 medullitus
2582 1234 2801 1289 morbos
2835 1237 3124 1292 occasione
3163 1238 3316 1296 visus
3356 1240 3412 1296 in
3453 1242 3769 1313 superﬁciem

2222 1327 2351 1378 tunc
2388 1321 2561 1380 fuisse
2601 1325 2911 1396 productos.

2833 1421 3066 1479 CAPUT
3105 1423 3212 1480 VII.

2227 1511 2381 1596 Quod
2406 1528 2509 1566 non
2546 1514 2650 1594 sint
2683 1513 2924 1596 fratrum.
2945 1516 3551 1596 deserendaconsortta,
3582 1531 3635 1596 ut
3671 1539 3774 1596 per-

2261 1583 2412 1651 fectio
2444 1586 2801 1653 conquiratur,
2833 1587 2924 1640 sed
2950 1589 3199 1658 patientia
3229 1591 3428 1661 jugiter
3457 1583 3737 1653 excolenda.

2294 1695 2530 1766 Ideoque
2550 1707 2765 1752 creator
2787 1699 3034 1752 omnium
3069 1700 3211 1756 Deus
3240 1701 3441 1771 opificii
3463 1703 3541 1759 sui
3563 1705 3782 1761 cnrstio-

535 1784 742 1856 indepti
775 1787 1024 1854 generari
1067 1787 1237 1854 solet,
1269 1801 1393 1842 cum
1423 1801 1480 1841 se
1519 1786 1709 1841 barum
1759 1801 1936 1841 rerum
1980 1801 2116 1856 qua-
2148 1794 2196 1854 Β
2223 1803 2344 1844 nem
2395 1802 2505 1858 prae
2536 1789 2793 1844 omnibus
2842 1804 3072 1847 noscens
3095 1833 3109 1856 ,
3153 1801 3208 1847 et
3255 1795 3383 1864 quia
3431 1809 3536 1850 non
3570 1796 3618 1851 in
3648 1797 3774 1867 aliis,

533 1876 656 1932 dam
689 1891 782 1947 spe
826 1887 1009 1934 mente
1048 1888 1308 1947 concepta
1338 1878 1458 1948 quis
1488 1877 1688 1933 viderit
1716 1877 2003 1933 excidisse.
2034 1877 2123 1933 In-

539 1969 750 2025 terdum
775 1985 906 2026 vero
926 1971 1090 2025 etiam
1120 1971 1280 2026 nullis
1305 1970 1670 2026 existentibus
1699 1973 1902 2037 causis,
1927 1971 2122 2040 quibus

533 2061 599 2116 ad
631 2062 767 2117 hanc
795 2063 970 2118 labem
1003 2078 1260 2118 corruere
1293 2077 1674 2132 provocemur,
1708 2063 1922 2118 inimici
1941 2061 2119 2117 subti-

533 2155 601 2210 lis
627 2155 885 2210 instinctu
905 2196 920 2220 ,
956 2165 1105 2209 tanto
1135 2164 1360 2225 repente
1393 2169 1636 2210 maerore
1660 2154 2039 2224 deprimimur,
2065 2160 2126 2207 ut

533 2262 602 2304 ne
630 2249 917 2303 charorum
948 2248 1167 2318 quidem
1217 2263 1280 2304 ac
1327 2249 1760 2304 necessariorum
1809 2257 2120 2302 nostrorum

533 2341 830 2396 adventum
871 2342 1031 2396 solita
1073 2341 1350 2411 suscipere
1391 2339 1702 2395 affabilitate
1740 2339 2038 2410 possimus,
2071 2347 2124 2394 et

534 2435 794 2506 quidquid
853 2435 920 2490 ab
965 2435 1045 2490 eis
1100 2434 1429 2504 competenti
1475 2435 1637 2489 fuerit
1684 2433 2124 2490 confabulatione

534 2529 832 2598 prolatum,
863 2528 1230 2598 importunum
1265 2528 1420 2581 nobis
1448 2542 1512 2582 ac
1542 2527 1873 2601 superfluum
1917 2526 2123 2597 judice-

534 2630 642 2686 tur,
679 2621 934 2691 nullaque
961 2635 990 2674 a
1019 2620 1174 2674 nobis
1206 2618 1468 2674 reddatur
1509 2619 1590 2675 eis
1621 2629 1773 2690 grata
1815 2618 2121 2688 responsio,

535 2715 819 2768 universos
850 2712 1033 2768 cordis
1066 2711 1237 2767 nostri
1270 2727 1523 2768 recessus
1571 2710 1702 2768 felle
1749 2712 2125 2767 amaritudinis

536 2815 855 2876 occupante.

1153 2895 1380 2952 CAPUT
1421 2896 1484 2950 V.

575 2993 724 3061 Quod
764 3010 866 3047 non
903 2993 1156 3056 aliorum,
1197 2991 1285 3046 sed
1325 3001 1523 3060 nostra,
1566 2991 1686 3045 vitio
1727 2990 2090 3047 commotiones

1047 3064 1327 3118 excitentur
1364 3063 1420 3116 in
1458 3063 1625 3117 nobis.

2225 1882 2320 1938 sed
2364 1883 2416 1936 in
2450 1882 2855 1954 nobismetipsis
2885 1885 3246 1941 offensionum
3277 1887 3489 1944 radices
3519 1902 3783 1959 causzeque

2223 1976 2606 2042 consisterent,
2650 1991 2757 2031 nou
2791 1977 3094 2032 deserenda
3129 1980 3388 2049 praecepit
3419 1982 3637 2035 fratrum
3666 1996 3784 2036 con-

2224 2065 2410 2136 sortia,
2447 2083 2548 2125 nec
2578 2068 2734 2124 vitari
2761 2084 2854 2125 eos
2875 2084 3010 2140 quos
3033 2070 3194 2126 laesos
3217 2087 3246 2126 a
3275 2073 3437 2128 nobis
3461 2116 3475 2135 ,
3509 2073 3587 2128 vel
3624 2087 3649 2126 a
3681 2075 3783 2143 qui-

2225 2158 2326 2214 bus
2375 2174 2476 2216 nos
2520 2160 2851 2215 arbitramur
2909 2161 3182 2227 offensos,
3230 2163 3327 2218 sed
3379 2163 3584 2218 deliniri
3631 2165 3785 2233 jubet,

2225 2251 2403 2306 sciens
2451 2259 2475 2297 8
2513 2250 2900 2320 perfectionem
2931 2253 3108 2308 cordis
3161 2269 3267 2309 non
3316 2263 3428 2310 tam
3474 2257 3788 2325 separatione

2226 2340 2507 2398 hominum
2557 2359 2717 2414 quam
2782 2345 3054 2413 patientia:
3101 2347 3304 2403 virtute
3355 2349 3624 2418 conquiri.
3673 2347 3788 2414 Qua:

2225 2433 2380 2490 ﬁrme
2413 2451 2664 2504 possessa
2685 2477 2698 2501 ,
2727 2437 2867 2493 sicut
2894 2446 3074 2507 potest
3109 2453 3210 2492 nos
3239 2438 3407 2494 etiam
3436 2455 3557 2498 cum
3600 2439 3679 2495 bis
3708 2440 3789 2510 qui

2225 2528 2457 2585 oderunt
2481 2544 2691 2599 pacem,
2724 2530 2979 2599 pacificos
3005 2546 3368 2598 conservare;
3398 2531 3428 2570 ιι
3456 2533 3524 2587 ita
3556 2535 3597 2588 si
3626 2544 3787 2603 parata

2226 2637 2335 2677 non
2367 2623 2556 2688 fuerit,
2593 2624 2658 2677 ab
2686 2623 2769 2678 his
2809 2639 3026 2696 quoque
3055 2625 3146 2695 qui
3189 2624 3422 2696 perfecti
3453 2641 3514 2682 ac
3555 2626 3788 2682 meliores

2226 2715 2384 2770 nobis
2413 2726 2572 2780 sunt,
2605 2714 2734 2770 facit
2757 2715 2960 2786 jugiter
2989 2717 3292 2785 dissidere;
3321 2719 3635 2775 occasiones
3660 2719 3788 2774 enim

2226 2809 2694 2876 commotionum,
2729 2808 2800 2862 ob
2841 2824 2974 2878 quas
3002 2824 3098 2864 eos
3123 2811 3320 2880 quibus
3355 2811 3625 2884 ,ungimur
3651 2810 3789 2866 dese-

2226 2916 2349 2955 rere
2391 2900 2750 2967 festinamus,
2785 2901 2838 2955 in
2883 2907 3298 2958 conversatione
3353 2905 3586 2959 humana
3618 2903 3789 2958 deesse

2227 3009 2334 3047 non
2367 3002 2646 3062 poterunt,
2692 3002 2748 3048 et
2810 2992 3013 3048 idcirco
3047 2993 3286 3049 tristitiae
3315 3010 3541 3062 causas,
3575 2994 3645 3050 ob
3672 3008 3791 3065 quas

2228 3100 2258 3140 a
2305 3087 2578 3155 prioribus
2626 3101 2962 3156 separamur,
3014 3102 3125 3143 non
3170 3089 3494 3158 evadimus,
3549 3088 3639 3144 sed
3684 3103 3791 3144 muo

607 3180 635 3220 ά
677 3181 830 3237 Unde
861 3179 1306 3235 manifestissime
1332 3176 1740 3246 comprobatur,
1773 3191 1882 3230 non
1910 3189 2126 3245 semper
2153 3182 2197 3246 Ο
2231 3188 2430 3234 lamus.

539 3273 696 3331 nobis
725 3274 956 3328 aliorum
984 3272 1116 3327 vitio
1145 3271 1569 3326 commotionum
1603 3268 1852 3323 stimulos
1877 3267 2120 3334 excitari;

542 3366 639 3422 sed
681 3367 861 3435 potius
893 3375 1106 3431 nostro,
1152 3365 1239 3434 qui
1277 3362 1584 3419 reconditas
1628 3363 1681 3416 in
1726 3360 2132 3430 nobismetipsis

539 3459 800 3515 habemus
823 3458 1185 3514 offensionum
1215 3471 1409 3512 causas
1430 3471 1494 3510 ac
1522 3456 1817 3512 seminaria
1847 3456 2122 3522 vitiorum;

539 3567 689 3622 quae,
722 3567 842 3606 cum
885 3551 1120 3606 mentem
1162 3559 1401 3606 nostram
1450 3549 1806 3605 tentationum
1840 3549 2018 3605 imber
2051 3550 2132 3606 al-

539 3645 736 3713 luerit,
784 3645 840 3701 in
885 3645 1126 3701 aermina
1168 3643 1460 3700 confestim
1513 3642 1826 3712 fructusque
1871 3657 2124 3713 prorum-

539 3749 691 3813 punL

2825 3271 3052 3330 CAPUT
3095 3272 3226 3329 VIII.

2235 3367 2386 3434 Quod
2414 3369 2458 3420 si
2484 3383 2652 3422 mores
2682 3377 2884 3422 nostros
2925 3367 3224 3422 emendatos
3252 3367 3585 3424 habuerimus
3603 3409 3616 3434 ,
3652 3367 3792 3438 possit

2500 3439 2504 3442 ’
2608 3439 2754 3495 nobis
2779 3455 2897 3494 cum
2926 3440 3159 3494 omnibus
3188 3441 3481 3496 convenire.

2302 3554 2704 3610 Procurandum
2747 3555 2928 3625 itaque
2957 3555 3118 3611 nobis
3143 3564 3260 3624 est,
3306 3565 3370 3612 ut
3410 3564 3596 3612 nostra
3635 3553 3794 3626 potius

2229 3647 2524 3703 emendare
2551 3647 2684 3702 vitia
2714 3657 2771 3702 et
2794 3661 2979 3704 mores
3001 3648 3276 3719 corrigere
3302 3646 3650 3704 festinemus.
3676 3645 3797 3713 Qua:

2231 3740 2589 3809 proculdubio
2620 3740 2665 3794 si
2710 3739 2914 3795 fuerint
2950 3740 3236 3796 emendata
3260 3782 3274 3806 ,
3308 3755 3422 3796 non
3469 3740 3642 3796 dicam
3686 3751 3794 3792 cum

1616 3848 1872 3905 ALABDI
1911 3847 2138 3905 GAZ/El
2175 3848 2740 3906 COMMENTARIUS.

612 3960 638 3990 ι
683 3950 744 4004 Ι).
773 3948 1137 4018 Hieronymus
1179 3960 1247 4001 ex
1290 3944 1524 4018 Origene
1561 3943 1803 3998 :Trabes
1851 3942 2118 4018 domorum

542 4031 837 4075 nostrarum
888 4015 1062 4084 cedri;
1108 4027 1153 4070 et
1197 4017 1599 4084 contignationes
1652 4024 1840 4084 nostra:
1886 4015 2111 4079 cupressi

548 4091 733 4165 (Hom.
752 4091 788 4144 9
808 4089 955 4160 Orig.
981 4083 1252 4165 inCant.).
1273 4083 1495 4165 vulgata
1515 4089 1694 4165 versio
1721 4103 1731 4136 :
1755 4083 2118 4165 TignaOdom'o-

540 4155 655 4217 rum
679 4155 967 4214 nostrarum
986 4155 1218 4222 cedrina,
1231 4157 1491 4224 laquearia
1510 4163 1686 4209 nostra
1710 4155 2024 4223 cupressina.
2041 4155 2118 4210 De

542 4235 708 4289 cedro
749 4244 802 4286 et
831 4245 1091 4301 cupresso
1108 4230 1324 4301 Plinius
1357 4227 1493 4280 libro
1531 4227 1744 4301 decimo
1773 4235 1928 4301 sexto
1953 4237 2118 4301 natu-

543 4303 675 4360 ralis
710 4299 916 4358 llistor.
940 4317 1060 4369 cap.
1094 4299 1149 4353 4.
1184 4299 1420 4352 Arbores
1448 4299 1924 4366 suntdurissintae,
1951 4300 2121 4367 impu-

543 4375 752 4431 tribiles
785 4385 837 4426 et
868 4373 1184 4436 odoriferae,
1219 4382 1275 4423 ut
1307 4370 1392 4424 hic
1418 4371 1697 4424 assaitur.

2225 3953 2308 3998 cat
2344 3944 2516 3998 abbas
2563 3943 2888 3998 Theodorus
2915 3941 3097 3997 collat.
3142 3942 3176 3996 6
3210 3956 3331 4010 cap.
3377 3943 3465 4007 17,
3500 3943 3585 3996 cui
3627 3939 3801 3996 similis

2227 4016 2410 4068 titulus
2438 4033 2450 4067 :
2486 4015 2636 4082 Quod
2663 4031 2806 4067 nemo
2829 4014 2981 4067 ruina
3002 4013 3269 4067 subitanea
3306 4014 3617 4068 colla-batur.
3646 4010 3802 4067 Verba

2221 4088 2337 4153 ejus
2359 4096 2486 4140 sunt
2503 4105 2516 4141 :
2536 4086 2737 4152 Lapsus
2752 4083 3012 4155 quispiam
3031 4101 3357 4155 nequaquam
3373 4086 3637 4139 subitanea
3661 4085 3800 4136 ruina

2221 4160 2476 4212 corruisse
2529 4157 2808 4211 credendus
2855 4165 2970 4221 est;
3020 4157 3110 4210 sed
3149 4170 3234 4208 aut
3265 4173 3442 4226 pravce
3487 4155 3801 4210 institutionis

2225 4229 2466 4298 deceptus
2508 4228 2754 4293 exordio,
2802 4239 2890 4280 aut
2941 4244 3033 4298 per
3077 4229 3280 4295 longam
3308 4227 3797 4298 mentisincuriam,

2227 4297 2479 4368 paulatim
2530 4302 2718 4352 virtute
2763 4298 2924 4350 animi
2955 4299 3250 4362 decidente,
3300 4308 3348 4351 et
3385 4315 3476 4369 per
3506 4297 3601 4350 hoc
3629 4297 3801 4350 sensim

2225 4373 2359 4423 vitiis
2389 4369 2815 4433 increscentibus,
2842 4385 2964 4421 casu
3012 4369 3286 4422 miserabili
3333 4370 3638 4422 concidisse.
3684 4369 3803 4418 Ante

614 4445 642 4484 ἲ)
671 4446 926 4499 Tristitize
957 4458 1153 4517 causas
1181 4442 1438 4517 inquirit,
1471 4450 1633 4517 atque
1677 4440 1861 4517 ex_iis
1906 4440 2198 4517 species‘D
2228 4443 2590 4517 contritiouem
2620 4441 2772 4517 enim
2817 4440 3079 4517 praecedit
3111 4441 3300 4517 ruina,
3351 4452 3400 4494 et
3451 4451 3570 4493 ante
3613 4441 3804 4492 ruinam

547 4519 668 4588 ejus
709 4517 909 4584 aliquot
937 4515 1258 4588 distinguit;
1309 4515 1402 4567 sed
1433 4516 1611 4588 paulo
1647 4512 1855 4588 clarius
1875 4520 2124 4567 recenset

545 4584 667 4658 cap.
699 4588 888 4641 ultimo
916 4587 1075 4654 hujus
1113 4586 1254 4658 libri,
1283 4591 1338 4658 et
1365 4584 1550 4658 collat.
1583 4584 1615 4637 5
1645 4585 1886 4658 cap._ll.

617 4655 638 4698 δε
661 4660 944 4730 Dionysius
959 4656 1483 4730 paraphrasticezAut
1497 4670 1559 4708 ex
1569 4655 1979 4730 concupiscentia
1991 4655 2125 4730 lucri

543 4748 659 4786 cum
687 4725 812 4798 quis
831 4725 1015 4783 uiderit
1047 4725 1099 4782 se
1127 4729 1381 4796 privatum
1408 4741 1507 4798 spe
1523 4742 1611 4779 seu
1640 4725 1996 4779 consecutione
2021 4725 2120 4779 ha-

543 4819 658 4856 rum
689 4797 859 4856 rerum
906 4815 1056 4870 quam
1095 4806 1260 4851 mente
1300 4797 1551 4870 concepit.
1597 4798 1672 4851 Ita
1721 4798 1931 4870 passim
1965 4797 2120 4852 indeo

544 4884 722 4944 ptum,
777 4867 925 4942 pro,
956 4871 1210 4944 adepturi]
1261 4867 1474 4944 passive
1513 4877 1737 4944 u_surpat
1783 4867 2120 4944 Cassianus:

544 4937 1002 5010 ijtttitiiadittodtttii
1051 4953 1105 4995 et
1148 4939 1368 4994 Plautus
1418 4938 1471 4992 in
1519 4939 1633 4992 Tri.
1679 4941 1892 5006 passive
1941 4937 2119 5010 dixit:

545 5009 669 5070 Non
697 5025 867 5076 (etate,
899 5027 1075 5067 verum
1095 5009 1298 5080 ingenio
1319 5010 1626 5075 adipiscitur
1646 5010 1916 5078 sapientia.
1949 5009 2124 5064 Idem-

543 5103 648 5155 que
679 5087 902 5141 verbum
937 5084 1202 5152 indipisco
1228 5080 1459 5155 aetivum
1485 5083 1816 5155 usurpattin
1842 5081 2069 5155 ᾼυιυι.),
2093 5097 2122 5136 a

541 5151 650 5229 quo
670 5159 970 5227 indipiscor
992 5151 1284 5229 passivum,
1317 5151 1460 5229 unde
1483 5153 1822 5229 participium
1849 5153 2118 5220 indeptus.

615 5226 643 5265 ά
675 5224 817 5284 Idem
847 5227 1031 5282 docuit
1059 5227 1341 5296 superiore
1360 5224 1649 5296 _libro_cap.
1686 5225 1752 5278 Ili
1779 5233 1835 5278 et
1860 5238 2015 5293 seqq.

620 5309 644 5338 θ
684 5301 1032 5355 Verissimum
1064 5294 1206 5352 enim
1239 5294 1371 5349 illud
1405 5295 1464 5348 D.
1493 5294 1869 5366 Cltrysostomi
1893 5333 1908 5358 ,
1936 5309 2121 5363 quam-

542 5372 626 5426 vis
651 5373 957 5442 paradoxon
989 5371 1238 5442 videatur
1255 5384 1280 5442 Δε
1307 5366 1473 5442 Nemo
1505 5366 1716 5421 (ceditur
1759 5366 1859 5419 nisi
1888 5381 1921 5442 ᾳ
1941 5374 2124 5442 semet:-

541 5435 674 5510 ipso'.
709 5443 1004 5498 Lscsionem
1053 5441 1196 5496 enim
1255 5438 1512 5510 intelligit
1545 5451 1652 5491 non
1696 5435 1990 5510 corpo_ris,_
2024 5436 2118 5491 sed

543 5505 736 5567 anima:
757 5557 772 5578 ,
803 5515 853 5569 id
885 5523 1005 5579 est,
1035 5518 1340 5582 peccatum,
1375 5505 1516 5582 quod
1550 5523 1740 5582 nemo,
1773 5505 1878 5562 nisi
1908 5505 2117 5576 volens,

543 5583 800 5655 admittit.
842 5578 1011 5655 (Vide
1039 5578 1230 5640 Collat.
1263 5582 1326 5655 fi,
1361 5595 1406 5633 c.
1443 5578 1510 5644 4,
1539 5588 1592 5655 et
1615 5579 1694 5650 9.)

617 5652 638 5692 ¹
680 5654 793 5710 Hoc
816 5648 972 5710 satiat
999 5655 1183 5710 titulus
1213 5651 1373 5722 hujus
1400 5666 1520 5720 cap.
1555 5648 1707 5716 Quod
1733 5648 1906 5704 nullus
1935 5664 2121 5722 repen-

542 5724 654 5780 tino
681 5725 832 5797 lapsu
872 5735 1116 5791 corruat,
1151 5736 1257 5797 etc.
1286 5719 1427 5778 Ilinc
1452 5719 1508 5797 et
1531 5722 1873 5797 proverbium
1899 5719 2120 5797 :_Nemo

540 5790 746 5867 repente
765 5801 822 5869 ﬁt
849 5790 1122 5869 pessimus.
1155 5795 1407 5866 Idemque
1435 5790 1678 5865 pluribus
1715 5793 1899 5851 Verbis
1935 5790 2120 5848 incul-

2225 4514 2366 4566 mala
2418 4514 2664 4582 cogitatio
2691 4528 2707 4565 :
2738 4512 3170 4581 quemadntodum
3213 4511 3398 4564 domus
3424 4523 3802 4582 nurnquam‘su-

2224 4583 2427 4637 bitaneo
2453 4580 2520 4636 ad
2554 4580 3056 4652 terram’procumbit
3084 4583 3330 4652 impulsu,
3366 4583 3471 4635 nisi
3497 4591 3584 4634 aut
3605 4580 3804 4652 antiquo

2224 4656 2348 4708 vitio
2395 4651 2887 4722 fundamenti,aut
2934 4653 3087 4722 longa
3133 4651 3544 4706 inhabitantium
3589 4651 3796 4711 desidia,

2224 4727 2512 4780 stillicidiis
2538 4726 2759 4796 primunt
2788 4724 3101 4794 parvissimis
3131 4723 3513 4796 penetrantibus
3531 4766 3546 4792 ,
3582 4727 3804 4790 corrupta

2225 4799 2413 4851 sensim
2447 4793 2640 4864 fuerint
2672 4797 2991 4849 munimenta
3027 4804 3272 4848 tectorum
3293 4835 3306 4856 ,
3331 4793 3518 4864 quibus
3550 4810 3638 4861 per
3672 4802 3805 4845 vetu-

2224 4876 2353 4921 stam
2383 4865 2748 4939 negligentiam
2775 4866 2830 4919 iu
2860 4868 3113 4939 majorem
3143 4867 3353 4939 modum
3383 4865 3659 4939 patefactis
3681 4903 3693 4925 ,
3721 4869 3807 4939 _at-

2225 4955 2322 5004 que
2347 4933 2594 5008 collapsis
2615 4978 2630 5001 ,
2673 4938 2890 4990 ubertim
2931 4933 3043 5005 post
3065 4936 3174 4991 hac
3198 4933 3688 5007 inﬂuit’pluviarum
3713 4933 3805 4986 im-

2225 5010 2495 5079 briumque
2525 5019 2816 5077 tempestas.
2854 5008 2978 5061 Haec
3006 5008 3129 5073 ille,
3152 5017 3348 5078 etquae
3380 5015 3706 5079 sequuntur.

2298 5090 2339 5166 8.
2371 5075 2635 5205 P'erlectio
2661 5082 2794 5132 enim
2821 5079 2884 5132 de
2911 5080 3163 5147 patientia
3191 5075 3448 5142 nascitur,
3466 5075 3556 5130 fait
3583 5075 3646 5130 D.
3680 5075 3807 5130 Gre-

2298 5167 2410 5205 rms
2441 5157 2452 5205 t
2509 5151 2576 5205 ib.
2611 5167 2645 5205 v
2672 5149 2868 5204 Horat.
2901 5166 2948 5204 ο.
2984 5150 3053 5205 15
3076 5158 3124 5203 et
3157 5148 3262 5205 Ml
3298 5166 3312 5204 :
3340 5147 3440 5202 Ille
3463 5162 3680 5205 namque
3702 5157 3807 5199 uere

2223 5153 2410 5224 gorius
2441 5147 2576 5222 (Lib.
2611 5167 2645 5205 v
2672 5149 2868 5224 Horat.
2901 5166 2948 5224 c.
2984 5150 3053 5205 I5
3076 5158 3124 5203 et
3157 5148 3262 5224 14)
3298 5166 3312 5204 :
3340 5147 3440 5202 Ille
3463 5162 3680 5224 namque
3702 5157 3808 5199 uere

2224 5219 2482 5296 perfectus
2525 5234 2596 5278 est
2615 5265 2630 5290 ,
2663 5223 2751 5296 qui
2781 5221 3367 5296 ergaimperfectionem
3388 5219 3623 5296 proximi
3651 5219 3808 5296 impa-

2224 5291 2354 5348 tiens
2379 5312 2481 5348 non
2509 5304 2602 5348 est.
2652 5293 2792 5347 Nam
2837 5291 2925 5362 qui
2955 5295 3177 5346 aliorum
3209 5291 3648 5360 imperfectionent
3681 5291 3807 5362 ferre

2225 5382 2327 5420 non
2353 5365 2532 5420 valens
2556 5355 2859 5432 patientiam"
2875 5363 3084 5425 deserit,
3111 5363 3220 5430 ipse
3250 5355 3527 5432 sibi'testis
3557 5370 3653 5430 est,
3681 5355 3808 5432 quod

2223 5441 2468 5508 perfecte
2491 5428 2732 5508 nondum
2763 5436 2999 5508 profecit.
3054 5428 3199 5508 Hinc
3236 5433 3290 5486 in
3323 5428 3808 5508 Evangetio_'(l_.uc..

2230 5499 2327 5561 ixi
2352 5507 2390 5576 ).
2435 5507 2636 5561 Veritas
2683 5499 2809 5576 dicit
2830 5499 2944 5576 {In
2984 5506 3235 5576 patientia
3279 5513 3447 5576 uestra
3472 5499 3811 5576 'possidebitis

2224 5566 2426 5636 animos
2476 5588 2668 5631 vestras
2715 5575 2867 5646 (vide
2908 5566 3083 5629 cotiat.
3136 5575 3236 5639 19,
3281 5590 3328 5630 c.
3375 5574 3412 5629 9
3452 5566 3502 5628 ei
3539 5566 3810 5646 seque“).

2294 5646 2320 5686 ιι
2360 5647 2417 5704 Id
2455 5657 2573 5718 est,
2611 5642 2963 5717 siaequisita
3004 5661 3102 5703 seu
3131 5654 3455 5718 comparata
3505 5642 3618 5703 non
3661 5642 3818 5700 fuerit

2222 5720 2504 5792 patientia.
