3986 6320
508 304 612 365 559

1824 292 2107 356 JOANNIS
2143 288 2453 354 CASSIANI

3689 293 3796 357 350

511 418 762 477 stabilem
801 424 1080 490 operatur,
1114 413 1376 472 obediens
1418 420 1522 480 est,
1555 411 1813 479 aﬂ'abilis,
1845 414 2088 481 humilis,
2120 421 2173 482 Α
2199 413 2449 480 nitentia,
2480 413 2568 468 vel
2595 425 2694 484 pro
2723 413 2904 469 studio
2925 413 3298 484 perfectionis,
3329 414 3414 471 vel
3445 429 3543 486 pro
3571 413 3795 472 deside-

512 519 824 580 mansueta,
869 511 1076 578 suavis,
1104 525 1167 565 ac
1191 509 1425 580 patiens,
1455 517 1646 578 utpote
1683 522 1755 563 ex
1797 506 1888 562 Dei
1922 505 2102 562 chari-

517 616 628 664 tate
655 606 1015 674 descendens,
1057 613 1113 660 et
1137 603 1202 659 ad
1232 617 1448 658 onmem
1479 601 1728 658 dolorem
1766 600 2015 670 corporis
2040 614 2104 654 ac

517 701 744 773 spiritus
770 699 1156 756 contritionem
1193 694 1602 766 infatigabiliter
1629 692 1977 762 semetipsam
2003 689 2101 746 de-

515 793 718 851 siderio
742 791 1088 864 perfectionis
1113 788 1438 856 extendens,
1472 795 1529 844 et
1548 784 1950 859 quodammodo
1978 783 2101 839 laeta

517 903 580 944 ac
621 903 718 958 spe
742 885 1022 958 profectus
1059 887 1141 940 sui
1174 893 1440 955 vegetata,
1473 892 1720 938 cunctam
1771 879 2105 935 alfabilitatis

517 992 572 1036 et
599 977 1023 1050 longanimitatis
1067 977 1265 1032 retinet
1294 975 1641 1041 suavitatem,
1676 975 1885 1030 habens
1917 974 1970 1028 in
2019 987 2106 1029 se-

519 1073 746 1142 metipsa
777 1084 967 1126 omnes
995 1068 1199 1124 fructus
1229 1065 1464 1138 Spiritus
1493 1066 1688 1132 saneti,
1721 1081 1858 1138 quos
1879 1079 2105 1121 enume-

519 1174 603 1220 rat
634 1163 774 1220 idem
803 1161 1097 1233 Apostolus
1127 1177 1142 1215 :
1168 1159 1394 1214 Fructus
1420 1170 1591 1214 autem
1619 1159 1846 1232 Spiritus
1872 1168 1945 1214 est
1986 1160 2109 1214 cha-

519 1257 670 1321 ritas,
714 1255 984 1328 gaudium,
1017 1269 1141 1323 pax,
1175 1252 1562 1322 longanimitas,
1606 1251 1825 1320 bonitas,
1873 1251 2106 1324 benigni-

521 1357 622 1414 tas,
651 1348 801 1418 ﬁdes,
842 1345 1205 1412 mansuetudo,
1237 1345 1552 1400 continentia
1587 1343 1783 1418 lGalat.
1814 1344 1933 1415 vn).
1983 1343 2110 1400 Haec

522 1457 656 1497 vero
697 1440 1018 1512 asperrima,
1051 1438 1364 1509 impatiens,
1392 1437 1550 1504 dura,
1596 1438 1752 1508 plena
1784 1451 2012 1492 rancore
2055 1447 2109 1492 et

524 1547 764 1590 mmrore
793 1531 1150 1597 infructuoso,
1197 1545 1260 1586 ac
1306 1531 1948 1602 deSperatione'ptenali,
1987 1546 2109 1586 eum

523 1645 682 1698 quem
723 1627 1006 1698 complexa
1042 1625 1206 1682 fuerit
1235 1626 1304 1681 ab
1334 1624 1598 1682 industria
1647 1641 1712 1682 ac
1761 1625 1984 1682 salutari
2015 1624 2114 1680 do-

525 1720 642 1776 lore
680 1719 941 1790 frangens
987 1733 1054 1775 ac
1096 1733 1382 1780 revocans.
1415 1727 1602 1788 utpote
1648 1718 2030 1773 irrationabilis
2059 1727 2115 1772 et

2205 506 2290 561 rio
2318 506 2612 582 suscipitur
2645 505 2971 572 futurorum,
2991 516 3017 543 ει
3044 508 3226 562 omnis
3269 506 3484 563 tristitia
3515 518 3791 579 tamquam

2205 596 2416 663 saeculi,
2435 606 2491 652 et
2517 613 2638 667 qua!
2667 607 2894 653 mortem
2925 597 3146 663 inferat,
3177 597 3456 670 aequaliter
3480 598 3794 670 repellenda

2205 699 2311 756 est,
2340 703 2402 744 ac
2426 689 2568 745 sicut
2594 690 2965 747 fornicationis
3007 692 3249 762 spiritus,
3288 692 3373 748 vel
3419 692 3794 765 pbilargyrite,

2204 781 2291 838 vel
2321 782 2439 849 irte,
2466 783 2534 838 de
2563 783 2764 838 nostris
2792 783 3049 840 cordibus
3076 787 3290 854 penitus
3322 784 3686 841 extrudenda.

2809 896 3038 954 CAPUT
3085 896 3227 954 XIII.

2209 990 2457 1047 Remedia
2482 991 2666 1063 quibus
2695 991 2964 1046 tristitiam
2986 992 3049 1047 de
3072 992 3317 1074 cordibus
3339 992 3526 1048 nostris
3556 991 3805 1049 extermi-

2797 1079 2920 1116 nare
2946 1079 3218 1135 possimus.

2284 1157 2435 1214 Hanc
2457 1172 2592 1228 ergo
2617 1155 3138 1228 perniciosissimam
3162 1156 3467 1227 passionem
3492 1157 3567 1212 ita
3598 1156 3667 1212 de
3698 1170 3807 1212 no-

2213 1251 2296 1307 bis
2339 1251 2613 1321 expellere
2647 1250 2960 1320 poterimus,
2994 1258 3054 1305 ut
3095 1259 3330 1306 mentem
3362 1251 3807 1322 nostram‘spiri-

2213 1344 2306 1400 tali
2332 1343 2684 1400 meditatione
2703 1344 2904 1415 jugiter
2922 1352 3239 1414 occupatam
3265 1343 3445 1398 futura
3469 1359 3566 1414 spe
3595 1353 3653 1401 et
3671 1359 3811 1400 con-

2215 1440 2563 1508 templatione
2593 1439 2938 1508 repromissae
2972 1438 3327 1494 beatitudinis
3361 1438 3658 1510 erigamus.
3690 1439 3812 1495 Hoc

2215 1534 2360 1589 enim
2392 1532 2552 1587 modo
2576 1532 2600 1571 δ
2629 1531 2880 1588 universa
2913 1532 3251 1588 tristitiarum
3275 1547 3494 1603 genera,
3524 1535 3660 1598 sive,
3684 1550 3815 1604 qua:

2216 1643 2280 1683 es
2328 1626 2658 1696 praecedenti
2691 1629 2771 1681 ira
2801 1626 3160 1690 descendunt,
3206 1629 3320 1682 sive
3362 1642 3482 1698 quae
3511 1627 3817 1682 amissione

2220 1719 2380 1782 lucri,
2412 1718 2494 1774 vel
2523 1718 2833 1774 detrimenti
2865 1720 3102 1774 illatione
3150 1720 3302 1775 nobis
3333 1719 3651 1786 adveniunt,
3687 1722 3814 1776 sive

528 1811 882 1883 intercipiens
907 1825 1017 1868 non
1046 1810 1222 1866 solum
1247 1810 1556 1866 orationum
1583 1809 1902 1876 efficaciam,
1926 1824 2112 1866 verum
2143 1813 2192 1874 Β
2219 1808 2284 1864 de
2303 1811 2537 1880 irrogata
2566 1819 2896 1882 generantur
2941 1810 3161 1880 injuria,
3191 1811 3306 1866 sive
3331 1827 3450 1882 quae
3476 1813 3545 1867 de
3584 1813 3815 1868 irratios

526 1905 693 1960 etiam
716 1906 1026 1971 universos,
1058 1917 1196 1974 quos
1219 1902 1593 1973 praediximus,
1614 1903 1818 1960 fructus
1843 1902 2116 1975 spiritales

527 2009 820 2060 evacuans.
853 2009 992 2064 quos
1010 1994 1160 2051 novit
1187 1993 1278 2049 illa
1307 1993 1578 2050 conferre.

1127 2086 1355 2165 CAPUT
1393 2106 1512 2163 xu.

535 2203 689 2273 Quod
719 2204 908 2275 absque
938 2203 1038 2259 illa
1063 2202 1286 2275 salutari
1323 2201 1562 2275 tristitia,
1608 2217 1724 2268 qua:
1748 2199 1906 2275 tribus
1944 2200 2113 2275 modis

619 2271 891 2398 yen‘fratur,
943 2274 1110 2329 omnis
1160 2271 1371 2328 tristitia
1421 2279 1684 2342 tamquam
1736 2273 1894 2328 noxia
1942 2273 2111 2343 repel-

619 2363 680 2401 en
720 2364 753 2400 a
779 2355 868 2401 stt.

599 2459 946 2531 Quapropter
971 2459 1176 2530 absque
1203 2440 1300 2514 illa
1330 2472 1452 2530 qnte
1490 2457 1576 2514 vel
1605 2472 1705 2529 pro
1743 2459 1970 2515 salutari
2001 2475 2118 2530 pm-

2225 1902 2391 1958 nahili
2423 1903 2620 1958 mentis
2649 1903 2966 1958 confusione
2995 1903 3313 1973 procedunt,
3351 1918 3446 1960 seu
3475 1920 3597 1974 qua:
3628 1906 3820 1961 letha-

2220 1995 2328 2052 lem
2355 1995 2790 2066 desperationem
2820 1995 2976 2051 nobis
3008 1996 3291 2063 inducunt,
3320 1997 3621 2052 valebimus
3650 2013 3821 2070 supe-

2219 2103 2368 2158 rare,
2410 2105 2533 2144 cum
2565 2098 2893 2145 teternarum
2936 2103 3121 2145 rerum
3163 2104 3228 2145 ac
3266 2089 3570 2146 futurarum
3611 2092 3822 2148 intuitu

2223 2196 2443 2252 semper
2473 2183 2602 2249 laeti,
2636 2195 2798 2256 atque
2843 2185 3154 2242 immobiles
3182 2186 3560 2257 perdurantes,
3595 2204 3698 2245 nec
3725 2204 3824 2244 ca-

2227 2274 2378 2330 sibus
2407 2274 2603 2346 dejecti
2654 2279 3036 2347 praesentibus,
3085 2294 3185 2335 nec
3234 2283 3510 2352 prosperis
3551 2282 3824 2338 fuerimus

2223 2371 2376 2436 elati,
2410 2380 2641 2442 utraque
2665 2373 2812 2429 velut.
2842 2373 3046 2430 caduca
3077 2384 3133 2431 et
3165 2390 3286 2431 mox
3320 2378 3656 2434 transeuntia
3678 2393 3825 2433 con-

2224 2464 2573 2534 templantes.

1589 2572 1849 2629 ALARDI
1889 2573 2117 2631 GAZAEI
2159 2576 2734 2636 COMMENTARIUS.

527 2669 782 2741 lcm,seu
807 2676 1142 2739 perpetuam.
1180 2666 1283 2741 Alii
1315 2666 1532 2741 codices
1558 2667 1744 2741 legunt
1773 2669 2110 2741 ἀμιταμέλει-

527 2761 634 2805 τον,
665 2740 764 2796 hoc
795 2751 900 2808 εει,
932 2755 1041 2794 non
1075 2739 1460 2808 pmnitendam,
1480 2739 1605 2810 sive
1633 2739 1788 2808 cujus
1809 2739 2111 2810 numquam

531 2815 808 2879 paeniteat.
847 2811 944 2867 Ubi
975 2810 1196 2878 pulchra
1233 2809 1522 2864 antithesis
1550 2809 1694 2864 inter
1728 2809 2102 2875 paenitentiam

529 2893 578 2936 et
604 2881 1074 2955 impaenitentiam,
1098 2895 1272 2951 eoque
1293 2881 1616 2951 elegantior,
1641 2881 1784 2951 quod
1802 2884 2112 2955 μεταμέλεια

530 2954 701 3024 pariat
713 2953 1106 3025 -ἆμιταμέλειαν.

607 3025 712 3079 ιιι).
762 3022 995 3079 Basilius
1042 3025 1093 3077 in
1133 3022 1354 3092 Regnlis
1396 3022 1735 3094 brevioribus
1763 3033 1975 3094 _qutest.
2007 3024 2112 3081 192

529 3095 727 3168 quaerit
752 3113 766 3151 :
799 3097 926 3161 Qum
949 3103 1028 3168 est
1057 3096 1267 3168 tristitia
1293 3094 1570 3149 secundum
1603 3092 1864 3168 D_eum,'et
1891 3112 2008 3168 quae
2029 3114 2109 3151 se-

532 3165 758 3221 cundum
799 3166 1086 3220 suculam?
1120 3165 1186 3220 Et
1229 3168 1520 3234 respondet
1555 3182 1568 3218 :
1609 3165 1911 3220 Secundum
1947 3166 2114 3222 Deum

531 3238 742 3291 tristitia
767 3248 862 3304 est,
889 3252 1002 3290 cum
1030 3252 1123 3307 pro
1152 3237 1392 3307 neglectis
1413 3236 1670 3290 mandatis
1697 3239 1778 3291 vel
1806 3240 2113 3306 prtrvarica-

531 3310 668 3363 tione
698 3309 982 3372 tristamur,
1007 3309 1288 3362 secundum
1320 3308 1460 3376 quod
1495 3309 1746 3368 scriptum
1775 3318 1849 3364 est
1879 3325 1897 3364 :
1929 3307 2116 3363 Tristi-

2221 2681 2381 2746 tnam.
2415 2672 2612 2746 chnlt
2632 2683 2805 2728 autem
2837 2676 3048 2731 tristitia
3074 2685 3170 2744 est,
3195 2693 3312 2730 cum
3336 2677 3398 2731 ob
3421 2678 3619 2746 aliquid
3640 2679 3708 2732 de
3737 2696 3824 2733 re-

2215 2741 2308 2866 b;ts
2341 2743 2600 2812 humanis,
2643 2746 2723 2800 uel
2758 2762 2873 2815 qua:
2915 2748 2984 2802 ad
3014 2741 3261 2804 sreculum
3290 2741 3569 2820 pertinent,
3612 2752 3810 2805 contri-

2217 2831 2242 2866 s
2267 2830 2439 2866 amur.

2217 2830 2439 2869 stamur.

2286 2884 2314 2924 ¹³
2339 2886 2563 2956 Species
2595 2888 2827 2944 tristitia:
2865 2890 3078 2945 vitiosa:
3118 2891 3298 2946 varias
3327 2905 3394 2946 ex
3442 2892 3608 2947 variis
3632 2893 3825 2948 causis

2214 2970 2384 3032 supra
2415 2961 2733 3032 memoratis
2761 2961 2967 3030 colligit
2993 2971 3049 3017 et
3070 2970 3346 3026 recenset;
3377 2977 3516 3032 quas
3542 2972 3730 3019 tamen
3753 2965 3829 3019 ad

2214 3026 2324 3104 duo
2351 3029 2552 3104 capita,
2583 3030 2700 3104 sive
2729 3026 2950 3104 genera,
2984 3035 3267 3104 restringit
3303 3042 3356 3087 et
3387 3026 3602 3089 revocat
3631 3036 3826 3090 collat.

2219 3044 2324 3081 ouo
2351 3044 2551 3152 captta,
2585 3045 2700 3086 srve
2729 3047 2950 3102 genera,
2984 3044 3267 3104 restringtt
3303 3044 3356 3087 et
3387 3045 3602 3089 revocat
3631 3044 3826 3090 cullat.

2219 3098 2254 3154 5
2285 3101 2405 3175 c._l
2459 3102 2593 3175 _,_ubi
2635 3103 2752 3175 ait:
2787 3101 3037 3157 Tristitia:
3075 3121 3265 3175 genera
3316 3103 3419 3158 duo
3458 3118 3578 3160 sunt
3609 3123 3628 3159 :
3657 3123 3832 3160 unum

2201 3169 2370 3246 quod
2390 3173 2467 3246 vel
2492 3173 2764 3246 iracundia
2808 3169 3095 3238 desinente:
3126 3176 3203 3230 vel
3228 3177 3290 3230 de
3332 3177 3481 3230 illato
3512 3179 3728 3246 damn),
3764 3195 3832 3231 ac

2221 3242 2479 3320 desiderio
2513 3245 2792 3320 prrnpedito
2819 3256 3118 3320 cassamque
3149 3258 3463 3320 generatur;
3503 3249 3653 3304 aliud
3682 3242 3831 3320 quod

2224 3313 2287 3366 de
2316 3313 2665 3390 irrationabili
2694 3317 2877 3370 mentis
2905 3313 3170 3372 anxietate
3208 3335 3298 3374 seu
3335 3313 3705 3390 desperatione
3737 3323 3832 3374 de-

533 3380 604 3434 tia
647 3381 804 3434 tenuit
846 3394 925 3434 me
953 3394 1046 3450 pro
1074 3372 1422 3450 peccatoribus
1452 3377 1920 3450 derelinquentibus
1950 3383 2112 3453 legem
2143 3372 2190 3436 C
2220 3385 2436 3438 scendit.

542 3515 3802 3543 mm

1527 3620 2004 3732 LIBER
2088 3622 2812 3736 DECIMUS.

1848 3785 1937 3840 DE
1967 3785 2224 3839 SPIRITU
2259 3787 2520 3839 ΑΟΕΟΙᾸΞ.

1904 3988 2131 4046 CAPUT
2170 3963 2466 4047 ramum.

611 4095 641 4126 ⁸
667 4085 891 4145 Sextum
918 4084 1075 4143 nobis
1099 4090 1377 4141 certamen
1403 4090 1508 4152 est,
1542 4080 1688 4154 quod
1715 4081 1890 4139 Graeci
1913 4080 2123 4141 ἀκηδίαν

2237 4090 2458 4148 vocant,
2507 4096 2674 4154 quam
2718 4095 2821 4138 nos
2860 4078 3084 4138 taedium
3129 4081 3249 4135 sive
3277 4069 3610 4133 anxietatem
3645 4077 3830 4134 cordis

1615 4217 1871 4274 ALABDI
1911 4216 2145 4274 GAZZEI
2183 4219 2753 4277 COMMENTARIUS.

608 4312 944 4370 'Ciaconius
984 4327 1048 4368 ex
1087 4309 1388 4367 Vaticano:
1425 4308 1643 4366 Sextum
1690 4309 1834 4363 nobis
1864 4317 2122 4362 certamen

536 4397 612 4442 est
644 4388 885 4440 adversus
909 4400 1040 4450 eam,
1075 4399 1228 4452 quam
1263 4380 1432 4436 (ἔτωεί
1458 4379 1664 4441 amata»
1688 4389 1889 4432 vocant.
1924 4379 2124 4452 Dimtye

536 4460 651 4512 sius
678 4475 693 4513 :
719 4457 935 4513 Sextum
963 4451 1108 4509 nobis
1138 4464 1395 4508 certamen
1422 4463 1497 4508 est
1534 4465 1712 4506 contra
1742 4451 1942 4514 vitium,
1986 4451 2124 4520 quod

538 4527 708 4582 (ἔπιτε
742 4529 972 4583 acediam
993 4536 1198 4580 vocant.
1235 4526 1402 4582 Sexto
1439 4524 1605 4591 igitur
1631 4523 1749 4576 loco
1778 4524 1830 4576 in
1862 4523 2005 4575 vitiis
2034 4537 2124 4575 ca-

537 4601 791 4669 pitalibus
821 4599 1040 4669 ponitur
1069 4597 1294 4669 acedia,
1313 4595 1693 4669 gt__trist_itiam
1748 4594 2120 4669 subsequitur,

536 4661 684 4738 quia,
717 4679 775 4725 ut
795 4661 929 4723 a'libi
960 4668 1252 4722 Cassianus
1279 4665 1493 4738 (Collat.
1529 4667 1733 4738 5,_cap.
1765 4661 1854 4733 10)
1882 4682 1892 4715 :
1928 4661 2002 4715 De
2032 4666 2125 4738 tri-

2227 4310 2363 4378 Qnia
2413 4321 2592 4365 tamen
2621 4335 2652 4371 η
2679 4310 2927 4365 Graecum
2972 4311 3175 4380 absque
3213 4308 3512 4362 mutatione
3561 4308 3612 4362 in
3664 4306 3832 4358 aliam

2227 4388 2472 4436 vocalem
2503 4381 2734 4436 subinde
2762 4385 2956 4435 transit
2989 4384 3039 4435 in
3073 4379 3370 4435 i’Latinum
3404 4379 3643 4445 longum,
3682 4385 3834 4430 recte

2229 4459 2391 4508 etiam
2443 4455 2688 4507 nonnulli
2747 4454 2882 4518 peri
2914 4453 3162 4506 Latinum
3215 4453 3266 4504 in
3321 4450 3556 4504 secunda
3611 4449 3831 4513 syllaba

2231 4524 2534 4589 proferunt,
2563 4535 2617 4578 et
2644 4523 2888 4578 scribunt
2910 4523 3140 4576 acidiatn
3170 4539 3184 4584 ;
3217 4519 3673 4590 quemadmodum
3702 4520 3834 4586 Spi-

2229 4597 2394 4649 ritum
2426 4609 2676 4649 sancunn
2712 4595 3044 4662 paraclctnm
3073 4596 3440 4648 communiter
3465 4591 3715 4646 dicimus.
3753 4600 3836 4640 ta-

2230 4683 2353 4720 men
2401 4667 2562 4731 aliqui
2603 4682 2708 4719 non
2753 4667 2974 4718 omnino
3016 4668 3196 4733 inepte
3229 4662 3548 4727 paraclitunt
3586 4675 3836 4733 pronun-

536 4721 684 4794 s'titia'
702 4721 935 4794 acediam
955 4721 1156 4792 necesse
1185 4748 1254 4790 est
1283 4721 1799 4804 pttllulare.'De'QtIa
1831 4721 2006 4803 primo
2045 4735 2124 4787 vi-
2154 4721 2203 4781 Ι)
2233 4742 2387 4800 tiaut,
2427 4721 2720 4806 penultima
2750 4736 3034 4804 producta,
3068 4721 3124 4789 ιιί
3157 4721 3378 4804 pulchre
3409 4721 3631 4806 disserit
3657 4731 3838 4806 lfran-

535 4811 770 4866 dendum
803 4810 942 4880 quod
976 4809 1041 4862 ad
1073 4809 1338 4880 rationem
1370 4810 1624 4880 nominis,
1659 4816 1768 4858 tum
1806 4806 2121 4880 vero‘qnod

537 4885 604 4936 ad
640 4899 750 4937 rem
781 4877 950 4950 ipsam
984 4879 1236 4950 pertinet.
1270 4878 1467 4950 Acedia
1492 4892 1650 4950 unico
1678 4877 1892 4950 cscribi
1929 4877 2113 4942 debet,

537 4970 643 5007 non
673 4946 929 5024 gemino;
959 4946 1018 5024 ut
1055 4965 1084 5024 ιι
1130 4948 1311 5024 multis
1344 4948 1590 5024 imperite
1629 4946 1889 5024 scribitur
1914 4959 1964 5001 et
1993 4961 2121 5024 pro-

538 5017 737 5079 fertu'r.
768 5024 863 5078 Est
891 5023 1033 5076 enim
1064 5019 1248 5080 ἀκηδία
1275 5019 1592 5073 vocabulum
1623 5017 1894 5080 Grtecum.
1930 5027 1988 5071 ut
2019 5021 2127 5072 Au-

535 5107 654 5149 ctor
679 5095 766 5150 hic
793 5093 1016 5154 indiCat,
1045 5094 1188 5161 quod
1217 5090 1408 5145 Latine
1437 5100 1596 5161 sonat
1621 5091 1885 5161 incuriam
1919 5097 2011 5142 aut
2033 5105 2134 5142 nc-

537 5169 867 5236 gligentiam
895 5159 1219 5236 quamdam}
1267 5176 1387 5236 nam
1419 5160 1568 5236 arido;
1592 5159 1794 5236 _Gr;rce
1826 5175 2012 5236 curam
2047 5161 2130 5214 vel

535 5230 780 5291 laborem
827 5230 1118 5304 signiﬁcat.
1166 5231 1329 5304 Unde
1361 5233 1544 5304 acedia
1591 5230 1784 5285 Latine
1829 5231 2050 5293 dicitur,
2098 5252 2129 5288 η

544 5307 738 5362 ϐιειιεο
768 5312 848 5373 (ιιι
878 5302 1017 5360 solet
1049 5303 1192 5373 apud
1219 5302 1463 5371 Latinos)
1495 5303 1548 5356 in
1589 5317 1620 5355 e
1649 5304 1865 5371 longum
1897 5309 2125 5355 mutato.

536 5377 674 5432 llinc
707 5378 766 5430 fit
789 5387 848 5432 ut
869 5376 1011 5444 apud
1042 5375 1300 5444 probatos
1327 5383 1580 5444 auctores
1611 5375 1846 5444 secunda
1874 5377 1992 5444 ejus
2017 5373 2130 5442 syl-

537 5447 659 5501 laba
691 5441 1053 5516 producatur,
1095 5457 1156 5500 ut
1203 5445 1344 5514 apud
1385 5443 1819 5516 Mantnannmill
1859 5441 1965 5516 lib.
1998 5441 2131 5516 uide

537 5513 948 5572 Calamitattbus
989 5513 1310 5586 temporum,
1343 5515 1432 5569 ubi
1471 5514 1712 5568 acediam
1745 5515 1820 5568 ita
1846 5513 2088 5584 depingit
2116 5529 2129 5564 :

637 5629 719 5679 Sic
743 5629 990 5682 hominem
1015 5631 1136 5681 falso
1155 5629 1349 5680 deludit
1373 5627 1542 5678 scedia
1555 5626 1712 5687 vultu,

639 5692 790 5755 Spem
805 5695 1053 5755 minuens,
1064 5695 1348 5755 animosque
1365 5703 1613 5755 premens,
1629 5702 1938 5755 operumque
1953 5693 2116 5740 lulura

639 5753 846 5804 Praemia
863 5753 1122 5815 deridens;
1143 5753 1390 5804 contemni
1413 5753 1621 5815 fulmen,
1647 5761 1699 5802 et
1723 5753 1865 5814 ignes

633 5815 922 5880 Tartareos,
944 5816 1226 5880 frustraque
1249 5817 1398 5869 docet
1421 5816 1752 5878 Pblegetonta
1779 5815 1958 5864 titncri.

2233 4801 2760 4874 cist-us'l’bielplius
2803 4807 2973 4874 Epist.
3017 4808 3111 4859 lib.
3160 4801 3285 4864 snt.
3337 4805 3493 4872 epist.
3541 4802 3636 4858 s7.
3672 4801 3836 4855 Unde

2232 4881 2386 4933 rudis
2411 4889 2464 4932 et
2487 4873 2859 4944 improbabilis
2896 4878 3129 4932 el'licitur
3160 4891 3348 4930 eorum
3379 4877 3565 4943 opinio
3593 4875 3682 4942 qui
3721 4873 3837 4925 sci-'-

2234 4950 2378 5004 diatn
2414 4959 2602 5016 putant
2631 4950 2952 5004 voeabulum
2984 4963 3107 5002 esse
3137 4947 3386 5001 Litinnnt
3419 4947 3728 5016 derivatum
3764 4945 3836 4996 ab

2234 5015 2443 5084 acidus,
2494 5036 2546 5085 a,
2579 5037 2690 5078 um.
2741 5026 2865 5090 quia
2906 5019 3116 5072 scilicet
3166 5021 3237 5072 ita
3290 5015 3545 5090 deprimit
3587 5018 3834 5067 animum

2238 5091 2492 5151 hominis.
2527 5103 2581 5143 nt
2611 5091 2740 5144 nihil
2762 5086 2812 5144 ei
2837 5105 2998 5157 agere
3033 5091 3235 5152 libeat;
3267 5086 3430 5143 sicuti
3455 5101 3514 5140 ea
3547 5101 3670 5157 ιιιιὶιέ
3699 5097 3834 5139 ειιιιῑ

2237 5164 2414 5227 acida,
2459 5162 2645 5237 frigida
2675 5171 2821 5237 sunt,
2859 5155 2913 5215 et
2956 5161 3129 5237 sicuti
3160 5159 3362 5237 frigida
3397 5173 3500 5237 non
3529 5155 3684 5210 facile
3717 5172 3838 5237 unus

2237 5225 2457 5294 ventur,
2501 5225 2572 5286 ita
2630 5233 2916 5288 aced‘tosus
2965 5247 3030 5285 ex
3081 5225 3254 5284 nimia
3293 5225 3513 5283 iristitia
3570 5225 3838 5285 torpescit

2243 5305 2327 5373 (S.
2356 5302 2542 5358 Thom.
2588 5303 2626 5357 ’Ξ
2658 5305 2713 5368 :2,
2753 5322 2804 5375 q.
2847 5303 2936 5362 55.
2963 5320 3014 5354 a.
3051 5302 3124 5371 1).
3167 5300 3617 5375 Quamvis-enirn
3643 5299 3712 5349 ita
3745 5312 3836 5375 res

2248 5366 2464 5438 habent,
2504 5391 2606 5430 non
2649 5366 2826 5429 tamen
2874 5375 2998 5426 inde
3037 5366 3280 5438 sequitur
3308 5371 3536 5424 acidiam
3571 5368 3639 5420 ab
3673 5366 3838 5420 acido

2245 5445 2505 5511 derivari,
2549 5461 2670 5500 cum
2706 5455 2764 5500 et
2806 5449 3008 5499 Urtecte
3048 5443 3404 5498 derivationis
3435 5439 3735 5493 auctoritas
3777 5446 3838 5490 et

2245 5517 2472 5587 syllaba:
2503 5517 2798 5587 productio
2830 5513 3115 5587 manifeste
3147 5521 3471 5587 repugnent.
3509 5511 3676 5587 Porro
3697 5522 3839 5587 acc-

2247 5580 2334 5642 dia
2363 5589 2414 5641 in
2439 5580 2609 5640 sacris
2641 5586 2838 5640 litteris
2866 5580 3834 5653 generaliter'signilicuttristitiam,

2247 5659 2493 5720 taedium,
2523 5666 2817 5720 torporem,
2862 5644 3212 5717 anxietatem,
3255 5644 3309 5706 υἷι
3345 5655 3430 5706 hic
3469 5650 3668 5704 dicitur
3698 5644 3837 5719 (To-

2246 5731 2336 5784 let.
2389 5729 2452 5782 de
2494 5726 2701 5781 Peccat.
2743 5724 2951 5779 Mortal.
2999 5741 3045 5778 c.
3087 5723 3376 5790 58).Untle
3417 5723 3610 5789 psalm.
3641 5735 3833 5784 cxvm,

2252 5802 2341 5856 u'bi
2385 5797 2652 5871 legimus:
2684 5790 2986 5852 Dormitarit
3031 5797 3204 5851 anima
3235 5811 3345 5850 mea
3379 5807 3490 5868 pra:
3537 5792 3730 5862 tudio,
3779 5793 3840 5850 in
