3986 6320
485 349 594 410 56⁸1

1802 351 2086 411 JOANNIS
2121 352 2436 413 CASSIANI

3657 359 3766 421 563

487 473 640 530 omni
669 487 731 529 se
773 471 921 528 dolet
966 469 1194 542 spiritali
1241 478 1446 542 quaestu
1490 470 1728 536 inanem,
1752 469 1806 525 in
1839 471 2066 541 locoque
2091 474 2140 533 Α
2169 487 2276 542 que
2301 475 2663 541 infirmorum,
2689 471 2775 528 vel
2805 471 3038 542 eminus,
3068 473 3157 530 vel
3193 474 3406 544 longius
3435 477 3760 546 positorum.

489 583 718 626 vacuum
769 567 1088 633 consistere,
1143 574 1335 635 utpote
1374 568 1465 636 qul
1498 577 1624 621 cum
1663 573 1850 634 posset
1899 565 2066 620 etiam

485 665 620 719 alios
643 675 835 732 regere
879 677 944 717 ac
988 658 1246 730 prodesse
1273 657 1542 728 plurimis,
1581 657 1789 713 nullum
1836 656 2069 712 aedifica.

486 759 647 822 verit,
677 771 778 812 nec
803 767 1130 825 quemquam
1185 749 1524 807 institutione
1574 764 1669 804 sua
1715 749 2070 818 doctrinaque

487 849 730 902 lucratus
782 847 872 902 sit.
911 844 1172 901 Absentia
1219 843 1488 914 longeque
1532 842 1708 912 posita
1759 839 2067 912 magnificat

484 940 839 1006 monasteria,
871 940 988 994 loca
1016 939 1182 993 etiam
1207 937 1294 992 illa
1326 937 1498 1006 magis
1538 935 1605 990 ad
1639 935 1935 1006 profectum
1965 932 2071 988 uti-

484 1037 553 1090 lia
575 1046 628 1091 et
656 1033 815 1089 saluti
845 1031 1263 1103 congruentiora
1295 1030 1593 1095 describit;
1623 1027 1899 1084 consortia
1930 1040 2067 1097 quo-

478 1143 585 1198 que
620 1126 824 1184 ibidem
871 1127 1095 1181 fratrum
1140 1123 1321 1178 suavia
1375 1132 1431 1178 et
1468 1122 1625 1192 plena
1654 1120 2073 1192 spiritualicon-

480 1219 792 1275 versatione
819 1217 1094 1287 depingit;
1121 1225 1343 1272 econtra
1379 1213 1625 1273 universa
1660 1227 1780 1284 quin
1803 1211 2072 1266 habentur

481 1313 535 1367 in
594 1310 846 1366 manibus
893 1323 1106 1379 aspera,
1162 1316 1217 1362 et
1273 1321 1379 1361 non
1427 1305 1604 1362 solum
1655 1303 2068 1359 :cdificationem

482 1405 688 1460 nullam
718 1418 839 1460 esse
883 1401 939 1456 in
980 1399 1238 1456 fratribus
1289 1399 1378 1470 qui
1411 1406 1694 1455 morantur
1724 1398 1777 1453 in
1811 1397 1950 1464 loco,
1973 1396 2071 1453 sed

483 1512 552 1552 ne
586 1497 761 1566 ipsum
795 1492 1012 1564 quidem
1061 1493 1262 1547 victum
1311 1491 1562 1561 corporis
1608 1491 1810 1561 absque
1862 1485 2072 1560 ingenti

483 1587 674 1642 labore
728 1583 1002 1655 conquiri.
1059 1583 1342 1639 Postremo
1375 1595 1481 1636 non
1531 1596 1695 1651 posse
1745 1595 1806 1636 se
1849 1578 2074 1635 salutari

481 1687 633 1749 putat
682 1678 734 1732 in
788 1691 856 1733 eo
908 1675 1031 1730 loco
1067 1674 1376 1741 durantem,
1416 1673 1518 1728 nisi
1550 1673 1738 1728 relicta
1767 1672 1924 1738 cella,
1948 1685 2071 1727 cum

480 1785 587 1842 qua
609 1769 738 1835 sibi,
769 1770 813 1824 si
845 1767 1024 1824 adhuc
1052 1767 1104 1823 in
1155 1781 1219 1822 ea
1263 1764 1428 1821 fuerit
1475 1773 1803 1832 remoratus,
1837 1777 2072 1834 perenn-

2172 569 2425 638 Qutedam
2444 569 2607 624 etiam
2631 568 2718 640 pia
2743 581 2805 623 ac
2835 567 3083 638 religiosa
3109 567 3274 624 dictat
3291 568 3490 636 officia,
3517 571 3644 626 illos
3674 569 3763 626 vel

2177 660 2298 715 illas
2326 659 2529 716 debere
2559 670 2815 730 parentes
2861 659 3076 730 inquiri,
3124 670 3179 716 et
3206 660 3273 716 ad
3305 661 3624 717 salutandos
3664 677 3765 718 eos

2171 755 2421 810 crebrius
2475 754 2790 826 properari;
2844 753 2988 809 illam
3039 754 3349 825 religiosam
3403 755 3765 826 devotamque

2173 847 2282 902 Deo
2310 847 2594 913 feminam,
2623 845 2771 902 omni
2819 845 3120 915 prazsertim
3173 856 3454 914 parentum
3504 846 3768 917 przesidio

2169 940 2507 1008 destitutam,
2539 955 2792 1012 magnum
2822 954 2958 1010 opus
2997 953 3118 995 esse
3163 939 3376 1009 pietatis
3420 940 3762 1010 frequentius

2170 1034 2428 1100 invisere,
2468 1047 2534 1090 ac
2572 1033 2618 1089 si
2649 1033 2776 1105 quid
2808 1032 2858 1090 ei
2883 1033 2956 1087 sit
2981 1032 3373 1097 necessarium,
3403 1048 3523 1102 qua:
3554 1047 3582 1086 a
3630 1047 3767 1102 pro-

2170 1127 2306 1200 priis
2337 1127 2648 1197 parentibus
2679 1126 2973 1198 negligitur
2991 1136 3158 1196 atque
3187 1125 3507 1196 despicitur,
3525 1125 3770 1180 ‘sanctis-

2172 1223 2366 1277 simum
2393 1220 2690 1291 procurari,
2738 1219 3016 1290 magisque
3046 1229 3302 1290 Oportere
3333 1219 3383 1274 in
3424 1218 3508 1272 bis
3537 1231 3766 1288 Operam

2173 1315 2391 1386 pietatis
2422 1313 2680 1385 impendi,
2704 1329 2867 1384 quam
2910 1313 3248 1369 infructuose
3267 1327 3330 1368 ac
3353 1312 3473 1368 sine
3504 1311 3615 1366 ullo
3638 1323 3769 1381 pro-

2173 1409 2319 1466 fectu
2365 1408 2420 1465 in
2470 1407 2664 1464 cellula
2694 1407 2956 1463 residere.

2792 1581 3022 1640 CAPUT
3063 1582 3148 1640 Ill.

2315 1718 2510 1784 Quibus
2537 1718 2806 1791 generibus
2832 1718 3141 1774 monachum
3169 1726 3369 1790 superet
3406 1718 3605 1773 acedia.

481 1863 608 1918 dum
659 1863 787 1926 erit,
819 1859 1016 1916 exinde
1045 1857 1402 1930 semetipsum
1451 1857 1774 1928 quantocius
1820 1863 2067 1926 asporta-

2243 1877 2438 1946 Agitur
2492 1877 2676 1946 itaque
2721 1874 2908 1931 infelix
2961 1875 3138 1930 anima
3190 1875 3384 1932 talibus
3413 1874 3774 1930 inimicorum

481 1961 640 2016 verit.
669 1959 870 2015 Deinde
899 1955 1279 2012 lassitudinem
1307 1954 1554 2025 corporis
1573 1954 1788 2024 cibique
1808 1951 2066 2017 esuriem,

483 2062 509 2090 κ
539 2053 726 2123 quinta
773 2059 1037 2118 sextaque
1090 2047 1225 2104 hora
1281 2055 1482 2102 tantam
1517 2045 1767 2112 suscitat,
1821 2052 1878 2098 ut
1921 2041 2070 2097 velut

482 2147 646 2216 longo
675 2145 869 2200 itinere
884 2141 1316 2213 gravissimoque
1336 2137 1521 2193 labore
1549 2134 1831 2192 confectus
1851 2133 2072 2188 sibimet

481 2240 764 2308 lassusque
793 2235 1064 2300 videatur,
1096 2241 1189 2286 aut
1232 2230 1387 2302 quasi
1440 2228 1797 2289 refectionem
1848 2225 1958 2280 cibi
1985 2225 2070 2280 bi-

481 2333 661 2388 duano
681 2329 888 2400 jejunio
917 2327 1277 2396 triduanoque
1309 2323 1599 2378 distulerit.
1633 2320 1769 2377 Tum
1802 2328 2069 2391 praeterea

482 2425 589 2481 huc
621 2424 854 2495 illucque
908 2421 1102 2476 anxius
1147 2418 1592 2488 circumspectat,
1623 2423 1679 2470 et
1723 2428 1823 2469 nec
1849 2413 2070 2468 fratrem

481 2519 586 2575 sibi
615 2517 920 2590 quempiam
948 2513 1241 2569 adventare
1270 2510 1534 2579 suspirat,
1585 2507 1889 2578 saepiusque
1918 2519 2072 2576 egre-

481 2615 628 2669 ditur
671 2622 726 2668 et
756 2609 1058 2682 ingreditur
1085 2607 1279 2663 cellam
1321 2619 1385 2662 ac
1410 2605 1580 2661 solem
1628 2603 1779 2659 velut
1817 2602 1884 2658 ad
1914 2616 2074 2658 occa-

483 2724 602 2765 sum
635 2706 843 2761 tardius
888 2713 1265 2776 properantem
1297 2700 1540 2757 crebrius
1580 2697 1823 2756 intuetur
1864 2717 1876 2752 :
1913 2707 1970 2755 et
1999 2699 2071 2754 ita

482 2800 714 2872 quadam
761 2796 1118 2854 irrationabili
1149 2804 1347 2850 mentis
1387 2793 1726 2858 confusione,
1754 2792 1901 2847 velut
1928 2800 2072 2847 terra

485 2893 770 2964 suppletur
813 2889 1066 2961 caligine,
1098 2887 1354 2957 omnique
1385 2895 1508 2940 actu
1553 2885 1782 2954 Spiritali
1833 2883 2074 2940 redditur

485 2987 696 3044 otiosus
723 3000 787 3040 ac
811 2998 1034 3050 vacuus,
1067 2992 1125 3037 ut
1167 2981 1317 3036 nulla
1359 2995 1419 3036 re
1449 2979 1558 3035 alia
1591 2987 1754 3034 tanta:
1795 2991 2075 3049 oppugna-

485 3081 650 3136 tionis
678 3078 1000 3144 remedium,
1023 3090 1183 3147 quam
1211 3073 1524 3128 visitatione
1545 3072 1732 3129 fratris
1750 3071 2070 3142 cuiuspiam,

488 3190 585 3230 seu
617 3173 793 3228 somni
845 3171 1014 3227 solius
1067 3168 1264 3224 solatio
1320 3181 1480 3237 posse
1540 3165 1770 3220 aestimet
1821 3163 2070 3220 inveniri.

2172 1970 2436 2026 machinis
2486 1968 2783 2039 impedita,
2838 1969 3015 2024 donec
3067 1967 3272 2023 acedize
3326 1967 3557 2038 spiritu,
3616 1968 3776 2023 velut

2171 2067 2342 2118 ariete
2381 2060 2718 2116 validissimo
2767 2059 3009 2131 fatigata,
3071 2071 3165 2116 aut
3219 2061 3272 2114 in
3305 2075 3552 2116 somnum
3584 2059 3770 2116 discat

2171 2155 2478 2224 concidere,
2511 2163 2603 2210 aut
2634 2153 2660 2192 δ
2689 2169 2924 2209 excussa
2953 2151 3208 2209 claustris
3246 2153 3458 2209 cellulae
3486 2168 3598 2208 suae
3628 2168 3775 2208 con-

2169 2249 2494 2305 solationem
2541 2246 2967 2317 impugnationis
3017 2245 3179 2315 hujus
3224 2246 3532 2302 visitatione
3578 2244 3779 2301 fratris

2171 2349 2490 2400 consuescat
2520 2340 2823 2410 acquirere,
2869 2338 2972 2393 hoc
3029 2354 3136 2408 quo
3188 2338 3356 2393 utitur
3405 2337 3475 2393 ad
3528 2351 3780 2410 praesens

2173 2435 2440 2502 remedio,
2495 2432 2651 2504 paulo
2702 2438 2825 2501 post
2868 2429 3049 2486 acrius
3107 2430 3450 2485 infirmanda.
3494 2429 3784 2498 Frequen-

2173 2532 2280 2587 tius
2337 2528 2482 2586 euim
2527 2543 2589 2582 ac
2639 2527 2828 2582 duritts
2870 2525 3220 2582 adversarius
3291 2519 3578 2580 attentabit
3641 2538 3778 2580 eum

2174 2638 2332 2695 quem
2390 2628 2643 2676 conserto
2692 2618 2886 2689 ιιι-ωηο
2933 2618 3286 2688 praebiturum
3344 2617 3592 2672 cominus
3668 2615 3784 2671 sibi

2175 2726 2326 2788 terga
2371 2714 2675 2786 cognoscit,
2725 2713 3069 2781 salutemque
3117 2713 3221 2768 sibi
3270 2727 3370 2768 nec
3417 2712 3485 2767 de
3515 2711 3783 2776 victoria,

2175 2825 2277 2867 nec
2306 2810 2374 2866 de
2420 2809 2698 2876 conflictu,
2755 2806 2851 2862 sed
2908 2806 2976 2861 de
3037 2805 3157 2877 fuga
3197 2820 3420 2876 sperare
3475 2805 3784 2877 pervidet:

2180 2902 2400 2958 cdonec
2443 2900 2705 2971 paulatim
2756 2906 3059 2968 protractus
3117 2913 3148 2952 e
3197 2898 3360 2964 cella,
3407 2893 3434 2934 ά
3476 2908 3632 2953 actus
3661 2911 3789 2951 sua:

2177 2992 2536 3066 professionis
2585 2988 2806 3059 incipiat
2857 2987 3136 3055 oblivisci;
3192 2987 3282 3058 qui
3340 3002 3446 3043 non
3489 2991 3575 3044 est
3629 2985 3791 3042 aliud

2178 3103 2339 3158 quam
2371 3085 2597 3142 intuitus
2623 3094 2682 3139 et
2703 3082 3098 3153 contemplatio
3122 3082 3322 3138 divina:
3342 3081 3492 3138 illius
3511 3091 3567 3138 et
3593 3081 3794 3137 excel-

2182 3181 2348 3238 lentis
2379 3194 2542 3248 super
2567 3176 2750 3232 omnia
2799 3175 3072 3246 puritatis,
3121 3189 3243 3244 quaa
3272 3190 3380 3230 non
3409 3173 3543 3230 alibi
3575 3183 3790 3245 potest,

487 3267 696 3323 Deinde
727 3267 985 3320 honestas
1030 3261 1171 3317 idem
1201 3258 1422 3315 morbus
1474 3273 1537 3313 ac
1569 3258 1906 3313 necessarias
1953 3272 2080 3329 sug-
2105 3242 2153 3309 C
2188 3273 2291 3331 nisi
2326 3284 2349 3310 c
2382 3273 2434 3326 ίη
2461 3269 2682 3326 silentio
2711 3277 2764 3324 ει
2791 3267 2900 3339 iugi
2933 3267 3085 3324 cena,
3108 3265 3509 3337 perseverantia
3555 3281 3621 3322 ac
3666 3281 3796 3323 me.

486 3366 628 3438 gerit
646 3364 1001 3422 salutationes
1029 3358 1285 3416 fratribus
1309 3358 1672 3424 exhibendas,
1707 3355 2078 3416 visitationes-

2187 3365 2449 3422 ditatione
2500 3359 2783 3432 conquiri:
2817 3367 2979 3430 atque
3022 3357 3097 3414 ita
3129 3358 3340 3414 militiae
3385 3373 3499 3414 suae
3523 3357 3795 3430 fugitivus

1560 3490 1821 3548 ALARDI
1860 3491 2090 3552 GAZ/El
2130 3489 2696 3554 COMMENTARIUS.

562 3626 588 3654 ιι
613 3615 725 3670 Hoc
747 3621 850 3678 est,
875 3611 1018 3666 circa
1060 3607 1365 3665 meridiem.
1393 3601 1529 3678 Cum
1556 3605 1700 3660 enim
1736 3613 1971 3674 veteres,
2024 3619 2084 3665 ut

491 3688 698 3744 dictum
723 3676 1031 3748 est,’totum
1071 3679 1178 3734 diei
1216 3678 1449 3748 spatium
1484 3676 1552 3729 ab
1596 3686 1716 3750 ortu
1748 3678 1890 3750 solis,
1909 3693 2083 3750 usque

491 3761 560 3815 ad
590 3771 842 3814 occasum
874 3753 927 3808 in
955 3747 1453 3818 duodecim’partes
1482 3748 1720 3818 aequales
1747 3747 2080 3819 dividerent,

492 3845 630 3901 quas
648 3829 806 3901 horas
824 3825 1109 3901 vocabant,
1126 3829 1273 3901 sexta
1293 3819 1424 3901 hora
1441 3819 1510 3873 ab
1533 3828 1656 3901 ortu
1672 3819 1808 3901 solis
1834 3835 2085 3878 necessa-

493 3890 578 3956 rio
601 3909 718 3955 erat
742 3899 852 3964 ipsa
885 3890 1160 3957 meridies,
1181 3892 1388 3962 quinta,
1413 3891 1651 3964 proxima
1672 3890 1803 3964 hora
1827 3901 1950 3947 ante
1973 3908 2085 3948 me-

496 3973 711 4028 ridiem.
751 3960 902 4024 Unde
939 3960 1233 4020 etiamnum
1263 3965 1390 4016 hora
1441 3971 1590 4017 sexta
1623 3961 1676 4014 in
1701 3960 1880 4016 officio
1909 3965 2086 4020 eccle-

498 4041 738 4102 siastico,
760 4037 1078 4100 meridiana,
1102 4035 1188 4089 vel
1205 4032 1467 4088 meridies
1486 4031 1804 4101 appellatur.
1824 4032 1938 4088 Huc
1952 4043 2086 4157 puto

499 4121 775 4157 annclassn
811 4109 1108 4157 Climacum
1163 4119 1356 4157 supra.
1403 4103 1490 4156 ubi
1529 4103 1660 4157 dixit
1709 4101 1913 4157 (Gradu
1985 4107 2082 4157 δὶς

498 4101 775 4179 spectasSe
811 4109 1108 4164 Climacum
1163 4119 1356 4179 supra,
1403 4103 1490 4156 ubi
1529 4103 1676 4179 dixit
1706 4101 1913 4179 _(Gradu
1952 4101 2082 4170 l5):

497 4173 684 4237 Tribus
716 4181 853 4234 horis
895 4179 1177 4242 horrorem,
1206 4175 1532 4242 doloremque
1560 4173 1762 4245 capitis.
1797 4176 2088 4245 febremque

499 4272 561 4311 ac
591 4254 889 4324 vertiginem
918 4248 1241 4324 anachoretis
1272 4256 1318 4298 et
1349 4245 1595 4324 solitarius
1639 4244 1746 4298 illis
1775 4244 2007 4324 subinde
2023 4247 2085 4301 ab

501 4325 697 4381 accdite
718 4315 904 4394 Spiritu
935 4321 1090 4390 fuisse
1111 4326 1425 4394 generatam.
1456 4315 1910 4394 Ninrirmn,ﬂdum
1941 4318 2084 4394 circa

471 4385 783 4461 ,mcridiem
827 4385 1001 4447 inedia
1051 4385 1129 4444 ρι’
1160 4387 1340 4443 labore
1390 4387 1628 4456 fatigati,
1683 4385 1864 4461 adhuc
1916 4389 2087 4461 tribus

503 4468 675 4531 horis,
714 4479 905 4532 nempe
927 4461 992 4517 ad
1017 4475 1213 4516 nonam
1259 4473 1448 4528 usque,
1470 4473 1570 4532 seu
1601 4460 1812 4512 tertiam
1850 4460 2086 4532 pomeri-

503 4528 740 4601 dianam,
773 4528 953 4590 cibum
1009 4538 1389 4602 exspectarent
1434 4528 1762 4602 abstinentes
1812 4529 2082 4602 plerique,

503 4599 831 4666 infirmiores
881 4621 986 4658 non
1030 4599 1181 4665 item,
1225 4616 1360 4670 quos
1387 4600 1570 4655 acedia
1611 4599 1928 4670 superabat.
1958 4601 2087 4657 Inde

503 4685 808 4747 horrorem,
841 4676 1083 4732 dolorem
1118 4687 1180 4728 ac
1211 4671 1534 4743 vertiginem
1578 4671 1684 4726 illis
1710 4671 1882 4726 fuisse
1917 4687 2088 4743 gene-

504 4764 707 4878 nimii;
726 4818 976 4877 claustris
1006 4826 1059 4871 et
1085 4815 1334 4872 clausura
1365 4811 1657 4869 monastica
1705 4813 1870 4869 habes
1918 4812 2083 4868 multa

501 4895 639 4951 scitu
662 4893 817 4962 digna
850 4891 915 4944 ad
947 4889 1128 4944 collat.
1158 4885 1372 4962 ξιξ-ρει).
1406 4884 1735 4962 4ιιηῐιοιειιξιἔ

577 4978 598 5005 c
628 4953 908 5035 lluj'usrei
934 4956 1301 5035 memorabile
1314 4955 1619 5035 exemplum
1645 4954 1767 5010 vide
1792 4954 1938 5035 apud
1966 4953 2085 5035 [δεμ-

502 5025 784 5092 ιειόίυιηῖη
819 5029 1092 5088 Lausiaeis
1120 5042 1240 5096 cap.
1271 5026 1360 5081 26.
1390 5025 1545 5080 Aliud
1587 5026 1712 5079 item
1738 5027 1876 5096 apud
1905 5025 2084 5095 Sulpi-

504 5113 633 5164 tinm
661 5109 921 5164 Severum
946 5103 997 5156 in
1017 5101 1227 5169 dialogo
1254 5102 1428 5166 primo
1452 5096 1693 5169 φεμ-15.

571 5178 598 5217 ά
623 5182 787 5234 Actus
816 5176 900 5230 hic
926 5171 1144 5242 genitivi
1165 5166 1364 5234 casus;
1394 5168 1565 5242 codex
1587 5167 1913 5222 Basileensis
1943 5166 2082 5242 (Lib.

500 5267 556 5307 tv
593 5251 833 5322 ταρεὸὄ)
877 5237 1002 5322 legit
1025 5244 1095 5322 _in
1132 5237 1715 5322 accusati‘vo_.:.Actuni
1751 5253 1856 5292 sua!
1884 5237 2088 5309 protes-

500 5310 678 5376 sionis'.
710 5310 997 5384 Dionysius
1025 5315 1077 5367 in
1097 5311 1335 5384 plurali:
1361 5310 1601 5384 Oblivisci
1625 5318 1774 5384 actus
1805 5323 1916 5362 sua:
1960 5324 2085 5374 pro-

501 5393 767 5464 fessionis,
793 5379 878 5464 qui
910 5379 1160 5464 nonszmt
1187 5383 1493 5464 aliud,i.ctc..
1537 5379 1636 5464 yb‘i
1667 5379 1893 5464 observa
1926 5393 2085 5433 voca-

499 5449 684 5520 bulum
715 5449 1064 5529 professionis
1091 5455 1252 5529 etiam
1281 5451 1516 5529 antiquis
1537 5449 1792 5529 Patribus
1816 5457 1872 5502 et
1899 5465 2084 5502 mona-

499 5535 616 5588 chis
649 5519 925 5594 usitatum,
953 5528 1021 5581 de
1048 5539 1154 5595 quo
1183 5524 1343 5578 etiam
1365 5522 1496 5577 alias
1512 5521 1745 5595 egimus.
1765 5519 1931 5574 Actus
1950 5535 2085 5595 vero

423 5621 440 5632 ί
499 5589 1257 5674 professionisdicividetur,
1286 5595 1376 5664 qui
1400 5589 1725 5674 professioni
1773 5593 2085 5674 monastica:

499 5662 771 5742 congruit,
802 5671 887 5727 vel
917 5669 1002 5726 cui
1023 5667 1150 5723 sein
1171 5679 1265 5720 sua
1295 5662 1629 5736 professione
1663 5663 1964 5716 monachus
1989 5662 2085 5717 ad-

497 5746 654 5800 dixit.

574 5825 597 5852 ε’
638 5815 922 5881 Utriusque
964 5810 1238 5881 praeclara
1279 5805 1526 5881 exempla
1577 5803 1882 5881 suppeditat
1940 5805 2081 5881 idem

501 5887 769 5942 Palladius
790 5875 1035 5950 pluribus
1063 5884 1112 5936 in
1141 5879 1270 5937 locis
1299 5876 1562 5941 (Lausiuc.
1593 5875 1657 5931 18
1683 5886 1729 5930 et
1755 5877 1844 5939 20,
1875 5887 1925 5930 et
1957 5875 2080 5940 50):

2111 4917 2164 4978 D

2185 3610 2279 3664 sed
2317 3608 2491 3679 quoad
2535 3607 2689 3664 cella:
2735 3606 3219 3676 perseverantiam,
3253 3606 3383 3664 illud
3415 3606 3690 3678 singulare
3733 3609 3794 3666 in

2188 3681 2423 3735 Macario
2473 3679 2564 3733 illo
2603 3679 3000 3744 Alexandrino,
3047 3680 3138 3748 qui
3190 3694 3312 3733 cum
3359 3694 3388 3732 a
3421 3680 3638 3749 spiritu,
3666 3682 3798 3737 sive

2186 3752 2408 3815 act-diua,
2435 3752 2549 3804 sive
2569 3749 2742 3804 inanis
2770 3749 2978 3819 glorim,
3005 3759 3062 3805 ut
3080 3749 3498 3814 vultPalladius,
3526 3750 3795 3820 frequen-

2185 3831 2270 3878 ter
2295 3834 2349 3877 et
2378 3825 2683 3890 importune
2707 3819 2996 3875 admodum
3013 3833 3298 3891 urgeretur
3324 3820 3390 3876 ad
3423 3819 3793 3879 deserendum

2187 3908 2339 3948 suam
2389 3895 2602 3951 cellam,
2658 3899 2962 3958 prostratus
3011 3892 3064 3946 in
3103 3892 3288 3946 limine
3316 3934 3330 3954 ,
3367 3893 3591 3960 pedibus
3631 3906 3799 3949 extra

2187 3965 2378 4020 cellam
2408 3963 2707 4032 porrectis:
2731 3961 2962 4025 Trahite,
2998 3963 3190 4031 inquit,
3221 3964 3405 4016 trahite
3434 3979 3512 4016 me
3533 4004 3547 4023 ,
3585 3964 3800 4020 demo-

2188 4051 2300 4103 nes,
2328 4037 2372 4088 si
2402 4031 2776 4106 potestisaEgo
2801 4034 2937 4086 enim
2965 4033 3178 4106 pedibus
3207 4051 3311 4087 non
3342 4034 3474 4087 vado
3503 4034 3641 4105 (Lib.
3670 4051 3706 4090 v
3742 4053 3796 4090 c.

2189 4107 2308 4174 57),
2333 4104 2440 4176 quo
2469 4105 2610 4157 facto
2627 4104 2902 4176 dmmones
2924 4104 3108 4170 elusit,
3130 4115 3186 4158 et
3212 4104 3520 4160 tentatione
3536 4109 3801 4173 superior

2189 4174 2381 4232 evasit.
2426 4176 2594 4230 Porro
2638 4176 2704 4226 de
2757 4174 2893 4229 cella
2926 4183 2980 4230 et
3026 4176 3220 4229 cellula
3251 4175 3384 4230 alias
3437 4176 3638 4231 dictum
3672 4187 3790 4234 est.

2193 4249 2322 4317 Ejus
2362 4261 2500 4320 per!)
2539 4244 2724 4320 Iaudes
2750 4256 2804 4299 et
2831 4246 3115 4320 commoda
3151 4246 3288 4320 mire
3323 4247 3578 4320 praedicat
3608 4259 3802 4320 etvex-

2190 4319 2332 4374 tollit
2361 4317 2426 4371 D.
2453 4317 2681 4370 Basilius
2713 4317 2763 4369 in
2792 4318 3024 4386 quodam
3055 4318 3354 4387 0pnsculo,
3393 4317 3470 4372 de
3511 4318 3802 4376 Laudibus

2189 4391 2317 4444 vita:
2348 4387 2630 4449 solitariae,
2677 4387 2767 4440 ubi
2806 4387 2921 4441 huic
2969 4386 3109 4442 inter
3137 4388 3238 4442 alia
3269 4406 3282 4442 :
3321 4386 3366 4440 0
3390 4388 3522 4442 cella
3551 4392 3797 4455 negotia-

2191 4471 2359 4515 torum
2394 4459 2672 4514 caelestium
2717 4459 2993 4526 apotheca,
3045 4460 3099 4512 in
3148 4476 3249 4527 qua
3297 4459 3531 4514 videlicet
3573 4459 3802 4515 illarum

2190 4533 2437 4584 mercium
2487 4546 2689 4582 summa
2720 4529 3049 4592 reconditur,
3091 4531 3274 4597 quibus
3322 4538 3473 4584 terra
3513 4531 3802 4585 viventium

2189 4605 2442 4672 possessio
2465 4611 2812 4669 comparatur.
2847 4599 2892 4652 0
2923 4599 3056 4672 cella
3077 4600 3330 4668 spiritalis
3367 4603 3598 4672 exercitii
3626 4603 3800 4654 mira-

2189 4673 2306 4726 bilis
2329 4672 2563 4742 ofﬁcina,
2610 4671 2662 4723 in
2693 4688 2792 4740 qua
2844 4681 2979 4725 certe
3034 4671 3262 4725 humana
3311 4672 3484 4725 anima
3527 4671 3800 4729 Creatoris

2189 4744 2464 4811 imaginem
2493 4742 2547 4795 in
2575 4757 2626 4794 se
2652 4751 2923 4807 restaurat,
2955 4751 3005 4795 et
3033 4744 3102 4795 ad
3132 4758 3238 4796 sure
3267 4743 3484 4810 originis
3521 4742 3655 4796 redit
3685 4761 3799 4812 pu-

2188 4816 2395 4866 ritatem
2419 4829 2436 4878 ;
2460 4813 2546 4866 ubi
2584 4829 2760 4866 sensus
2783 4814 2949 4867 obtusi
2975 4813 3042 4866 ad
3069 4814 3403 4867 subtilitatem
3437 4814 3517 4866 sui
3533 4815 3802 4870 acuminis

2190 4885 2423 4955 redeunt,
2451 4895 2498 4937 et
2527 4899 2622 4955 pro
2650 4884 2826 4937 vitiata
2853 4894 3042 4937 natura
3071 4885 3384 4955 sinceritatis
3422 4899 3605 4954 azyma
3635 4900 3800 4955 repe—

2190 4901 2423 4945 reaeunt,
2451 4901 2498 4937 et
2519 4901 2622 5008 pro
2650 4901 2826 4937 vittata
2853 4901 3042 4937 natura
3071 4901 3384 4938 sinceritatis
3422 4901 3605 4954 azyma
3635 4901 3794 4955 repe-

2188 4957 2340 5009 ritur.
2376 4954 2422 5007 0
2459 4971 2514 5008 ce
2539 4955 2589 5008 la
2616 4955 2886 5026 spirituale
2907 4971 3113 5026 prorsus
3142 4954 3532 5026 habitaculum;
3560 4971 3794 5024 namque

2189 5026 2252 5080 de
2279 5025 2509 5094 superbis
2538 5024 2666 5095 facis
2696 5024 2938 5093 humiles,
2970 5027 3033 5080 de
3052 5027 3246 5093 gulosis
3266 5025 3484 5091 sobrios,
3521 5026 3586 5079 de
3603 5027 3801 5081 crude—

2189 5095 2324 5151 libus
2358 5097 2497 5219 pios,
2523 5096 2586 5149 de
2630 5096 2894 5150 iracundis
2922 5097 3087 5161 mites,
3121 5097 3185 5150 de
3211 5097 3388 5150 otiosis
3417 5097 3591 5150 reddis
3620 5097 3675 5150 in
3707 5098 3800 5151 di-

2189 5170 2305 5219 vina
2329 5185 2354 5219 c
2395 5168 2583 5219 aritatc
2611 5166 2876 5219 ferventes.
2917 5166 2992 5219 Tn
3018 5169 3211 5219 odiosa:
3236 5170 3425 5219 linaute
3472 5169 3704 5219 frenum-
3737 5178 3800 5219 tu

2187 5170 2305 5221 vina
2329 5166 2583 5221 charitate
2610 5166 2876 5235 ferventes.
2917 5166 2992 5220 Tn
3018 5169 3211 5221 odiosa:
3236 5170 3425 5235 lingua:
3471 5169 3704 5234 frenum,
3737 5178 3800 5222 tu

2191 5239 2472 5293 luxuriosis
2505 5239 2713 5292 renibus
2743 5237 2918 5291 nitida:
2946 5240 3190 5291 castitatis
3235 5238 3446 5291 adhibes
3492 5239 3792 5309 cingulum,

2191 5316 2244 5362 tu
2270 5311 2400 5380 facis
2432 5318 2483 5361 ut
2513 5309 2641 5363 leves
2663 5310 2848 5380 quique
2869 5310 2934 5362 ad
2964 5311 3260 5378 gravitatem
3287 5309 3518 5372 redeant,
3550 5319 3603 5361 ut
3615 5311 3799 5379 jocosi

2191 5379 2593 5433 scurrilitatibus
2626 5379 2860 5447 parcant,
2899 5391 2952 5432 ut
2989 5380 3246 5448 raniloqui
3274 5391 3322 5433 et
3347 5395 3588 5451 procaces
3614 5396 3670 5434 se
3693 5381 3795 5434 sub

2191 5451 2428 5504 districta
2458 5452 2648 5504 silentii
2678 5467 2896 5504 censura
2926 5451 3200 5517 castigent,
3227 5450 3355 5504 etc.
3383 5450 3651 5506 Praeclare
3703 5451 3800 5506 ili-

2189 5520 2313 5577 dem
2369 5523 2432 5575 D.
2467 5521 2802 5583 Bernardus,
2838 5533 2890 5574 et
2937 5523 3002 5574 ad
3055 5521 3196 5575 hunc
3248 5521 3426 5575 locum
3464 5521 3791 5591 aptissime:

2190 5591 2365 5659 Cella,
2393 5593 2589 5662 inquit,
2617 5601 2664 5645 et
2685 5594 2796 5645 ειειὶ
2823 5591 3074 5645 habitatio
3102 5602 3318 5662 cognata
3338 5603 3494 5646 sunt:
3511 5593 3636 5662 quia
3657 5593 3797 5646 sicut

2187 5664 2372 5717 coelum
2399 5673 2445 5716 et
2474 5661 2606 5716 cella
2637 5664 2705 5715 ad
2734 5663 2949 5716 invicem
2973 5661 3211 5716 uidentur
3232 5661 3462 5730 aliquant
3488 5661 3680 5717 habere
3703 5678 3800 5717 co-

2188 5735 2479 5802 gnationem
2503 5734 2745 5799 nominis,
2771 5734 2844 5785 sic
2872 5741 2919 5786 et
2951 5733 3171 5800 pietatis.
3201 5734 3245 5785 Α
3276 5732 3492 5787 celando
3522 5733 3658 5787 enim
3686 5750 3798 5790 cc-

2187 5795 2294 5858 lum
2322 5813 2368 5857 et
2405 5804 2535 5857 cella
2566 5795 2752 5857 nomen
2781 5795 2962 5874 habere
2991 5804 3262 5874 videntur;
3309 5813 3356 5857 et
3395 5804 3536 5874 quod
3582 5805 3796 5860 celatur

2187 5877 2239 5930 in
2298 5875 2458 5941 caelis,
2510 5877 2604 5930 hoc
2637 5884 2684 5930 et
2735 5876 2788 5929 in
2840 5873 3018 5940 cellis;
3071 5872 3210 5946 quod
3257 5872 3453 5944 geritur
3495 5875 3550 5928 in
3595 5875 3741 5930 caelis
3771 5916 3791 5944 ,
