3986 6320
229 267 313 323 369
799 259 887 316 DE
925 257 1408 317 C(ENOBIORUM
1447 261 1696 318 INS'HT.
1743 263 1876 320 LIB.
1918 262 1984 319 Χ.
2020 295 2082 305 ——~
2120 264 2210 320 DE
2249 263 2525 321 SPlRlTU
2566 263 2866 322 ACEDUE.

3369 266 3474 322 δῖε)

223 398 274 438 ac
298 381 528 435 desertor
559 373 764 431 Christi
793 376 953 431 miles
981 374 1233 442 clfectus,
1261 385 1286 413 α
1319 377 1553 448 implicet
1601 392 1659 433 se
1688 394 1782 433 ne-
1807 383 1859 442 Α
1885 381 2132 450 quamvis
2161 380 2262 436 sub
2289 389 2548 450 prattextu
2578 382 2777 442 coloris
2811 381 2885 452 pii
2914 381 3166 452 fugitivus
3199 379 3472 440 abscedat.

221 475 356 546 gallis
384 469 767 536 szcnlaribus,
799 469 850 525 ei
899 468 987 524 cui
1041 482 1102 525 se
1140 469 1388 540 probavit
1418 471 1638 526 minime
1669 471 1781 540 pla-

221 581 421 624 caurus.

801 697 1032 756 CAPUT
1079 699 1168 756 IV.

223 793 350 864 Quod
376 791 549 858 accdia
579 800 802 846 excierat
830 799 1047 873 mentem
1074 792 1140 846 ab
1179 791 1319 848 omni
1347 791 1780 864 contemplatione

846 872 1118 918 virtutum.

274 977 426 1048 Hujus
448 975 792 1048 egritudinis
819 976 1071 1032 universa
1104 976 1444 1033 incommoda
1475 991 1584 1033 uno
1613 977 1779 1034 versi-

217 1073 317 1129 culo
338 1071 518 1126 beatus
547 1070 716 1125 David
745 1071 1019 1140 eleganter
1044 1070 1315 1141 expressit
1345 1088 1356 1124 :
1381 1068 1409 1110 ι)
1439 1069 1772 1137 Dormitavit,

217 1163 436 1236 inquiens
459 1204 477 1229 ,
509 1164 687 1216 anima
713 1179 828 1218 mea
854 1179 962 1235 prae
993 1162 1145 1218 tcedio
1195 1162 1425 1234 (Psalnt.
1453 1165 1670 1234 cxvtu),
1722 1164 1776 1220 id

217 1269 301 1325 est,
331 1273 434 1328 prae
462 1257 677 1314 acedia.
703 1256 932 1326 PrOprie
959 1257 1092 1312 satis
1123 1272 1231 1311 non
1262 1269 1462 1325 corpus
1489 1256 1644 1324 dixit,
1680 1259 1776 1312 sed

216 1352 418 1408 animam
467 1349 821 1406 domitasse.
865 1349 1004 1406 Vere
1042 1348 1189 1404 enim
1232 1349 1303 1402 ab
1342 1348 1489 1404 omni
1533 1357 1776 1405 contem-

215 1446 421 1516 platione
471 1443 745 1498 virtutum
790 1452 843 1499 et
891 1443 1086 1497 intuitu
1142 1442 1473 1512 spiritalium
1517 1457 1774 1498 sensuum

213 1538 438 1595 dormitat
457 1536 666 1606 anima,
695 1550 813 1607 quae
840 1535 1264 1606 perturbationis
1291 1535 1451 1605 hujus
1481 1535 1588 1592 telo
1615 1533 1778 1592 fuerit

214 1631 437 1688 sauciata.

801 1744 1032 1802 CAPUT
1070 1744 1136 1801 V.

470 1837 628 1904 Quod
648 1837 845 1909 duplex
869 1837 1050 1894 acedia
1074 1837 1140 1893 sit
1170 1837 1223 1892 in
1255 1852 1452 1909 pugna.

2487 493 2723 552 CAPUT
2764 493 2854 550 Vl.

2131 588 2296 655 Quant
2333 587 2629 660 pestilentes
2654 587 2755 642 sint
2788 586 2979 641 acediw
2998 584 3234 653 effectus.

1952 679 2360 751 Quemcumque
2388 680 2535 736 enim
2563 682 2616 736 in
2648 679 2892 751 qualibet
2931 687 3083 750 parte
3113 677 3344 746 coeperit
3385 692 3477 732 su-

1881 786 2109 845 perare,
2157 783 2250 829 aut
2297 782 2568 845 tamquam
2607 775 2836 830 inertem
2878 780 2932 828 et
2985 771 3322 828 desidiosum
3371 770 3478 827 sibi

1881 866 2116 937 patietur
2147 866 2353 937 absque
2379 867 2490 922 ullo
2514 866 2754 937 profectu
2786 865 3010 938 spiritus
3032 864 3086 920 in
3109 863 3300 920 cellula
3325 878 3474 919 com-

1880 959 2104 1027 morari,
2136 969 2230 1015 aut
2262 975 2550 1017 excussum
2580 959 2778 1017 exinde
2827 958 3136 1014 instabilem
3175 957 3244 1013 de
3273 958 3509 1012 cmtero’

1879 1053 2071 1110 reddet
2090 1068 2153 1109 ac
2177 1068 2392 1124 vagum,
2419 1061 2475 1108 et
2503 1051 2572 1106 ad
2604 1066 2768 1108 omne
2792 1065 2926 1121 opus
2954 1049 3221 1115 desidem,
3247 1046 3274 1086 ά
3306 1049 3474 1105 cellas

1880 1146 2104 1204 fratrum
2149 1161 2213 1203 ac
2258 1144 2587 1202 monasteria
2622 1143 2823 1215 jugiter
2859 1141 3024 1198 faciet
3050 1140 3360 1207 circumire,
3390 1139 3473 1194 ni-

1879 1238 2066 1311 hilque
2116 1239 2260 1294 aliud
2302 1251 2633 1308 procurare,
2682 1250 2844 1307 quam
2897 1234 3026 1301 ubi,
3069 1248 3244 1304 quove
3288 1233 3474 1288 colore

1880 1331 2222 1388 occasionem
2272 1328 2590 1387 refectionis
2644 1327 2841 1384 futura:
2897 1329 3075 1382 valeat
3137 1340 3468 1396 praeparare.

1883 1432 1908 1462 ⁸
1935 1423 2085 1480 Mens
2111 1424 2257 1479 enim
2293 1422 2453 1479 otiosi
2481 1421 2615 1477 nihil
2644 1420 2788 1475 aliud
2817 1420 3057 1490 cogitare
3085 1419 3241 1474 novit
3263 1459 3279 1486 ,
3309 1433 3472 1488 quam

1880 1517 1949 1573 de
1975 1518 2115 1574 escis
2146 1532 2210 1574 ac
2234 1524 2442 1582 ventre,
2475 1515 2653 1571 donec
2697 1514 2914 1569 inventa
2950 1512 3269 1584 quandoque
3315 1512 3475 1567 soda-

1878 1611 2029 1669 litate
2058 1611 2377 1682 cujusquam
2399 1609 2529 1676 virl,
2556 1608 2642 1664 vel
2669 1607 2882 1663 feminae
2909 1605 3105 1676 :equali
3142 1615 3331 1676 tepore
3362 1613 3475 1659 tor-

1879 1705 2077 1776 pentis,
2109 1703 2273 1760 rebus
2295 1717 2482 1758 eorum
2513 1717 2577 1757 ac
2599 1698 3013 1757 necessitatibus
3045 1697 3387 1763 involvatur;
3417 1705 3476 1753 et

1801 1779 1849 1840 Β
1877 1796 1950 1854 ita
1974 1797 2228 1868 paulatim
2257 1789 2517 1852 reddatur
2547 1792 2725 1850 noxiis
2745 1791 3189 1863 occupationibus
3208 1789 3471 1858 irretitus,

1872 1901 1931 1948 ut
1953 1899 2223 1963 tamquam
2253 1888 2579 1961 serpentinis
2604 1887 2767 1957 spiris
2797 1885 3090 1941 obstrictus
3125 1881 3146 1922 ί
3182 1898 3473 1954 numquam

266 1955 427 2057 mir":
465 1951 1136 2057 Ci'fs‘i.l’°'“s_“‘h'e‘at
1173 1955 1264 2057 q_"i
1315 1967 1543 2027 agonem
1596 1955 1774 2027 πλῆθ’
1871 1951 2132 2057 deinceps
2172 1985 2238 2040 ad
2277 1951 2671 2057 perfectionem
2720 1980 3078 2054 professionis
3128 1951 3367 2050 antiqua:
3413 1991 3473 2033 se

211 2046 375 2103 ctiouis
402 2049 553 2116 cupit
585 2046 830 2118 legitime
853 2047 1164 2114 decertare,
1205 2047 1347 2103 hunc
1384 2062 1598 2119 quoque
1628 2064 1774 2105 mor-

210 2141 310 2196 bum
339 2141 400 2196 de
430 2141 658 2197 latebris
685 2141 882 2197 animae
906 2156 1017 2198 sua:
1038 2141 1257 2199 festinet
1277 2142 1586 2212 extrudere,
1617 2151 1673 2200 et
1699 2145 1773 2200 ita

209 2245 364 2291 contra
404 2215 555 2291 hunc
594 2251 809 2307 quoque
849 2236 1244 2308 nequissimum
1286 2237 1486 2294 acedite
1522 2238 1772 2308 spiritum

208 2330 460 2400 utrobique
502 2330 832 2396 contendat,
876 2342 900 2371 ε
935 2341 992 2387 ut
1022 2348 1198 2404 neque
1243 2333 1423 2389 somni
1455 2333 1564 2389 telo
1605 2335 1775 2392 elisus

207 2423 452 2492 concidat,
502 2439 681 2496 neque
708 2424 775 2481 de
814 2427 1136 2483 monasterii
1184 2426 1438 2484 claustris
1473 2430 1772 2500 expulsus,

1876 2084 2054 2139 valeat
2073 2081 2329 2140 enodare.

2481 2149 2710 2206 CAPUT
2750 2148 2864 2204 VII.

2046 2245 2360 2302 Testimonia
2394 2243 2629 2316 Apostoli
2657 2244 2794 2296 circa
2823 2240 3067 2312 spiritum
3093 2239 3304 2294 decdite.

1953 2347 1979 2388 8
2011 2338 2165 2394 Hunc
2188 2337 2436 2392 morbum
2479 2336 2571 2406 qui
2610 2334 2678 2389 de
2705 2331 2906 2389 acedite
2947 2331 3144 2402 spiritu
3193 2331 3431 2386 nascitur
3454 2373 3470 2398 ,

1879 2431 2069 2487 beatus
2099 2429 2416 2502 Apostolus,
2449 2435 2510 2485 ut
2537 2441 2697 2484 verus
2727 2440 2790 2481 ac
2811 2423 3070 2497 spiritalis
3093 2422 3358 2490 medicus,
3386 2422 3472 2480 vel

1248 2560 1506 2618 ALARDI
1546 2561 1786 2621 GAZEI
1821 2563 2014 2622 COMM
2027 2564 2395 2624 ENTAPJUS.

207 2653 287 2726 hoc
322 2662 366 2726 e_t
408 2653 460 2707 in
490 2653 687 2726 icellis.
732 2653 996 2720 Quidnam
1050 2663 1123 2708 est
1177 2655 1316 2710 ltoc?
1381 2672 1564 2710 vacare
1615 2655 1747 2726 Deo,

208 2725 291 2796 frui
319 2722 443 2782 Deo.
470 2725 630 2791 Quod
656 2742 772 2779 cum
795 2726 1077 2780 secundum
1113 2727 1343 2780 ordinent
1368 2727 1448 2796 pie
1486 2736 1533 2780 et
1555 2722 1780 2795 fideliter

207 2795 456 2848 celebratur
512 2797 568 2850 in
601 2796 762 2861 cellis,
813 2799 984 2851 audeo
1025 2798 1224 2859 dicere,
1267 2799 1428 2852 sancti
1463 2798 1636 2868 angeli
1682 2800 1778 2853 Dei

207 2868 335 2921 cellas
362 2868 551 2921 habent
583 2885 692 2939 pro
718 2870 879 2934 cmlis,
911 2879 958 2923 et
997 2885 1141 2939 a'que
1183 2868 1504 2923 delectantur
1544 2871 1595 2923 in
1634 2872 1778 2926 cellis

206 2955 256 2990 ac
274 2941 317 2991 in
342 2941 495 2993 carlis.
538 2938 678 2993 Nam
709 2957 825 2993 cum
854 2941 907 2993 in
929 2938 1062 2992 cella
1083 2942 1286 3010 jugiter
1308 2942 1528 2995 caelestia
1555 2943 1776 2995 actitan-

207 3019 290 3070 tttr,
321 3011 498 3064 caelum
527 3010 694 3075 cellce,
733 3019 780 3065 et
801 3013 1110 3065 sacramenti
1137 3012 1492 3074 similitudine,
1529 3024 1577 3066 et
1611 3014 1776 3074 pieta-

1882 2669 1938 2716 et
1985 2663 2134 2716 viros
2181 2675 2304 2715 cum
2356 2660 2409 2714 in
2451 2657 2600 2714 luctu
2639 2665 2782 2723 sunt,
2814 2654 3043 2726 opprimi
3088 2668 3300 2726 somno.
3341 2652 3476 2726 Hinc

1882 2730 2040 2786 Lucae
2065 2748 2175 2786 χχιι
2206 2751 2218 2784 :
2248 2729 2450 2785 Invenit
2486 2747 2575 2784 eos
2621 2724 2932 2784 dormientes
2965 2742 3072 2797 prce
3103 2725 3335 2797 tristitia.
3378 2724 3477 2797 Est

1884 2812 2063 2857 autem
2107 2801 2289 2863 amata
2321 2802 2538 2857 tristitia
2584 2799 2654 2856 de
2686 2802 2828 2855 bono
2856 2796 3022 2869 opere
3048 2799 3131 2853 vel
3169 2796 3476 2869 inchoando

1886 2876 1968 2929 vel
2002 2873 2329 2944 perﬁciendo
2348 2915 2364 2938 ,
2394 2882 2452 2928 ιιι
2480 2874 2685 2928 dictum
2713 2880 2817 2944 est.
2851 2868 3219 2944 Spiritualiter
3239 2883 3368 2944 ergo
3391 2868 3478 2944 di-

1883 2938 2025 3001 citur
2069 2945 2248 3000 anima
2282 2945 2514 3012 stillare,
2559 2944 2610 2999 id
2647 2952 2763 3011 est,
2789 2941 3122 3012 deficereet
3170 2938 3478 3012 dellciendo

1884 3016 2212 3080 dormitare,
2242 3031 2364 3072 cum
2419 3009 2517 3086 per
2555 3009 2799 3070 accdiam
2837 3028 2866 3067 a
2903 3009 3141 3086 pristina
3162 3011 3374 3086 fervore
3413 3017 3478 3086 _et

207 3080 468 3160 tiro/fectu,
505 3093 554 3160 et
571 3082 764 3160 similis
787 3083 954 3160 operis
992 3080 1176 3160 effeetu
1212 3086 1505 3154 proximum
1539 3084 1770 3160 efﬁcitur.
1804 3075 1853 3142 C
1881 3089 2046 3144 animi
2072 3075 2255 3160 vigore
2281 3075 2565 3157 torpescit,
2587 3098 2640 3142 et
2665 3086 2791 3141 boni
2817 3075 2999 3160 operis
3025 3083 3295 3160 fastidium
3309 3082 3475 3160 capit.

208 3149 299 3225 Nec
315 3154 421 3223 jam
445 3153 666 3221 spiritui
698 3149 896 3225 oranti,
933 3154 1009 3208 uel
1036 3156 1189 3208 etiam
1212 3149 1249 3208 ἀ
1275 3171 1489 3225 corpore
1515 3149 1723 3210 creanti
1753 3174 1785 3212 a

207 3224 314 3276 cella
335 3226 383 3276 in
405 3227 619 3288 caelum,
644 3226 798 3294 longa
820 3223 897 3279 vel
922 3225 1150 3295 difficilis
1179 3227 1259 3280 ria
1279 3223 1552 3281 invenitur.
1584 3230 1627 3281 Α
1651 3229 1785 3281 cella

207 3295 316 3369 enirn
337 3296 386 3369 in
416 3299 606 3351 calum
651 3313 788 3369 scepe
818 3299 1255 3369 ascenditurgttix
1289 3307 1452 3352 autem
1482 3315 1724 3369 umquam
1753 3316 1786 3353 a

208 3366 317 3418 cella
338 3367 388 3420 in
432 3369 702 3438 infernum
731 3367 1080 3422 descenditur.
1127 3367 1355 3422 Mortens
1404 3370 1538 3424 enim
1570 3366 1653 3424 uix
1695 3379 1784 3424 aut

208 3452 464 3505 numquam
492 3437 531 3492 α
577 3437 711 3492 cella
739 3441 792 3491 in
821 3439 1079 3508 infernum
1103 3440 1387 3508 descendit,
1410 3442 1533 3510 quia
1559 3443 1644 3495 ria:
1671 3459 1785 3494 um-

207 3523 337 3575 quam
357 3511 573 3576 aliquis,
609 3512 710 3564 nisi
740 3511 877 3580 _cwlo
905 3510 1318 3579 prcedestinatus,
1352 3512 1405 3566 in
1438 3528 1497 3565 ea
1525 3529 1682 3580 usque
1719 3513 1786 3566 ad

209 3588 394 3654 mortem
421 3581 678 3652 persistit.
729 3578 926 3654 ilium
956 3581 1090 3654 enim
1137 3584 1316 3652 gratia'
1347 3583 1572 3654 fructum
1599 3578 1787 3640 uentris

207 3652 277 3702 sui
300 3654 420 3725 cella
447 3655 610 3721 foret,
643 3653 828 3716 nutrit,
872 3653 1218 3722 amplectitur,
1250 3661 1292 3725 c'
1324 3652 1392 3707 ad
1417 3655 1786 3725 plenitudinem

209 3724 512 3796 perfectionis
554 3725 813 3796 perducit,
861 3733 906 3777 et
951 3725 1207 3794 colloquio
1243 3724 1335 3779 Dei
1361 3724 1576 3796 dignum
1607 3727 1786 3796 efﬁcit;

210 3791 409 3847 alienum
439 3791 702 3866 νενόηται
730 3796 1050 3866 suppositum
1077 3791 1327 3862 ,abdicat
1370 3791 1480 3850 a'se
1520 3791 1693 3861 citius,
1739 3791 1787 3852 et

208 3866 405 3986 :rojicit.
431 3866 566 3921 Haec
598 3865 661 3920 D.
689 3865 1022 3933 Bernartius,
1054 3876 1109 3922 et
1148 3882 1270 3938 quae
1313 3879 1616 3939 sequuntur
1646 3869 1787 3925 lectu

242 3949 531 3986 ttzmssrma.

242 3949 503 4004 tgutsmma
516 3977 531 3991 .

266 4015 288 4042 ³
311 4007 442 4082 _Nota
467 4017 559 4082 est
579 4007 820 4075 Apostoli
846 4008 1136 4082 sententia,
1155 4025 1313 4077 quam
1338 4011 1559 4082 respicit
1584 4011 1788 4067 Auctor

208 4075 243 4130 ll
269 4077 325 4132 ad
355 4078 706 4134 Timotheum
744 4095 780 4133 ti
813 4078 1017 4133 :Nemo
1049 4075 1278 4136 militans
1313 4075 1444 4144 Deo:
1471 4084 1705 4148 implicat
1736 4101 1790 4138 se

210 4152 400 4226 negotiis
421 4150 804 4226 scrcula‘ribus;
836 4162 888 4204 ttt
917 4153 962 4203 ei
984 4151 1200 4226 placeat
1215 4154 1300 4206 cui
1324 4169 1376 4208 se
1399 4155 1655 4226 probavit.
1684 4154 1788 4211 Ubi

209 4219 438 4294 observat
464 4221 830 4294 D.7Thonias,
859 4219 1000 4292 quod
1016 4239 1138 4294 _non
1171 4223 1301 4279 dicit
1323 4219 1666 4294 simpliciter,
1691 4227 1788 4280 int-

211 4289 430 4359 plicatur,
456 4293 847 4366 sed,implicat
877 4289 969 4347 'sc.
1006 4292 1252 4363 Implicat
1297 4289 1444 4349 enini
1470 4313 1544 4360 se,
1590 4289 1786 4366 inquit,

209 4366 392 4438 quando
419 4365 548 4438 sine
561 4365 750 4438 pietate
777 4373 822 4416 et
846 4367 1157 4438 necessitate
1183 4368 1433 4431 assumit;
1464 4369 1552 4421 sed
1578 4365 1787 4438 quando

209 4435 456 4489 necessitas
484 4435 653 4503 ofﬁcii
674 4436 881 4506 pietatis
921 4445 968 4488 et
997 4438 1324 4492 auctoritatis
1360 4435 1644 4505 exercetur,
1670 4448 1789 4494 tunc

211 4517 292 4580 non
319 4505 550 4580 impﬁcat
574 4522 649 4569 se,
676 4505 768 4580 sed
807 4508 1105 4574 implicatur
1134 4507 1437 4580 hujustnodi
1467 4511 1784 4566 necessitate.

211 4570 316 4628 Huc
337 4570 396 4632 Si
421 4577 670 4650 Thomas
707 4575 795 4648 (In
824 4570 1094 4633 comment.
1130 4570 1303 4634 lec'tio.
1339 4581 1393 4649 Ι)
1429 4580 1515 4650 pie
1544 4581 1785 4648 quidem,

209 4652 254 4698 et
270 4647 563 4720 secundum
584 4647 854 4720 vulgatam
871 4650 1152 4705 lectionem
1169 4647 1596 4718 accommodate,
1613 4652 1789 4720 quoad

211 4729 398 4797 mores;
431 4719 534 4797 sed
567 4720 619 4797 _s_i
671 4719 857 4797 Graeca
888 4731 1121 4797 Spectes,
1155 4722 1321 4797 ea_ita
1342 4731 1585 4797 _sonant:
1619 4719 1790 4778 Nemo

208 4787 421 4862 militans
443 4790 748 4862 implicatur
777 4792 891 4845 uiue
922 4787 1167 4862 negotiis.
1204 4793 1358 4862 Quod
1388 4806 1570 4848 autem
1609 4797 1791 4860 sequi-

211 4864 310 4912 tur:
340 4859 407 4935 Ut
433 4863 486 4935 ei
521 4859 726 4935 placeat
755 4864 838 4935 cui
862 4879 918 4935 se
949 4859 1199 4935 probavit,
1229 4859 1530 4934 'dupliciter
1559 4859 1787 4934 exponi-

212 4935 301 5018 tur.
326 4933 648 5016 Ambrosius
666 4942 726 5018 et
757 4933 927 5018 Latini
950 4933 1148 5017 omnes
1179 4933 1363 5018 legunt
1394 4945 1544 5018 uiuet
1579 4933 1790 4992 Cassia-

211 5014 297 5054 nus
327 5021 340 5058 :
365 5004 452 5060 cui
480 5019 535 5057 se
562 5004 817 5072 probavit,
858 5005 909 5060 id
938 5015 1040 5069 est,
1075 5006 1126 5060 in
1166 5004 1319 5075 cujus
1369 5007 1617 5062 militiam
1653 5023 1786 5063 con-

211 5075 368 5147 cessit.
420 5075 504 5147 At;
533 5090 609 5147 ex
662 5076 853 5131 Graeco
900 5079 1078 5147 patius
1122 5079 1261 5132 verti
1318 5078 1502 5133 debuit
1543 5096 1559 5132 :
1609 5079 1710 5146 Qui
1735 5097 1789 5134 se

210 5143 443 5220 probavit,
491 5145 544 5200 id
586 5154 713 5220 est,_
740 5148 832 5218 qui
865 5143 1041 5218 ipsum
1070 5149 1124 5203 in
1163 5149 1411 5204 militiam
1442 5143 1784 5220 spiritualem

212 5215 372 5284 allegit
398 5226 456 5272 et
485 5215 762 5284 ascripsit.

243 5282 615 5366 _VblAnnotant
636 5282 738 5345 SS.
773 5289 958 5345 Patres
982 5290 1034 5343 in
1051 5289 1296 5366 _Hebraeo
1325 5291 1535 5358 haberi,
1560 5293 1790 5366 distilla-

212 5357 296 5432 rit,
321 5357 376 5432 id
405 5370 519 5432 est,
553 5359 845 5432 lacrymata
866 5368 951 5415 est
978 5360 1156 5417 anima
1190 5377 1306 5416 mea
1339 5378 1450 5432 prae
1490 5357 1786 5421 anxietate.

213 5424 264 5514 iit
291 5431 365 5514 sic
403 5430 537 5514 legit
571 5424 860 5514 _Origencs,
893 5424 1436 5514 quasi_Sep_tuagi'nta
1487 5436 1780 5514 vertissent

213 5500 409 5565 ἰσταξεν
443 5503 533 5557 ἀπ’
559 5500 804 5565 ἁκηόίας,
851 5500 957 5557 non
1001 5500 1266 5570 ἐνύστὰξιν
1291 5500 1317 5572 ξ
1345 5505 1676 5560 dormitavit.
1719 5509 1787 5563 At

213 5583 408 5647 sensus
436 5574 490 5647 in
517 5572 683 5647 _idetn
733 5572 962 5647 recidit:
1000 5575 1138 5630 solet
1169 5576 1312 5630 enim
1355 5591 1554 5632 mceror
1583 5576 1784 5644 animi,

215 5642 315 5717 sive
342 5642 587 5717 tristitia,
611 5643 750 5698 sicut
782 5645 1049 5716 lacrymas
1076 5647 1420 5716 exprimere;
1450 5648 1522 5701 ita
1557 5642 1786 5717 vapores

215 5714 258 5761 tu
291 5714 573 5770 cerebrum
604 5717 877 5779 excitare;
901 5714 1052 5770 unde
1083 5714 1320 5772 nascitur
1351 5733 1572 5774 somnus
1599 5714 1784 5774 :vide-

215 5795 425 5849 musque
453 5795 513 5840 et.
531 5784 764 5840 infantes
789 5797 1069 5855 postquam
1095 5788 1361 5845 ﬂaverint.
1393 5789 1499 5842 alte
1524 5789 1777 5855 dormire,

1817 4475 1867 4534 D

1963 3171 1985 3200 ε
2015 3153 2155 3216 8υηῖ
2181 3163 2295 3216 haec
2320 3153 2429 3215 dtio
2458 3173 2653 3225 genera
2705 3153 2907 3212 acediie
2926 3197 2942 3220 ,
2973 3163 3030 3210 ut
3061 3154 3269 3209 notavit
3309 3153 3478 3208 abbas

1889 3231 2154 3302 Serapion
2188 3232 2381 3288 Collat.
2417 3230 2505 3291 15,
2537 3245 2659 3300 cap.
2695 3231 2753 3302 ll
2787 3246 2800 3281 :
2838 3227 3028 3302 Unum,
3072 3225 3209 3302 quod
3239 3225 3306 3302 ad
3337 3239 3477 3278 som-

1889 3321 2014 3358 num
2033 3297 2328 3371 prwcipitat
2353 3297 2632 3358 a’stuantes
2663 3299 2848 3354 :aliud
2869 3298 3006 3368 quod
3033 3298 3217 3371 cellam
3246 3297 3478 3371 deserere

1889 3391 1950 3428 ac
1981 3365 2159 3445 fugere
2186 3365 2507 3445 cohortatur.
2537 3373 2602 3426 Et
2629 3372 2694 3426 D.
2729 3365 3032 3445 Bernardus
3066 3369 3247 3445 verbis
3288 3365 3477 3445 paulu-3

1891 3437 2001 3500 Iuni
2043 3437 2278 3501 diversis
2308 3461 2323 3500 ε
2356 3443 2561 3498 Acedia:
2601 3458 2786 3515 genera
2830 3443 2933 3496 duo
2967 3451 3102 3515 sunt.
3140 3438 3314 3493 Unum
3339 3437 3477 3515 quod

1888 3518 1958 3571 ad
1981 3533 2112 3587 opus
2141 3516 2230 3570 Dei
2249 3517 2497 3586 pigritare
2525 3509 2853 3587 monac/tum,
2881 3529 2943 3566 ac
2963 3511 3240 3587 dormitare
3262 3509 3478 3587 compel-

1889 3588 1948 3642 lit
1979 3581 2171 3642 :'aliud
2213 3581 2351 3658 quod
2381 3587 2555 3655 vagari
2584 3588 2685 3639 huc
2727 3583 2952 3658 illucque
3002 3582 3130 3658 facit
3153 3622 3166 3642 ,
3213 3595 3272 3632 ac
3305 3581 3478 3658 fugere

1890 3653 2308 3730 coitat'totur._'de
2352 3653 2618 3730 fratrum,
2657 3673 2774 3730 cum
2819 3653 3000 3720 quibus
3037 3653 3479 3730 _vivet,_so‘c.i.cta_te

1889 3728 1983 3856 31η
2012 3739 2163 3782 tract.
2195 3728 2258 3782 de
2284 3720 2468 3782 ordine
2492 3727 2652 3798 vitai).
2684 3727 2949 3782 Dicuntur
2979 3725 3138 3779 etiam
3173 3722 3240 3776 ab
3261 3720 3383 3774 aliis
3402 3721 3476 3802 ⁸Ιιί

1930 3818 1998 3856 uo
2024 3799 2226 3855 acedite
2256 3801 2520 3856 praecipue
2533 3797 2779 3856 effectus.
2803 3811 2896 3852 seu
2920 3795 3064 3856 tiliae,
3093 3794 3473 3856 somnolentta,

1930 3818 1998 3856 uo
2024 3799 2226 3855 acedite
2256 3801 2520 3870 praecipue
2533 3791 2779 3863 effectus,
2803 3811 2896 3870 seu
2920 3795 3064 3870 filim,
3093 3791 3473 3870 somnolentia,

1890 3883 1944 3927 et
1977 3867 2330 3938 instabilitas,
2363 3867 2460 3926 seu
2486 3871 2590 3924 loci
2621 3879 2713 3924 aut
2743 3869 2895 3924 cella:
2925 3867 3163 3922 desertio
3199 3874 3257 3919 et
3282 3878 3478 3932 evaga-

1892 3945 1986 3999 tio.
2015 3944 2089 3999 De
2111 3942 2309 4010 quibus
2331 3956 2493 4010 supra
2518 3940 2620 4011 (Ad
2651 3958 2766 4011 cap.
2792 3939 2873 4012 2).

1962 4012 1988 4051 ά
2023 4004 2151 4070 llaec
2180 4014 2329 4068 initia
2357 4004 2644 4082 pravorum
2682 4004 3103 4082 monachorum,
3151 4020 3287 4075 quos
3317 4004 3478 4082 Sara:-

1892 4086 2066 4157 hailas
2124 4095 2177 4140 et
2225 4075 2556 4157 Cyro-vagos
2592 4083 2858 4157 vocat_D.
2902 4079 3230 4157 Benedictus
3281 4091 3400 4147 cap.
3444 4075 3471 4130 1

1892 4155 2112 4227 Regula:
2143 4151 2304 4226 (Vide
2337 4151 2473 4215 Coll.
2503 4155 2588 4227 l9,
2616 4171 2734 4225 cap.
2755 4155 2790 4227 _7
2821 4164 2868 4208 et
2896 4151 2974 4224 8).

1967 4225 1993 4266 δ
2018 4225 2261 4283 Notanda
2303 4226 2597 4297 sententia,
2626 4237 2679 4281 et
2704 4225 2771 4281 ad
2798 4237 3144 4297 communem
3185 4236 3339 4297 usum
3367 4233 3476 4297 3c-

1891 4301 2255 4363 coutmtulata,
2288 4309 2448 4370 atque
2478 4287 2617 4370 inter
2645 4298 2958 4370 selectiores
2989 4292 3328 4370 ascrihenda.
3362 4287 3476 4370 Cu-

1889 4371 1980 4440 jus
2005 4359 2310 4440 exemplum
2350 4359 2402 4424 i'n
2435 4368 2728 4438 Scripturis
2757 4368 2983 4440 habetur
3012 4364 3183 4419 Exodi
3218 4379 3248 4438 ις
3281 4371 3334 4416 et
3363 4359 3477 4414 Nu-

1894 4438 2274 4504 merorum—xl.
2303 4442 2392 4496 ubi
2434 4440 2528 4494 lilii
2568 4440 2756 4507 Israel,
2800 4439 2852 4493 in
2880 4438 3098 4507 deserto
3128 4443 3386 4502 vagantes
3423 4441 3480 4486 et

1893 4514 2079 4578 otiosi,
2130 4513 2263 4567 nihil
2315 4513 2486 4575 aliud,
2525 4526 2685 4580 quam
2729 4506 2965 4581 pepones
3005 4506 3384 4578 Algyptiorum
3423 4513 3480 4559 et

1893 4585 2027 4638 ollas
2058 4586 2300 4639 carnium
2330 4583 2659 4639 cogitabant.

1970 4651 1988 4692 τ
2023 4655 2162 4709 Alibi
2184 4654 2319 4709 dixit
2348 4673 2361 4709 :
2387 4645 2583 4722 Infelix
2607 4653 2781 4706 anima
2801 4652 3105 4720 serpentinis
3122 4645 3480 4704 nexibusobli-

1889 4735 2012 4796 gata
2042 4725 2180 4798 (Lib.
2208 4741 2279 4780 vn
2328 4743 2374 4779 c.
2407 4726 2494 4798 r7).
2531 4725 2813 4798 Dionysius
2842 4723 2946 4798 hic
2972 4724 3130 4777 habet
3163 4739 3176 4774 :
3210 4731 3473 4798 tamquam

1891 4787 2201 4869 Eerpentinis
2243 4787 2780 4869 sagittis'transfitrus.
2824 4797 3038 4869 Attalo
3081 4805 3290 4869 genere
3321 4787 3478 4869 diffe-

1893 4859 2017 4922 runt
2048 4868 2206 4937 spirat
2235 4859 2586 4938 at'sagittae;
2624 4859 2763 4921 sicut
2789 4875 2844 4921 et
2869 4859 3168 4934 obstringi,
3201 4861 3294 4938 _vel
3338 4859 3480 4938 obli-

1889 4941 2002 5008 gari
2054 4930 2110 4993 et
2151 4930 2427 5009 transfigi:
2475 4949 2528 4993 ut
2572 4930 2920 5009 notutngest.
2951 4930 3101 4990 Sunt
3128 4933 3270 4989 enim
3315 4930 3478 5000 spira:

1890 5007 2258 5082 revolutiones
2281 5051 2296 5074 ,
2322 5007 2434 5066 sive
2469 5010 2677 5074 circuli,
2710 5007 2801 5077 qui
2830 5010 2882 5082 in
2911 5009 3120 5082 seipsos
3152 5019 3260 5058 non
3293 5018 3479 5082 recur—

1891 5089 2040 5135 runt.
2095 5081 2251 5136 Unde
2281 5083 2333 5136 in
2376 5083 2721 5151 serpentibus
2773 5081 2941 5151 spirae
2967 5079 3389 5151 dicuntur,_cutn
3427 5079 3476 5125 in

1889 5151 2081 5223 orbem
2118 5154 2383 5223 contracti
2408 5146 2672 5222 quosdam
2699 5146 2853 5223 quasi
2896 5148 3134 5204 circulos
3167 5146 3471 5201 imitantur.

1890 5221 2147 5292 Virgilius
2169 5222 2387 5279 Aineid.
2421 5221 2458 5282 ll
2483 5239 2499 5278 ε

2374 5337 2628 5410 Spir-isque
2650 5337 2803 5400 ligant
2821 5334 3128 5397 ingentibus,
3151 5337 3202 5382 et
3219 5332 3319 5394 jam

2011 5399 2096 5450 Bis
2112 5399 2328 5452 medium
2351 5399 2584 5463 amplexi.

1889 5507 1990 5564 Ubi
2036 5510 2272 5580 loquitur
2295 5509 2361 5566 de
2393 5507 2606 5564 duobus
2653 5505 3000 5575 serpentibus
3031 5505 3121 5575 qui
3149 5505 3473 5562 sacrificium

1887 5579 2152 5638 idolorum
2181 5584 2510 5636 invaserant.

1961 5661 1987 5699 8
2022 5651 2288 5707 Adversus
2308 5651 2560 5731 _acediam
2585 5649 2811 5731 ejusque
2837 5647 3110 5728 sobolem,
3139 5664 3298 5731 quain
3326 5647 3475 5702 Scri-

1889 5731 2044 5790 ptura
2070 5733 2224 5778 vacat
2249 5722 2650 5775 otiositatemct
2681 5718 2968 5788 pigritiam,
2998 5719 3249 5789 proponit
3272 5719 3475 5774 Auctor

1889 5804 1940 5847 ct
1995 5794 2176 5847 studio
2213 5812 2239 5847 ιι
2289 5792 2576 5844 admodum
2624 5791 2859 5846 inculcat
2913 5805 3050 5856 opus
3074 5806 3356 5856 manuum,
3417 5799 3472 5843 ut
