3986 6320
522 237 585 294 τι
1819 239 2103 299 lOANNlS
2140 238 2456 320 CASSIANI

3647 249 3737 307 δη

482 366 611 410 tunc
631 352 741 427 iam
769 353 1111 427 conspiciens
1150 369 1397 427 serpere,
1436 356 1516 412 vel
1558 369 1894 412 emersurum
1938 357 2074 411 inter
2101 357 2152 420 Α
2179 364 2333 425 aptos
2362 353 2427 408 ad
2457 355 2857 425 perceptionem
2889 354 3143 426 perfectae
3181 357 3474 416 curationis
3495 360 3734 421 inveniat.

484 449 799 516 monachos,
825 461 1012 506 sancto
1038 451 1241 522 Spiritu
1264 447 1558 514 revelante,
1593 449 1956 522 prospiciens,
1989 465 2076 505 sa-

485 542 746 597 lutaribus
771 551 1160 612 praceptorum
1193 559 1410 598 suorum
1436 541 1843 599 medicamentis
1869 557 2074 613 praeve-

483 635 601 688 nire
644 636 884 690 festinat.
925 635 1499 691 Thessalonicensilius
1529 637 1672 691 enim
1714 637 1987 702 scribens,
2021 645 2077 691 et

486 727 662 792 primo
683 737 742 780 ut
768 728 1124 796 peritissimus
1151 727 1367 798 quidam
1392 727 1769 800 perfectasque
1801 729 2072 794 medicus,

487 825 511 854 ι
555 818 921 874 infirmitatem
977 831 1353 892 susceptorum
1397 821 1588 877 blanda
1651 821 1867 893 lenique
1921 821 2073 876 verbi

486 909 770 965 curatione
786 910 1111 979 fomentans,
1137 927 1199 968 ac
1213 911 2076 984 dei-hariiateincipiens,eosque

484 1003 538 1058 in
566 1019 628 1059 ea
661 1015 810 1074 parte
840 1005 1157 1062 collaudans
1180 1049 1195 1070 ,
1227 1022 1514 1077 quousque
1547 1008 1740 1064 letbale
1771 1010 1965 1064 vulnus
1999 1007 2078 1064 le-

487 1097 638 1150 niore
669 1098 912 1153 remedio
945 1098 1250 1167 delinitum,
1287 1099 1535 1165 deposita
1567 1101 1796 1156 tumoris
1834 1101 2079 1172 indigna-

485 1188 633 1243 tione
658 1230 672 1254 ,
709 1189 917 1244 facilius
943 1190 1297 1246 iiie'dicamina
1331 1197 1630 1247 austeriora
1673 1193 1971 1257 sustineat,
2005 1192 2075 1248 ita

486 1281 564 1336 ait
597 1299 611 1335 :
642 1281 718 1337 De
740 1287 993 1337 charitate
1021 1293 1193 1338 autem
1217 1285 1559 1355 fraternitatis
1599 1301 1702 1339 non
1749 1303 1949 1341 necesse
1981 1287 2075 1340 lia-

487 1377 662 1429 bemus
691 1379 908 1431 scribere
934 1377 1090 1430 vobis.
1128 1375 1241 1446 Ipsi
1270 1379 1406 1433 enim
1433 1398 1463 1433 a
1499 1378 1606 1435 Deo
1647 1381 1812 1434 edocti
1838 1383 1958 1437 estis
1981 1423 1996 1447 ,
2025 1391 2080 1435 ut

487 1469 718 1541 diligatis
740 1470 980 1524 invicem.
1009 1468 1207 1524 Etenim
1233 1471 1408 1542 facitis
1437 1472 1571 1526 illud
1598 1475 1654 1528 in
1684 1490 1856 1528 omnes
1897 1475 2081 1546 fratres

487 1559 542 1613 in
569 1561 807 1615 universa
839 1560 1155 1617 Macedonia
1183 1562 1224 1631 (l
1256 1563 1435 1619 Thess.
1467 1564 1558 1636 iv).
1606 1565 1876 1622 Prmmisit
1907 1567 2081 1622 laudis

489 1652 730 1709 fomenta
763 1657 921 1721 lenia,
949 1653 1068 1710 fecit
1094 1670 1280 1710 eorum
1322 1672 1484 1713 aures
1509 1659 1576 1712 ad
1603 1673 1786 1713 curam
1827 1659 2081 1722 salutaris

2178 449 2316 516 Quid
2339 461 2419 505 est
2449 450 2590 516 quod
2635 465 2822 520 rogas,
2851 451 3139 520 Apostole,
3174 461 3230 506 ut
3269 452 3320 507 in
3358 469 3460 523 quo
3484 453 3738 514 abundent

2179 544 2351 614 magis
2373 543 2577 597 scilicet
2607 543 2657 596 in
2689 543 2978 607 cbaritate,
3010 544 3075 596 de
3098 558 3204 614 qua
3229 547 3473 616 superius
3491 547 3698 602 dixeras
3722 569 3733 602 :

2180 636 2256 690 De
2284 638 2535 692 cliaritate
2561 647 2732 691 autem
2759 638 3101 708 fraternitatis
3132 654 3234 693 non
3274 657 3471 695 necesse
3515 640 3739 698 habemus

2178 727 2401 782 scribere
2422 729 2606 783 vobis?
2633 729 2698 784 Et
2720 729 2846 800 quid
2883 744 3106 783 necesse
3135 739 3220 786 est
3247 741 3303 784 ut
3331 732 3478 786 dicas
3502 735 3578 787 eis
3611 734 3739 790 :Ro-

2179 838 2359 894 gamus
2387 834 2558 876 autem
2599 839 2682 876 vos
2710 833 2764 876 ut
2792 822 3066 876 abundetis
3101 825 3294 896 magis,
3327 825 3419 894 qui
3457 838 3613 895 super
3651 827 3739 883 hac

2179 933 2240 973 re
2261 933 2329 972 ne
2361 916 2524 972 scribi
2549 918 2765 987 quidem
2803 917 2903 971 sibi
2933 917 3136 987 aliquid
3169 918 3440 988 indigent?
3468 934 3584 975 cum
3613 935 3740 989 pra:-

2180 1013 2368 1066 sertim
2406 1020 2460 1064 et
2505 1009 2709 1066 inferas
2740 1025 2962 1065 causam
3019 1010 3090 1065 ob
3130 1025 3290 1081 quam
3342 1010 3443 1066 hoc
3485 1010 3600 1079 ipso
3645 1029 3740 1067 non

2179 1113 2402 1174 egeant,
2432 1104 2620 1161 dicens
2651 1120 2664 1158 :
2700 1102 2812 1175 Ipsi
2845 1104 2980 1157 enim
3009 1119 3097 1159 tios
3142 1120 3174 1158 a
3214 1102 3322 1158 Deo
3351 1103 3487 1158 docti
3515 1105 3626 1158 estis
3649 1148 3661 1169 ,
3694 1113 3744 1160 ut

2182 1194 2412 1266 diligatis
2450 1195 2667 1249 invicem
2713 1211 2732 1248 :
2771 1197 2984 1250 tertium
3034 1210 3247 1264 quoque
3291 1197 3460 1264 majus
3504 1196 3739 1265 adjicias,

2181 1288 2325 1359 quod
2355 1304 2460 1343 non
2490 1289 2663 1342 solum
2688 1303 2714 1340 a
2749 1288 2862 1342 Deo
2880 1289 3055 1342 edocti
3087 1287 3213 1355 sint,
3239 1303 3423 1342 verum
3447 1289 3600 1342 etiam
3618 1303 3744 1342 coin-

2184 1383 2360 1449 pleani
2387 1394 2553 1449 opere
2580 1394 2698 1449 quae
2730 1379 3024 1434 docentur?
3053 1377 3260 1433 Etenim
3292 1379 3460 1450 facitis
3485 1378 3644 1445 illud,
3668 1380 3743 1434 in-

2181 1475 2327 1543 quit,
2360 1489 2470 1528 non
2518 1474 2568 1526 in
2607 1488 2713 1526 uno
2737 1479 2943 1528 tantum
2973 1473 3057 1527 vel
3085 1472 3331 1540 duobus,
3365 1472 3455 1527 sed
3506 1474 3557 1527 in
3591 1489 3747 1528 omnes

2183 1566 2395 1636 fratres,
2431 1581 2528 1620 nec
2557 1565 2609 1620 in
2643 1575 2851 1620 vestros
2881 1567 3256 1620 tantummodo
3285 1566 3429 1620 cives
3456 1567 3534 1621 vel
3566 1577 3707 1622 notos
3731 1612 3744 1636 ,

2184 1661 2277 1716 sed
2307 1661 2361 1714 in
2389 1660 2626 1714 universa
2659 1659 3002 1716 Macedonia?
3029 1659 3130 1716 Dic
3169 1659 3331 1729 igitur
3356 1661 3562 1715 tandem
3587 1703 3600 1726 ,
3635 1661 3748 1732 quid

487 1746 643 1800 verbi
677 1746 918 1814 placidas
960 1757 1014 1802 et
1058 1759 1288 1816 paratas.
1320 1747 1552 1804 Rursum
1578 1751 1737 1805 infert
1770 1769 1784 1806 :
1813 1750 2078 1822 Rogamus
2108 1758 2154 1820 Β
2179 1765 2262 1810 est
2297 1753 2440 1825 quod
2492 1761 2773 1824 tantopere
2817 1755 2918 1809 hoc
2958 1755 3276 1825 praemittis?
3318 1754 3512 1811 lterum
3555 1754 3704 1810 infert
3734 1773 3747 1810 :

489 1849 660 1894 autem
702 1856 811 1909 vos,
857 1847 1066 1912 fratres,
1109 1851 1163 1896 ut
1200 1843 1468 1897 abundetis
1511 1845 1694 1914 magis.
1744 1845 1933 1901 Adhuc
1985 1859 2079 1901 eos

488 1931 687 1989 blanda
713 1935 1002 1990 verborum
1036 1936 1260 1995 lenitate
1291 1937 1584 2004 demulcet,
1604 1955 1671 1993 ne
1695 1939 1832 2006 forte
1849 1939 2076 1994 necdum

2187 1845 2450 1919 Rogamus
2487 1855 2655 1900 autem
2686 1862 2794 1911 vos,
2825 1849 3044 1916 fratres,
3087 1854 3142 1899 ut
3189 1846 3460 1902 abundetis
3491 1848 3666 1918 magis.
3694 1847 3750 1902 Et

2187 1939 2273 1992 vix
2303 1937 2590 2010 aliquando
2622 1938 2676 1993 in
2706 1939 2757 1994 id
2785 1939 2928 2010 quod
2949 1937 3078 1995 olim
3103 1937 3425 1996 moliebatur
3445 1979 3460 2007 ,
3489 1942 3708 2011 erumpit
3735 1957 3748 1995 :

1569 2097 1822 2153 ALtIRDI
1863 2097 2092 2155 GAZIEI
2130 2095 2701 2156 COMMENTARIUS.

494 2261 756 2328 optimum
797 2270 850 2317 et
899 2275 1160 2333 perquam
1183 2262 1544 2316 necessarium
1574 2263 1896 2324 remedium,
1929 2260 2072 2333 quod

493 2347 560 2387 ex
590 2335 961 2402 apostolorum
989 2333 1230 2389 doctrina
1274 2341 1329 2387 et
1371 2335 1620 2400 exemplo
1659 2345 1938 2399 acceptum
1962 2374 1978 2397 ,
2009 2333 2077 2386 ab

492 2403 726 2472 antiquis
764 2403 959 2460 deinde
1006 2405 1253 2460 Patribus
1301 2414 1356 2460 et
1402 2404 1680 2458 monachis
1708 2446 1722 2471 ,
1771 2405 2074 2474 praesertim

491 2474 783 2545 Egyptiis.
813 2486 1073 2544 perpetuo
1099 2491 1197 2528 usu
1225 2485 1277 2530 et
1305 2476 1687 2529 observatiOne
1720 2483 2078 2538 retentum,et

493 2559 806 2615 usurpatum
828 2557 1218 2602 coinmeiuorat
1240 2545 1524 2618 (Bonaven.
1557 2546 1621 2600 de
1657 2547 1884 2618 Pauper.
1909 2548 2074 2613 lib.u,

493 2633 540 2670 c.
566 2618 630 2681 '5;
664 2619 778 2682 2-2,
806 2635 857 2690 q.
894 2618 1086 2682 187,a.
1121 2618 1305 2690 3).‘Ac
1348 2619 1575 2686 primum
1621 2619 1762 2683 quod
1792 2619 1855 2673 ad
1888 2620 2083 2675 doctri-

495 2705 642 2761 uain_
660 2687 872 2752 atiiiiei,
901 2699 1163 2758 praecepta
1199 2687 1441 2757 Apostoli
1474 2704 1539 2742 es
1583 2697 1812 2761 utraque
1843 2691 2078 2760 Epistola

496 2759 561 2814 ad
600 2758 1110 2832 Thessalonici-uses
1152 2762 1455 2832 desumpta,
1505 2767 1616 2814 tum
1656 2758 1858 2818 in'hoc
1881 2758 2077 2832 capite,

500 2839 611 2884 tuin
639 2829 760 2885 aliis
787 2831 1138 2902 sequentibus
1165 2830 1456 2902 diligenter
1497 2833 1777 2900 expendit,
1804 2843 1857 2888 et
1894 2829 2082 2889 mona-

497 2903 614 2957 chis
662 2901 917 2974 peculii’ri
966 2904 1172 2957 ratione
1225 2901 1479 2974 adaptat;
1542 2905 1664 2958 licet
1721 2917 2081 2962 communiter

498 2973 748 3029 omnibus
778 2975 1098 3030 Christianis
1127 2976 1192 3027 ali
1219 2973 1476 3036 Apostolo
1510 2975 1704 3028 tradita
1735 2978 1862 3042 sint,
1897 2989 1949 3031 et
1981 2993 2084 3031 Sin-

500 3047 772 3100 cularibus
795 3047 1016 3114 perinde
1045 3059 1106 3098 ac
1136 3044 1398 3113 religiosis
1428 3047 1781 3101 conveniant.
1817 3047 1893 3103 Ad
1925 3052 2079 3114 cuius

500 3118 936 3184 explicationem,
978 3125 1176 3186 praeter
1204 3132 1266 3168 ea
1301 3132 1418 3182 quin
1444 3117 1577 3171 aliis
1611 3119 1679 3171 de
1717 3118 1812 3173 hac
1842 3135 1901 3174 re
1939 3121 2080 3176 dieia

502 3199 646 3254 sunt,
683 3189 976 3243 notandum
1001 3203 1064 3241 ex
1096 3187 1156 3240 D.
1190 3187 1426 3253 Tlioma,
1453 3189 1594 3258 quod
1627 3190 1711 3242 lah
1737 3205 1778 3244 nr
1821 3194 2082 3247 inaiiualis

502 3271 733 3331 quatuor
779 3275 841 3314 ex
890 3258 1068 3312 eausis
1122 3259 1446 3326 suscipitur,
1491 3269 1542 3312 et
1571 3260 1637 3313 aii
1675 3273 1905 3330 quatuor
1951 3261 2084 3318 lines

502 3333 817 3385 ordinatur:
851 3331 1049 3394 Primo,
1103 3331 1304 3398 inquit,
1359 3343 1410 3384 et
1463 3331 1832 3399 principaliter
1883 3334 1948 3388 ad
2007 3337 2085 3388 vi-

502 3414 646 3472 ctuin
680 3402 1060 3472 quaerendum;
1093 3402 1232 3454 unde
1279 3402 1452 3469 primo
1484 3401 1684 3457 homini
1719 3404 1922 3458 dictum
1955 3418 2037 3461 est
2068 3424 2081 3460 :

505 3471 570 3527 In
593 3471 784 3527 sudore
810 3472 984 3526 vultus
1015 3475 1088 3524 tui
1115 3472 1328 3526 vesceris
1355 3489 1486 3539 pane
1516 3485 1622 3526 tuo.
1648 3474 1896 3530 Secundo
1927 3477 1992 3531 ad
2019 3479 2087 3530 vi-

507 3547 727 3599 tandum
759 3546 926 3598 otium
953 3583 967 3608 ,
1011 3559 1077 3597 ex
1109 3558 1216 3612 quo
1241 3544 1404 3597 multa
1437 3543 1573 3597 ni.~la
1612 3546 1894 3613 oriuntur;
1946 3549 2086 3604 unde

504 3618 704 3671 dicitur
734 3615 1043 3692 Ecclesia~t.
1080 3626 1245 3692 xsxut
1271 3613 1466 3692 adfine
1491 3631 1690 3692 servum
1717 3628 1863 3692 tuum
1885 3621 1938 3673 in
1967 3636 2089 3692 ope-

503 3695 778 3758 rationein,
808 3684 1023 3741 multam
1051 3686 1185 3758 enim
1205 3685 1454 3758 malitiam
1480 3689 1652 3741 docuit
1680 3689 1930 3744 otiositas.
1957 3684 2090 3746 Ter-

507 3764 582 3815 tio
620 3762 684 3814 ad
732 3756 1182 3828 concupi-ceuiiae
1232 3757 1689 3828 refrenationem,
1723 3762 1772 3811 in
1826 3772 2085 3828 quantum

510 3847 603 3900 per
633 3832 1060 3900 hucniaceratur
1088 3843 1304 3900 corpus.
1355 3827 1505 3884 Uide
1537 3844 1573 3884 ti
1606 3833 1671 3885 ad
1703 3827 1885 3885 Coriu.
1921 3849 1969 3886 Vl
2001 3833 2085 3888 di-

505 3899 646 3956 eitur
681 3920 691 3953 :
718 3899 783 3954 In
814 3901 1065 3955 laboribus
1085 3942 1100 3960 ,
1128 3899 1183 3950 in
1204 3902 1455 3972 jejunus.
1505 3900 1560 3954 in
1591 3902 1780 3972 uigiliis
1805 3944 1819 3964 ,
1854 3904 1908 3956 in
1937 3906 2090 3958 casti-

511 3984 634 4027 tate.
673 3974 878 4039 Qiarto
921 3972 1204 4044 ordinatur
1247 3971 1312 4022 ad
1363 3970 1741 4044 eleeniosynas
1793 3973 2084 4030 faciendas.

511 4044 664 4100 Uinle
693 4045 888 4097 dicitur
916 4043 980 4096 ad
1014 4041 1204 4115 Eulies.
1228 4056 1292 4115 _Iv
1325 4058 1340 4095 :
1375 4043 1475 4106 Qui
1522 4041 1817 4115 furabatur.
1838 4047 1956 4115 jam
1987 4061 2089 4100 non

512 4120 730 4187 furetur.
765 4118 924 4184 magis
953 4121 1144 4187 autem‘
1165 4111 1359 4187 laboret
1389 4111 1651 4187 operando
1683 4111 1914 4168 manilius
1941 4118 2048 4170 suis
2074 4163 2088 4187 ,

509 4181 648 4256 quod
680 4181 865 4239 bonum
900 4194 973 4238 est
995 4226 1008 4246 ,
1038 4193 1093 4237 ut
1124 4181 1308 4256 habeat
1344 4185 1479 4236 unde
1510 4183 1700 4256 tribuat
1742 4181 2088 4241 necessitatem

511 4253 741 4328 patienti.
770 4257 1041 4328 Quatenus
1068 4269 1197 4325 ergo
1220 4255 1380 4328 labor
1408 4253 1678 4310 manualis
1717 4255 2000 4312 ordinatur
2024 4259 2089 4314 ad

512 4323 710 4383 victum
739 4323 1106 4395 quaerendum,
1133 4323 1270 4380 cadit
1302 4323 1402 4379 sub
1440 4329 1762 4397 necessitate
1790 4329 2045 4397 princepii
2075 4372 2089 4395 ,

515 4409 673 4470 prout
720 4400 1058 4470 necessarius
1105 4405 1195 4470 est,
1233 4397 1298 4448 ad
1347 4411 1469 4449 eum
1523 4396 1703 4470 ﬁnem.
1741 4396 1798 4454 Et
1843 4399 1964 4454 ideo
2002 4404 2089 4470 qui

2177 2275 2435 2316 manuum
2465 2261 2645 2316 omnis
2690 2261 2940 2332 operatio
2986 2259 3308 2332 intelligitur
3338 2260 3407 2318 de
3443 2274 3548 2332 quo
3577 2258 3754 2332 aliquis

2180 2332 2329 2388 licite
2351 2333 2550 2387 victum
2586 2331 2760 2402 potest
2792 2335 3013 2389 lucrari.
3041 2331 3358 2389 Secundum
3407 2331 3584 2388 autem
3619 2331 3752 2404 quod

2183 2416 2317 2471 Opus
2347 2404 2597 2460 manuale
2628 2404 2910 2459 ordinatur
2938 2405 3005 2458 ad
3033 2405 3205 2459 otium
3237 2403 3559 2469 tollendum,
3592 2402 3667 2459 vel
3691 2402 3750 2458 ad

2177 2475 2359 2530 carnis
2388 2475 2835 2543 macerationem,
2853 2491 2956 2530 non
2984 2476 3130 2531 cadit
3151 2476 3250 2532 sub
3274 2477 3597 2531 necessitate
3623 2491 3748 2543 prie-

2179 2548 2318 2616 cepti
2351 2545 2651 2601 secundum
2685 2562 2745 2602 se
2784 2547 3189 2602 consideratam
3220 2588 3237 2614 ,
3268 2545 3400 2615 quia
3437 2547 3611 2601 multis
3637 2544 3745 2600 aliis

2184 2618 2360 2672 modis
2412 2627 2586 2683 potest
2615 2618 2700 2673 vel
2746 2632 2874 2673 caro
2927 2617 3345 2684 macerari,vel
3391 2620 3550 2674 etiam
3595 2617 3747 2672 otium

2184 2688 2334 2752 tolli,
2362 2703 2520 2758 quam
2554 2702 2648 2757 per
2673 2703 2808 2758 opus
2837 2689 3106 2744 manuale.
3143 2688 3452 2744 Maceratur
3471 2688 3608 2744 enim
3634 2702 3748 2742 caro

2185 2774 2280 2828 per
2305 2759 2509 2829 jejunia
2539 2771 2595 2814 et
2625 2761 2864 2832 vigilias,
2898 2769 2956 2816 et
2981 2766 3152 2815 otium
3185 2761 3398 2832 tollitur
3428 2759 3753 2832 perimedita-

2184 2832 2358 2885 tiones
2400 2831 2708 2886 sanctarum
2756 2832 3161 2900 Scripturaruin
3206 2843 3257 2887 et
3288 2831 3478 2887 laudes
3515 2831 3747 2893 divinas;

2183 2913 2231 2956 ei
2267 2902 2386 2955 ideo
2413 2913 2634 2971 propter
2665 2903 2760 2957 has
2783 2917 2975 2958 causas
3001 2902 3235 2971 religiosi
3269 2917 3382 2956 non
3431 2911 3671 2957 tenentur
3691 2901 3750 2971 ad

2183 2987 2346 3040 Opera
2381 2967 2643 3028 manualia
2669 3015 2684 3041 ,
2717 2975 2855 3029 sicut
2900 2989 2997 3029 nec
3025 2967 3358 3039 saeculares;
3392 2975 3490 3028 nisi
3540 2974 3667 3026 forte
3691 2967 3751 3025 ad

2187 3041 2288 3097 hoc
2330 3059 2434 3115 per,
2453 3052 2650 3099 statuta
2681 3045 2764 3100 sui
2795 3047 3003 3101 ordinis
3033 3044 3365 3115 obligentur,
3397 3045 3535 3101 sicut
3580 3043 3752 3099 Hiero-

2187 3129 2379 3240 [ἔπνεε
2405 3113 2534 3170 dicit
2574 3121 2626 3170 in
2670 3117 2896 3186 epismla
2950 3117 3015 3171 ad
3068 3113 3353 3171 Rusticum
3403 3117 3750 3170 monachum:

2261 3193 2566 3240 avntiorum
2616 3188 2941 3240 monasteria
2991 3187 3132 3240 hunc
3181 3193 3372 3240 tenent
3415 3203 3612 3240 morem
3641 3227 3656 3240 .
3702 3194 3750 3238 ut

2261 3193 2566 3257 gyptiorum
2616 3188 2941 3243 monasteria
2991 3187 3132 3241 hunc
3181 3193 3372 3242 tenent
3415 3203 3612 3241 morem
3641 3227 3656 3250 ,
3702 3194 3752 3238 ut

2188 3262 2394 3312 nullum
2423 3258 2625 3325 absque
2651 3274 2817 3329 opere
2846 3270 2936 3314 aut
2965 3258 3152 3314 labore
3176 3258 3497 3326 suscipiant,
3527 3274 3627 3312 non
3655 3265 3753 3311 tam

2188 3341 2407 3454 [)I'Oplcl‘
2435 3334 2607 3383 victus
2635 3332 3011 3385 necessitatem
3033 3346 3192 3414 quam
3223 3339 3444 3399 promer
3469 3329 3653 3384 animai
3673 3343 3753 3382 sa-

2213 3408 2355 3453 ntein
2380 3441 2395 3454 .
2450 3415 2516 3453 ne
2555 3411 2816 3454 vastentur
2867 3402 3185 3454 perniciosis
3225 3401 3656 3454 cogitationibus.
3705 3395 3753 3452 In

2213 3408 2395 3463 utein,
2450 3415 2516 3453 ne
2555 3411 2816 3470 vagentur
2867 3395 3185 3470 perniciosis
3223 3395 3656 3471 cogitationibus.
3705 3395 3755 3452 In

2188 3481 2448 3541 quantum
2476 3486 2606 3528 vero
2648 3487 2784 3540 Opus
2832 3472 3079 3528 maniinle
3124 3471 3410 3527 ordinatur
3444 3471 3510 3528 ad
3537 3472 3754 3541 eleemo-

2189 3538 2349 3613 synag
2379 3538 2815 3609 facieiidas,'non
2843 3543 2986 3599 cadit
3016 3543 3116 3598 sub
3139 3545 3465 3599 necessitate
3494 3538 3755 3613 praecepti,

2192 3611 2294 3667 nisi
2327 3611 2465 3667 forte
2493 3630 2559 3668 eo
2586 3630 2713 3668 casu
2739 3660 2754 3684 ,
2789 3616 2839 3670 in
2873 3633 2979 3684 quo
3015 3616 3135 3684 quis
3165 3611 3566 3680 eleemo~ynam
3597 3614 3758 3666 facere

2193 3691 2488 3749 teneretur,
2522 3695 2576 3739 et
2625 3702 2728 3740 non
2762 3697 2945 3754 posset
2975 3687 3106 3740 alias
3136 3685 3361 3754 habere,
3407 3685 3545 3739 unde
3575 3698 3756 3753 paupeo

2192 3757 2341 3810 ribus
2370 3757 2700 3813 subveniret.
2737 3758 2789 3812 lii
2821 3773 2927 3824 quo
2966 3771 3097 3812 casu
3125 3753 3503 3823 obligarentur
3530 3753 3760 3810 similiter

2192 3827 2430 3898 religiosi
2461 3839 2514 3881 et
2533 3833 2820 3883 saeculares
2842 3829 2906 3882 ad
2929 3843 3092 3898 opera
3121 3829 3390 3882 manualia
3414 3825 3756 3895 exsequenda.

2193 3896 2461 3970 Hactenus
2484 3899 2680 3954 Doctor
2703 3896 3012 3970 Aiigelicns,
3028 3916 3090 3955 ea
3107 3900 3373 3954 doctrina!
3395 3898 3761 3970 perspicuitate

2193 3979 2243 4022 et
2292 3969 2600 4030 soliditate.
2636 3985 2692 4025 ut
2724 3965 2855 4025 nihil
2905 3970 3106 4025 clarius
3135 3982 3186 4026 ei
3217 3965 3556 4024 enucléatius
3579 4009 3595 4033 ,
3641 3965 3760 4022 nihil

2194 4042 2354 4093 etiam
2380 4044 2687 4097 accuratius
2717 4051 2769 4096 et
2797 4042 2862 4097 ad
2905 4057 3147 4111 prasens
3189 4041 3501 4095 institutum
3527 4039 3594 4095 de
3615 4051 3763 4109 opere

2196 4111 2430 4183 niauiiali
2461 4119 2921 4168 accommodatius
2945 4113 3050 4168 dici
3081 4112 3276 4183 possit.

2267 4189 2292 4217 ⁸
2329 4182 2441 4236 Νοη
2471 4185 2927 4250 ρνωιθνιιιίιιθιιᾱίι
2959 4179 3168 4238 videiur
3205 4182 3449 4238 Ciaconii
3499 4179 3761 4235 annotatio

2194 4251 2262 4306 de
2294 4252 2391 4307 hac
2422 4269 2552 4309 voce
2580 4257 2822 4326 suscepti.
2857 4254 3155 4326 Susceptus,
3180 4256 3382 4324 inquit.
3406 4250 3763 4326 vocatcassia-

2195 4339 2290 4376 nus
2315 4335 2564 4395 aegrotos,
2591 4321 2738 4396 quos'
2760 4329 2985 4381 medicus
3021 4321 3281 4379 curandos
3320 4325 3564 4393 suscepit.
3599 4322 3685 4396 Si};
3727 4321 3766 4396 ἔξ

2194 4397 2281 4466 qui
2313 4391 2565 4452 Ambrosii
2589 4391 2790 4452 nomine
2821 4401 3180 4466 circumfertur
3205 4399 3256 4450 in
3273 4412 3392 4466 cap.
3420 4413 3436 4450 i
3469 4391 3631 4464 Epist.
3646 4391 3684 4447 ll
3703 4391 3766 4444 ad

515 4467 619 4526 non
650 4471 810 4524 habet
849 4469 1064 4523 aliunde
1094 4467 1232 4521 unde
1259 4469 1442 4522 vivere
1482 4468 1648 4540 possit
1679 4511 1693 4532 ,
1727 4477 1941 4526 tenetur
1978 4467 2089 4525 nia-
2120 4479 2165 4538 ι)
2193 4469 2404 4524 Corinth
2437 4468 2614 4540 :Quis,
2636 4473 2828 4540 inquit,
2844 4471 3155 4524 medicorum
3178 4485 3281 4522 non
3300 4469 3475 4540 arguit
3490 4476 3766 4540 susceptum

515 4543 673 4596 uilius
704 4545 914 4609 aperari
942 4583 956 4601 ,
986 4542 1371 4609 cujuscumque
1401 4539 1724 4594 cooditionis
1752 4544 1843 4595 sit.
1893 4542 1958 4596 Et
1991 4543 2092 4596 hoc

514 4614 819 4680 signiﬁcant
846 4612 1000 4664 verbi
1019 4610 1263 4681 Apostoli
1290 4610 1548 4664 dicentis:
1579 4611 1678 4672 Qui
1710 4629 1808 4666 non
1835 4615 1943 4668 vult
1968 4630 2092 4680 ope-

513 4679 643 4750 rari,
670 4701 760 4738 nec
781 4684 1054 4738 manducet
1076 4679 1096 4749 ξ
1119 4679 1268 4752 quasi
1298 4683 1504 4736 diceret
1539 4697 1551 4734 :
1579 4698 1640 4735 ea
1676 4679 2096 4739 necessnaiete-

499 4771 674 4811 .iietiir
703 4758 820 4826 quis
849 4758 912 4808 ad
958 4754 1286 4820 operantium
1318 4755 1584 4818 inanibus,
1620 4771 1719 4820 qua
1771 4763 1987 4826 tenetur
2026 4756 2091 4810 ad

517 4825 948 4882 manducandum
973 4831 1193 4890 (nempe
1216 4833 1272 4876 ut
1294 4829 1453 4878 vitain
1481 4830 1793 4893 sustentet).
1818 4825 1881 4880 Et
1905 4825 2090 4880 eadem

517 4901 654 4954 ratio
682 4909 761 4951 est
793 4901 857 4950 de
891 4897 997 4950 illis
1024 4897 1116 4966 qui
1153 4911 1257 4950 non
1287 4895 1484 4949 habent
1513 4896 1644 4948 alias
1674 4897 1813 4951 unde
1847 4897 1989 4952 licite
2018 4899 2092 4951 vi-

519 4988 643 5024 wre
671 4968 896 5038 μιιςςίηι.
927 4966 1041 5023 Non
1084 4973 1224 5039 enini
1258 4967 1574 5039 intelligitur
1601 4968 1796 5039 aliquis
1828 4983 1986 5037 posse
2011 4969 2086 5021 fa-

517 5057 642 5096 cere
669 5036 808 5110 quod
845 5055 946 5091 non
975 5041 1116 5094 licite
1135 5036 1314 5092 facere
1339 5036 1703 5096 nolest.Unde
1719 5047 1772 5094 et
1803 5036 2091 5106 Apostolus

521 5130 622 5165 non
649 5115 920 5165 invenitur
946 5127 1076 5177 Opn~
1113 5125 1364 5163 manuum
1398 5116 1744 5180 praecepisse,
1772 5112 1872 5165 nisi
1901 5111 1966 5166 ad
1999 5125 2091 5165 ex-

516 5186 841 5237 Cllltit‘lllilllll
877 5195 1149 5248 peccatum
1181 5195 1364 5235 eOritin
1411 5184 1499 5246 qui
1531 5183 1715 5237 illicite
1749 5182 1946 5236 victum
1995 5196 2087 5236 ac.

517 5255 822 5316 quireliant.
853 5254 978 5307 Huic
1004 5255 1062 5306 S.
1087 5252 1320 5305 Thomas
1351 5255 1534 5320 paucis
1560 5251 1894 5308 interniediis
1924 5255 2090 5306 omis-

518 5329 590 5378 sis
643 5325 716 5378 Ar
746 5325 937 5377 deinde
968 5338 1085 5394 post
1119 5337 1283 5394 pauca
1329 5325 1510 5376 subilit
1543 5339 1558 5378 :
1586 5324 1876 5379 Sciendum
1911 5334 2086 5377 tamen

519 5398 657 5459 quod
683 5399 781 5447 sul)
809 5393 979 5459 onere
1006 5396 1235 5447 mannuli
1260 5393 1631 5462 intelliguntur
1653 5399 1835 5450 omnia
1860 5394 2092 5448 humana

519 5469 693 5519 officia
728 5482 794 5519 ex
825 5467 1018 5535 quibus
1067 5466 1135 5517 lio
1159 5467 1309 5518 niues
1357 5465 1502 5518 licite
1531 5467 1730 5519 victum
1775 5466 2050 5519 lucrantur
2074 5510 2088 5532 ,

517 5553 628 5588 Sevi'
654 5538 919 5600 manibus,
941 5537 1054 5590 sive
1088 5536 1332 5603 pedibus,
1366 5536 1482 5590 sive
1512 5536 1690 5605 lingua
1717 5535 1865 5590 (lant.
1897 5535 2092 5603 Vigiles

516 5610 659 5661 enim
681 5649 693 5665 .
724 5616 778 5658 et
807 5622 1076 5676 cursores,
1109 5619 1162 5659 et
1189 5608 1279 5661 alii
1329 5607 1635 5677 huiusmodi
1665 5610 1734 5662 de
1779 5623 1876 5662 suo
1904 5606 2091 5662 labore

520 5680 784 5740 viventes,
821 5677 1188 5745 intelliguntur
1216 5678 1284 5733 de
1315 5680 1566 5748 operibus
1597 5694 1853 5733 manuum
1885 5679 2085 5733 vivere.

519 5751 564 5815 Ο
606 5753 649 5805 ii
687 5754 826 5807 enini
864 5761 1050 5802 manus
1071 5758 1152 5804 est
1184 5765 1440 5822 organum
1469 5765 1814 5822 organorum,
1841 5765 1934 5821 per
1953 5764 2089 5821 Opus

2193 4557 2342 4594 suum
2367 4538 2775 4610 negligentiiisse
2802 4551 3124 4606 tractantem,
3155 4556 3218 4593 ne
3240 4538 3650 4610 cura'medi'cina:
3669 4547 3766 4587 sua

2195 4613 2304 4665 sine
2327 4607 2779 4681 fructu'remaneat
2798 4614 2824 4666 .’
2855 4612 2916 4667 S.
2940 4611 3238 4666 Ambrosius
3260 4626 3416 4664 sei-ni.
3437 4609 3507 4664 27
3543 4629 3554 4663 :
3581 4607 3642 4662 Si
3671 4620 3766 4658 nie-

2196 4680 2366 4736 dicum
2416 4684 2717 4736 animarum
2761 4693 3050 4737 nostrarum
3101 4680 3328 4755 fideliter
3377 4691 3676 4755 exoremus,
3715 4681 3764 4755 el

2197 4763 2453 4824 praecepta
2482 4755 2624 4825 ejus__.
2667 4763 2928 4825 tamquam
2968 4744 3189 4825 suscepti
3223 4752 3436 4825 idonei_2
3470 4752 3671 4825 minime
3693 4744 3766 4799 di-

2193 4819 2515 4889 spernamusl
2576 4823 2642 4878 Et
2693 4819 3044 4880 Tertullianus
3096 4819 3345 4877 adversus
3394 4819 3766 4876 Valentinianos

2197 4893 2355 4971 (Cap.
2389 4897 2481 4971 16)
2507 4920 2526 4971 ._
2560 4893 2661 4971 Hic
2708 4898 2924 4963 Opinor,
2959 4897 3046 4950 ille
3091 4905 3381 4971 susceptgm
3407 4894 3696 4971 conﬁrmat,
3720 4894 3765 4940 el

2199 4963 2430 5020 omnibus
2453 4963 2661 5035 injuriis
2684 4972 2941 5037 passionis
2957 4966 3265 5037 expumicat.
3284 4963 3601 5037 Dicebanlur
3622 4963 3767 5014 etiam

2197 5040 2422 5110 suscepti
2473 5036 2691 5110 clientes
2733 5055 2868 5110 quos
2919 5037 3120 5110 patroni
3172 5036 3388 5110 tuendos
3426 5038 3761 5110 susceperant.

2201 5057 2422 5106 suscepti
2483 5057 2691 5093 Clientes
2733 5057 2860 5110 quos
2957 5057 3119 5092 atram
3172 5057 3388 5090 iuenaos
3426 5057 3761 5110 susceperunt.

2201 5108 2408 5178 Servius
2437 5105 2509 5163 1E
2518 5109 2690 5163 iieidos
2705 5124 2778 5173 vt,
2803 5109 2870 5162 ad
2896 5057 3044 5163 iﬁud.
3073 5107 3172 5161 Aul
3191 5109 3334 5178 fraus
3358 5109 3546 5160 innexa
3568 5104 3732 5178 clienti
3751 5140 3764 5162 ,

2206 5177 2558 5253 Vulninquit.
2589 5180 2808 5251 intelligi
2841 5174 3283 5248 prievuricatores,
3307 5180 3398 5244 qui
3433 5174 3638 5253 patroni
3660 5177 3767 5253 sunt

2196 5247 2460 5305 clientium
2485 5292 2499 5316 ,
2529 5268 2653 5319 quos
2695 5247 3426 5319 nuncsusceptosAvocamus.
3462 5247 3767 5319 Augustinus

2196 5325 2346 5394 epist.
2379 5323 2447 5377 59
2472 5315 2696 5394 (’Collat.
2730 5322 2763 5377 6
2787 5339 2904 5384 cap.
2952 5315 3038 5392 10)
3079 5339 3090 5375 :
3124 5316 3270 5374 Tunc
3307 5321 3448 5374 enim
3487 5315 3730 5394 antistites
3755 5352 3766 5366 .

2197 5391 2331 5447 velut
2357 5391 2628 5454 advocati,
2658 5391 3105 5463 susceptossims,
3151 5408 3244 5462 per
3286 5391 3770 5463 manusuimp‘osiiio;

2198 5481 2312 5518 nem
2355 5457 2845 5518 misericordissima:
2880 5457 3104 5530 offerunt
3145 5457 3410 5533 potestati.
3457 5459 3523 5533 Et
3567 5457 3653 5533 ille
3689 5457 3768 5532 qui

2196 5537 2327 5590 inter
2367 5534 2642 5606 Augustini
2679 5551 2833 5605 Opera
2874 5529 2968 5589 sub
3004 5536 3115 5606 eius
3146 5529 3367 5606 nomine
3413 5529 3770 5606 delitescilj‘iv'l

2199 5596 2482 5671 Question.
2537 5607 2652 5658 novi
2692 5596 2737 5659 et
2789 5607 2968 5660 veteris
2989 5596 3354 5669 Testamenti,
3389 5611 3572 5672 quiest.
3625 5596 3717 5653 lO'Z
3757 5608 3768 5643 ε

2199 5678 2470 5749 Numquid
2494 5677 2535 5730 si
2562 5677 2709 5730 malae
2739 5679 2853 5732 rita:
2875 5679 2939 5749 sit
2966 5678 3466 5749 advocatus,contra
3494 5679 3771 5749 suscepta!!!

2195 5766 2343 5803 suum
2357 5732 2830 5819 'prauuiitiabitur.’
2859 5748 3157 5804 Ambrosius
3179 5732 3300 5802 item
3322 5760 3545 5801 semion.
3575 5732 3681 5797 95':
3712 5732 3771 5791 1η
