3986 6320
244 249 334 309 373

843 249 934 308 DE
973 245 1454 310 C(ENOBlORUM
1492 245 1736 304 INSTI'I‘.
1778 244 1908 302 LIB.
1947 243 2018 298 Χ.
2051 271 2118 284 —-
2149 242 2238 298 DE
2277 239 2552 298 SPlRlTU
2591 237 2880 298 ACEDLE.

3393 237 3504 298 δτι

246 379 268 406 ι
297 367 358 422 Et
385 383 600 436 operam
625 365 784 432 detis,
815 373 870 420 ut
897 365 1054 436 quieti
1079 365 1218 424 sitis.
1253 362 1400 418 Dixit
1427 362 1652 432 primam
1689 373 1816 416 cau-
1841 368 1894 430 Α
1917 369 2076 428 quam
2099 353 2346 409 claustris
2361 353 2517 408 cellze
2538 361 2593 408 et
2617 353 2768 424 operi
2796 366 3050 408 manuum
3079 365 3298 408 suarum
3329 349 3502 408 iubas-

247 475 366 514 sam.
395 457 610 514 Deinde
653 457 808 513 infert
855 455 1154 514 secundum
1187 455 1292 512 :Et
1319 461 1374 508 ut
1404 461 1572 508 uestra
1617 453 1820 525 negotia

247 553 394 622 agatis
453 551 698 606 Tertiam
731 565 942 621 quoque
973 548 1082 604 εει
1127 548 1408 616 operamini
1453 547 1688 600 manibus
1735 561 1820 598 ve-

247 645 370 706 stris,
399 641 426 682 δ
455 643 590 698 sicut
621 645 956 712 precepimus
995 644 1158 698 nobis.
1194 642 1447 709 Quartam
1483 657 1498 694 :
1525 639 1590 694 Et
1619 649 1676 694 ut
1723 637 1820 694 ho-

249 747 370 790 neste
391 735 668 790 ambuletis
695 736 764 789 ad
787 751 872 790 eos
895 737 980 805 qui
1013 737 1142 804 foris
1167 745 1313 790 sunt.
1343 733 1592 800 Quintam
1621 749 1636 786 :
1667 729 1734 786 Et
1762 741 1818 786 ut

249 827 424 881 nullius
449 826 656 894 aliquid
683 827 1004 882 desideratis-
1041 827 1181 882 Ecce
1210 826 1298 880 illa
1323 825 1626 890 cunctatio,
1655 837 1815 892 quam

251 921 394 972 tantis
429 918 680 987 proferre
707 919 988 986 prommiis
1015 915 1318 986 diderebat,
1343 915 1470 986 quid
1496 916 1548 968 in
1575 913 1696 982 ejus
1727 927 1818 982 pe-

250 1019 380 1061 ctore
425 1007 786 1078 parturiehat,
839 1007 1170 1078 agnoscitur.
1223 1007 1286 1062 Et
1331 1021 1540 1076 operam
1585 1005 1716 1058 detis
1763 1013 1820 1058 ut

247 1100 386 1168 quieti
407 1097 544 1162 sitis,
583 1097 640 1152 id
669 1107 788 1164 est,
817 1098 872 1152 in
911 1097 1109 1154 vestris
1138 1097 1348 1154 cclmlis
1376 1103 1778 1150 commorantes
1797 1134 1816 1161 ,

251 1203 334 1242 nec
357 1187 590 1243 diversis
612 1187 924 1244 tumoribus
942 1231 956 1254 ,
987 1191 1078 1258 qui
1109 1189 1284 1242 solent
1312 1187 1608 1242 otiosorqu
1639 1185 1778 1240 votis
1799 1225 1816 1252 ,

253 1281 320 1338 rel
349 1280 544 1336 fabulis
569 1281 846 1351 generari,
881 1281 1104 1349 inquieti
1123 1279 1324 1348 effecti,
1348 1281 1469 1334 aliis
1503 1293 1718 1349 quoque
1737 1277 1818 1332 in-

251 1375 576 1445 quietudines
600 1375 869 1430 inforatis.
895 1372 963 1428 Et
991 1383 1048 1428 ut
1075 1381 1244 1430 uestra
1267 1373 1470 1442 negotia
1495 1371 1690 1442 agatis,
1709 1385 1818 1426 non

251 1475 406 1522 vestra
447 1466 770 1522 curiOSttate
795 1479 948 1522 actus
987 1468 1170 1522 mundi
1197 1466 1376 1522 velitis
1419 1465 1720 1534 inquirere,
1753 1477 1818 1520 ac

250 1559 568 1614 diversorum
619 1559 1066 1616 conversationes
1109 1559 1482 1628 explorantes,
1524 1571 1690 1626 opera
1727 1569 1820 1610 ve-

251 1663 346 1706 stra
368 1666 470 1704 non
495 1651 564 1704 ad
595 1653 992 1706 correctionem
1023 1661 1252 1706 vestram
1288 1664 1382 1705 seu
1425 1650 1680 1704 virtutum
1701 1655 1818 1702 stu-

1921 463 2044 502 rere
2072 456 2356 502 contentus
2383 453 2483 510 est,
2515 445 2608 500 sed
2631 459 2860 500 necesse
2888 455 2970 500 est
2995 459 3118 499 eum
3152 443 3500 500 inhonestum

1918 553 2062 604 esse,
2094 538 2220 592 dum
2247 537 2546 592 necessaria
2559 539 2730 593 victus
2755 537 3017 608 requirit;
3042 535 3338 592 adulationi
3366 552 3502 606 quo-

1918 647 2024 701 que
2055 645 2274 702 operam
2299 631 2427 686 dare
2483 632 2748 687 novitates
2766 633 2926 687 etiam
2959 645 3232 706 rumorum
3263 629 3496 698 sectari,

1917 739 2202 780 causarum
2235 723 2638 794 fabularutttque
2671 723 2987 780 occasiones
3015 723 3338 792 conquirere
3361 763 3378 788 ,
3405 737 3503 790 per

1918 833 2051 888 quas
2073 817 2396 888 sibimetipsi
2417 817 2622 872 aditum
2651 827 2823 886 paret,
2855 832 2920 874 ac
2943 817 3255 872 facultatem
3282 830 3388 886 qua
3413 815 3503 872 di-

1921 924 2202 966 versorum
2229 909 2422 964 domos
2441 911 2618 965 valeat
2641 919 2946 978 penetrare.
2979 907 3046 962 Et
3079 909 3274 964 nullius
3300 907 3502 980 aliquid

1919 1003 2236 1057 desideratis.
2276 1001 2390 1056 Non
2416 1011 2592 1069 potest
2617 1015 2724 1056 non
2769 1001 2964 1058 alienis
3002 1000 3158 1056 donis
3183 1008 3239 1056 et
3263 999 3502 1054 muneri-

1919 1092 2021 1148 bus
2051 1094 2282 1158 inltiare,
2305 1093 2394 1162 qui
2421 1110 2526 1148 non
2555 1094 2856 1149 delectatur
2883 1094 2970 1162 pio
2989 1095 3284 1164 quietoque
3313 1091 3500 1147 labore

1919 1185 2100 1254 operis
2138 1184 2262 1250 sui,
2307 1183 2606 1254 quotidiani
2651 1183 2826 1240 victus
2873 1199 3065 1253 parare
3114 1183 3496 1238 substantiam.

1925 1274 2128 1330 Videtis
2155 1283 2236 1330 tot
2274 1289 2498 1342 causas,
2549 1285 2653 1330 tam
2689 1289 2888 1346 graves
2923 1290 2986 1329 ac
3029 1281 3212 1342 turpes
3257 1288 3358 1328 una
3403 1271 3502 1328 otii

1921 1365 2042 1422 labe
2065 1369 2345 1438 generari?
2391 1369 2628 1438 Denique
2657 1369 2755 1424 hos
2801 1369 2948 1440 ipsos
2995 1383 3132 1439 quos
3165 1369 3216 1422 in
3257 1367 3504 1438 Epistola

1921 1463 2114 1534 prima,
2137 1463 2284 1518 molli
2313 1461 2515 1519 foverat
2543 1464 2850 1534 palpatione
2879 1463 3171 1519 verborum
3195 1479 3210 1528 ;
3245 1462 3502 1532 qualiter,

1919 1553 1973 1610 in
1995 1554 2258 1620 secunda,
2300 1556 2446 1610 velut
2493 1555 2584 1624 qui
2629 1571 2736 1610 non
2768 1555 3134 1625 profecissent
3179 1553 3246 1610 ad
3291 1553 3504 1610 leviora

1921 1648 2180 1714 remedia,
2209 1659 2232 1688 ε
2256 1651 2646 1704 austerioribns
2671 1649 2992 1719 quibusdam
3019 1657 3076 1704 et
3097 1647 3358 1704 causticis
3383 1661 3504 1704 me-

251 1741 346 1810 dia,
371 1743 464 1798 sed
489 1742 560 1798 ad
589 1742 956 1798 detractiones
987 1742 1210 1798 fratrum
1251 1741 1435 1798 velitis
1478 1739 1812 1812 impendere.
1845 1757 1892 1816 Β
1917 1743 2243 1800 dicamcntis
2268 1758 2461 1798 sanare
2483 1743 2796 1814 aggreditur
2816 1785 2830 1810 ,
2864 1743 3122 1814 nullaque
3151 1743 3262 1814 jam
3291 1743 3504 1800 mitium

253 1834 309 1888 Et
325 1835 600 1904 operentini
627 1836 864 1892 manibus
887 1835 1086 1900 vestris,
1115 1835 1244 1890 sicut
1261 1833 1594 1905 praecepimus
1623 1831 1762 1888 vobis
1791 1848 1811 1888 .'

253 1927 310 1984 lit
334 1929 416 1984 illa
447 1929 650 1985 tierent
669 1945 792 2000 qua
817 1937 1100 1986 monuerat
1125 1927 1372 2000 superius
1395 1943 1462 1984 ne
1489 1937 1732 2000 agerent,
1757 1927 1810 1984 id

251 2029 339 2082 est,
371 2035 434 2076 ne
463 2021 922 2092 inquietieasent.
971 2031 1028 2078 et
1067 2023 1245 2078 aliena
1293 2030 1546 2076 curarent
1575 2021 1812 2092 negotia,

251 2115 320 2168 vel
345 2112 634 2170 inhoneste
669 2115 1008 2170 ambularent
1036 2115 1104 2170 ad
1127 2129 1218 2170 eos
1261 2115 1350 2184 qui
1383 2113 1516 2168 foris
1543 2123 1699 2180 sunt,
1725 2113 1814 2170 vel

250 2207 450 2264 alterius
493 2207 706 2278 aliquid
743 2207 1150 2272 desiderarent;
1183 2223 1324 2262 nunc
1345 2208 1548 2274 intulit,
1583 2207 1768 2262 dicens
1797 2225 1810 2261 :

251 2297 308 2354 Et
327 2301 600 2370 operemini
627 2300 864 2355 manibus
887 2301 1088 2368 uestris,
1109 2298 1138 2338 δ
1151 2299 1282 2354 sicut
1302 2301 1640 2371 precepimus
1655 2298 1812 2352 uobis.

251 2392 306 2450 Ut
349 2394 486 2450 enim
549 2395 646 2450 illa
699 2393 924 2460 ﬁerent,
975 2407 1096 2464 qua
1144 2393 1396 2462 superius
1438 2391 1816 2462 reprehendit,

249 2489 394 2543 otium
416 2503 642 2544 causam
668 2503 790 2544 esse
819 2487 1100 2544 evidenter
1121 2488 1412 2557 expressit.
1455 2487 1644 2542 Nullus
1671 2487 1816 2544 enim

250 2591 400 2651 potest
421 2589 502 2639 vel
527 2583 808 2653 inquietus
839 2597 962 2638 esse
982 2624 998 2649 ,
1027 2583 1112 2639 vel
1141 2583 1316 2639 aliena
1337 2599 1532 2638 curare
1567 2583 1814 2652 negotia,

247 2677 338 2729 nisi
359 2677 444 2746 qui
469 2677 628 2748 operi
657 2693 910 2732 manuum
941 2691 1158 2734 suarum
1191 2693 1300 2732 non
1341 2679 1638 2748 acquiescit
1675 2679 1812 2734 insi-

249 2777 388 2822 stere.
415 2768 686 2838 Quartum
717 2785 930 2840 quoque
953 2770 1138 2824 intulit
1171 2771 1451 2832 morbum.
1485 2771 1576 2840 qui
1606 2785 1674 2826 ex
1707 2771 1814 2828 hoc

247 2861 348 2926 i,so
370 2862 478 2918 otio
519 2863 790 2926 nascitur,
831 2862 882 2916 id
911 2873 994 2918 est
1018 2903 1034 2930 ,
1065 2869 1126 2918 ut
1153 2861 1438 2918 inhoneste
1483 2877 1594 2918 non
1621 2863 1812 2920 ambu-

247 2951 360 3017 lent,
383 2954 574 3010 dicens
611 2973 622 3008 :
651 2953 716 3008 Et
749 2963 806 3008 ut
840 2955 1054 3010 honeste
1092 2953 1360 3010 ambuletis
1391 2955 1460 3010 ad
1486 2971 1574 3010 eos
1609 2956 1699 3026 qui
1736 2955 1818 3027 fo-

247 3045 307 3098 ris
324 3054 454 3100 sunt.
487 3047 796 3116 Numquam
828 3055 1024 3117 potest,
1049 3063 1150 3103 ec
1175 3047 1316 3118 apud
1343 3063 1440 3102 eos
1475 3049 1692 3118 quidem
1722 3052 1813 3120 qui

1921 1837 2206 1893 verborum
2247 1835 2487 1892 fomenta
2533 1839 2848 1908 praemittit,
2899 1851 3006 1892 nou
3047 1837 3212 1892 ullam
3263 1845 3506 1894 teneram

1921 1947 2106 1988 vocem
2131 1946 2192 1986 ac
2217 1931 2498 1999 blandam,
2537 1945 2592 1986 ut
2623 1931 2698 1986 ibi
2729 1950 2740 1984 :
2775 1929 3038 2002 Rogamus
3065 1939 3236 1984 autem
3262 1947 3370 1998 vos,
3395 1930 3506 1998 {ra-

1917 2033 2052 2092 tres;
2074 2025 2190 2090 sed,
2221 2023 2596 2080 Denuntiamus
2623 2023 2794 2089 vobis,
2819 2027 3040 2094 fratres,
3068 2025 3122 2076 in
3149 2023 3352 2076 nomine
3397 2019 3508 2074 Do-

1917 2119 2044 2172 mini
2068 2118 2230 2172 nostri
2259 2115 2388 2173 Jesu
2429 2115 2654 2182 Christi,
2681 2125 2737 2170 ut
2779 2115 3094 2171 subtrahatis
3135 2131 3221 2170 vos
3259 2115 3322 2168 ab
3368 2113 3509 2168 omni

1918 2215 2080 2284 fratre
2101 2211 2397 2266 ambulante
2411 2211 2699 2266 inordinate
2713 2209 2782 2280 (ll
2799 2209 2980 2264 Thess.
2998 2208 3100 2280 Ill).
3121 2208 3198 2264 lbi
3217 2219 3390 2278 rogat,
3419 2208 3508 2264 bic

1919 2303 2218 2358 denuntiat.
2259 2302 2314 2357 ln
2347 2302 2436 2356 illa
2466 2303 2790 2358 blandientis
2831 2300 3090 2366 allectus,
3121 2302 3174 2356 in
3215 2301 3316 2354 hac
3355 2301 3508 2354 obte—

1917 2397 2116 2454 stantis
2141 2397 2406 2452 severitas
2429 2404 2484 2450 et
2509 2395 2786 2450 minantis.
2811 2394 3190 2450 Denuntiamus
3211 2391 3374 2458 vobis,
3397 2392 3508 2460 {ra-

1918 2499 2018 2548 tres
2077 2506 2096 2546 :
2151 2491 2276 2562 quia
2331 2489 2480 2560 prius
2521 2499 2772 2560 rogantes
2831 2484 3236 2556 contempsistis
3279 2483 3506 2550 audire,

1916 2583 2110 2640 saltem
2133 2597 2278 2638 nunc
2313 2581 2812 2638 denuntiationibus
2836 2579 3070 2636 obedite.
3105 2577 3386 2648 Ipsumque
3407 2575 3504 2630 de-

1921 2676 2318 2734 nuntiationem
2349 2689 2456 2730 non
2483 2673 2628 2728 nudo
2659 2673 2848 2738 verbo,
2873 2671 2965 2726 sed
2995 2685 3118 2724 cum
3141 2667 3505 2722 obtestatione

1922 2771 2160 2828 nominis
2187 2768 2400 2825 Domini
2427 2767 2598 2824 nostri
2624 2765 2752 2822 lesu
2772 2765 2969 2821 Christi
2999 2761 3291 2818 terribilem
3326 2759 3504 2826 infert,

1921 2879 1992 2920 ne
2037 2861 2178 2918 forte
2225 2861 2526 2932 simplicem
2577 2859 2725 2916 velut
2773 2857 3006 2913 humana
3061 2869 3192 2910 voce
3237 2853 3506 2924 prolatam

1914 2969 2134 3011 rursum
2165 2959 2596 3014 contemnerent,
2631 2966 2729 3006 nec
2759 2961 3090 3019 magnopere
3113 2946 3376 3001 ducerent
3403 2945 3504 2998 ob-

1917 3046 2266 3104 servandam.
2318 3045 2621 3115 Statimque
2665 3043 2692 3080 ει
2745 3051 2806 3098 ut
2847 3041 3204 3113 peritissimus
3255 3036 3502 3094 medicus

247 3137 406 3192 seculi
435 3138 692 3194 homines
719 3149 880 3207 sunt,
923 3139 1150 3198 honeste
1183 3139 1440 3196 incedere
1462 3179 1476 3206 ,
1508 3141 1596 3210 qui
1621 3155 1816 3212 nequa-
1839 3133 1888 3198 ϐ
1919 3141 2167 3214 putribus
2192 3139 2484 3206 membris,
2515 3137 2710 3208 quibus
2739 3136 2848 3194 leni
2885 3133 3284 3192 medicamento
3325 3143 3506 3186 reme-

1296 3318 1550 3376 ALARDI
1589 3319 1820 3378 GAZEI
1855 3317 2421 3382 COMMENTARIUS.

248 3481 422 3547 tantum
441 3473 634 3530 uicina:
655 3475 928 3547 prtcsentia
971 3475 1185 3547 eﬁcacis
1215 3475 1524 3544 praebebitur
1547 3479 1807 3546 advocati,

249 3544 292 3597 in
311 3557 554 3618 quantum
579 3544 732 3614 fuerit
759 3547 890 3616 ﬁde!
910 3544 1090 3602 deuota
1117 3549 1366 3618 suscepti.
1396 3547 1668 3604 Hactenus
1687 3544 1812 3604 Cia;

249 3617 420 3670 couius
453 3617 754 3683 diligenter
795 3625 850 3672 et
895 3629 1172 3674 accurate.
1223 3617 1394 3674 Perro
1438 3619 1578 3676 hanc
1621 3635 1808 3676 vocem

248 3697 538 3761 usurpatet
573 3687 866 3761 Cassianus
902 3687 954 3744 in
995 3692 1176 3758 priore
1219 3689 1550 3759 significatu,
1580 3706 1700 3761 cap.
1743 3691 1810 3748 14

251 3757 574 3832 liuius‘libri;
607 3759 663 3812 in
697 3757 1005 3832 posteriore
1033 3775 1160 3816 vero
1189 3757 1374 3816 col’lat.
1405 3761 1438 3817 6
1463 3757 1588 3832 cap.
1625 3757 1712 3818 f0.

309 3827 540 3909 {Multis
565 3838 622 3884 et
651 3831 816 3909 variis
845 3833 1070 3897 morbis,
1104 3845 1200 3886 seu
1229 3831 1376 3909 vitiis
1405 3827 1606 3890 aced'ire
1628 3833 1682 3909 in
1709 3833 1812 3909 hoc

250 3901 403 3972 capite
441 3901 738 3972 recensitis
763 3901 908 3956 inter
939 3918 999 3959 se
1029 3903 1274 3972 cognatis
1303 3911 1358 3957 et
1380 3903 1814 3972 iconcomitauti-

253 3967 371 4046 lius.
413 3969 644 4046 totidem
690 3967 1252 4046 opponitihposlolus
1283 3973 1344 4046 (1
1373 3971 1529 4030 Thes.
1563 3991 1636 4041 tv,
1680 3987 1726 4030 et
1768 3973 1814 4030 11

259 4036 390 4114 Thes.
421 4041 532 4114 tn).
552 4051 610 4114 et
627 4057 694 4098 ex
721 4036 982 4114 A'postolo
1007 4036 1302 4100 Cassianus
1345 4047 1588 4102 antidota
1613 4036 1668 4102 et
1690 4061 1816 4102 con-

253 4113 396 4166 traria
426 4111 652 4168 adhibet
687 4113 1100 4170 medicamenta.
1133 4115 1344 4170 Primus
1375 4119 1594 4172 morbus
1619 4126 1704 4172 est
1733 4117 1816 4172 in-

253 4181 520 4258 quietudo,
549 4199 710 4253 quam
738 4184 802 4258 Ι).
835 4185 1128 4256 Gregorius
1159 4185 1297 4256 (Lib.
1331 4187 1673 4258 sxxthloral.
1690 4205 1814 4258 cap.

254 4251 331 4318 ΞΑ)
364 4265 520 4308 votat
559 4251 1177 4323 evagationem'mentis'
1213 4258 1280 4312 ad
1333 4257 1520 4313 illicita
1555 4277 1566 4310 :
1600 4251 1813 4312 Audiui-

255 4338 350 4375 mus
381 4325 634 4399 quosdam
675 4326 808 4399 inter
835 4343 920 4380 ros
950 4325 1272 4382 ambulantes
1310 4329 1566 4399 inquiete;
1597 4329 1812 4384 antido-

257 4401 396 4474 tum':
429 4395 662 4474 Operam
693 4397 846 4462 detis,
873 4405 926 4450 ut
956 4399 1114 4474 quieti
1137 4399 1290 4474 sitis,
1319 4395 1464 4470 quod
1496 4395 1578 4454 est
1605 4401 1815 4474 placide

256 4474 302 4539 et
327 4467 445 4539 sine
465 4467 700 4522 tumultu
721 4467 1152 4539 agere,aliorum
1171 4467 1410 4539 quietem
1441 4487 1544 4524 non
1573 4467 1812 4526 turbare.

257 4529 544 4612 secundum
570 4529 1086 4612 malum'curiositas.
1117 4529 1268 4594 Nihil
1293 4552 1580 4612 operantes,
1613 4541 1702 4595 sed
1728 4557 1816 4594 cu-

255 4605 371 4682 riose
389 4615 630 4682 agentes;
657 4609 956 4664 antidotum
989 4627 1002 4662 :
1039 4609 1106 4665 Ut
1147 4605 1368 4666 uestrum
1395 4605 1660 4681 negotium
1693 4629 1814 4682 aga-

256 4677 346 4752 lis,
389 4677 488 4734 hoc
517 4691 624 4752 est,
671 4683 1042 4752 unusquisque
1083 4696 1199 4752 sure
1249 4677 1522 4739 vocationi
1564 4693 1617 4738 et
1663 4677 1816 4752 op'cri

1984 3477 2012 3519 ιι
2042 3479 2306 3550 Praecepit
2332 3475 2626 3550 Apostolus
2657 3491 2762 3532 non
2794 3475 3044 3550 omnibus
3069 3517 3083 3540 ,
3124 3483 3179 3530 et
3220 3475 3500 3545 absolute,

1914 3559 1972 3605 ut
2001 3549 2298 3618 operentur
2327 3549 2580 3604 manibus
2604 3595 2618 3616 ,
2651 3559 2742 3603 aut
2773 3549 3148 3602 mcrhanicum
3174 3562 3316 3618 ropus
3344 3563 3504 3604 exer-

1911 3617 2068 3677 ceant
2093 3638 2107 3682 ;
2137 3621 2230 3676 sed
2269 3622 2332 3675 iis
2354 3623 2444 3690 qui
2472 3629 2670 3690 egent,
2699 3635 2798 3690 nec
2826 3621 2946 3690 aliis
2975 3617 3291 3672 melioribus
3319 3635 3380 3672 ac
3407 3635 3502 3674 su-

1912 3692 2256 3747 blimioribus
2301 3689 2576 3746 exercitiis
2616 3701 2708 3746 aut
2737 3689 3105 3746 fttuctionibus
3146 3699 3502 3756 occupantur,

1913 3774 1970 3818 ut
1998 3779 2062 3818 ex
2093 3763 2252 3818 dictis
2281 3761 2576 3832 colligitur.

1988 3845 2009 3873 ο
2057 3833 2306 3888 Caustica
2363 3829 2755 3888 tttedicamenta
2784 3873 2800 3897 ,
2842 3832 2919 3886 ait
2947 3829 3248 3904 Cnychius;
3311 3830 3504 3904 Crit-ce

1913 3907 2168 3962 καύστικα
2213 3905 2474 3982 puppique
2507 3913 2632 3982 sunt
2678 3903 2869 3960 acerba
2903 3911 2957 3958 et
3005 3903 3218 3982 austera
3261 3903 3502 3982 medica-

1914 3989 2116 4040 menta,
2150 3973 2340 4046 utpo'té
2373 3975 2686 4042 incisioues,
2711 3983 2766 4046 et
2786 3991 2846 4030 ea
2872 3991 2991 4044 qua:
3021 3973 3220 4029 habent
3247 3975 3352 4028 vim
3375 3989 3504 4028 cau-

1914 4049 2128 4121 sticam,
2164 4045 2347 4112 idest,
2377 4048 2624 4102 ustivam.
2655 4045 2792 4121 Inde
2819 4050 3094 4121 aaurnptov
3121 4087 3134 4110 ,
3161 4046 3458 4121 cauterium
3483 4087 3500 4114 ,

1917 4119 2336 4172 instrumentum
2382 4125 2466 4172 est
2506 4133 2610 4186 quo
2655 4117 2886 4188 putrium
2933 4117 3129 4172 carnes
3178 4117 3502 4172 aduruntur.

1919 4189 2051 4244 Vide
2079 4189 2230 4257 plura
2261 4189 2326 4244 ad
2349 4189 2532 4243 collat.
2568 4191 2600 4244 6
2626 4205 2744 4256 cap.
2771 4189 2862 4242 Η.

1987 4259 2013 4296 ά
2041 4263 2152 4314 lloc
2181 4259 2803 4334 ipsumDrBenedictus
2826 4257 2977 4334 (Cap.
2999 4258 3070 4312 27
3096 4269 3144 4312 et
3165 4259 3256 4322 28,
3281 4257 3366 4334 ubi
3391 4258 3506 4312 uide

1919 4329 2266 4402 Turrecrem.)
2292 4331 2470 4384 abbati
2501 4329 2899 4386 observandum
2926 4329 3112 4402 Vdecet
3149 4345 3274 4394 erga
3304 4329 3504 4402 fratres

1917 4399 2294 4471 delinquentes
2323 4415 2376 4456 et
2400 4403 2920 4466 cmonttttunit'atos,
2943 4413 3032 4455 aut
3061 4399 3460 4470 incorrigibiles
3487 4441 3504 4464 ,

1921 4471 2110 4536 Omni,
2144 4471 2642 4544 ait,sollicitudiue
2667 4489 2850 4527 curam
2886 4481 3028 4544 gerat
3055 4473 3213 4526 abbas
3254 4475 3390 4544 circa
3420 4471 3503 4524 de-

1919 4545 2202 4614 linquentes
2243 4541 2467 4614 fratres,
2501 4545 2748 4614 quianon
2788 4553 2862 4598 est
2890 4541 3039 4614 opus
3065 4543 3204 4596 sanis
3255 4543 3502 4614 medicus,

1916 4611 2523 4685 sed—malehabentibus
2563 4613 2790 4684 (Matth.
2833 4611 2950 4685 tx)f
2995 4611 3062 4685 βε
3094 4617 3208 4668 ideo
3251 4617 3324 4667 uti
3361 4611 3504 4666 debet

1919 4685 2054 4756 omni
2085 4683 2332 4756 modo,ut
2358 4683 2959 4756 sapicnsmedicus.etc.
2987 4683 3193 4756 Etcap.
3210 4685 3457 4756 sequenti
3487 4701 3501 4737 :

517 4751 768 4845 lion
791 4743 984 4845 alienis
1006 4751 1300 4845 rebusrsLe'
1327 4755 1552 4845 ingerat:
1598 4743 1816 4845 Tarii-us
1845 4785 1894 4845 ι)
1921 4755 1981 4838 Si
2009 4755 2126 4836 quis
2157 4743 2318 4824 frater
2345 4743 2641 4838 frequenter
2671 4765 2938 4819 correptus
2959 4773 3050 4845 pro
3072 4743 3300 4836 qtt'alibet'
3325 4755 3501 4838 culpa,

255 4821 482 4896 morbus,
507 4820 697 4896 otium,
721 4823 826 4896 sive
864 4823 1115 4896 otiositas.
1149 4821 1300 4880 Nihil
1329 4820 1602 4896 operantes
1620 4841 1642 4890 ;
1673 4827 1814 4880 anti-

255 4883 420 4963 domm
454 4883 475 4944 τ’
503 4889 570 4963 Ut
599 4883 878 4963 operemini
903 4895 1138 4948 manibus
1172 4883 1374 4949 vestris:
1400 4883 1658 4963 Quartum
1697 4912 1812 4950 ma-

255 4953 371 5034 lum,
399 4953 706 5034 scandalum
727 4963 950 5034 aliorum
977 5005 992 5030 ,
1021 4965 1164 5032 quod
1189 4953 1476 5034 significat,
1505 4965 1769 5022 inhoneste
1793 5007 1810 5034 ,

256 5041 330 5110 felt
355 5029 648 5110 inordinate
665 5033 936 5110 ambulare
957 5029 983 5102 ;’
1001 5029 1300 5110 antidotum
1329 5054 1341 5090 :
1376 5033 1443 5092 Ut
1465 5029 1677 5110 honeste
1702 5029 1816 5110 am;

255 5095 418 5174 tralatis
436 5101 506 5174 ad
532 5119 618 5157 eos
647 5105 734 5174 qui
763 5103 890 5172 foris
920 5095 1038 5158 sunt
1065 5147 1079 5170 ,
1109 5106 1162 5160 id
1191 5117 1270 5174 est
1299 5149 1314 5174 ,
1344 5109 1474 5162 citra
1499 5107 1814 5163 scandalum

254 5169 375 5245 apud
405 5169 677 5236 infideles,
703 5169 790 5230 vel
817 5175 906 5244 (ad
937 5169 1158 5244 scopum
1181 5169 1450 5245 Cassiani)
1473 5177 1612 5242 apud
1645 5194 1814 5232 saecu-

256 5233 382 5293 lares
431 5233 742 5298 versemlni.
793 5233 1307 5302 Sttattdalizabantur
1360 5233 1522 5302 enim.
1565 5247 1812 5304 inltdcles

256 5321 362 5388 cum
393 5313 647 5388 videbant
675 5315 1014 5371 Christianos
1049 5318 1240 5372 alienis
1264 5317 1420 5374 bonis
1444 5317 1582 5374 velle
1609 5319 1812 5386 vivere,

257 5385 375 5434 sicut
407 5385 836 5440 scandalizentur
865 5389 1154 5442 saeculares
1179 5393 1300 5444 dum
1319 5391 1610 5444 monachos
1629 5385 1814 5444 vident

257 5453 588 5536 tagabtindos
629 5467 684 5510 et
720 5456 944 5536 ριὶοεοδ.
979 5459 1207 5536 Quintus
1247 5463 1472 5514 morbus
1511 5459 1774 5536 cupiditas
1798 5501 1814 5526 ,

257 5532 340 5574 seu
368 5527 806 5598 concupiscentia
829 5544 1006 5598 rerum
1037 5531 1358 5596 alienarum,
1384 5549 1446 5583 ex
1479 5527 1597 5598 qua'
1615 5531 1814 5586 furtum

256 5595 834 5671 nasci_tu_r;_antidotum
871 5617 882 5651 :
917 5597 984 5652 Et
1021 5599 1220 5656 nullius
1249 5595 1448 5671 aliquid
1493 5595 1816 5658 desideretis.

257 5659 314 5746 Et
337 5664 400 5746 ad
427 5665 712 5746 Ephesttv
746 5686 757 5720 :
793 5669 895 5736 Qui
940 5671 1238 5740 furabatur,
1267 5659 1384 5744 jain
1428 5687 1530 5727 non
1575 5673 1774 5742 {aretur
1798 5713 1814 5742 ,

254 5738 408 5806 magis
433 5749 603 5796 autem
621 5738 820 5795 laboret
838 5783 856 5808 ,
883 5738 994 5800 etc.

1920 4828 1964 4880 si
1988 4827 2141 4880 etiam
2182 4829 2656 4882 excommunicatus
2691 4843 2796 4880 non
2833 4825 3174 4882 emendauerit
3197 4867 3210 4888 ,
3252 4825 3424 4878 acrior
3458 4825 3508 4878 ei

1917 4897 2130 4950 accedat
2159 4899 2406 4950 correctio
2431 4939 2444 4960 ,
2474 4897 2530 4952 id
2551 4907 2644 4962 est,
2672 4905 2728 4950 ut
2757 4897 3017 4952 verberum
3043 4897 3267 4950 vindicta
3306 4895 3359 4948 in
3391 4909 3506 4948 eum

1919 4968 2183 5038 procedat.
2221 4967 2370 5038 Quod
2402 4969 2446 5022 si
2474 4985 2564 5022 nec
2587 4969 2660 5022 ita
2689 4969 3006 5038 correxerit,
3037 4975 3166 5034 etc.,
3201 4973 3320 5019 tunc
3349 4963 3506 5038 abbas

1919 5037 2108 5108 faciat,
2137 5037 2276 5108 quod
2295 5041 2504 5108 sapiens
2529 5041 2777 5093 medicus.
2817 5039 2876 5092 Si
2902 5037 3128 5092 exhibuit
3167 5039 3422 5108 fomenta,
3459 5037 3504 5090 si

1919 5105 2184 5178 unguenta
2225 5105 2692 5172 adhortationum,
2743 5111 2789 5164 si
2834 5105 3176 5162 medicamina
3217 5107 3508 5160 divinarum

1921 5179 2334 5248 Scripturarum.
2356 5181 2401 5232 si
2429 5181 2496 5232 ad
2539 5179 2782 5235 ultimum
2811 5179 3504 5248 ustionemexcommunica-

1917 5245 2094 5316 tionis,
2115 5251 2190 5304 vel
2213 5251 2395 5321 plagas
2425 5254 2708 5322 virgarum,
2735 5261 2791 5323 et,
2799 5253 2912 5323 jam
2929 5250 2972 5301 si
2995 5247 3178 5323 ridarit
3211 5245 3338 5323 nihil
3362 5265 3508 5300 snam

1923 5319 2221 5390 prtcvalere’
2247 5319 2601 5388 industriam;
2648 5319 2883 5376 adhib'eat
2927 5329 3080 5372 etiam
3125 5319 3308 5391 (quod
3341 5335 3509 5390 ιηημιε

1920 5395 2019 5460 est)
2041 5409 2186 5446 suout
2209 5402 2254 5446 et
2285 5392 2513 5446 omnium
2541 5396 2764 5462 {rutrum
2799 5406 2888 5454 pro
2911 5405 2968 5462 eo
2990 5391 3293 5448 orationem.
3327 5399 3380 5443 ut
3409 5391 3510 5442 Ito-

1921 5465 2086 5518 minus
2104 5464 2190 5534 qui
2214 5464 2390 5516 omnia
2415 5461 2598 5532 potest,
2625 5473 2865 5535 operetur
2885 5461 3104 5514 salutem
3129 5463 3269 5535 circa
3299 5471 3506 5526 {mtrem

1920 5533 2208 5602 inﬁrmum.
2245 5535 2396 5600 Quod
2426 5535 2470 5587 si
2503 5550 2591 5588 nec
2625 5533 2724 5586 isto
2750 5537 2900 5584 modo
2932 5548 3142 5586 sanatus
3176 5533 3352 5601 fuerit,
3387 5543 3510 5584 tunc

1915 5607 2030 5676 jam
2061 5613 2240 5658 utatur
2258 5605 2418 5676 abbas
2449 5605 2586 5676 ferro
2618 5603 2976 5676 abscissiom’s,
3007 5616 3060 5676 ut
3085 5604 3159 5676 ait
3189 5603 3508 5676 Apostolus:

1921 5671 2132 5746 Auferte
2161 5675 2358 5728 malum
2381 5671 2646 5740 ex'oobis;
2677 5687 2724 5728 et
2747 5673 2934 5728 iterum
2959 5691 2976 5728 :
3003 5671 3244 5746 Inﬁdrlis
3275 5677 3369 5730 iste
3398 5675 3512 5726 dir

1925 5747 2100 5818 cedat,
2127 5761 2190 5802 ns
2217 5762 2324 5802 una
2359 5747 2464 5802 ouis
2485 5755 2692 5802 mortua
2717 5761 2918 5802 omnem
2943 5763 3148 5820 gregem
3174 5747 3508 5802 contaminet.
