3986 6320
475 335 580 398 579

1071 451 1294 514 CAPUT
1345 453 1460 513 XII.

479 548 632 617 Quod
663 565 767 604 non
797 560 1062 606 contentus
1090 551 1199 603 sola
1234 551 1529 613 monitione,
1551 549 1912 602 auctoritatem
1939 563 2063 618 quo-

677 637 776 692 que
800 633 849 677 et
883 632 1188 694 praeceptum
1224 621 1524 689 adjunxerit
1554 621 1853 683 Apostolus.

554 734 667 788 Non
687 706 802 802 .jam
832 736 1069 790 doctoris
1102 738 1180 790 vel
1229 735 1423 789 medici
1473 737 1636 788 utitur
1678 736 1742 787 ad
1795 750 1890 791 eos
1934 749 2065 789 con-

481 826 623 884 silio.
670 827 763 880 si-d
805 828 1145 882 districtione
1197 828 1248 880 in
1281 842 1376 881 eus
1406 827 1708 894 jndiciarize
1751 829 2064 893 pronuntia-

485 921 650 973 tionis
702 920 989 990 inVeltitur,
1042 931 1095 975 et
1140 920 1433 991 apostolica
1470 930 1732 990 potestate
1763 928 2061 990 resumpta,

483 1012 630 1065 velut
661 1029 692 1066 e
719 1011 973 1068 tribunali
1025 1013 1075 1066 in
1119 1022 1519 1081 contemptores
1549 1012 1872 1068 sententiam
1909 1010 2064 1078 dicit,

487 1103 577 1156 illa
603 1118 796 1171 nempe
827 1116 1090 1172 potestate
1114 1121 1274 1175 quam
1305 1121 1426 1160 cum
1465 1105 1905 1160 interminatione
1931 1104 2068 1159 scri-

484 1193 623 1248 bens
673 1193 740 1248 ad
783 1193 1118 1261 CttrllltlliOs‘,
1152 1212 1179 1249 a
1215 1191 1444 1251 Domino
1474 1195 1574 1250 sibi
1602 1197 1834 1252 asseruit
1860 1195 2064 1263 datam,

489 1295 611 1341 c‘ttm
644 1301 740 1342 eos
765 1287 816 1342 in
846 1288 1047 1344 delicm
1076 1289 1280 1358 positos
1307 1299 1698 1358 praemOneret,
1734 1298 1791 1344 ut
1817 1299 1944 1346 ante
1973 1289 2070 1344 ad-

488 1388 706 1432 ventum
751 1397 903 1433 suum
935 1383 1260 1448 semetipsos
1287 1384 1562 1450 corrigere
1591 1380 1955 1445 festinarent,
1995 1382 2065 1436 ita

487 1471 806 1540 pr.t:cipiens
829 1489 844 1528 ε
879 1473 1021 1545 Rogo
1050 1490 1134 1527 uos
1166 1490 1228 1525 ne
1252 1490 1473 1544 prtesens
1499 1471 1780 1544 compellar
1805 1473 1996 1528 audere
2014 1472 2067 1526 in

484 1564 732 1627 quasdam
761 1574 1009 1633 potestate
1047 1565 1162 1636 illa,
1188 1583 1300 1634 qua:
1329 1568 1454 1620 data
1479 1576 1552 1621 est
1580 1568 1706 1621 mihi
1736 1569 1788 1622 in
1817 1567 1957 1622 vobis
1990 1566 2069 1640 (ΙΙ

491 1658 615 1712 (ιον.
646 1658 724 1716 ι).
750 1659 816 1714 Ει
851 1661 1042 1715 iterum
1072 1679 1084 1715 :
1123 1661 1183 1717 Si
1210 1666 1352 1716 enim
1384 1663 1592 1717 voluero
1617 1663 1817 1733 aliquid
1847 1663 2068 1729 gloriari

487 1751 549 1802 de
595 1761 842 1813 potestate
884 1769 1036 1820 quam
1064 1753 1205 1806 dedit
1234 1755 1361 1807 mihi
1397 1753 1654 1809 Dominus
1681 1757 1732 1808 in
1765 1756 2071 1825 wdiﬁcatio-

1785 340 2061 400 JOANNIS
2095 335 2410 397 CASSIANI

2082 457 2136 518 Α
2160 455 2388 524 aperari,
2421 469 2514 508 nec
2541 453 2849 518 manducet;
2882 465 2989 506 non
3021 449 3204 522 gladio
3229 451 3430 509 carnali
3454 467 3546 511 eos
3573 455 3712 514 addi-

3614 333 3710 400 580

2163 564 2311 604 cens.
2347 546 2441 603 sed
2479 547 2801 602 auctoritate
2827 544 3066 615 Spiritus
3097 546 3292 610 sancti,
3319 546 3470 617 hujus
3496 547 3614 602 vita:
3641 549 3712 605 eis

2165 643 2496 698 interdicens
2543 643 2944 706 substantiam;
2979 643 3100 695 utsi
3136 637 3272 695 forte
3299 656 3506 709 poenam
3537 642 3713 700 futura

2167 738 2354 792 mortis
2387 737 2606 790 minime
2633 737 2933 800 cegitantes
2953 775 2970 800 ,
3002 733 3180 788 adhuc
3211 735 3407 789 vellent
3431 750 3605 790 amore
3627 738 3715 792 otii

2167 831 2401 884 existere
2456 840 2844 891 contumaces,
2897 829 3087 881 saltem
3151 830 3468 883 necessitate
3504 830 3715 884 naturali

2166 922 2488 989 constricti,
2537 929 2594 976 et
2640 932 2788 974 metu
2837 919 3125 987 pra‘sentis
3165 919 3443 987 interitus,
3485 919 3716 976 salutaria

2170 1027 2436 1086 pracepta
2463 1014 2741 1083 suscipere
2765 1023 3048 1082 cogantur.

2741 1125 2965 1182 CAPUT
3003 1123 3144 1179 XIII.

2170 1220 2251 1276 De
2275 1237 2339 1276 eo
2363 1221 2502 1292 quod
2530 1220 2692 1285 dicit,
2726 1219 3032 1292 Audiuimus
3062 1219 3197 1292 enim
3224 1219 3354 1271 inter
3380 1232 3468 1271 vos
3491 1217 3723 1287 quosdam

2677 1291 2947 1344 ambulare
2988 1291 3231 1358 inquiete.

2244 1383 2368 1439 Post
2425 1393 2632 1438 tantum
2678 1382 2839 1449 igitur
2898 1381 3130 1450 rigorem
3184 1378 3507 1449 evangelica:
3555 1378 3724 1434 distri-

2170 1478 2368 1534 ctionis
2393 1519 2406 1544 ,
2461 1492 2605 1531 nunc
2650 1475 2760 1545 jam
2809 1489 3026 1529 causam
3059 1473 3319 1536 exuonit.
3358 1487 3453 1525 cur
3483 1471 3593 1525 hac
3621 1471 3728 1527 uni-

2171 1585 2326 1625 versa
2376 1568 2738 1639 praemiserit:
2799 1567 3106 1622 Audiuimus
3150 1566 3287 1618 enim
3335 1563 3579 1636 quosdam
3607 1564 3728 1619 inter

2170 1679 2258 1718 vos
2281 1673 2308 1700 ⁸
2336 1662 2605 1716 ambulare
2630 1660 2874 1731 inquiete.
2920 1658 3053 1713 nihil
3089 1668 3362 1726 operantes
3384 1697 3399 1723 ,
3433 1657 3517 1710 sed
3542 1658 3727 1711 curiose

2170 1769 2400 1830 agentes.
2435 1753 2706 1823 Nusquam
2734 1768 2829 1808 eos
2858 1753 2948 1822 qui
2983 1750 3151 1808 dediti
3181 1765 3306 1806 esse
3335 1748 3490 1819 operi
3535 1748 3726 1812 nolunt,

489 1859 623 1907 nem,
657 1855 702 1896 et
726 1861 826 1897 non
855 1847 907 1898 in
931 1845 1327 1900 destructionem
1347 1856 1590 1911 vestram,
1619 1865 1720 1900 non
1748 1849 2064 1904 erubescam.
2098 1859 2145 1919 Β
2173 1866 2284 1906 uno
2311 1860 2522 1905 tantum
2551 1848 2741 1903 morbo
2771 1854 3058 1915 corruptos
3088 1844 3434 1914 pronuntiare
3462 1849 3732 1898 contentus

488 1930 604 1997 Illa,
634 1933 869 2003 inquam,
905 1942 1170 2005 potestate
1200 1936 1543 2006 pronuntiat,
1591 1935 1653 1992 Si
1689 1941 1800 2008 quis
1835 1957 1938 1993 non
1963 1943 2072 1996 vult

2174 1951 2281 1998 est.
2319 1941 2349 1982 δ
2394 1941 2450 1997 1η
2496 1939 2667 2011 priori
2715 1952 2950 2008 namque
2993 1936 3228 2007 Epistula
3281 1933 3609 1990 inordinatos
3649 1947 3735 1987 eos

1550 2056 1805 2112 ALARDI
1844 2057 2076 2114 GAZ/El
2114 2058 2680 2116 COMMENTARIUS.

492 2141 712 2217 tentiam
741 2182 756 2208 ,
809 2143 863 2217 in
910 2161 1014 2217 qua
1048 2155 1154 2217 tota
1182 2147 1476 2215 diSputatio
1503 2147 1572 2204 de
1615 2165 1781 2217 opere
1812 2166 2068 2205 manuum

492 2213 819 2280 praecipuum
852 2213 1014 2270 habet
1043 2213 1448 2274 fundamentum
1476 2265 1490 2287 ,
1533 2213 1838 2274 nullatenus
1884 2221 2072 2276 videor

491 2296 660 2357 posse
689 2287 984 2352 prtcterire.
1041 2287 1141 2344 Ubi
1183 2293 1242 2343 1ο
1271 2289 1710 2357 observandum,
1753 2292 2068 2356 Apostolnm

493 2367 597 2436 non
628 2353 848 2436 dicere,
895 2359 951 2411 Si
981 2363 1115 2436 quis
1147 2375 1252 2414 non
1289 2371 1569 2436 operatur,
1607 2353 2068 2436 nonmanduoet;

490 2423 595 2503 sed
628 2424 690 2478 Si
733 2429 845 2494 quis
883 2423 1136 2503 non-uult
1184 2423 1407 2500 apera'ri.
1469 2423 1616 2487 Multi
1651 2434 1792 2486 enim
1822 2445 1951 2487 sunt
1979 2435 2069 2503 qui

490 2493 689 2576 vellent
718 2493 932 2566 Operari
961 2542 974 2560 ,
1007 2510 1074 2576 et
1099 2493 1460 2576 non'possunt
1485 2542 1501 2569 ,
1530 2505 1618 2576 vel
1647 2504 1718 2558 ob
1743 2504 1938 2576 virium
1972 2493 2072 2558 im-

492 2563 903 2646 becillitatem,
934 2572 1017 2625 vel
1055 2574 1177 2646 quia
1221 2563 1324 2646 non
1363 2563 1641 2628 inveniunt
1671 2575 1811 2639 quod
1841 2590 2071 2646 operen-

493 2645 580 2689 tur
595 2655 616 2717 _:
647 2639 905 2717 undeilli
934 2639 1084 2717 apud
1105 2644 1410 2717 Matthaaum
1445 2647 1760 2715 interrogati
1802 2639 1928 2717 quid
1955 2656 2068 2700 stu-

490 2715 603 2760 rent
634 2717 742 2762 tota
762 2710 852 2787 die
874 2714 1330 2787 otiosi_?_protinns
1358 2710 1758 2787 responderunt
1781 2710 1949 2787 {quia
1975 2735 2068 2772 ne-

493 2793 582 2858 mo
603 2794 694 2858 nos
721 2782 967 2858 conduxit
991 2782 1204 2858 gilanti.
1229 2786 1344 2854 ιι).
1368 2782 1708 2858 Quamquam
1736 2782 1921 2841 l‘atres
1947 2789 2071 2842 sul)-

492 2847 617 2932 inde
649 2850 913 2932 itacitant
941 2871 952 2905 :
987 2847 1330 2932 Siquis‘non
1366 2847 1595 2932 laborat;
1629 2874 1734 2912 non
1760 2858 2067 2925 manducet;

492 2919 586 2972 sed
620 2920 819 2998 obiter,
839 2933 902 2998 _et
925 2919 1151 2998 cursim.
1194 2923 1258 2978 2°
1290 2927 1442 2992 Quod
1469 2919 1644 2981 autem
1673 2930 1914 2998 sequitur
1939 2948 1953 2984 :
1981 2919 2072 2984 nec

494 2990 787 3070 manducet.
821 2993 1298 3070 duplicetnpotest
1314 2990 1524 3052 habere
1545 2990 1784 3052 sensum.
1838 3000 2067 3066 Quidam

494 3062 565 3141 in.
596 3062 812 3141 modum
865 3062 1238 3141 prpitihitionis
1285 3067 1358 3121 ita
1406 3084 1682 3137 exponunt
1719 3086 1731 3123 :
1769 3062 1928 3124 nemo
1979 3072 2069 3126 det

493 3130 566 3211 illi
594 3133 741 3212 quod
775 3130 1081 3212 manducet,
1111 3146 1166 3212 ut
1193 3137 1267 3193 sic
1298 3130 1959 3212 necessitatecompu|~us
1984 3144 2066 3196 vel

497 3208 696 3256 invitus
720 3217 993 3280 operetur.
1040 3208 1145 3264 Sed
1175 3224 1296 3263 cum
1337 3225 1443 3264 non
1471 3211 1802 3280 sitcujusvis
1831 3213 2070 3279 judicare

496 3288 619 3354 num
647 3277 768 3344 quis
798 3279 1171 3354 velit_ope_rari
1198 3321 1214 3344 ,
1262 3296 1328 3334 an
1348 3296 1465 3354 non
1488 3319 1505 3346 ,
1546 3277 1750 3354 malunt
1777 3277 1864 3336 alii
1894 3299 2069 3339 asser-

496 3350 602 3397 tive
633 3359 906 3430 exponere
949 3350 1002 3404 in
1051 3350 1194 3406 hunc
1239 3351 1493 3430 modum:
1534 3350 1605 3430 _Si
1655 3354 1776 3421 quis
1817 3370 1921 3408 non
1954 3355 2070 3410 vult

495 3421 728 3492 operari,
761 3421 958 3492 dignus
990 3437 1096 3475 non
1140 3432 1225 3477 est
1267 3421 1359 3492 qui
1387 3423 1704 3488 manducet;
1755 3425 1978 3490 proinde
2021 3429 2066 3480 si

494 3486 634 3568 fame
679 3486 1019 3568 conficiatur,
1052 3508 1163 3568 sine
1196 3486 1418 3560 imputet
1450 3486 2067 3568 inertiae-aedeman

499 3563 641 3611 sicut
667 3573 701 3636 e_
723 3563 996 3636 contrario
1041 3563 1242 3636 dictum
1283 3574 1420 3636 e_st._a
1447 3565 1711 3620 Domino:
1761 3565 1962 3636 Dignus
1993 3563 2070 3622 est

495 3631 762 3717 opertuius
782 3633 892 3688 cibo
921 3652 1012 3717 suo
1031 3633 1244 3702 (Matth.
1270 3634 1345 3717 Χ).
1377 3634 1675 3717 Utrumque
1698 3631 1916 3717 sensum
1948 3649 2067 3693 lano

495 3702 570 3780 git
597 3702 920 3780 Cassianus,
947 3707 1174 3780 alterum
1203 3702 1382 3780 capite
1415 3702 1684 3780 sequenti,
1717 3711 1943 3763 alterum
1980 3725 2069 3764 ca-

498 3773 604 3836 pite
654 3773 737 3836 t9,
790 3775 841 3828 in
895 3778 996 3831 fine
1041 3776 1091 3830 5.
1143 3773 1349 3844 Qum—rit
1396 3781 1456 3832 ll.
1489 3773 1759 3844 Thomas,
1789 3796 1857 3832 an
1888 3780 1982 3834 hoc
2006 3783 2073 3834 sit

494 3853 820 3920 pnrlwceptum,
843 3864 920 3920 gn
961 3848 1276 3902 consilium?
1305 3847 1398 3917 (In
1427 3859 1702 3904 comment.
1738 3849 1906 3920 Epist.
1939 3850 1981 3906 ll
2003 3853 2070 3904 ad

500 3910 824 3994 fitessalon.)
843 3917 1157 3994 Respondet
1175 3910 1386 3994 duobus
1405 3921 1577 3994 modis
1598 3910 1803 3988 aliquid
1829 3925 2070 3994 praecipi,

497 3984 814 4061 simpliciter
841 3999 893 4061 et
923 3984 1024 4042 sub
1051 3989 1382 4045 conditione.
1413 3984 1763 4061 Simpliciter,
1796 3984 1887 4057 ait,
1935 3984 2072 4060 prae;

495 4059 698 4129 cipitur
721 4059 861 4126 quod
894 4076 987 4127 per
1016 4076 1076 4114 se
1121 4071 1203 4115 est
1240 4060 1604 4116 necessarium
1637 4064 1703 4116 ad
1732 4059 1984 4129 salutem,
2018 4073 2073 4118 et

501 4123 614 4176 haec
643 4123 779 4202 sunt
805 4123 968 4202 Opera
1007 4132 1268 4186 virtutum
1301 4134 1442 4202 (quae
1468 4134 1719 4187 nimirum
1748 4134 1944 4188 cadunt
1972 4123 2073 4189 sub

498 4201 821 4266 ptmcinto);
870 4199 971 4274 sub
1014 4199 1524 4265 conditione'vero,
1574 4204 1791 4274 quando
1830 4206 1952 4259 talis
1990 4215 2073 4258 est

495 4280 653 4319 casus
679 4310 693 4332 ,
724 4285 830 4338 quo
867 4273 983 4343 sine
1007 4287 1168 4336 opere
1208 4274 1441 4328 manuali
1487 4273 1819 4343 praeceptum
1866 4278 2068 4330 servari

500 4354 603 4388 non
663 4349 858 4406 potest.
934 4342 1248 4410 Pl‘a‘Cipillll‘
1293 4342 1717 4399 autemhomini
1771 4357 1829 4399 ut
1867 4362 2065 4412 corpus

496 4423 653 4486 suum
683 4421 986 4486 sustentet,
1035 4415 1167 4486 alias
1191 4415 1332 4469 enim
1355 4424 1439 4470 est
1470 4416 1733 4470 homicida
1767 4417 1849 4470 sui
1880 4417 2068 4486 ipsius.

497 4478 690 4534 Genes.
720 4497 794 4536 tt:
831 4483 905 4537 De
929 4486 1068 4538 omni
1093 4484 1235 4556 ligno
1267 4486 1496 4554 paradisi
1537 4488 1762 4542 comede.
1807 4487 1882 4541 Ex
1903 4478 1913 4486 ’
1933 4504 2068 4556 prte-

496 4561 816 4633 cepto‘ergo
862 4555 1297 4633 tenetur_bomo_
1322 4572 1520 4633 corpus
1557 4573 1712 4633 suum
1759 4555 1989 4621 nutrire,
2018 4569 2073 4613 et

497 4622 764 4698 similiter
791 4634 1003 4698 tenetur
1041 4627 1109 4698 ad
1153 4629 1332 4682 omnia
1364 4622 1481 4683 sine
1508 4629 1704 4698 quibus
1731 4645 1931 4698 corpus
1963 4646 2069 4684 non

501 4701 674 4769 potest
721 4697 919 4751 vivere.
995 4697 1147 4752 Unde
1201 4699 1527 4769 quicumque
1574 4715 1680 4753 non
1727 4699 1890 4754 habet
1935 4701 2071 4756 alias

499 4764 638 4845 unde
677 4779 872 4845 corpus
921 4778 1188 4845 sustentet
1220 4764 1367 4845 licite
1394 4813 1409 4837 ,
1443 4764 1525 4824 vel
1567 4774 1909 4845 possessione
1935 4815 1949 4835 ,
1980 4771 2062 4826 vel

500 4834 648 4887 licito
673 4834 908 4908 negotio,
937 4848 1148 4894 tenetur
1172 4834 1444 4910 laborare,
1473 4856 1540 4895 ne
1565 4834 1793 4896 foretur.
1821 4843 1907 4896 Est
1932 4834 2061 4910 ergo

499 4917 849 4981 prazceptum,
895 4911 1126 4981 quando,
1152 4909 1313 4968 aliter
1361 4927 1464 4967 non
1500 4920 1676 4981 potest
1701 4912 1902 4968 vivere.
1935 4909 2070 4967 l-lac-

501 4985 658 5032 tenus
694 4981 754 5052 l).
784 4979 1042 5036 Thomas.
1114 4980 1194 5037 Ex
1236 4983 1428 5051 quibus
1468 4979 1818 5052 intelligimus
1861 4997 2066 5052 praece-

499 5056 646 5116 ptum
677 5047 744 5104 de
771 5053 1077 5120 operando,
1124 5063 1180 5107 ut
1203 5047 1286 5108 est
1317 5054 1593 5120 naturale,
1626 5047 1909 5123 dupliciter
1934 5053 2072 5106 obli-

497 5136 659 5185 gare:
711 5137 904 5191 nempe
953 5123 1223 5188 absolute,
1270 5126 1355 5178 vel
1405 5125 1456 5178 in
1503 5134 1653 5179 certo
1697 5140 1846 5179 casu.
1893 5126 2072 5179 Primo

500 5191 658 5245 modo
699 5209 806 5247 non
850 5195 1053 5263 obligat
1080 5195 1360 5264 singulos,
1410 5196 1502 5248 sed
1545 5196 1926 5264 rempublicam
1952 5237 1964 5258 ,
2011 5203 2068 5249 ut

499 5273 681 5316 notum
710 5273 812 5330 est,
843 5264 964 5334 quia
994 5265 1060 5318 ad
1097 5266 1182 5319 illa
1215 5276 1480 5334 pratcepta
1514 5267 1645 5334 legis
1677 5274 1914 5331 naturae,
1947 5281 2066 5333 qua:

499 5335 763 5404 pertinent
793 5335 859 5389 ad
880 5337 1078 5391 bonum
1105 5337 1416 5398 multorum,
1439 5353 1543 5389 non
1567 5347 1814 5390 tenentur
1842 5337 2060 5404 singuli,

496 5403 752 5482 aitﬂidem
800 5407 860 5482 S._
908 5407 1142 5461 Thomas
1189 5407 1327 5482 (2-2ε
1372 5407 1575 5482 ιμ187,
1606 5425 1655 5460 a.
1685 5406 1832 5482 5,_ad
1871 5403 1949 5482 l);
1969 5405 2063 5482 sed

495 5473 692 5530 sufficit
721 5477 862 5544 quod
893 5493 1032 5533 unus
1061 5473 1213 5532 vacet
1241 5479 1328 5532 ttni
1361 5473 1538 5532 ofticio
1559 5517 1574 5542 ,
1626 5487 1682 5531 et
1716 5477 1852 5530 alius
1886 5473 2062 5539 alteri,

499 5555 622 5625 puta
664 5548 1054 5625 quodquidam
1087 5549 1215 5625 s_int_
1237 5548 1461 5625 opifices
1487 5591 1500 5612 ,
1549 5548 2062 5625 quidamagrjcolaa,

497 5613 710 5683 quidam
733 5613 964 5686 judices,
999 5631 1047 5672 et
1081 5620 1158 5672 sic
1185 5619 1250 5672 de
1271 5613 1413 5684 aliis,
1440 5619 1732 5672 secundum
1766 5613 1891 5672 illud
1923 5613 2062 5686 Apo-

496 5687 619 5758 stoli
651 5686 667 5739 ι
699 5689 765 5740 ad
791 5689 1034 5743 Corinth.
1071 5705 1149 5744 ιιι
1176 5707 1187 5741 :
1224 5690 1284 5744 Si
1314 5701 1479 5743 totum
1516 5705 1704 5758 corpus
1750 5689 1949 5753 oculos,
1980 5689 2068 5743 ubi

495 5757 748 5830 auditus?
775 5769 823 5814 et
851 5759 895 5812 si
923 5771 1083 5813 totum
1121 5761 1329 5815 auditus
1348 5805 1363 5830 ,
1394 5762 1476 5814 ubi
1506 5757 1750 5816 odoratus
1773 5762 1796 5816 ?
1819 5771 1922 5816 etc.
1975 5761 2071 5816 At-

494 5828 585 5885 oui
629 5844 695 5884 ex
743 5831 843 5888 hac
892 5839 1044 5896 parte
1074 5846 1182 5887 non
1220 5828 1472 5887 convenit
1520 5832 1785 5901 religiosis
1818 5833 2069 5888 laborare

2174 2151 2442 2206 manibus.
2474 2150 2553 2204 llli
2589 2151 2733 2205 enim
2766 2148 2964 2211 habent
2992 2145 3229 2201 officium
3259 2144 3312 2198 in
3345 2142 3612 2212 republica
3641 2157 3736 2197 non

2173 2222 2433 2288 operandi
2459 2262 2473 2286 ,
2502 2219 2596 2276 sed
2628 2220 2838 2281 arandi,
2875 2217 3160 2288 psallendi,
3196 2214 3572 2279 concinnandi,
3601 2223 3653 2288 et
3675 2212 3739 2268 si-

2175 2284 2322 2347 milia
2373 2284 2686 2361 praéstandi.
2730 2284 2980 2346 Secundo
3009 2287 3186 2361 modo
3234 2295 3490 2361 tenentur
3533 2284 3737 2361 quidem

2173 2355 2385 2433 singuli
2423 2364 2524 2417 hoc
2573 2368 2882 2433 praecepto,
2931 2359 3024 2415 sed
3080 2372 3186 2412 non
3237 2359 3421 2412 minus
3467 2355 3739 2433 saeculares

2174 2427 2332 2502 qua'nt
2369 2433 2630 2503 religiosi.
2680 2427 2813 2486 Nam
2841 2442 3340 2503 quocumquecasu
3383 2436 3477 2482 aut
3519 2427 3740 2503 necessi-

2175 2497 2283 2560 tate
2327 2497 2649 2560 occurrente
2688 2511 2940 2558 tenentur
2970 2501 3168 2570 singuli
3199 2499 3456 2570 laborare
3481 2497 3738 2561 manibus;

2176 2577 2525 2646 proculdubio
2556 2581 2811 2646 tenentur
2857 2567 3150 2646 saeculares
3170 2567 3550 2646 _nih_ilom_inus
3589 2583 3738 2646 quam

2175 2637 2430 2708 religiosi.
2478 2646 2593 2713 Qua
2633 2645 2701 2701 de
2738 2660 2796 2700 re
2827 2643 2948 2698 vide
2987 2643 3135 2697 card.
3169 2641 3562 2713 Bellarminum
3589 2637 3678 2694 lib.
3709 2651 3742 2692 tt

2173 2718 2242 2773 de
2263 2711 2540 2772 Monachis
2565 2732 2686 2782 cap.
2717 2715 2803 2771 42.
2837 2715 3118 2770 Postremo
3140 2712 3458 2767 meminisse
3485 2711 3568 2764 hic
3596 2724 3744 2778 opor-

2176 2798 2250 2843 tet
2277 2831 2291 2847 .
2342 2789 2483 2859 quod
2516 2789 2764 2850 superius
2793 2788 2958 2859 etiam
2989 2800 3054 2840 ex
3086 2785 3146 2839 D.
3177 2783 3740 2859 Thontaannotatum,

2173 2853 2414 2914 laborem
2443 2874 2722 2924 manuum,
2747 2858 2832 2911 vel
2863 2871 2998 2923 Opus
3023 2869 3276 2909 manttum
3308 2853 3411 2908 dici
3437 2867 3594 2924 omne
3618 2865 3744 2924 opus

2175 2931 2482 3001 corporale,
2511 2932 2623 2984 sive
2649 2923 3018 2983 mechanicum
3074 2926 3203 2980 illud
3229 2924 3332 3001 sit,
3363 2924 3489 3001 sive
3511 2923 3741 3001 liberale,

2174 2991 2290 3056 sive
2320 2991 2566 3055 manibus
2594 3009 2798 3053 tantum
2825 3010 3164 3063 exerceatur,
3197 2997 3316 3051 sive
3350 2994 3572 3064 pedibus
3596 3035 3611 3058 ,
3638 2991 3744 3046 sive

2175 3073 2375 3142 lingua,
2399 3075 2513 3126 sive
2540 3071 2646 3126 alio
2675 3070 2855 3131 modo;
2885 3059 3191 3140 appellatur
3221 3059 3370 3122 enim
3399 3080 3538 3142 opus
3563 3077 3748 3142 corpo-
3812 3059 3823 3069 “

2175 3137 2307 3207 rat},
2338 3159 2472 3207 Optts
2502 3158 2784 3202 manuum,
2817 3143 2936 3210 quia
2960 3137 3160 3193 manus
3188 3149 3271 3210 est
3308 3138 3639 3210 praecipuum
3671 3137 3747 3210 in-

2173 3205 2532 3267 strumentum
2560 3227 2666 3282 quo
2695 3205 3004 3280 Operamttr.
3056 3209 3288 3264 Proinde
3329 3205 3506 3282 etiam
3540 3205 3746 3275 religio-

2171 3288 2219 3338 si
2267 3284 2560 3354 psallentes
2581 3278 2652 3337 ’in
2690 3278 2877 3340 choro.
2908 3283 3320 3354 concinnantes,
3355 3289 3452 3333 aut
3476 3278 3742 3354 docentes,

2173 3347 2306 3419 etei,
2345 3356 2500 3420 plane
2531 3356 2777 3409 manibus
2803 3355 3049 3408 laborare
3079 3353 3182 3407 dici
3215 3361 3474 3420 pessum.
3509 3347 3745 3420 Viderint

2178 3417 2402 3492 proinde
2433 3426 2669 3481 haeretici
2701 3440 2859 3494 quam
2893 3439 2998 3478 non
3031 3417 3487 3494 solum-improbe
3511 3459 3528 3485 ,
3569 3417 3658 3494 sed
3697 3426 3748 3473 et

2175 3490 2426 3565 imperite
2478 3497 2620 3552 hanc
2675 3490 2995 3551 sententiam
3041 3492 3288 3563 Apostoli
3335 3492 3392 3546 in
3437 3490 3748 3553 monachos,

2177 3569 2477 3638 praesertim
2504 3567 2897 3632 tttendicantes,
2925 3565 3288 3638 intorqueant.

2247 3649 2274 3676 ι
2307 3639 2545 3706 Inquiete
2593 3639 2867 3698 ambulat,
2914 3637 3006 3706 qui
3045 3635 3186 3706 quod
3215 3635 3302 3688 sui
3329 3632 3608 3706 estioflicii
3651 3643 3750 3706 non

2173 3708 2340 3775 facit,
2369 3701 2426 3764 et
2453 3711 2588 3763 alios
2629 3710 2887 3763 facientes
2915 3701 3112 3761 t'nrba‘t.
3173 3706 3248 3760 De
3273 3721 3388 3772 quo
3423 3705 3484 3758 Β.
3535 3701 3752 3775 Benedi-

2172 3791 2288 3835 ctus
2310 3771 2428 3848 cap.
2461 3780 2529 3834 48
2563 3780 2816 3848 Regulus:
2857 3778 3077 3832 Videant
3121 3771 3352 3830 seniores
3401 3792 3465 3830 ne
3509 3778 3641 3848 forte
3675 3771 3754 3848 itt-

2172 3841 2406 3906 ueniatur
2457 3853 2618 3919 frater
2645 3841 2948 3911 accdiosus,
2981 3849 3069 3918 qui
3093 3855 3234 3901 vacet
3265 3848 3377 3919 otio
3408 3841 3749 3919 aut/altatis,

2173 3932 2218 3976 et
2241 3939 2340 3975 non
2372 3911 2704 3976 est'intentus
2745 3921 2956 3992 lectioni
2975 3911 3003 3979 .’
3023 3929 3198 3992 etnon
3226 3918 3399 3972 solum
3430 3911 3753 3992 sibi—inutilis

2172 4001 2246 4045 est
2273 4035 2285 4046 .
2328 3995 2416 4046 sed
2447 3993 2603 4046 etiam
2629 3993 2762 4046 alios
2789 3991 3026 4055 extollit;
3066 3989 3118 4043 id
3148 3998 3252 4050 est,
3279 3999 3443 4043 extra
3467 3986 3646 4050 tollit,
3686 3986 3755 4036 ait

2172 4064 2641 4128 Turrecrematus,
2662 4064 2762 4117 hoc
2788 4071 2892 4124 est,
2922 4076 2950 4113 a
2980 4061 3212 4114 lectione
3239 4060 3326 4113 vel
3355 4073 3527 4129 opere
3552 4057 3755 4109 abstra-

2176 4135 2271 4206 hit.
2339 4135 2664 4206 Smaragdus
2722 4149 2852 4206 vero
2894 4132 3143 4206 eumdem
3196 4131 3380 4184 locum
3419 4129 3749 4206 explanans.

2175 4203 2450 4260 Acediosus
2475 4245 2490 4268 ,
2535 4201 2752 4272 inquit.
2803 4204 2989 4256 dicitur
3019 4203 3260 4255 ttedt'osus
3281 4245 3295 4264 ,
3329 4201 3528 4255 anxius
3555 4239 3571 4260 ,
3618 4204 3758 4272 variis

2173 4280 2375 4341 mentis,
2401 4265 2486 4330 vel
2499 4265 2672 4328 animo
2697 4275 2846 4338 leuis;
2867 4275 2951 4342 qui
2975 4274 3128 4326 tardio
3145 4273 3330 4325 utentis
3355 4265 3756 4342 commotus,_oel

2173 4335 2374 4401 levitate
2395 4349 2557 4401 animi
2583 4335 2912 4406 subleuatus,
2943 4359 3032 4396 nec
3054 4359 3107 4396 se
3130 4343 3248 4396 sinit
3279 4343 3474 4412 legere,
3507 4355 3599 4392 nec
3627 4335 3757 4412 alios

2172 4418 2378 4471 lectioni
2406 4434 2619 4480 vacare;
2650 4417 2737 4485 qui
2767 4427 2812 4470 et
2841 4417 2936 4468 sibi
2963 4413 3264 4486 uagabundo
3289 4407 3541 4486 inutilis,
3570 4420 3618 4463 et
3644 4407 3758 4486 aliis

2171 4489 2449 4558 legentibus
2479 4481 2732 4542 invenitur
2766 4503 2871 4540 esse
2900 4481 3221 4558 contrarius;
3244 4487 3411 4537 otium
3439 4484 3579 4558 enim
3609 4487 3664 4558 et_
3682 4481 3760 4546 fa—

2173 4550 2319 4612 bulas
2349 4561 2520 4626 diligit
2543 4600 2559 4626 ,
2602 4571 2648 4612 et
2685 4559 2801 4612 ideo
2831 4567 2876 4610 et
2907 4571 2959 4609 se
2996 4568 3040 4608 et
3072 4557 3204 4608 alios
3254 4571 3286 4607 a
3331 4569 3493 4607 sacra
3545 4550 3762 4606 lectione

2171 4629 2413 4691 distollit,
2443 4617 2497 4684 id
2519 4617 2611 4694 est,
2646 4638 2878 4697 segregat
2904 4637 2950 4680 et
2980 4627 3253 4680 disturbat.

2244 4699 2270 4739 δ
2304 4701 2508 4770 Lapsus
2535 4692 2622 4754 hic
2641 4692 2901 4770 memoria
2921 4697 3130 4752 videtur
3150 4697 3476 4770 Cassianus,
3503 4692 3762 4770 vellnen-

2171 4771 2296 4824 dum
2327 4761 2563 4839 irrepsit.
2607 4769 2722 4824 Non
2751 4771 2894 4824 enim
2929 4770 2979 4821 in
3011 4767 3173 4832 primi
3208 4767 3478 4839 Epistoln_
3500 4763 3568 4818 ad
3598 4761 3764 4839 Thes-

2090 4829 2140 4892 Β
2167 4829 2534 4896 salonicen'ses
2558 4883 2574 4906 ,
2605 4841 2697 4894 sed
2733 4841 2783 4892 in
2818 4829 3122 4904 posteriore
3167 4829 3330 4895 atque
3371 4835 3575 4906 eodem
3618 4830 3764 4898 capi-

2173 4921 2225 4964 te
2245 4953 2260 4978 ,
2307 4911 2446 4966 unde
2477 4905 2834 4981 praecedentia
2879 4911 3039 4964 verba
3093 4906 3335 4981 Apostoli
3368 4905 3462 4981 hic
3489 4905 3761 4981 ci_tat_ttur_;

2173 4970 2275 5035 nisi
2326 4970 2558 5037 forte-ad
2595 4983 2721 5036 illud
2753 4982 3002 5047 respiciat
3044 4970 3184 5046 quod
3217 4979 3268 5030 in
3303 4976 3496 5047 priore
3523 4970 3764 5047 Epistola

2173 5053 2437 5108 habetur:
2471 5052 2726 5125 Corripite
2760 5043 3009 5175 inx'aietos
3038 5043 3079 5119 (l
3106 5047 3286 5102 Thess.
3306 5043 3416 5116 in),
3443 5046 3538 5100 ubi
3577 5043 3765 5099 Graece

2173 5126 2446 5175 ἀτάκτους.
2473 5125 2523 5175 id
2555 5133 2660 5175 cst.
2686 5126 2808 5175 inor
2853 5124 3043 5175 ittatOs‘.
3073 5119 3180 5175 Sed
3207 5133 3332 5172 cum
3359 5116 3529 5175 huius
3551 5123 3765 5170 senten-

2172 5126 2447 5187 ἀτάκτους.
2473 5125 2523 5179 id
2555 5116 2660 5188 est,
2686 5116 3055 5192 inordinatos.
3073 5119 3180 5176 Sed
3207 5116 3529 5192 cumihujus
3551 5123 3766 5192 senten-

2177 5196 2263 5248 tia:
2296 5185 2558 5250 hactenus
2605 5185 2708 5248 nun
2740 5190 3072 5255 meminerit,
3121 5199 3176 5244 et
3221 5185 3557 5242 statim‘hic
3605 5185 3743 5250 snbji

2171 5265 2313 5319 ciat:
2351 5265 2416 5318 Et
2469 5283 2570 5319 non
2611 5265 2891 5319 secundum
2931 5262 3252 5315 traditionem
3288 5257 3598 5322 ambulare,
3629 5263 3764 5318 etc.,

2169 5338 2380 5390 videtur
2428 5337 2655 5391 omnino
2687 5337 2824 5388 hanc
2871 5333 3179 5404 posterioris
3223 5329 3772 5404 Epistolte‘spectare

2171 5409 2490 5462 sententiam
2517 5448 2532 5474 ,
2580 5422 2738 5476 quam
2766 5414 2820 5459 et
2847 5398 3095 5476 superius
3124 5403 3394 5476 citavetpt
3421 5417 3435 5452 :
3475 5398 3773 5476 genuit-tiae

2171 5494 2281 5532 mus
2327 5479 2466 5531 vobis
2515 5467 2568 5530 in
2600 5467 2817 5530 'nomine
2857 5467 3066 5546 Domini
3106 5473 3270 5546 nostri
3299 5467 3442 5546 Iesu
3474 5467 3772 5546 Christinut

2167 5549 2478 5603 subtrahatis
2505 5563 2593 5602 vos
2623 5549 2687 5601 ab
2715 5547 2853 5601 omni
2880 5545 3038 5615 fratre
3072 5541 3376 5598 ambulante
3398 5543 3666 5602 ἀτάκτως,
3697 5541 3776 5588 in-

2169 5621 2424 5683 ordinate,
2453 5630 2499 5672 et
2529 5636 2632 5672 non
2653 5619 2929 5683 secundum
2963 5615 3330 5676 traditionem,
3371 5629 3538 5682 quam
3563 5621 3778 5683 accepta.

2174 5700 2293 5743 runt
2337 5707 2367 5742 a
2404 5678 2544 5743 nobis
2574 5690 2639 5760 (ll
2672 5678 2853 5760 Thess.
2897 5689 2981 5756 It).
3033 5685 3203 5740 Porro
3247 5678 3498 5760 ἀτὸριὶνσιν
3545 5682 3806 5735 veritum.

2175 5762 2412 5816 militare
2439 5770 2542 5827 est,
2574 5754 2952 5828 signiﬁcatque
2977 5763 3215 5828 se‘extra
3245 5754 3511 5828 ordinem
3546 5762 3777 5828 ponere,

2176 5847 2242 5888 ac
2285 5832 2354 5888 de
2379 5820 2553 5888 classe
2585 5820 2921 5893 subducere;
2973 5826 3245 5898 quomodo
3282 5827 3509 5882 ἀτάκτοι
3533 5820 3562 5890 ,⁷
3587 5820 3642 5878 id
3673 5828 3778 5885 est,
