3986 6320
241 347 323 405 581
837 347 924 404 DE
963 345 1440 404 C(ENOBIOBUM
1481 343 1726 404 INS'I‘IT.
1768 344 1896 404 LIB.
1940 344 2005 400 Χ.
2037 374 2106 387 -
2139 345 2226 402 DE
2263 345 2532 406 SPIRITU
2571 345 2869 406 ACEUIE.
3380 345 3493 408 881

241 463 470 537 appellat,
497 477 600 520 nec
624 465 922 520 secundum
956 462 1302 520 traditionem
1330 463 1613 520 ambulare
1633 477 1795 534 quam
1825 467 1875 527 Α
1901 462 2239 529 vulneribus,
2273 463 2366 520 sed
2413 465 2577 521 etiam
2627 465 2797 533 sanis,
2841 464 3038 536 quibus
3078 477 3268 522 eorum
3319 466 3494 537 possit

239 566 540 622 acceperant
568 556 641 611 ab
667 571 767 622 eo;
795 556 1070 622 inquietos
1099 557 1262 611 etiam
1290 570 1413 611 esse
1441 555 1717 623 definivit,
1746 563 1804 611 et
1906 565 2165 626 perpetua
2217 557 2451 625 smpitas
2503 558 2786 624 custodiri,
2839 557 3098 615 similiter
3138 561 3491 629 congruentia

240 652 376 722 gratis
405 664 604 719 panem
647 651 996 705 manducare.
1051 649 1281 704 Rursum
1319 649 1405 704 hic
1430 667 1442 702 :
1473 650 1801 716 Audivimus,
1909 659 2177 718 praecepta
2203 651 2570 714 commendat,
2599 652 2810 716 dicens,
2851 652 2954 707 Vos
2982 663 3156 708 autem
3177 654 3336 708 nolite
3361 653 3494 725 defi-

242 744 404 813 inquit,
435 743 693 812 quosdam
721 745 852 797 inter
872 759 960 797 vos
988 743 1261 797 ambulare
1280 745 1499 811 inquiete
1528 742 1595 814 (ll
1622 742 1799 797 Thess.
1903 757 2016 794 cere
2036 740 2406 802 benefacientes
2435 742 2502 812 (ll
2538 743 2719 799 Thess.
2754 747 2854 815 ut),
2886 747 2976 812 qui
3004 760 3124 805 nos.
3163 745 3216 800 id
3243 755 3346 810 est,
3371 747 3489 800 vias

248 837 327 905 tu).
365 836 428 889 Et
474 835 759 905 subjungit
805 837 985 890 statim
1017 837 1314 890 secundum
1347 839 1679 904 languorem,
1708 835 1804 904 qui
1905 844 2146 899 nostras,
2173 846 2470 901 sectantes,
2492 837 2744 906 exempla
2769 838 2920 892 vobis
2951 838 3144 894 tradita
3169 841 3350 907 operis
3371 837 3495 893 imi-

244 927 614 997 inquietudinis
639 928 801 997 liujus
827 938 911 984 est
944 929 1136 982 radix:
1193 925 1382 993 Nihil,
1420 928 1632 996 inquit,
1674 941 1797 993 ope-
1908 929 2110 983 tati0ne
2151 929 2460 1000 completis,
2509 944 2572 985 ac
2617 946 2956 1001 nequaquam
2997 945 3187 986 eorum
3225 930 3488 985 desidiam

239 1033 385 1078 rantes
414 1061 432 1088 ,
480 1023 705 1078 tertium
733 1039 951 1093 quoque
980 1023 1226 1077 morbum
1253 1063 1267 1083 .
1313 1022 1402 1092 qui
1429 1036 1495 1076 ex
1532 1023 1632 1075 isto
1656 1019 1805 1076 velut
1903 1020 2265 1092 inertiamque
2312 1021 2616 1076 sectamini.
2639 1020 2667 1060 ιν
2690 1022 2870 1077 Nolite
2908 1023 3128 1090 deficere
3163 1023 3492 1094 benefacien-

241 1114 429 1186 quidam
452 1114 799 1171 ramusculus
829 1116 1038 1168 oritur:
1072 1117 1161 1168 sed
1183 1115 1384 1169 curiose
1413 1123 1637 1186 agentes.
1903 1121 2001 1179 tes,
2034 1112 2088 1168 id
2120 1123 2222 1177 est,
2270 1113 2662 1169 humanitatem
2697 1127 2929 1170 vestram
2961 1128 3086 1185 erga
3115 1128 3232 1179 eos,
3265 1113 3309 1169 si
3351 1112 3491 1170 forte

796 1207 1024 1263 CAPUT
1063 1206 1204 1263 XIV.
1904 1205 2242 1273 neglexerint
2284 1206 2578 1261 observare
2615 1221 2736 1276 quae
2777 1205 3040 1272 diximus,
3086 1207 3336 1263 similiter
3384 1207 3488 1262 im-

518 1299 672 1364 Quod
707 1300 876 1354 multa
904 1299 1027 1353 vitia
1053 1308 1280 1367 amputet
1310 1297 1500 1353 oratio.
1905 1297 2122 1366 pertire.
2160 1295 2231 1350 Ut
2260 1297 2544 1366 castigavit
2569 1312 2703 1367 ergo
2746 1313 2842 1352 eos
2869 1296 2961 1369 qui
2990 1308 3146 1353 erant
3174 1298 3396 1363 infirmi,
3421 1313 3490 1355 ne

297 1395 474 1464 Itaque
516 1392 690 1448 fomiti
736 1394 987 1447 vitiorum
1034 1400 1304 1446 tantorum
1335 1403 1632 1458 congruam
1660 1401 1805 1443 nunc
1903 1389 2019 1442 otio
2045 1385 2296 1441 dissoluti
2340 1388 2698 1456 inquietudini
2724 1397 2780 1443 et
2804 1389 3106 1443 curiositati
3138 1403 3360 1458 Operam
3388 1389 3489 1444 da-

243 1488 657 1544 emendationem
706 1487 958 1542 conferre
1004 1485 1243 1551 festinat,
1271 1492 1329 1539 et
1354 1484 1445 1539 illa
1477 1482 1802 1554 apostolica,

241 1597 323 1650 qua
352 1596 486 1636 usus
510 1579 688 1634 fuerat
713 1579 874 1649 paulo
900 1588 1026 1633 ante
1053 1618 1068 1642 ,
1099 1577 1344 1648 deposita
1378 1584 1675 1644 potestate,
1703 1575 1806 1630 ite-

240 1689 333 1730 rum
369 1673 438 1726 ad
471 1675 681 1726 viscera
724 1663 796 1742 pii
844 1670 1012 1740 patris
1049 1670 1137 1726 vel
1185 1667 1467 1724 clementis
1507 1665 1804 1722 revertitur

239 1768 407 1824 Medici
426 1805 443 1832 ,
478 1777 531 1822 et
577 1767 727 1821 velut
757 1766 883 1820 filiis
911 1765 1289 1836 susceptisque
1317 1765 1430 1820 suis
1458 1765 1690 1819 consilio
1717 1777 1804 1818 sa-

1903 1491 2061 1548 rent;
2090 1486 2160 1536 ita
2192 1482 2290 1536 bos
2311 1483 2402 1551 qui
2440 1483 2557 1538 sani
2588 1493 2712 1537 sunt
2745 1492 3064 1553 praemonet,
3099 1495 3150 1537 ut
3186 1484 3493 1537 humanita-

1904 1583 2034 1642 tem,
2073 1589 2236 1641 quam
2270 1573 2426 1629 bonis
2469 1588 2533 1628 ac
2582 1575 2739 1629 malis
2778 1574 3059 1642 impertire
3103 1574 3314 1629 Domini
3352 1589 3490 1645 prte-

1903 1675 2062 1734 cepto
2109 1665 2380 1736 jubemur,
2432 1667 2479 1722 si
2528 1665 2672 1722 forte
2721 1666 2941 1737 quidam
2997 1668 3146 1736 pravi
3186 1667 3252 1722 ad
3301 1681 3491 1723 sanam

1903 1761 2206 1816 doctrinam
2234 1761 2480 1816 converti
2525 1760 2836 1826 noluerint,
2870 1775 2974 1817 non
3005 1759 3326 1816 abscindant
3369 1761 3490 1834 [ab-

237 1859 350 1914 lubri
404 1859 574 1914 infert
604 1858 847 1914 remedia
893 1858 1163 1925 sanitatis,
1193 1857 1423 1912 dicens:
1475 1855 1578 1910 His
1603 1865 1797 1921 autem,
1830 1857 1875 1916 Β
1903 1852 2192 1923 scondant]
2219 1853 2287 1907 ab
2314 1853 2433 1918 eis;
2467 1851 2562 1908 sed
2593 1851 2922 1908 benefacere
2949 1860 3004 1906 et
3027 1849 3213 1907 fovere
3241 1865 3336 1906 eos
3378 1860 3489 1906 tam

238 1953 308 2022 qui
325 1953 586 2025 ejusmodi
616 1960 757 2014 sunt,
783 1951 1150 2006 denuntiantus
1177 1961 1224 2004 et
1257 1951 1588 2005 obsecramus
1612 1951 1664 2004 in
1691 1949 1797 2003 Du-

238 2047 350 2099 iaino
371 2043 542 2113 Jesu,
579 2054 604 2082 ⁸
631 2053 689 2098 ut
725 2060 843 2098 cum
869 2044 1077 2100 silentio
1106 2053 1379 2113 operantes
1420 2059 1606 2114 panem
1647 2059 1802 2098 suum

235 2139 548 2192 manducent.
579 2136 787 2192 Causas
825 2144 1101 2191 tantorum
1147 2135 1394 2190 ulcerum
1449 2149 1570 2204 quas
1608 2133 1676 2188 de
1716 2149 1803 2189 ra-

235 2230 334 2285 dice
377 2230 680 2285 otiositatis
725 2237 1013 2300 emergunt
1058 2244 1166 2284 uno
1210 2227 1545 2298 operationis
1573 2226 1800 2283 salutari

235 2330 489 2391 praerepto
515 2323 764 2388 curavit,
807 2330 866 2376 ut
897 2320 1262 2388 peritissimus
1287 2321 1665 2387 medicorum;
1696 2335 1800 2376 cte—

237 2424 355 2469 teras
378 2431 599 2486 quoque
633 2413 977 2470 valetudines
1013 2413 1186 2470 malas
1222 2413 1414 2470 eodem
1443 2415 1650 2483 cespite
1679 2413 1797 2484 pul-

234 2505 452 2561 lulantes
477 2507 656 2564 sciens
680 2508 925 2576 protinus
945 2505 1392 2577 exstinguendas,
1417 2505 1628 2577 origine
1653 2521 1796 2562 mor-

232 2601 275 2654 bi
304 2600 615 2670 principalis
642 2609 915 2671 exempta.

847 2691 1074 2750 CAPUT
1119 2691 1233 2748 XV.

231 2777 295 2836 De
305 2783 614 2838 humanitate
621 2783 780 2838 etiam
791 2784 972 2839 otiosis
985 2792 1032 2838 et
1045 2783 1416 2855 negligentibus
1429 2785 1496 2838 im
1503 2783 1795 2854 partienda.

289 2876 642 2932 Nihilominus
685 2886 864 2932 tamen
896 2887 954 2933 ut
994 2876 1502 2948 perspicacissimus
1530 2893 1593 2934 ac
1621 2877 1803 2947 provi-

231 2969 323 3026 dus
344 2971 611 3039 medicus,
640 2987 748 3027 non
780 2971 956 3027 solum
992 2970 1381 3026 infirmantium
1415 2971 1566 3040 cupit
1596 2969 1802 3025 mederi

1905 1946 2297 2002 consolationis
2326 1953 2382 2002 et
2410 1946 2774 2015 correptionis
2817 1959 3092 2011 sermone,
3121 1959 3285 2015 quam
3327 1945 3493 2001 bene-

1907 2040 2043 2096 ficiis
2071 2039 2246 2096 solitis
2271 2047 2326 2096 et
2349 2038 2688 2095 humanitate
2717 2052 2822 2092 non
2851 2036 3124 2094 desinant.

2498 2151 2730 2209 CAPUT
2776 2151 2916 2208 XVI.

1907 2248 2059 2316 Quod
2080 2262 2182 2303 non
2205 2247 2335 2312 odii,
2359 2245 2446 2302 sed
2467 2246 2762 2301 dilectionis
2782 2261 2945 2300 causa
2969 2260 3056 2299 eos
3081 2244 3167 2315 qui
3189 2243 3495 2315 delinquunt

2427 2319 2684 2386 corripere
2710 2317 2967 2372 debemus.

1972 2411 2202 2466 Rursum
2250 2419 2434 2465 tamen
2483 2423 2554 2464 ne
2603 2407 2742 2462 forte
2788 2406 2890 2462 hac
2935 2405 3160 2462 lenitate
3213 2403 3494 2476 provocati

1898 2503 2116 2576 quidam
2161 2503 2446 2573 praeceptis
2489 2502 2606 2572 ejus
2650 2499 2873 2556 obedire
2913 2507 3283 2565 contemnant,
3321 2499 3492 2553 intor-

1899 2599 2094 2655 miscet
2135 2597 2487 2662 apostolicam
2529 2595 2873 2650 severitatem
2907 2611 2922 2647 :
2972 2591 3124 2658 Quod
3162 2592 3206 2645 si
3231 2591 3346 2661 quis
3385 2607 3492 2646 non

1900 2692 2070 2747 obedit
2101 2689 2250 2746 verbo
2280 2698 2480 2756 nostro,
2502 2705 2595 2761 per
2614 2687 2886 2759 epistolam
2907 2686 3043 2739 hunc
3070 2694 3266 2747 notate,
3290 2693 3338 2738 et
3355 2693 3376 2722 ο
3401 2699 3494 2738 no-

1905 2785 1992 2840 lite
2021 2783 2335 2838 commisceri
2361 2799 2479 2836 cum
2505 2782 2618 2847 illo,
2641 2789 2699 2835 ut
2720 2778 3072 2849 confundatur
3094 2776 3158 2849 (ιι
3180 2775 3360 2832 Thess.
3384 2775 3490 2846 tit).

1909 2878 2244 2948 Moriensque
2287 2890 2383 2931 eos
2412 2890 2511 2946 pro
2542 2874 2844 2930 reverentia
2867 2871 2951 2926 sui
2981 2880 3036 2926 et
3070 2869 3306 2925 utilitate
3345 2883 3494 2924 com-

1912 2971 2057 3026 muni
2090 2969 2214 3040 qnid
2242 2976 2490 3038 oporteat
2515 2965 2819 3031 observari,
2845 2978 3058 3036 quaque
3083 2963 3336 3019 cautione
3359 2975 3492 3032 apo-

1271 3101 1525 3160 ALARDI
1564 3102 1802 3161 GAZA‘II
1840 3103 2413 3162 COMMENTARIUS.

230 3213 495 3274 inordinati
522 3217 812 3292 dicuntur,
826 3225 882 3292 et
908 3216 1212 3292 inordinate
1237 3217 1542 3292 ambulare,
1578 3221 1667 3288 qui
1703 3219 1788 3276 in-
1817 3219 1863 3285 C
1895 3221 2220 3277 nicatiouem
2265 3237 2371 3277 non
2409 3220 2699 3292 significari
2737 3221 2861 3275 inde
2887 3219 3183 3292 colligitur,
3216 3220 3360 3292 quod
3388 3235 3486 3277 eos

231 3297 296 3343 tra
334 3290 717 3345 ecclesiasticae
747 3290 949 3344 militiae
999 3289 1080 3344 vel
1131 3290 1446 3344 monasticae
1490 3289 1791 3361 disciplina

230 3361 446 3416 ordinem
478 3377 542 3416 se
569 3365 855 3416 continere
885 3369 1191 3426 nequeunt,
1237 3361 1473 3415 claustro
1499 3377 1558 3416 se
1586 3363 1791 3419 subdu-

229 3441 355 3505 cunt,
381 3447 481 3488 nec
507 3431 895 3505 communibus
916 3432 1075 3505 subdi
1096 3431 1309 3499 legibus
1330 3432 1622 3499 sustinent,
1643 3434 1791 3505 quod

229 3500 272 3554 in
297 3505 484 3559 castris
508 3505 725 3560 ἀτάκτοι
754 3502 951 3556 milites
980 3502 1200 3556 faciunt.

289 3581 310 3609 ι
347 3574 540 3629 Paucis
596 3575 777 3629 verbis
828 3574 1120 3643 Apostolus
1167 3573 1275 3628 duo
1321 3579 1452 3633 vitia
1506 3579 1623 3633 fere
1663 3592 1796 3633 con-

226 3641 409 3718 juncta,
443 3661 748 3714 eorumque
787 3641 1046 3708 antidoto,
1083 3645 1152 3700 de
1195 3649 1391 3714 quibus
1432 3665 1616 3718 supra,
1649 3664 1789 3704 com-

230 3716 398 3790 plexus
436 3725 547 3790 est.
580 3719 816 3790 quietem
854 3730 1134 3790 apponens
1164 3716 1573 3787 curiositati,‘et
1603 3734 1796 3790 opera-

228 3787 406 3859 tionem
447 3789 583 3842 ntio.
612 3788 883 3859 Operatur
910 3788 1052 3842 enim
1083 3802 1204 3841 cum
1241 3791 1481 3854 silentio,
1516 3791 1567 3846 id
1599 3787 1706 3859 est,
1741 3791 1792 3846 in

229 3857 426 3913 silentio
467 3867 527 3914 et
553 3861 759 3930 quiete,
797 3858 1225 3930 quialienarum
1273 3877 1454 3916 rerum
1490 3857 1795 3918 incuriosus

228 3939 314 3981 suo
336 3933 486 3996 operi
526 3929 607 3983 vel
640 3930 851 3986 muneri
876 3929 1167 3994 diligenter
1195 3931 1476 3988 incumbit.

286 3999 312 4074 ιζ
348 4001 435 4056 Sic
471 4001 540 4055 ad
579 4000 798 4056 Galatas
826 4015 879 4054 vi
906 4018 916 4052 :
948 3998 1154 4074 Bonum
1197 4011 1364 4056 autem
1399 4004 1646 4074 facientes
1690 4020 1795 4058 non

226 4069 544 4150 deficiamus;
599 4082 826 4142 tempore
873 4072 1008 4124 enim
1056 4086 1149 4124 suo
1202 4069 1447 4129 metemus
1500 4091 1602 4128 non
1659 4074 1791 4144 deﬁ-

225 4152 394 4198 ειεηιεε
401 4184 412 4195 .

289 4222 306 4247 θ
347 4212 522 4268 Verba
559 4223 738 4266 textus
788 4227 802 4267 :
839 4212 920 4266 Ne
965 4215 1399 4269 commisceamini
1444 4232 1558 4269 cum
1597 4217 1710 4280 illo,
1738 4226 1793 4272 ut

224 4283 768 4353 confundatursildem
820 4284 940 4338 aliis
991 4286 1173 4339 verbis
1218 4288 1380 4353 paulo
1419 4295 1545 4343 ante
1581 4287 1794 4343 dixerat

224 4350 503 4418 Apo~tnlus
531 4372 546 4409 :
579 4352 646 4408 Ut
676 4356 984 4428 subtrahatis
1014 4370 1102 4428 eos
1131 4358 1194 4409 ab
1223 4350 1378 4411 omni
1405 4361 1566 4428 fratre
1593 4359 1795 4412 inordi-

226 4435 330 4496 nate
352 4429 684 4490 ambulante;
715 4426 813 4477 ltm-
841 4438 944 4485 est,
974 4427 1093 4496 ejus
1118 4426 1446 4495 colloquium
1479 4439 1531 4483 et
1571 4444 1794 4484 consor-

225 4494 339 4569 tium
378 4497 585 4569 vitctis,
622 4508 677 4549 ut
716 4497 926 4569 pudore
957 4494 1190 4552 suffusus
1221 4494 1524 4569 resipiscat,
1556 4514 1677 4554 eum
1709 4501 1792 4555 vi-

224 4562 347 4618 derit
384 4581 443 4621 se
481 4568 552 4621 ab
592 4562 841 4621 omnibus
882 4568 1058 4621 vitari.
1091 4571 1152 4620 Et
1193 4569 1214 4623 l
1253 4562 1681 4624 ad'Curinthios
1713 4587 1787 4624 v:

222 4632 274 4688 Si
298 4639 359 4702 is,
382 4638 474 4710 qni
503 4640 666 4704 frater
688 4643 997 4710 nominatur.
1024 4650 1096 4692 est
1122 4639 1429 4710 fornicator,
1459 4650 1554 4694 aut
1580 4656 1790 4707 avarus,
1818 4610 1872 4670 Β

220 4718 298 4783 aut
326 4707 628 4774 maledicus,
658 4717 749 4761 aut
779 4709 1032 4783 ebriosus,
1061 4707 1194 4773 etc.,
1224 4727 1340 4763 cum
1369 4707 1676 4783 hitjusmodi
1701 4729 1792 4766 nec

220 4778 369 4830 cibum
408 4795 630 4833 sumere.
681 4783 945 4844 Quaerunt
986 4781 1313 4847 interpretes
1341 4796 1407 4836 an
1434 4778 1562 4836 'illis
1610 4783 1793 4839 verbis

219 4848 539 4914 significetur
559 4850 1089 4904 excommunicatio?
1113 4854 1212 4905 huc
1235 4861 1338 4914 est,
1366 4870 1431 4906 an
1459 4867 1554 4908 eos
1576 4868 1793 4908 excom-

221 4921 473 4974 municari
502 4921 727 4974 voluerit
764 4921 1076 4987 Apostolus,
1107 4936 1246 4990 quos
1276 4939 1302 4973 a
1335 4921 1588 4978 fidelibus
1633 4924 1790 4980 vitari

221 4992 484 5066 praecipit?
529 4991 628 5046 Ubi
669 4991 736 5044 de
782 5006 911 5066 vera
953 5000 1008 5066 et
1049 4992 1306 5066 canonica
1347 4994 1789 5050 excommunica-

220 5061 371 5135 tione,
398 5063 516 5115 sive
541 5076 770 5117 censura
799 5061 1188 5135 ecclesiastica,
1220 5069 1500 5135 quaeritur
1537 5080 1658 5135 quae
1703 5077 1788 5120 est

220 5133 454 5196 pracisio
495 5147 522 5183 a
563 5147 797 5202 corpore
831 5133 1053 5196 Christi,
1087 5134 1229 5202 quod
1259 5146 1340 5188 est
1376 5133 1639 5197 Ecclesia.
1671 5135 1788 5192 sive

217 5213 242 5250 a
281 5205 661 5275 communione
711 5202 967 5275 fidelium.
1021 5206 1152 5268 Quae
1192 5205 1409 5274 quidem
1451 5208 1678 5275 quintio
1720 5208 1786 5261 ad

218 5281 472 5344 rationem
504 5273 733 5328 instituti
766 5274 934 5327 nostri
977 5289 1161 5340 parum
1195 5273 1416 5341 faceret,
1450 5273 1552 5330 nisi
1584 5278 1784 5344 aliquid

218 5337 339 5396 lucis
369 5343 592 5398 afferret
634 5345 701 5398 ad
748 5337 1159 5414 intelligentiam
1190 5337 1784 5414 excommunicationis,

215 5423 360 5476 quam
399 5414 705 5483 prmsrribit
743 5413 808 5468 D.
843 5415 1003 5469 Pater
1030 5424 1214 5470 noster
1242 5415 1564 5473 Benedictus
1594 5423 1644 5472 in
1675 5413 1785 5473 Reé

216 5486 322 5556 gula
355 5501 460 5550 pro
496 5484 668 5556 culpis
697 5494 806 5538 tum
837 5487 1196 5556 gravioribus,
1229 5495 1339 5540 tum
1373 5487 1684 5543 levioribus.
1721 5489 1790 5544 Et

213 5552 415 5620 quidem
438 5552 1060 5626 excoinmunicationem
1085 5555 1492 5626 liic_agnoscunt
1520 5557 1790 5626 interpre-

215 5630 285 5700 tes
332 5635 443 5680 tam
480 5625 726 5700 __(_}rte_ci,_
723 5641 883 5700 quam
917 5624 1445 5700 l._atini_(Cltrysost.,
1489 5624 1786 5700 Tlteopltilq

213 5693 438 5768 Qagusti.
471 5697 558 5749 lib.
589 5698 653 5750 de
679 5693 814 5751 Fide
858 5706 906 5751 et
931 5693 1138 5768 Operib.
1165 5693 1280 5766 cap.
1315 5696 1368 5753 2.
1409 5693 1471 5754 S.
1514 5693 1698 5754 Thom.
1742 5693 1790 5756 et

213 5760 366 5839 Caici.
390 5768 450 5821 in
479 5768 807 5839 comment.);
838 5768 935 5824 sed
963 5760 1029 5823 de
1065 5760 1240 5822 modo'
1261 5778 1316 5822 et
1336 5772 1521 5839 specie
1569 5786 1788 5826 excom—

214 5837 580 5894 municationis
607 5839 697 5896 hic
716 5837 996 5910 quaeritur.
1022 5839 1156 5896 Nam
1181 5837 1444 5910 majorem
1466 5856 1788 5899 excommu-

1899 3294 2194 3362 bpostolus
2225 3308 2330 3346 non
2363 3291 2546 3355 tradit,
2581 3305 2681 3346 nec
2713 3293 2847 3345 tradi
2893 3291 3050 3362 jubet
3084 3291 3317 3359 Satanae,
3349 3294 3494 3350 sicut

1896 3361 2234 3418 Corinthium
2265 3363 2410 3418 illum
2437 3367 2821 3426 incestuosum,
2846 3361 2914 3417 de
2934 3377 3041 3430 quo
3074 3365 3125 3417 in
3153 3364 3388 3433 Epistola
3422 3365 3489 3419 ad

1897 3433 2232 3499 Corinthios,
2257 3435 2492 3502 itemque
2516 3435 2868 3504 Hymenaeum
2899 3443 2954 3488 et
2985 3433 3350 3504 Alexandrum
3380 3435 3489 3490 liae-

1897 3508 2118 3572 reticos,
2147 3505 2166 3560 1
2207 3505 2272 3558 ad
2304 3505 2444 3559 Tim.
2475 3520 2521 3570 ι,
2561 3503 2655 3560 sed
2699 3504 3076 3558 tantummodo
3113 3503 3366 3559 vitandos
3394 3505 3493 3561 de-

1897 3577 2098 3642 cernit,
2147 3586 2333 3646 utpote
2375 3591 2604 3642 quorum
2654 3584 2874 3645 peccata
2932 3591 3040 3630 non
3088 3585 3195 3629 tam
3243 3577 3489 3646 enormia

1901 3658 2076 3713 erant,
2129 3657 2185 3700 ut
2211 3645 2515 3717 propterea
2562 3657 2914 3717 mererentur
2941 3662 2970 3699 a
3011 3660 3244 3716 corpore
3282 3645 3486 3702 Christi

1897 3717 2205 3786 praescindi,
2228 3716 2283 3772 et
2305 3727 2452 3771 extra
2481 3717 2778 3772 Ecclesium
2804 3716 3024 3786 projici;
3055 3718 3150 3771 sed
3179 3717 3487 3786 hujusmodi

1897 3796 2099 3851 tamen,
2134 3788 2206 3843 ob
2249 3804 2368 3858 qua:
2421 3791 2616 3843 merito
2658 3787 2861 3842 vitandi
2904 3797 3086 3842 essent
3135 3803 3163 3840 a
3215 3787 3483 3843 fidelibus.

1901 3858 2052 3915 Unde
2099 3862 2262 3916 etiam
2309 3859 2583 3928 colligitur
2613 3873 2711 3912 nec
2746 3860 3012 3914 minorem
3043 3861 3484 3913 excommunica-

1897 3931 2097 3985 tionem
2129 3931 2318 3984 iisdem
2345 3928 2526 3983 verbis
2557 3929 2854 3996 designari,
2879 3945 3001 3985 cum
3031 3928 3146 3985 hac
3179 3945 3282 3984 non
3306 3945 3334 3982 a
3357 3947 3484 3985 con-

1897 4003 2067 4056 sortio
2098 4001 2356 4065 fidelium,
2387 4001 2482 4056 sed
2512 4009 2719 4055 tantum
2742 4015 2770 4054 a
2800 4001 3274 4056 Sacramentorum
3301 4001 3483 4056 Eccle—

1897 4075 1993 4127 sia.-
2026 4087 2124 4128 usu
2159 4082 2215 4128 et
2247 4072 2654 4141 participatione
2680 4071 2953 4140 excludat.
2999 4073 3194 4127 Restat
3226 4072 3390 4142 igitur
3425 4083 3487 4128 ut

1895 4158 2066 4212 genus
2088 4144 2306 4211 aliquod
2329 4143 2904 4214 excommunicationis
2929 4144 2999 4197 ab
3028 4145 3288 4213 Apostolo
3314 4145 3484 4214 signi-

1898 4215 2108 4279 ficetur,
2145 4215 2287 4286 quod
2326 4213 2562 4269 medium
2597 4213 2836 4286 sitinter
2863 4213 3482 4286 excommunicationem

1898 4285 2171 4356 tnajnreni’
2197 4300 2248 4341 et
2286 4289 2570 4354 minorem,
2600 4301 2734 4356 quas
2765 4285 2926 4341 hodie
2956 4301 3212 4342 vocamus
3242 4298 3298 4341 et
3349 4304 3481 4342 cen-

1897 4373 2055 4414 suras
2084 4358 2314 4413 dicimus
2343 4358 2768 4412 ecclesiasdcas.
2804 4357 2913 4412 Hac
2943 4360 3088 4413 enim
3115 4359 3482 4412 excommuni-

1897 4429 2108 4483 catione.
2131 4429 2262 4482 nihil
2285 4429 2430 4484 aliud
2455 4429 2624 4482 voluit
2649 4429 2964 4496 Apostolus,
2987 4442 3148 4496 quam
3174 4429 3480 4498 hujusmodi

1895 4500 2233 4568 gravioribus
2257 4501 2491 4567 peccatis
2519 4510 2573 4553 et
2602 4498 2876 4554 scandalis
2897 4499 3170 4555 obnoxios
3206 4514 3236 4554 a
3267 4503 3483 4555 caeteris

1899 4571 2151 4624 fidelibus
2196 4569 2384 4636 vitari;
2433 4569 2597 4640 idque
2645 4569 2845 4638 duplici
2891 4573 3105 4625 ratione
3144 4589 3158 4623 :
3198 4571 3374 4640 primo
3413 4585 3480 4627 ne

1895 4641 2008 4695 suis
2060 4641 2262 4695 morbis
2308 4651 2364 4695 et
2411 4641 2556 4694 vitiis
2597 4641 2738 4694 alios
2784 4640 3481 4712 inficerent:Corruntpunt

1895 4713 2030 4765 enim
2061 4712 2220 4765 bonos
2266 4728 2433 4783 mores
2459 4711 2720 4782 colloquia
2747 4727 2929 4783 praua,
2959 4711 2980 4767 ι
3010 4710 3260 4767 Corinth.
3291 4710 3395 4776 xv;
3424 4721 3482 4766 et

1896 4783 2092 4836 ibidem
2121 4798 2242 4850 cap.
2276 4799 2306 4836 ν
2333 4799 2348 4834 ε
2382 4781 2609 4836 Nescitis
2633 4781 2758 4852 quia
2785 4783 3046 4836 modicum
3075 4783 3379 4852 fermentum
3404 4791 3480 4835 to-

1896 4861 1999 4906 tam
2033 4869 2258 4906 massam
2302 4854 2629 4923 corrumpit?
2672 4853 2912 4908 secundu
2952 4861 3011 4908 ut
3051 4851 3256 4922 pudore
3299 4851 3480 4907 allecti

1897 4925 2299 4994 resipiscerent,
2330 4927 2430 4979 hoc
2458 4933 2567 4989 est,
2599 4924 2666 4977 ad
2694 4925 2965 4979 saniorem
2993 4932 3232 4994 mentem
3271 4933 3345 4994 et_
3368 4937 3478 4978 me-

1897 4992 2087 5048 liorem
2139 4994 2348 5063 frugem
2398 4994 2664 5061 redirent,
2727 4996 2801 5048 uti
2857 5009 3048 5065 supra.
3106 4993 3298 5065 Porro”
3334 4992 3479 5048 hunc

1897 5066 2401 5121 excommunicaudi
2445 5066 2686 5127 modum,
2734 5081 2843 5135 quo
2894 5063 3104 5135 scilicet
3153 5063 3370 5135 publice
3415 5078 3478 5118 ac

1892 5137 2209 5190 nominatim
2265 5136 2727 5191 denuntiabantur
2759 5134 2854 5207 qui
2904 5151 2954 5207 a7
2984 5134 3233 5190 ﬁdelibus
3271 5134 3476 5189 vitanti

1891 5214 2098 5273 essent,
2129 5208 2328 5261 fatetur
2351 5218 2403 5263 et
2443 5206 2797 5277 conqueritur
2827 5207 2890 5263 D.
2922 5206 3477 5277 Chrysostomﬁnssuo

1886 5277 1996 5346 jam
2029 5288 2269 5342 tempore
2294 5275 2622 5342 exolevisse,
2652 5279 2906 5332 nimirum
2932 5279 2985 5330 in
3015 5275 3289 5330 communi
3317 5275 3476 5342 plebe

1893 5348 2154 5404 ﬁdelium.
2177 5348 2247 5402 At
2273 5349 2324 5402 in
2348 5350 2692 5404 monasteriis
2713 5360 3092 5417 perseverasse
3111 5356 3262 5402 recte
3286 5346 3476 5400 obser-

1892 5421 2036 5488 vavit
2081 5419 2370 5484 Cajetanus
2422 5417 2516 5488 (In
2563 5419 2866 5488 commen.),
2916 5417 3368 5488 quemadmodum
3421 5426 3476 5472 et

1893 5487 2053 5544 hodie
2081 5490 2259 5544 adhuc
2289 5486 2622 5559 persevi'rat,
2653 5489 2780 5544 dum
2809 5486 2877 5542 ab
2902 5486 3142 5542 oratorio
3172 5487 3260 5543 vel
3284 5503 3315 5542 a
3343 5501 3478 5542 con-

1893 5562 2196 5615 versatione
2245 5563 2492 5625 fratrum,
2543 5561 2625 5614 vel
2668 5575 2694 5612 a
2751 5574 2960 5625 mensa,
3007 5559 3093 5614 vel
3138 5573 3169 5612 a
3220 5559 3474 5628 portione

1891 5631 2164 5686 communi
2194 5630 2363 5702 aliqui
2397 5640 2618 5700 propter
2634 5629 3322 5702 rdelicta‘separanturaut
3363 5628 3474 5698 pri-

1892 5711 2105 5766 vantur,
2141 5699 2589 5771 quemadmodum
2617 5701 2682 5771 in
2717 5699 2899 5770 regula
2924 5700 2991 5756 D.
3023 5699 3299 5758 Benedicti
3329 5713 3470 5771 pra-

1891 5769 2332 5844 scribiturfCap.
2362 5771 2436 5828 24
2465 5782 2512 5828 et
2539 5769 2654 5840 44).
