3966 6326
445 199 552 252 385

1761 201 2036 265 JOANNIS
2074 204 2387 263 CASSIANI

3591 208 3686 268 385

441 316 633 374 stolica
667 316 914 373 mandata
943 321 1272 386 custodiam,
1313 321 1587 392 Subjungit
1615 322 1900 380 confestim
1933 340 2025 395 pa-
2051 329 2102 387 Α
2127 325 2391 396 Aquilam,
2422 323 2697 382 Ponticum
2721 341 2925 396 genere,
2946 333 2993 380 et
3023 321 3317 378 Priscillam
3337 338 3542 380 uxorem
3564 326 3684 397 ejus,

442 412 538 468 tris
563 412 1015 484 indulgentissimi
1043 414 1352 484 lenitatem;
1376 425 1427 473 et
1453 426 1509 472 ut
1533 417 1674 474 lilios
1694 434 1839 485 suos,
1865 436 2023 491 quem

445 517 573 574 erga
604 502 895 572 prtedictos
926 519 1026 574 pro
1061 504 1324 562 charitate
1370 506 1730 564 fraternitatis
1775 509 2026 565 allectum

439 594 675 652 debeant
704 599 963 666 retinere,
988 598 1238 656 similiter
1259 600 1441 657 docet.
1469 611 1494 640 ιι
1524 601 1592 656 Et
1620 604 1797 670 nolite,
1833 604 2026 673 inquit,

439 688 587 759 quasi
625 689 894 743 inimicum
929 690 1248 760 existimare,
1280 693 1370 747 sed
1401 695 1642 765 corripite
1686 705 1741 748 ut
1791 697 2026 766 fratrem.

444 778 735 836 Severitati
775 780 1075 849 judiciarite
1117 791 1400 853 paternam
1449 787 1810 842 intermiscuit
1858 787 2032 858 pieta-

445 882 576 941 tem,
609 883 665 929 et
690 874 1019 930 sententiam
1051 878 1355 947 apostolico
1382 879 1562 948 rigore
1591 881 1881 951 prolatam,
1918 880 2030 937 cle-

443 967 618 1024 menti
640 969 1054 1026 mansuetudine
1077 975 1420 1042 temperavit.
1445 972 1577 1028 Nam
1601 982 1656 1028 et
1681 973 1855 1029 notari
1878 974 2033 1044 jubet

441 1073 566 1115 eum
613 1061 705 1131 qui
749 1062 975 1118 obedire
1023 1065 1310 1136 praeceptis
1358 1067 1472 1122 suis
1513 1069 1932 1135 contempserit,
1978 1076 2033 1123 et

441 1165 561 1205 cum
610 1151 702 1207 illo
741 1168 848 1208 non
894 1156 1268 1221 commisceri;
1299 1166 1355 1213 et
1396 1167 1574 1214 tamen
1614 1159 1731 1214 haec
1773 1159 1890 1214 lieri
1922 1174 2030 1213 non

439 1243 547 1298 odii
583 1245 712 1298 vitio
741 1247 1013 1316 praecipit,
1043 1249 1138 1304 sed
1164 1248 1416 1306 fraterna:
1439 1251 1746 1308 dilectionis
1767 1261 1822 1306 et
1843 1267 2029 1308 eorum

441 1338 838 1394 emendationis
867 1341 1086 1396 intuitu.
1120 1341 1320 1408 Nolite,
1353 1345 1547 1414 inquit,
1571 1346 1885 1399 commisceri
1914 1361 2032 1398 cum

358 1439 366 1448 '
439 1427 556 1490 illo,
590 1438 646 1482 ut
675 1431 1044 1500 confundatur,
1091 1442 1150 1487 ut
1187 1435 1278 1503 qui
1319 1451 1424 1490 non
1467 1447 1548 1491 est
1579 1437 1714 1491 meis
1745 1439 2030 1506 praeceptis

445 1519 669 1576 mitibus
697 1523 1038 1591 emendatus,
1069 1526 1258 1581 saltem
1292 1527 1501 1603 publica
1527 1529 1765 1584 omnium
1792 1538 2029 1584 vestrum

443 1615 823 1685 segregatione
861 1617 1142 1685 confusus,
1175 1620 1243 1676 ad
1277 1625 1546 1677 tramitem
1589 1622 1782 1678 salutis
1810 1621 2030 1692 incipiat

439 1706 731 1778 aliquando
764 1712 1032 1766 revocari.

1025 1803 1252 1861 CAPUT
1291 1806 1452 1862 XVII.

440 1887 659 1970 Diuersa
689 1894 1003 1970 testimonia,
1039 1896 1228 1970 quibus
1262 1897 1540 1966 Apostolus
1564 1899 1799 1970 praecipit
1829 1902 2034 1970 operari

509 1962 710 2028 debere,
738 1965 817 2018 vel
837 1966 1021 2036 quibus
1041 1962 1149 2039 ipse
1171 1962 1410 2040 operatus
1437 1962 1594 2041 fuisse
1621 1962 1959 2026 monstralur.

511 2075 567 2131 In
593 2075 833 2146 Epistola
863 2094 1077 2151 quoque
1105 2081 1172 2135 ad
1205 2081 1468 2152 Ephesios
1498 2083 1566 2139 de
1590 2086 1690 2140 hoc
1719 2084 1836 2155 ipso
1866 2099 2032 2155 opere

440 2169 514 2225 ita
548 2171 798 2241 prmcipit
823 2173 1047 2231 dicens:
1074 2173 1100 2213 δ
1126 2175 1228 2241 Qui
1268 2177 1565 2245 furabatur,
1588 2179 1703 2249 jam
1750 2195 1852 2234 non
1889 2181 2031 2250 fure-

440 2269 553 2330 tur;
584 2265 752 2335 magis
777 2275 949 2320 autem
977 2267 1174 2322 laboret
1198 2271 1462 2338 aperando
1493 2271 1731 2326 manibus
1755 2273 1865 2326 suis
1892 2273 2032 2342 quod

437 2355 626 2412 bonum
648 2366 743 2426 est,
773 2368 826 2413 ut
846 2359 1028 2416 habeat
1054 2365 1192 2417 unde
1215 2365 1404 2419 tribuat
1435 2367 1787 2422 necessitatem
1815 2369 2032 2439 patienti

438 2449 658 2522 (Ephes.
692 2451 789 2524 tv).
836 2452 892 2509 In
927 2456 1150 2511 Actibus
1181 2459 1344 2513 etiam
1387 2462 1755 2531 apostolorum
1792 2464 1904 2518 hzec
1939 2477 2032 2518 ea-

439 2540 563 2597 dem
597 2559 704 2598 non
736 2546 914 2602 solum
945 2547 1196 2604 docuisse
1225 2565 1370 2616 eum,
1400 2553 1496 2608 sed
1527 2555 1689 2609 etiam
1718 2569 1884 2624 opere
1908 2569 2032 2625 per-

441 2629 660 2700 lecisse,
688 2634 940 2691 similiter
969 2637 1294 2694 invenimus.
1328 2640 1460 2697 Nam
1501 2657 1624 2698 cum
1661 2643 1899 2700 venisset
1925 2645 2030 2700 Co-

439 2727 705 2798 rinthum,
757 2729 882 2786 alibi
931 2745 992 2787 se
1039 2748 1265 2789 manere
1317 2752 1422 2791 non
1467 2737 1689 2807 patitur,
1745 2741 1846 2794 nisi
1888 2740 2029 2810 apttd

439 2819 686 2892 Aquilam
709 2831 762 2880 et
796 2823 1115 2895 Priscillam,
1146 2843 1212 2883 eo
1242 2830 1382 2900 quod
1407 2831 1648 2901 ejusdem
1679 2835 1812 2888 artis
1837 2844 2023 2892 essent

439 2915 664 2984 opifices
704 2932 867 2988 quam
913 2920 1029 2990 ipse
1075 2931 1193 2977 erat
1232 2923 1424 2979 solitus
1464 2939 1744 2981 exercere.
1779 2927 1853 2982 Ita
1882 2929 2028 2984 enim

439 3008 644 3066 habes:
673 3009 804 3067 Post
845 3013 956 3069 lucc
1006 3012 1209 3070 Paulus
1249 3033 1480 3087 egressus
1522 3019 1583 3074 ab
1630 3020 1864 3092 Athenis,
1897 3024 2032 3077 venit

2129 421 2345 474 accessit
2371 421 2438 474 ad
2476 436 2584 489 eos,
2615 437 2675 476 eo
2701 421 2839 491 quod
2877 418 3106 490 ejusdem
3140 425 3305 472 essent
3346 418 3488 485 artis,
3515 426 3560 473 et
3585 435 3690 474 ma-

2128 512 2277 566 nebat
2302 527 2420 565 cum
2447 512 2539 578 eis,
2565 521 2611 566 et
2639 512 2970 580 operabatur.
2997 519 3020 549 ο
3049 507 3216 564 Erant
3233 508 3693 581 enimscenofacto-

2129 603 2224 659 ria:
2248 604 2374 658 artis
2405 603 2603 675 (Actor.
2631 602 2805 674 xvtn).

2694 691 2922 749 CAPUT
2943 689 3134 747 XVIII.

2135 784 2288 854 Quod
2309 793 2505 839 tantum
2527 790 2770 857 operatus
2789 785 2857 838 sit
2886 782 3184 857 Apostolus,
3208 790 3523 857 quantumst
3546 782 3635 838 sibi
3651 790 3696 839 et

2201 857 2322 912 aliis
2347 857 2433 923 qui
2455 852 2570 911 cum
2597 874 2655 910 eo
2682 863 2824 910 erant
2853 852 3091 924 sufﬁcere
3109 869 3254 925 posse
3276 852 3629 908 arbitrabatur.

2205 965 2788 1038 Deindedprocedens
2836 967 3098 1030 Miletum,
3146 975 3201 1021 et
3245 966 3447 1021 exinde
3493 965 3699 1024 mittens

2133 1061 2431 1132 Ephesum,
2464 1076 2876 1131 convocausque
2904 1060 2970 1115 ad
2995 1075 3054 1116 se
3077 1061 3424 1132 presbyteros
3455 1059 3701 1130 Ephesio-

2132 1169 2249 1209 rum
2281 1154 2559 1222 Ecclesite,
2589 1163 2646 1209 et
2682 1154 2815 1209 dans
2855 1154 2936 1208 eis
2969 1160 3234 1222 praecepta
3262 1152 3699 1222 quemadmodum

2131 1263 2323 1320 regere
2349 1249 2649 1305 Ecclesiam
2684 1247 2780 1304 Dei
2811 1262 2871 1304 se
2893 1248 3118 1303 absente
3142 1247 3430 1313 deberent,
3460 1247 3534 1301 ait
3559 1263 3572 1299 :
3603 1244 3704 1299 Au-
3788 1247 3789 1252 ‘

2130 1356 2249 1394 rum
2274 1348 2321 1394 et
2346 1349 2609 1410 argentum
2632 1341 2824 1394 nullius
2854 1339 3144 1406 concupiui.
3172 1339 3273 1409 ipsi
3305 1339 3448 1392 scitis
3477 1338 3704 1406 quoniam

2131 1433 2201 1487 ad
2228 1434 2401 1487 omnia
2429 1449 2546 1503 qucc
2569 1432 2695 1486 mihi
2717 1447 2847 1501 opus
2867 1439 3032 1494 erant,
3063 1439 3109 1483 et
3137 1429 3217 1484 his
3245 1429 3332 1499 qui
3359 1444 3556 1483 mecum
3575 1438 3703 1495 sunt,

2131 1527 2549 1581 ministraveruut
2579 1543 2762 1580 manus
2788 1525 2918 1580 istte.
2955 1525 3148 1579 Omnia
3173 1523 3377 1578 ostendi
3415 1523 3574 1587 vobis,
3596 1523 3709 1590 quia

2131 1621 2206 1676 sic
2233 1620 2525 1675 laborantes
2545 1629 2740 1691 oportet
2761 1620 3020 1689 suscipere
3050 1617 3304 1686 inﬁmos,
3341 1632 3403 1670 ac
3435 1617 3711 1670 meminisse

2065 1707 2113 1768 Β
2138 1714 2274 1769 verbi
2321 1713 2529 1768 Domini
2566 1711 2713 1778 Iesu,
2748 1713 2992 1782 quoniam
3039 1712 3150 1780 ipse
3196 1711 3374 1764 dixit:
3402 1707 3610 1763 Beatius
3645 1716 3715 1762 est

2134 1807 2298 1879 magis
2314 1807 2458 1873 dare,
2475 1822 2630 1876 quam
2651 1804 3094 1877 accipere(Actor.
3123 1803 3243 1889 xx).
3263 1801 3444 1858 Grave
3475 1796 3714 1871 [grande]

2135 1901 2294 1957 nobis
2337 1915 2450 1955 suae
2496 1898 2929 1955 conversationis
2969 1897 3190 1967 reliquit
3233 1894 3572 1963 exemplum,
3605 1906 3716 1946 eum

2132 2007 2192 2048 se
2217 2008 2324 2047 non
2349 1991 2526 2046 solum
2555 1991 2608 2046 id
2634 1998 2917 2061 operatum
2943 2002 3064 2045 esse
3089 1995 3348 2052 testatur,
3371 1985 3515 2057 quod
3537 1997 3717 2039 neces-

2133 2085 2278 2141 sitati
2337 2081 2715 2138 tantummodo
2771 2081 2856 2136 sui
2907 2078 3154 2151 corporis
3203 2077 3528 2148 expediret,
3568 2084 3592 2113 ο
3630 2072 3720 2130 sed

2131 2179 2294 2235 etiam
2335 2176 2479 2248 quod
2521 2175 2710 2230 usibus
2753 2189 2942 2229 eorum
2981 2173 3072 2245 qui
3109 2185 3300 2228 secum
3342 2177 3505 2226 erant
3548 2174 3723 2239 posset

2131 2273 2382 2328 sufficere
2410 2288 2424 2326 :
2457 2269 2542 2325 his
2573 2267 2831 2323 videlicet
2859 2266 2950 2336 qui
2981 2263 3227 2334 quotidie
3270 2261 3602 2318 necessariis
3631 2258 3728 2314 mi-

2131 2367 2374 2425 nisteriis
2402 2365 2676 2435 occupati,
2711 2377 3048 2434 nequaquam
3093 2360 3196 2417 sibi
3237 2373 3442 2429 parare
3487 2354 3728 2412 similiter

2129 2463 2331 2519 victum
2365 2462 2480 2517 suis
2515 2458 2763 2515 manibus
2794 2454 3172 2512 occurrebant.
3205 2451 3278 2507 Et
3309 2453 3457 2508 sicut
3479 2448 3548 2504 ad
3569 2447 3731 2503 Thes-

2131 2557 2506 2614 salonicenses
2543 2559 2825 2623 operatum
2867 2563 2990 2606 sese
3025 2547 3191 2612 dixit,
3233 2555 3300 2601 ut
3341 2545 3455 2600 illis
3509 2542 3730 2597 lormam

2131 2651 2308 2717 daret,
2357 2649 2424 2704 ad
2461 2647 2780 2703 imitandum
2825 2659 2949 2701 eum
2996 2641 3064 2714 (II
3093 2640 3282 2697 Thess.
3312 2639 3408 2712 ιι);
3447 2639 3524 2694 ita
3567 2636 3736 2693 ethic

2134 2743 2240 2798 tale
2281 2740 2410 2813 quid
2449 2739 2655 2806 intulit,
2692 2737 2923 2793 dicens:
2956 2733 3144 2790 Omnia
3176 2732 3386 2787 ostendi
3426 2730 3589 2795 vobis,
3621 2728 3736 2798 quia

2131 2835 2205 2890 sic
2248 2834 2540 2889 laborantes
2581 2839 2777 2903 oportet
2825 2831 3082 2898 suscipere
3115 2825 3386 2894 infirmos;
3417 2823 3632 2880 scilicet
3656 2819 3738 2876 vel

2134 2934 2316 2982 mente
2349 2924 2434 2980 vel
2475 2937 2729 2994 corpore,
2760 2921 2813 2977 id
2843 2927 2948 2984 est,
2981 2928 3040 2974 ut
3071 2926 3266 2972 nostro
3319 2918 3514 2988 potius
3560 2916 3738 2970 labore

2133 3029 2458 3092 sumptoque
2489 3016 2676 3089 operis
2703 3015 2902 3070 sudore
2930 3013 3184 3084 quaesito,
3211 3020 3276 3066 et
3314 3025 3430 3066 non
3469 3009 3542 3066 de
3575 3009 3741 3064 abun-

439 3101 775 3175 Corinthum,
817 3119 865 3162 et
908 3107 1173 3166 inveniens
1219 3111 1491 3182 quemdam
1534 3111 1782 3169 Judwum
1829 3115 2034 3170 nomine
2061 3107 2108 3170 C
2138 3117 2339 3172 dautia:
2381 3114 2632 3180 cumulo,
2679 3127 2776 3168 seu
2814 3110 3053 3182 reposita
3102 3108 3367 3179 pecunia,
3411 3107 3513 3164 sed
3560 3120 3631 3161 ne
3676 3103 3742 3159 de

1532 3242 1790 3300 acaum
1829 3244 2064 3302 eam
2099 3243 2670 3303 COMMENTARIUS.
2877 3215 2882 3220 ’

510 3360 537 3390 ⁸
574 3350 798 3424 Colligit
828 3353 954 3432 hinc
981 3355 1295 3428 Cajetanus,
1323 3361 1467 3432 quod
1499 3360 1706 3417 licitum
1737 3361 1810 3417 sit
1839 3361 2028 3417 admo-

439 3438 570 3480 nere
612 3429 1128 3490 excommunicatos.
1163 3439 1220 3484 et
1266 3429 1554 3493 ittstruere,
1595 3442 1653 3488 et
1703 3433 1906 3492 hortari
1957 3433 2026 3490 ad

439 3510 499 3551 ea
531 3511 650 3566 qua:
693 3507 822 3552 sunt
851 3500 1067 3556 salutis.
1101 3501 1254 3558 Unde
1285 3514 1334 3558 et
1382 3504 1446 3558 1).
1479 3504 1804 3560 Benedictus
1837 3504 2028 3560 sedulo

438 3567 692 3640 admonet
741 3577 795 3624 et
825 3570 1079 3640 inculcat,
1115 3573 1348 3639 Qualiter
1397 3576 1651 3630 sollicitus
1688 3591 1800 3629 esse
1845 3575 2027 3630 debeat

437 3638 590 3693 abbas
604 3641 756 3718 _circa
784 3638 1278 3718 estcommunicatos,
1311 3656 1360 3701 et
1394 3649 1611 3702 seniores
1641 3647 1913 3700 immittere
1936 3648 2028 3718 qui

438 3709 768 3788 consolentur
790 3711 1026 3788 fratrem
1055 3717 1414 3788 ﬂuctuantem,
1439 3727 1488 3772 et
1513 3727 1788 3788 provocent
1829 3719 1899 3772 ad
1929 3709 2028 3773 hu-

436 3782 1103 3861 militatissatisfactionem
1133 3787 1286 3861 (Cap.
1313 3787 1428 3857 27),
1453 3782 1584 3856 etc.,
1607 3790 1749 3861 quod
1777 3791 2026 3860 superius

440 3852 606 3906 etiam
635 3854 740 3907 alia
765 3857 1049 3911 occasione
1079 3852 1407 3916 notavimus.

507 3921 641 4003 ?_D.
670 3922 1031 4003 liieronymus
1058 3929 1108 3982 in
1143 3931 1284 3984 hunc
1307 3932 1480 3985 locum
1511 3949 1523 3984 :
1561 3932 1695 3999 Quia
1723 3931 1800 3996 hi,
1830 3931 2020 4003 inquit,

436 3993 524 4061 qui
549 3993 603 4046 in
633 3995 752 4049 vita:
793 3993 941 4051 istius
977 4003 1192 4070 negotiis
1241 3993 1627 4069 conversantuF,
1677 3993 2029 4074 propter-ali;

437 4073 610 4144 menta
645 4075 694 4144 et
734 4083 859 4121 usus
879 4075 1211 4144 necessarios
1251 4082 1504 4143 coguntur
1529 4072 1703 4144 aliquit
1732 4072 1809 4126 vel
1838 4090 2023 4140 emere,

437 4135 515 4188 vel
541 4137 776 4214 vendere,
802 4146 850 4190 et
870 4138 1016 4194 lucra
1046 4141 1110 4195 de
1131 4135 1474 4213 negotiatione
1501 4135 1720 4209 secturi;
1750 4153 1794 4198 et
1825 4135 2028 4214 difﬁcile

436 4217 510 4284 est
539 4209 697 4284 etiam
725 4224 812 4284 eos
838 4215 925 4284 qui
954 4229 986 4265 a
1017 4209 1213 4268 ueteris
1241 4214 1563 4279 passionibus
1585 4215 1727 4270 liberi
1751 4209 1902 4276 sunt:
1918 4217 2026 4284 for-

437 4279 694 4356 nicatione
722 4279 982 4345 uidelicet,
1005 4283 1328 4349 idololatria,
1356 4285 1614 4342 adulterio
1635 4295 1684 4340 et
1719 4279 2021 4356 homicidio,

436 4349 533 4403 hoc
559 4351 681 4430 uitio
701 4355 1021 4430 non_teneri;
1048 4367 1322 4430 propterea
1355 4373 1488 4411 nunc
1533 4357 1784 4428 Ephesios
1830 4349 2021 4427 monet,

437 4436 520 4498 ne,
546 4422 637 4475 sub
665 4424 930 4498 occasione
963 4422 1312 4494 emolumenti,
1343 4430 1468 4498 furti.
1498 4422 1689 4483 crimen
1715 4422 2023 4497 incurrant}

436 4494 636 4571 [artum
656 4496 929 4571 nominans
946 4514 1106 4571 omne
1134 4501 1272 4565 quod
1299 4494 1513 4554 alterius
1536 4500 1724 4554 damno
1751 4494 2021 4571 quwritur.

437 4563 623 4640 Neque
645 4581 767 4640 (vero
789 4567 904 4640 ait;
937 4567 1106 4640 Magis
1136 4563 1308 4626 autem
1337 4573 1531 4626 laboret
1559 4563 1820 4638 operando
1851 4575 2022 4627 mani-

437 4636 528 4713 bus
573 4638 682 4690 suis
710 4636 1064 4713 quodbonum
1108 4651 1204 4707 est,
1241 4652 1294 4696 ut
1341 4658 1443 4696 non
1473 4636 1727 4713 indigeat,
1756 4653 1803 4697 et
1835 4643 2024 4698 habeat

436 4708 647 4782 rictum,
686 4709 905 4782 etinulli
934 4710 1223 4766 molestiam
1252 4713 1504 4780 exhibeat,
1537 4708 1626 4770 sed
1658 4708 1902 4782 Labaret,
1937 4718 2021 4768 in-

435 4780 567 4848 quit,
616 4781 850 4834 manibus
877 4783 984 4836 suis
1009 4786 1146 4850 quod
1191 4785 1378 4839 bonum
1419 4795 1516 4849 est,
1565 4795 1619 4839 ut
1662 4785 1843 4839 habeat
1888 4780 2026 4841 unde

435 4851 787 4926 communicet
818 4851 1181 4923 indigentibus.
1223 4856 1327 4920 Qui
1371 4856 1530 4926 igitur
1570 4857 1639 4911 ad
1685 4859 1780 4910 hoc
1823 4866 2024 4910 tantum

435 4920 636 4975 laborat
675 4933 730 4975 ut
771 4923 882 5000 ipse
918 4920 1040 5000 non
1067 4937 1228 5000 egeat,
1259 4937 1306 4981 et
1330 4943 1367 5000 a
1389 4920 1588 4982 cazteris
1615 4929 1867 4982 contrahit
1911 4945 2024 4982 ma-

435 5008 576 5057 num,
631 4995 861 5062 quamvis
915 4995 1202 5066 applaudat
1241 4999 1357 5063 sibi,
1405 5008 1573 5052 tamen
1611 5001 1848 5065 Apostoli
1889 5015 2023 5069 prte-

436 5075 636 5140 ceptum
683 5081 785 5120 non
839 5069 979 5140 fecit.
1031 5070 1156 5124 Haec
1206 5069 1587 5140 Hieronymus.
1646 5070 1781 5126 Illud
1837 5081 2019 5127 autem

435 5136 797 5211 quodqbonum
829 5148 904 5192 est
952 5139 1112 5195 docet
1158 5142 1214 5194 S.
1249 5136 1487 5195 Thomas
1529 5141 1817 5209 dupliciter
1863 5157 2020 5211 posse

437 5206 687 5284 intelligi,
721 5209 1020 5284 prim_o_per
1049 5206 1652 5284 modumnoruinativi,
1703 5223 1762 5267 ut
1806 5206 1875 5268 sit
1922 5229 2018 5284 pa-

435 5277 707 5353 renthesis
724 5277 870 5349 quod
899 5281 1091 5335 bonum
1117 5292 1208 5349 est,
1245 5282 1295 5337 id
1325 5292 1430 5350 est,
1461 5298 1579 5353 quae
1625 5301 1710 5339 res
1759 5286 1894 5338 bona
1923 5277 2020 5339 'est

438 5356 491 5422 et
535 5348 795 5415 honesta;
824 5353 1063 5407 secundo
1099 5354 1303 5422 absque
1342 5348 1654 5421 parenthesi
1685 5365 1739 5408 et
1773 5369 1868 5422 per
1899 5370 2020 5407 mu-

437 5418 928 5492 dutn_accusativi,
978 5435 1034 5478 ut
1083 5418 1276 5480 sensus
1325 5418 1437 5484 sit:
1473 5425 1706 5481 Laboret
1747 5418 2019 5492 operando

438 5489 706 5567 inanibus,
749 5503 803 5547 et
838 5496 1054 5564 quidem
1095 5512 1204 5552 non
1245 5496 1450 5562 illicita,
1484 5496 1579 5552 sed
1627 5489 2020 5567 quod—bonum

439 5561 626 5639 csttid
655 5573 760 5639 est,
791 5561 1050 5635 operetur
1092 5584 1204 5624 rem
1248 5561 1465 5636 bonam,
1512 5576 1568 5624 ct
1614 5561 1723 5623 non
1770 5581 1837 5623 ex
1879 5567 2020 5638 turpi

438 5632 655 5706 Opilich
681 5632 878 5706 victum
912 5648 1144 5706 quaerat,
1175 5641 1268 5696 sed
1303 5632 1551 5696 honesto.

515 5711 538 5743 ε
577 5702 1007 5768 Scenoiactoria.
1049 5702 1140 5769 vel
1179 5711 1603 5771 sceneiactoria.
1654 5725 1756 5768 vox
1804 5710 2023 5768 Gnaeo-

2051 4672 2104 4732 D

2129 3363 2338 3418 Latina.
2369 3362 2500 3415 Nam
2527 3366 2706 3429 σκήνη,
2738 3372 2921 3425 scena,
2954 3357 3173 3428 proprie
3206 3357 3639 3414 tabernaculum
3663 3357 3744 3413 di-

2127 3438 2306 3490 citur:
2339 3433 2479 3488 unde
2501 3433 2639 3503 apud
2671 3432 2928 3488 Hebraeos
2954 3429 3452 3486 tabernaculorum
3478 3430 3748 3503 dedicatio

2128 3521 2156 3560 a
2190 3502 2548 3561 similitudine
2592 3503 2991 3558 domiciliorum
3049 3505 3382 3574 σκηνοπηγίᾳ
3429 3502 3746 3573 appellaba-

2129 3588 2235 3646 tur,
2267 3580 2342 3630 ait
2384 3576 2625 3631 Isidorus
2673 3573 2906 3644 (Etyma.
2950 3587 3079 3646 xvttt
3126 3588 3248 3642 cap.
3287 3572 3410 3645 ιε).
3471 3572 3594 3646 Ars
3623 3587 3752 3646 ergo

2128 3642 2524 3705 sceuolaetoria
2548 3642 2850 3709 dicebatur,
2881 3643 3176 3700 secundum
3207 3642 3492 3712 quosdam
3527 3642 3750 3712 (Caelius

2128 3718 2358 3791 Rhedig.
2383 3717 2504 3774 lect.
2528 3719 2690 3791 antiq.
2717 3717 2921 3791 lib._vut
2942 3732 2988 3791 c.
3015 3717 3077 3782 8;
3097 3714 3243 3791 B_eda
3269 3716 3326 3770 in
3351 3717 3750 3791 cqmmentar.),

2127 3807 2216 3848 ars
2247 3787 2416 3846 aulaea
2459 3787 2706 3854 texendi;
2735 3789 2828 3843 sed
2859 3789 3037 3842 verius
3076 3787 3447 3841 tabernacula
3483 3791 3607 3843 sive
3636 3797 3755 3842 ten-

2128 3866 2266 3918 toria
2295 3878 2358 3917 ex
2383 3862 2616 3932 pellibus
2638 3858 3187 3932 consuendi,rquibu§
3210 3857 3435 3914 milites
3464 3868 3755 3932 uterentur

2126 3935 2185 3990 in
2229 3927 2444 3996 castris,
2489 3933 2557 3986 de
2609 3930 2804 4002 quibus
2855 3927 3070 4002 Tacitus
3095 3947 3114 4002 ξ
3144 3927 3414 3984 Retentus
3465 3941 3544 3985 est
3593 3929 3756 3984 omnis

2127 4008 2381 4060 exercitus
2410 4004 2502 4058 sub
2534 4000 2790 4074 pellibus;
2821 4010 2876 4056 et
2903 4001 2992 4069 qui
3029 4000 3354 4074 huiusmodi
3397 4013 3586 4058 artem
3634 4017 3759 4071 pro-

2128 4077 2438 4139 litebmtur,
2469 4070 2780 4133 annvonowi.
2811 4071 3108 4142 scenoptni,
3150 4070 3523 4136 dicebantur,
3574 4070 3758 4128 taber-

2129 4151 2464 4211 naculorum,
2492 4147 2608 4200 sive
2641 4145 2996 4198 tentoriorum
3027 4142 3279 4206 oniliccs.
3321 4145 3403 4198 De
3442 4144 3555 4200 hoc
3587 4157 3754 4209 porro

2127 4218 2359 4287 apostoli
2405 4216 2557 4273 Pauli
2599 4215 2816 4285 opiﬁcio
2866 4212 3304 4287 htrc__0rigenes
3334 4232 3350 4269 :
3383 4213 3605 4287 Paulus
3650 4226 3761 4287 age

2126 4282 2270 4360 faber
2317 4298 2426 4344 erat
2469 4282 2920 4360 tabernaculorum
2950 4282 3131 4360 (Hom.
3170 4284 3236 4360 I7
3275 4287 3336 4339 in
3372 4284 3661 4357 Numen).
3695 4285 3760 4340 Et

2127 4356 2287 4430 paulo
2319 4360 2578 4416 interius:
2609 4357 2756 4413 Sicut
2783 4356 2864 4410 illi
2899 4373 2966 4411 ea;
3002 4356 3293 4430 piscatione
3321 4359 3561 4430 piscium
3593 4356 3763 4427 pisca-

2128 4427 2259 4487 tores
2283 4431 2554 4485 hominum
2587 4431 2710 4501 facti
2739 4436 2880 4494 sunt,
2906 4430 2984 4501 ita
3013 4435 3069 4501 et
3092 4427 3185 4480 iste
3206 4444 3237 4478 a
3269 4427 3551 4501 faciendis
3585 4431 3759 4501 taber.

2127 4504 2328 4558 naculis
2359 4497 2681 4557 terrenis'ad
2723 4500 2949 4554 caelestia
2997 4497 3349 4552 tabernacula
3392 4499 3762 4554 construenda

2127 4575 2412 4629 translatus
2449 4583 2542 4626 est.
2580 4573 2656 4626 De
2685 4570 2877 4625 eodem
2916 4569 2980 4624 D.
3013 4569 3463 4638 Chrysostomus
3498 4572 3621 4627 hwc
3650 4572 3763 4626 ele-

2162 4655 2314 4699 auter
2344 4661 2358 4698 :
2392 4643 2886 4708 Tabernaculorum,
2926 4640 3117 4711 inquit,
3162 4641 3533 4697 texendorum
3567 4643 3762 4711 artifex

2162 4661 2314 4699 auter
2344 4661 2358 4698 :
2395 4661 2886 4708 t'aoernacutorum,
2927 4661 3117 4710 Illquu,
3162 4661 3533 4697 texenaorum
3567 4661 3762 4711 artqex

2125 4661 2212 4769 ἦξε
2242 4732 2347 4770 ηοη
2375 4713 2617 4771 Siciliam
2658 4712 2811 4766 modo
2854 4722 3010 4782 atque
3038 4710 3286 4782 _ltaliam,
3319 4727 3521 4768 verum
3552 4717 3764 4769 univer-

2125 4803 2241 4841 sum
2271 4796 2528 4840 terrarum
2557 4785 2748 4849 orbem,
2782 4779 2992 4856 verbum
3025 4779 3121 4834 Dei
3151 4783 3475 4856 prthicans
3507 4802 3764 4856 peragra-

2123 4859 2234 4920 vit;
2261 4874 2380 4912 cum
2409 4857 2618 4912 interim
2642 4866 2804 4908 artem
2842 4870 2946 4908 non
2977 4853 3368 4918 intermitteret,
3407 4858 3508 4909 sed
3540 4856 3622 4909 rel
3646 4853 3765 4909 tum

2127 4945 2331 5000 quoque
2358 4929 2512 4995 pelles
2541 4936 2808 5000 consuerat
2844 4934 2893 5000 et
2934 4923 3148 4994 ofﬁcinae
3177 4939 3294 4975 sum
3327 4938 3620 5000 praesen.
3659 4927 3768 5000 Ne-

2124 4997 2407 5070 que'enim
2450 5015 2508 5052 ea
2558 5014 2636 5050 res
2668 4997 2924 5070 patricios
2959 5004 3051 5048 aut
3093 5005 3398 5070 magnates_
3425 4998 3764 5064 offend:~bat,

2124 5066 2281 5141 idque
2302 5073 2421 5142 jure
2447 5070 2662 5142 optimo.
2679 5066 2824 5142 Non
2845 5067 2979 5119 enim
2996 5074 3141 5142 artes
3166 5067 3482 5142 ac_studia,
3523 5071 3618 5122 sed
3643 5084 3769 5123 cou-

2128 5135 2250 5210 ﬁcta
2272 5135 2515 5211 dogmata
2545 5138 2880 5211 despicabiles
2899 5135 3344 5211 _reddere_solent
3375 5152 3765 5211 praeceptores.

2128 5202 2253 5269 Ilaec
2279 5202 2694 5283 Cli'rysustomus
2724 5207 3008 5283 (Homilﬁ
3032 5208 3085 5260 in
3115 5205 3292 5283 Epist.
3321 5202 3403 5262 ad
3430 5202 3652 5279 Bouh).

2197 5285 2223 5320 ἀ
2269 5275 2557 5351 Dionysius
2593 5275 2760 5349 legit:
2795 5283 2847 5351 A7
2877 5275 3212 5351 blileto._Est
3257 5290 3465 5336 autem
3518 5275 3767 5346 Miletus,

2125 5355 2209 5410 vel
2234 5347 2492 5413 Miletum.
2519 5347 2709 5408 civitas
2730 5350 2902 5406 Caria:
2931 5347 3302 5414 nobilissima,
3329 5351 3408 5406 ad
3438 5369 3608 5409 mare
3633 5355 3761 5410 sila.

2129 5426 2206 5482 De
2231 5442 2331 5500 qua
2350 5423 2689 5500 _Plinius_lib.
2716 5440 2755 5500 _v
2786 5435 2907 5500 cap.
2937 5420 3028 5475 29.
3209 5490 3244 5500 η

2202 5507 2224 5535 θ
2249 5490 2511 5571 Ephesus
2543 5494 2762 5571 Minoris
2791 5495 2932 5571 Asiae
2957 5490 3310 5571 metrOponli.s,
3345 5503 3407 5550 et
3438 5497 3768 5571 emporium

2127 5569 2256 5625 olim
2303 5561 2742 5630 celeberrimum,
2777 5564 2868 5618 ubi
2901 5563 3160 5633 templum
3190 5561 3401 5621 Dianae
3450 5561 3774 5624 iatt'iosissi.

2129 5655 2299 5705 mum,
2347 5638 2503 5708 cujus
2542 5635 2790 5693 meminit
2837 5635 3014 5691 Lucas
3060 5637 3179 5692 Act.
3218 5647 3328 5690 xx.
3375 5636 3642 5712 Plinius,
3676 5638 3775 5698 ubi

2127 5725 2287 5773 supra
2297 5748 2310 5762 .
