3966 6326
250 338 337 396 585

846 334 933 390 DE
968 330 1450 391 C(ENOBIORUM
1489 330 1732 389 INSTIT.
1776 332 1908 390 LIB.
1953 331 2017 387 Χ.
2043 361 2115 375 -
2143 330 2233 388 DE
2271 332 2539 390 SPIRITU
2578 331 2867 390 ACEDIE.

3396 333 3501 391 δυσ

248 451 398 509 aliena
430 450 653 518 quidem
700 450 951 522 largitate
998 465 1060 505 ac
1106 451 1406 504 substantia
1456 463 1549 502 eos
1600 454 1821 502 reticere
1850 452 1901 510 Α
1929 448 2110 503 multis
2142 464 2209 504 ex
2240 450 2419 505 causis
2447 450 2713 506 offensum
2757 445 3094 521 contingentii
3149 450 3286 507 ‘vello
3320 450 3503 508 disce-

249 547 571 602 festinemus.

818 635 1047 693 CAPUT
1090 635 1232 691 XIX.

250 729 675 803 Quemadmodum
724 728 948 803 intelligi
998 730 1181 803 debeat
1222 744 1241 783 :
1286 727 1498 783 Beatius
1542 738 1618 783 est
1657 728 1821 800 magis

732 802 858 856 dare
886 817 1039 873 quam
1072 801 1326 870 accipere.

300 918 365 974 Et
393 917 501 972 hoc
522 916 705 987 ipsum
738 915 953 971 Domini
984 914 1118 970 dicit
1146 929 1267 970 esse
1294 914 1606 969 mandatum
1634 930 1648 970 :
1682 916 1824 983 Quo-

244 1013 364 1067 niam
389 1010 525 1081 ipse,
547 1009 744 1080 inquit,
769 1009 928 1075 dixit,
947 1008 998 1063 id
1020 1017 1124 1075 est,
1156 1008 1418 1063 Dominus
1439 1007 1597 1063 .Iesus
1624 1006 1823 1063 :°Bea-

245 1107 327 1159 tius
358 1113 434 1158 est
469 1110 637 1176 magis
673 1103 801 1157 dare
839 1118 998 1174 quant
1034 1102 1271 1171 accipere
1305 1100 1507 1173 (Actor.
1545 1104 1667 1171 xx).
1710 1100 1822 1156 lloc

244 1206 329 1261 est,
371 1196 741 1267 impartientis
787 1195 999 1251 beatior
1045 1195 1271 1263 largitas
1301 1210 1460 1263 quam
1503 1195 1821 1264 accipientis

243 1292 640 1363 penuriayqute
680 1304 788 1344 non
824 1288 893 1344 de
934 1289 1162 1358 pecunia
1195 1302 1293 1359 per
1324 1282 1699 1343 infidelitatem
1733 1287 1820 1343 vel

241 1386 587 1444 difﬁdentiam
638 1392 937 1449 reservata,
989 1398 1089 1438 nec
1131 1382 1198 1437 de
1243 1381 1538 1438 reconditis
1575 1381 1819 1437 avaritiae

241 1478 499 1535 thesauris
522 1476 877 1547 impenditur,
910 1475 1005 1531 sed
1028 1490 1149 1545 qua:
1176 1473 1242 1529 de
1274 1473 1452 1529 fructu
1484 1473 1666 1544 operis
1696 1487 1822 1543 pro-

240 1571 325 1643 prii
350 1579 409 1627 et
440 1568 532 1639 pio
557 1569 763 1625 sudore
794 1566 1089 1638 profertur.
1119 1566 1188 1621 Et
1220 1564 1345 1620 ideo
1373 1565 1573 1619 beatius
1602 1573 1676 1619 est
1702 1581 1817 1620 ma-

241 1664 307 1737 gis
340 1663 472 1717 dare
509 1677 668 1730 quam
713 1656 967 1731 accipere,
1007 1660 1131 1729 quia
1170 1673 1293 1713 cum
1325 1658 1471 1712 illius
1503 1658 1593 1729 qui
1625 1658 1821 1727 accipit

240 1754 263 1795 δ
288 1757 328 1811 is
348 1756 441 1826 qui
474 1754 663 1810 tribuit
698 1753 892 1823 habeat
919 1759 1315 1823 paupertatem,
1340 1749 1692 1805 nihilominus
1734 1749 1817 1804 la-

1921 540 2088 609 dere,
2136 543 2181 597 si
2226 543 2482 598 solatium
2531 544 2743 599 itineris
2790 543 2875 599 vel
2927 544 3141 598 comitis
3184 553 3499 614 repensset.

1921 634 2165 706 Cumque
2186 650 2308 691 eum
2330 635 2397 691 ad
2424 651 2749 694 consensum
2772 636 3002 693 occultis
3020 636 3503 694 obtrectationibus

1922 731 2241 786 monasterii
2273 730 2614 800 pellexisset,
2644 732 2940 788 condicens
2976 731 3027 788 ei
3063 731 3277 799 horam,
3306 745 3408 801 qua
3436 730 3505 786 de

1922 822 2253 878 monasterio
2282 822 2510 880 deberet
2536 824 2711 891 exire,
2742 825 2825 880 vel
2855 824 3036 881 locum
3064 839 3171 894 quo
3208 838 3269 880 se
3298 838 3506 893 praeve-

1922 914 2077 968 niens
2099 922 2462 984 exspectaret,
2491 915 2607 986 ipse
2635 916 2782 972 velut
2812 915 2961 973 illico
2989 917 3381 973 subsecuturus
3402 917 3504 974 ibi-

1921 1005 2046 1061 dem
2072 1008 2426 1063 subsistebat.
2460 1008 2663 1078 Illoque
2690 1012 2823 1079 jam,
2858 1026 2956 1081 pro
2983 1011 3255 1068 discessus
3283 1011 3368 1067 sui
3404 1026 3504 1068 ve-

1921 1099 2204 1168 recundia,
2232 1115 2340 1157 non
2380 1102 2615 1158 audente
2641 1102 2707 1158 ad
2747 1106 3139 1161 monasterium
3180 1104 3247 1161 de
3276 1120 3383 1193 quo
3407 1120 3505 1160 am

1922 1187 2132 1261 fugerat
2158 1192 2389 1248 ulterius
2414 1195 2718 1266 aggregari,
2747 1196 2934 1252 infelix
2958 1206 2982 1236 ο
3007 1196 3146 1268 fuga:
3171 1187 3507 1268 eius'auctor

1922 1281 1975 1337 in
1999 1284 2251 1339 ctenobio
2276 1284 2569 1341 residebat.
2596 1286 2705 1342 Hoc
2733 1302 2897 1342 unum
2926 1288 3232 1359 exemplum
3256 1289 3323 1345 de
3346 1288 3503 1345 istius

1923 1376 2065 1432 modi
2120 1392 2322 1447 genere
2365 1377 2646 1433 hominum
2698 1394 2795 1449 pro
2836 1380 3207 1451 incipientium
3253 1382 3504 1437 cautione

1922 1470 2126 1529 dixisse
2150 1472 2405 1537 sufficiat,
2428 1487 2537 1543 quo
2565 1482 2749 1542 pateat
2781 1473 3107 1541 evidentius,
3136 1484 3332 1543 quanta
3364 1474 3503 1529 mala

1921 1563 2195 1631 otiositas,
2243 1563 2541 1619 secundum
2585 1564 2882 1635 Scriptura:
2911 1565 3234 1621 sententiam
3264 1564 3500 1637 (Eccles.

1920 1655 2141 1727 χχχιιι),
2167 1656 2220 1711 in
2243 1657 2493 1712 monachi
2522 1665 2703 1713 mente
2725 1657 3013 1728 parturiat,
3039 1658 3123 1714 vel
3153 1656 3506 1729 quemadmo-

1920 1750 2048 1804 dum
2102 1757 2450 1821 corrumpant
2488 1749 2661 1806 bonos
2707 1765 2888 1807 mores
2946 1750 3219 1822 colloquia
3268 1750 3407 1807 mala
3450 1749 3505 1821 (l

244 1847 355 1903 bore
384 1847 614 1917 proprio
652 1860 761 1900 non
799 1844 977 1901 solum
1010 1858 1123 1899 sua:
1163 1841 1508 1899 necessitatis
1538 1841 1816 1897 suflicien-
1847 1831 1895 1893 B
1924 1840 2043 1899 Cor.
2074 1843 2192 1914 xv).

241 1939 375 2004 tiam,
407 1952 601 1993 verum
632 1942 798 1991 etiam
828 1935 973 2004 quod
1018 1934 1219 1989 tribuat
1254 1933 1540 2004 indigenti,
1576 1934 1665 2005 pia
1705 1934 1817 1987 solo

240 2030 539 2097 licitudine,
590 2022 784 2099 parare
828 2027 1049 2083 festinat
1092 2046 1103 2080 :
1138 2026 1341 2097 duplici
1388 2027 1561 2095 gratia
1598 2026 1820 2081 decora-

240 2131 330 2189 tus,
347 2121 496 2192 quod
514 2129 571 2177 et
589 2120 885 2191 perfectam
903 2118 1200 2174 nuditatem
1221 2117 1421 2174 Christi
1443 2120 1819 2175 universarum

239 2230 399 2270 rerum
442 2229 669 2269 suarum
706 2212 1019 2283 abjectione
1059 2212 1352 2283 possideat,
1396 2222 1451 2267 et
1501 2212 1818 2269 muniﬁcen.

242 2309 349 2363 tiam
379 2306 582 2361 divitis
610 2305 798 2361 labore
830 2319 929 2360 suo
958 2304 1216 2359 exhibeat
1235 2314 1290 2359 ct
1315 2304 1509 2360 affectu
1536 2321 1550 2359 :
1584 2305 1669 2361 hic
1697 2306 1819 2375 qui-

238 2401 339 2455 dem
389 2401 674 2456 honorans
725 2401 894 2456 Deum
939 2400 1008 2455 de
1051 2400 1164 2455 suis
1216 2400 1376 2469 iustis
1426 2400 1724 2467 laboribus,
1768 2410 1824 2457 et

238 2492 463 2548 delibans
503 2493 555 2549 ei
596 2493 665 2547 de
706 2492 976 2547 fructibus
1002 2492 1232 2561 justitize
1262 2508 1413 2549 sua}:
1448 2494 1540 2548 ille
1568 2508 1700 2549 vero
1728 2494 1821 2550 otii

240 2595 449 2656 torpore
479 2597 534 2643 et
562 2587 758 2643 inertia
791 2588 1088 2656 resolutus,
1118 2586 1399 2657 indignum
1431 2602 1489 2641 se
1512 2601 1630 2641 esse
1659 2588 1821 2643 etiam

238 2679 342 2734 cibo
370 2680 552 2751 panis,
601 2679 844 2749 Aposwli
876 2679 1071 2749 probat
1106 2680 1373 2735 sententia
1404 2678 1471 2751 (ll
1503 2677 1688 2740 Thess.
1719 2680 1821 2750 ιιι),

238 2782 407 2827 contra
429 2772 553 2843 ejus
575 2772 792 2827 scilicet
818 2772 1167 2827 interdictum
1191 2772 1397 2827 otiosus
1422 2787 1544 2828 eum
1578 2788 1681 2827 non
1704 2773 1824 2827 sine

238 2876 371 2921 reatu
402 2864 618 2921 peccati
650 2866 1116 2935 contuniacizeque
1146 2880 1503 2934 praesumens.

840 2978 1069 3035 CAPUT
1108 2978 1227 3034 XX.

245 3068 315 3124 De
368 3074 537 3141 fratre
594 3071 893 3135 desidioso,
938 3071 1035 3145 qui
1091 3072 1221 3145 alios
1263 3072 1439 3145 egredi
1486 3074 1550 3127 de
1596 3073 1824 3130 coenobio

864 3143 1199 3197 sollicitabat.

2502 1936 2732 1995 CAPUT
2770 1934 2911 1992 XXI.

1994 2028 2206 2085 Diversa
2237 2046 2299 2085 ex
2327 2029 2608 2086 Salomone
2638 2042 2821 2085 contra
2847 2029 3086 2084 acediam
3114 2028 3430 2084 testimonia.

1993 2122 2149 2189 Quod
2180 2122 2476 2179 otiositatis
2518 2124 2704 2177 vitium
2742 2124 2906 2177 etiam
2948 2122 3379 2192 sapientissimus
3411 2122 3509 2178 Sa-

1926 2214 2106 2272 lomon
2129 2216 2540 2272 evidentissime
2564 2224 2715 2272 notat
2736 2216 2790 2271 in
2827 2216 3032 2284 multis,
3061 2216 3133 2272 ita
3155 2216 3340 2272 dicens
3365 2232 3379 2271 :
3407 2216 3509 2282 Qui

1918 2318 2145 2363 sectatur
2174 2310 2356 2377 otium,
2393 2309 2675 2381 replebitur
2705 2319 3006 2381 paupertate
3029 2308 3300 2382 (Proverb.
3332 2312 3506 2381 xvttt),

1923 2400 2006 2455 vel
2039 2400 2239 2456 visibili
2279 2400 2521 2467 scilicet,
2566 2401 2652 2457 vel
2692 2400 2948 2457 invisibili
2973 2443 2987 2469 ,
3020 2417 3121 2471 qua
3166 2416 3391 2458 necesse
3428 2410 3513 2457 est

1921 2492 2153 2550 otiosum
2186 2508 2455 2565 quemque
2472 2501 2527 2550 et
2547 2492 2783 2550 diversis
2804 2493 2951 2549 vitiis
2979 2493 3276 2550 involutum
3311 2494 3508 2563 teneri,

1922 2592 1978 2640 et
2002 2584 2237 2641 aliettum
2278 2600 2495 2655 semper
2550 2584 2789 2641 existere
2832 2600 2863 2641 a
2908 2586 3373 2657 contemplatione
3413 2585 3511 2642 Dei

1924 2677 2007 2733 vel
2034 2679 2237 2733 divitiis
2268 2679 2629 2748 spiritalibus,
2654 2680 2723 2735 dc
2745 2680 2938 2747 quibus
2966 2682 3157 2736 beatus
3176 2680 3469 2749 Apostolus
3492 2697 3504 2733 :

1926 2770 2065 2835 Quia
2093 2772 2147 2825 in
2192 2772 2447 2839 omnibus,
2482 2772 2688 2844 inquit,
2718 2772 2898 2827 divites
2926 2773 3053 2843 facti
3080 2773 3203 2827 estis
3232 2773 3285 2826 in
3311 2773 3427 2839 illo,
3456 2773 3510 2827 in

1924 2866 2063 2919 omni
2091 2866 2241 2919 verbo
2270 2874 2319 2921 et
2342 2868 2393 2919 in
2422 2865 2563 2920 omni
2586 2866 2799 2920 scientia
2830 2866 2887 2936 (Ι
2915 2864 3037 2921 Cor.
3069 2865 3134 2938 ι).
3165 2866 3243 2922 De
3281 2864 3382 2921 bac
3406 2880 3505 2921 au-

1927 2965 2033 3013 tem
2084 2958 2242 3013 otiosi
2289 2965 2607 3028 paupertate
2652 2958 2776 3013 alibi
2826 2973 3040 3029 quoque
3091 2959 3161 3013 ita
3211 2958 3509 3013 scribitur:

1930 3050 1950 3092 ι
1987 3050 2054 3105 Et
2085 3054 2327 3107 vestietur
2351 3053 2613 3107 conscissa
2641 3063 2775 3107 veste
2796 3060 2841 3106 et
2872 3067 3104 3124 pannosa
3131 3053 3294 3106 omnis
3320 3051 3513 3107 somni-

1928 3150 2136 3203 culosus
2163 3146 2355 3218 (Prov.
2389 3146 2568 3217 χχιιι).
2602 3145 2731 3202 Sine
2768 3145 2933 3201 dubio
2963 3145 3107 3202 enim
3140 3160 3246 3201 non
3278 3145 3513 3202 merebi-

297 3235 555 3293 Novimus
587 3236 837 3301 fratrem,
862 3236 1020 3307 cujus
1050 3237 1216 3291 etiam
1249 3252 1469 3305 nomen,
1504 3238 1550 3293 si
1582 3239 1821 3308 amplius
1846 3209 1891 3271 ρ
1930 3251 2016 3298 tur
2049 3242 2144 3297 illo
2195 3240 2615 3312 incorruptionis
2662 3241 2991 3297 vestimento
3030 3240 3243 3307 ornari,
3283 3239 3353 3297 de
3407 3255 3515 3311 quo

238 3329 429 3399 aliquid
460 3345 532 3385 ex
562 3330 668 3383 hoc
691 3329 1076 3384 instructionis
1101 3329 1407 3396 accederet,
1439 3330 1816 3399 proderemus,

242 3421 321 3489 qui
351 3436 473 3476 cum
516 3422 572 3475 in
601 3420 860 3477 coenobio
890 3431 1223 3491 moraretur,
1256 3437 1492 3491 eumque
1525 3423 1825 3478 necessitas

240 3523 500 3572 coactaret
552 3525 578 3556 ο
629 3523 689 3569 ιιι
743 3523 1005 3571 statutum
1058 3517 1243 3586 operis
1295 3531 1525 3586 pensum
1578 3515 1825 3587 quotidie

242 3621 520 3663 teconomo
548 3607 817 3672 traderet,
864 3622 930 3664 ne
967 3608 1023 3663 in
1068 3608 1334 3677 majorem
1378 3608 1563 3678 operis
1606 3607 1825 3664 modum

240 3703 461 3773 alicujus
503 3702 832 3774 propensius
871 3702 1175 3758 laborantis
1208 3702 1524 3758 tenderetur
1566 3702 1647 3757 vel
1688 3716 1820 3758 con-

242 3796 560 3853 funderetur
613 3796 887 3865 exemplo,
940 3811 1063 3849 cum
1113 3797 1167 3850 in
1215 3796 1471 3853 emnobio
1512 3794 1822 3867 quempiam

242 3888 462 3954 fratrum
494 3890 727 3945 vidisset
757 3891 1087 3960 ingressum,
1122 3889 1213 3956 qui
1255 3889 1449 3945 ardore
1492 3889 1615 3945 fidei
1656 3889 1828 3945 vellet

241 3981 435 4051 aliquid
486 3982 728 4053 amplius
768 3984 953 4053 operis
982 3982 1333 4053 consignarc,
1379 3984 1423 4039 si
1470 3984 1827 4041 clandestinis

240 4088 351 4129 eum
383 4075 850 4146 persuasionibus
884 4090 1149 4131 revocare
1179 4075 1249 4129 ab
1292 4076 1602 4145 huiusmodi
1645 4076 1825 4133 inten-

242 4165 385 4223 tione
421 4168 649 4223 minime
688 4169 976 4237 potuisset,
1011 4166 1038 4205 ά
1066 4168 1311 4223 consiliis
1336 4169 1512 4238 pravis
1548 4185 1611 4225 ac
1641 4184 1827 4225 susur-

242 4260 539 4317 rationibus
568 4261 636 4316 ad
670 4261 1169 4332 transmigrandum
1211 4262 1408 4318 exinde
1440 4264 1823 4332 persuadebat.

244 4350 305 4406 Et
330 4369 438 4424 quo
465 4371 592 4412 eum
616 4355 825 4411 facilius
853 4366 1177 4425 asportaret,
1210 4371 1271 4412 se
1304 4372 1521 4427 quoque
1544 4358 1655 4427 jam
1695 4359 1825 4414 olim

1925 3334 2217 3404 Apostolus
2257 3332 2503 3403 praecipit
2544 3347 2561 3386 :
2608 3330 2827 3385 Induite
2873 3349 2960 3387 vos
3010 3332 3291 3386 Dominum
3335 3329 3517 3386 Jesum

1927 3428 2190 3486 Christum
2222 3428 2401 3499 (Rom.
2433 3424 2573 3497 xm);
2606 3436 2661 3482 et
2686 3427 2883 3481 iterum
2912 3442 2926 3479 :
2955 3425 3140 3480 lnduti
3168 3426 3331 3480 lorica
3348 3426 3515 3497 justi-

1926 3522 2012 3575 tia:
2036 3530 2087 3577 et
2114 3520 2383 3575 charitatis
2408 3520 2425 3591 (
2446 3520 2462 3573 ι
2494 3518 2673 3573 Thess.
2700 3518 2800 3588 v);
2826 3526 2885 3573 et
2908 3518 2976 3573 de
3001 3533 3110 3589 quo
3133 3518 3295 3573 etiam
3327 3517 3519 3573 Domi-

1928 3630 2031 3671 nus
2055 3615 2121 3671 ad
2143 3614 2450 3671 Jerusalem
2483 3613 2721 3684 loquitur
2743 3628 2838 3682 per
2862 3612 3183 3681 prophetam
3211 3630 3225 3666 :
3252 3609 3515 3682 Exsurge,

1926 3724 2177 3780 exsurge,
2224 3706 2516 3761 Jerusalem
2539 3747 2554 3773 ,
2604 3704 2823 3759 induere
2850 3704 3163 3758 vestimentis
3194 3702 3373 3773 gloria:
3419 3711 3519 3757 tute

1929 3798 2122 3873 (Isaia:
2149 3798 2267 3867 LII).
2300 3798 2555 3868 Quisquis
2585 3811 2777 3852 somno
2808 3794 2904 3849 otii
2934 3795 3020 3850 vel
3060 3794 3262 3850 acediaa
3290 3809 3519 3862 supera-

1934 3900 2019 3948 tus
2041 3934 2054 3956 ,
2099 3907 2206 3946 non
2241 3890 2522 3945 industriae
2548 3904 2660 3944 sua:
2693 3888 2915 3953 labore,
2955 3888 3049 3943 sed
3083 3888 3297 3942 inertia:
3328 3889 3519 3957 pannis

1928 3984 2132 4057 operiri
2158 3984 2435 4051 maluerit,
2468 3996 2605 4053 quos
2633 3980 2966 4037 abscindens
2990 3980 3058 4037 de
3085 3982 3325 4051 perfecta
3352 3980 3520 4050 pleni-

1932 4079 2119 4135 tudine
2158 4086 2213 4132 et
2255 4090 2492 4146 corpore
2523 4075 2958 4145 Scripturarum,
2999 4090 3107 4130 non
3139 4074 3518 4130 vestimentum

1931 4172 2127 4244 gloriae
2155 4185 2253 4227 nec
2282 4169 2533 4239 decoris,
2567 4168 2660 4225 sed
2695 4169 3121 4239 ignominiosum
3152 4167 3522 4225 excusationis

1934 4267 2182 4323 velamen
2206 4280 2320 4321 sua:
2350 4262 2625 4334 coaptabit
2658 4262 2912 4333 ignaviae.
2948 4261 3140 4318 Solent
3168 4261 3313 4316 enim
3342 4261 3395 4316 hi
3430 4260 3521 4331 qui

1934 4369 2060 4415 sunt
2090 4358 2191 4413 hac
2222 4357 2455 4427 segnitie
2479 4355 2750 4425 dissoluti,
2787 4356 3036 4411 nolentes
3066 4370 3235 4425 Opere
3265 4370 3520 4410 manuum

1330 4474 1586 4531 ALARDI
1624 4475 1857 4533 ΕΑΖᾹΞΙ
1896 4474 2464 4533 COMMENTARIUS.

311 4574 333 4641 '_'
366 4565 519 4641 Hanc
542 4568 876 4641 sententiam
906 4568 1039 4641 alias
1060 4568 1417 4641 exposuimus
1440 4568 1588 4641 (Lib.
1613 4584 1687 4623 vti
1710 4586 1829 4641 cap.
1858 4570 1911 4630 D
1936 4570 2112 4623 tudine
2133 4570 2305 4623 omnia
2334 4570 2682 4641 disponemes,
2714 4576 2764 4622 et
2795 4577 2983 4635 praesto
3007 4567 3251 4641 facientes
3276 4567 3525 4641 quidquid

245 4634 361 4706 i6).
399 4640 531 4693 Eam
564 4654 698 4693 vero
726 4639 859 4693 scite
888 4651 941 4695 et
981 4634 1253 4707 eleganter
1283 4634 1501 4708 adaptat
1534 4634 1829 4695 Cassianus

244 4709 515 4781 monacho
545 4725 673 4765 vere
700 4711 947 4781 pauperi,
971 4720 1027 4764 et
1057 4710 1408 4765 nihilominus
1435 4710 1504 4765 de
1533 4726 1632 4765 suo
1661 4725 1831 4780 opere

244 4778 359 4833 aliis
392 4780 649 4845 lat'giettli
679 4778 885 4851 :'quem
938 4781 1145 4837 ideirco
1182 4781 1383 4849 duplici
1435 4782 1660 4838 nomine
1700 4778 1832 4837 bea-

245 4857 352 4923 tum
370 4851 666 4923 praedicat,
702 4852 1059 4921 paupertatis.
1090 4852 1332 4919 inquam,
1368 4863 1424 4907 et
1451 4853 1737 4923 largitatis.

309 4918 335 4957 δ
368 4920 578 4996 Nempe
620 4918 940 4987 monachus,
973 4924 1062 4993 qui
1101 4926 1222 4996 aliis
1264 4924 1475 4980 laborat
1503 4918 1559 4980 et
1586 4926 1826 4996 largitur,

242 4994 461 5065 cum_sit
493 4993 609 5061 ipse
641 4997 1039 5065 pauperrimus,
1066 5006 1123 5049 ut
1154 4995 1383 5050 inferius
1410 4993 1717 5064 exponitur.

314 5073 335 5099 ε
370 5062 446 5138 Ita
487 5062 774 5138 monachis
816 5066 1086 5138 IEgyptiis
1122 5078 1441 5121 consuetum
1479 5062 1543 5122 ac
1583 5069 1836 5137 prmscri-

247 5134 853 5209 ptutnfuisse‘testatur
876 5134 939 5191 DZ
964 5134 1338 5209 Hieronymus
1362 5139 1412 5192 in
1441 5134 1600 5207 epist}
1633 5140 1699 5194 ad
1726 5139 1836 5194 Eu-

244 5204 557 5278 stochium;
594 5206 760 5276 Opus,
785 5210 992 5278 inquit,
1023 5210 1123 5262 diei
1148 5204 1344 5263 statum
1367 5204 1623 5277 esu—quod
1641 5210 1837 5266 decano

247 5276 519 5350 traditum,
540 5279 713 5350 fertur,
733 5281 799 5331 ad
827 5276 1143 5334 dconomum
1163 5322 1175 5345 ,
1205 5283 1293 5349 qui
1314 5291 1360 5335 et
1400 5276 1510 5350 ipse
1541 5298 1630 5350 per
1654 5282 1838 5350 singu-

247 5341 553 5423 los_mensei
570 5348 743 5423 _Pa.'ri
778 5353 1006 5423 omnium
1046 5341 1172 5404 cum‘
1204 5341 1391 5423 magno
1422 5341 1641 5406 treniore
1670 5341 1841 5406 reddit

245 5419 512 5492 rationem
532 5419 732 5492 lAEpist.
775 5422 929 5492 χχιι).
983 5424 1046 5476 Et
1095 5423 1152 5475 D.
1202 5419 1528 5491 Augustinus
1574 5424 1664 5477 lib.
1708 5439 1743 5477 ιι
1774 5424 1841 5477 de

250 5484 497 5565 Moribus
531 5484 786 5545 Ecclesiae
818 5484 971 5565 (Cap.
1003 5496 1152 5565 xxxi)
1190 5512 1200 5545 :
1237 5484 1527 5564 operantur
1568 5512 1627 5548 ea
1658 5495 1841 5562 quibus

249 5564 292 5611 cl
332 5576 531 5636 corpus
564 5565 703 5632 pasci
742 5564 941 5633 possit,
976 5576 1022 5619 et
1051 5582 1083 5618 a
1114 5564 1221 5619 Deo
1262 5582 1403 5619 mens
1461 5567 1699 5636 impediri
1740 5582 1842 5619 non

251 5630 433 5695 possit.
482 5630 627 5701 Opus
674 5630 849 5688 autem
892 5653 1040 5690 suum
1092 5638 1299 5690 tradunt
1340 5639 1414 5690 eis
1455 5630 1579 5706 quos
1622 5636 1843 5691 decanos

250 5711 460 5765 vocant,
493 5717 558 5756 eo
582 5708 719 5774 quod
746 5708 850 5760 sint
873 5708 1019 5761 denis
1047 5708 1330 5778 praepositi,
1361 5718 1415 5760 ut
1443 5709 1695 5760 neminem
1722 5709 1843 5761 illo-

246 5784 522 5849 rum_cura
549 5778 625 5827 sui
665 5779 894 5849 corporis
921 5788 1129 5849 tangat,
1162 5795 1325 5845 neque
1346 5780 1398 5831 in
1430 5779 1571 5844 cibo,
1608 5782 1843 5849 neguein

250 5843 579 5909 vestimento,
602 5855 706 5902 etc.
755 5843 854 5904 'llli
886 5843 1056 5905 autem
1078 5843 1258 5905 decani
1288 5866 1403 5905 cttnt
1434 5843 1621 5916 magna
1644 5843 1844 5907 sollici-

1934 4641 2027 4695 illa
2050 4642 2152 4695 vita
2174 4650 2381 4711 prapter
2416 4639 3075 4711 imbecillitatemcorporis
3117 4640 3378 4711 postulat,
3420 4649 3527 4692 tra-

1934 4708 2185 4765 ditionem
2215 4708 2383 4765 tamen
2422 4712 2577 4765 etiam
2616 4711 2715 4781 ipsi
2744 4708 2966 4765 reddunt
2997 4711 3108 4775 uni,
3134 4726 3281 4781 quem
3311 4708 3527 4764 Patrem

1934 4792 2141 4838 vocant.

2006 4850 2034 4890 ἀ
2065 4853 2255 4907 Mirum
2304 4852 2474 4908 videri
2522 4860 2699 4923 potest
2759 4852 2919 4908 talem
2979 4850 3286 4923 quempiam
3341 4864 3530 4906 mona-

1934 4925 2093 4980 chum
2145 4924 2287 4979 inter
2329 4921 2702 4980 sanctissimos
2749 4934 2802 4977 et
2853 4921 3293 4991 religiosissimos
3341 4938 3529 4977 mona-

1936 4998 2069 5051 chos
2098 5005 2152 5049 et
2177 4994 2534 5050 anachoretas
2564 4994 2788 5062 reperiri
2820 4994 3062 5064 potuisse
3086 5036 3100 5059 ,
3136 4994 3224 5063 qui
3250 4992 3383 5046 alios
3414 4997 3529 5047 suis

1939 5067 2185 5135 malignis
2214 5067 2559 5121 suasionibus
2600 5077 2655 5121 et
2700 5064 2939 5120 consiliis
2968 5066 3037 5118 ita
3071 5071 3443 5132 perverteret,
3477 5073 3532 5119 et

1942 5154 1973 5194 e
2005 5134 2337 5192 monasterio
2380 5138 2654 5206 abigeret,
2712 5146 2915 5191 tantum
2957 5145 3011 5189 ut
3047 5149 3158 5189 sua:
3190 5134 3533 5204 negligentiae

1943 5210 2277 5265 oonsulerct.
2314 5209 2385 5263 At
2413 5209 2539 5279 quid
2581 5208 2800 5275 mirum,
2832 5206 3048 5277 quando
3080 5206 3221 5279 inter
3250 5206 3527 5274 apostolos

1945 5225 2277 5265 consuleret.
2314 5225 2385 5263 At
2452 5225 2539 5262 utu
2581 5225 2800 5275 mirum,
2832 5225 3048 5277 quando
3080 5225 3221 5260 llllel'
3250 5225 3527 5274 apostolos

1945 5293 2199 5349 repertus
2229 5288 2313 5334 est
2340 5225 2505 5335 Jugas
2536 5279 2776 5347 proditor
2800 5321 2813 5343 ,
2846 5280 2935 5349 qui
2982 5286 3047 5349 et
3076 5276 3350 5349 Christum
3382 5291 3528 5331 com-

1946 5347 2083 5421 pulit
2108 5351 2291 5406 dicere
2316 5371 2328 5404 :
2374 5351 2576 5423 Nonne
2591 5367 2680 5423 ego
2718 5366 2804 5404 vos
2831 5347 3104 5423 duodecim
3133 5347 3289 5420 elegi,
3318 5358 3533 5423 et_unus

1948 5418 2012 5477 ea:
2038 5425 2173 5476 vobis
2198 5423 2434 5476 diabolus
2464 5432 2533 5474 εει
2560 5418 2739 5491 (Joan.
2778 5419 2889 5491 v1)?
2909 5418 3267 5491 rnonﬂnatur‘a,
3298 5418 3393 5474 sed
3420 5433 3536 5491 ma-

1943 5493 2079 5547 litia.
2117 5494 2428 5560 Vitle‘plura
2463 5495 2511 5545 in
2548 5493 2682 5546 hunc
2709 5489 2920 5546 rem'ad
2958 5489 3143 5545 collat.
3177 5490 3246 5545 18
3289 5505 3409 5561 cap.
3444 5490 3535 5546 l6.

2020 5575 2041 5601 ε
2070 5564 2148 5619 Ita
2177 5565 2229 5620 in
2256 5564 2497 5619 editione
2527 5562 2885 5618 Plantiniana.
2938 5562 3041 5615 Pro
3073 5575 3178 5624 quo
3207 5561 3537 5617 Basileensis

1944 5644 1999 5691 et
2046 5636 2134 5689 alii
2188 5636 2425 5691 habent:
2480 5633 2618 5687 lllex
2666 5637 2835 5705 fugis,
2864 5632 3030 5705 quod
3082 5631 3224 5689 idem
3256 5643 3361 5689 est.
3402 5632 3535 5688 lllex

1945 5707 2090 5763 enim
2120 5706 2337 5774 dicitur,
2366 5705 2457 5771 qui
2492 5704 2666 5771 illicit,
2701 5704 2793 5757 seu
2824 5704 3016 5760 allicit.

2022 5778 2041 5816 ί
2088 5778 2212 5832 Haec
2243 5793 2306 5833 ex
2339 5777 2590 5847 versione
2614 5774 2989 5845 Septuaginta.
3028 5775 3158 5830 Nam
3192 5776 3406 5847 vulgata
3431 5773 3534 5830 hoc

1949 5859 2157 5905 tantum
2184 5849 2345 5904 habet
2381 5866 2392 5901 :
2435 5846 2684 5901 Vestietur
2706 5849 2893 5912 pannis
2920 5848 3241 5903 dormilatio.
