3966 6326
299 322 388 383 ως
823 320 916 379 DE
952 323 1437 383 C(ENOBIORUM
1477 324 1716 380 INSTIT.
1759 327 1890 384 LIB.
1933 327 2023 384 XI.
2048 359 2116 369 —
2150 330 2241 386 DE
2281 329 2556 388 SPIRITU
2597 332 3040 390 CENODOXIE.

2285 207 2310 224 O

3465 333 3577 392 ιω

297 442 414 512 nali,
443 442 541 499 sed
561 441 732 500 etiam
760 444 815 498 in
839 442 1092 514 spiritali,
1125 443 1450 498 monachum
1474 444 1673 514 pulsat,
1707 443 1878 498 subti-
1907 449 1953 506 Α
1984 453 2156 499 ῑιιιιιιη
2207 446 2392 515 specie
2442 447 2700 502 victorem
2756 445 3049 502 confodere
3094 454 3152 501 et
3168 447 3416 518 jugulare
3441 461 3571 518 per-

297 539 415 598 liore
459 551 518 592 se
574 536 815 608 nequitia
870 536 1126 608 ingerens
1178 536 1380 603 menti;
1422 536 1496 590 ita
1527 546 1585 591 ut
1621 536 1713 607 qui
1767 551 1874 592 non

297 629 554 703 potuerint
581 629 898 684 carnalibus
928 629 1072 684 vitiis
1102 628 1300 700 decipi,
1333 638 1359 666 ι
1388 629 1724 698 spiritalibus
1754 643 1875 684 suc-

295 723 522 779 bessibus
545 722 728 777 acrius
754 722 1101 779 sancientur:
1123 731 1378 793 tantoque
1405 732 1487 777 est
1516 720 1876 789 perniciosior

295 814 348 869 ad
374 812 709 880 conﬂictum,
737 822 943 883 quanto
972 814 1260 870 obscurior
1293 815 1359 868 ad
1389 813 1715 869 cavendum.
1743 814 1874 869 0m-

294 908 425 962 nium
459 921 692 976 namque
720 907 975 961 vitiorum
1005 906 1340 962 manifestior
1363 907 1712 977 apertiorque
1741 921 1871 963 con-

292 1014 497 1069 gressus
552 1009 661 1064 est,
706 1007 762 1054 et
790 999 844 1054 in
869 1014 1194 1070 unoquoque
1219 1014 1407 1055 eorum
1449 1000 1874 1056 contradictione

293 1091 448 1162 rigida
473 1091 789 1146 confutatus
818 1091 1086 1159 incentor,
1123 1092 1408 1147 invalidior
1464 1091 1638 1147 factus
1682 1093 1872 1148 absce-

291 1182 388 1245 det,
407 1182 786 1253 victoremque
807 1197 964 1237 suum
987 1183 1232 1253 deiectus
1250 1182 1602 1238 adversarius
1620 1183 1872 1253 deinceps

291 1273 543 1330 infirmior
565 1276 872 1332 attentabit.
902 1275 929 1314 δ
959 1277 1056 1332 Hic
1086 1291 1217 1332 vero
1249 1279 1469 1332 morbus
1494 1292 1614 1333 cum
1639 1291 1736 1348 pro
1759 1278 1870 1332 ela-

290 1372 418 1423 tione
438 1370 648 1423 carnali
674 1369 973 1439 pulsaverit
1004 1379 1266 1437 mentem,
1286 1381 1338 1425 et
1367 1372 1527 1426 fuerit
1556 1371 1869 1440 responsio-

290 1461 360 1514 nis
411 1471 567 1515 scuto
615 1462 886 1529 repulsus,
942 1477 1131 1517 rursus
1155 1469 1213 1516 ut
1239 1461 1484 1532 quaedam
1519 1460 1868 1517 multiformis

286 1553 532 1623 nequitia,
560 1553 744 1625 priore
775 1553 962 1610 habitu
989 1570 1331 1625 personaque
1363 1564 1587 1620 mutata,
1621 1556 1722 1610 sub
1751 1555 1863 1610 vir-

1982 548 2173 594 tentat.

2593 631 2820 690 CAPUT
2860 631 2946 688 Ill.

2086 769 2256 837 Quam
2282 768 2564 822 cenodoxia
2593 767 2870 837 multiplex
2897 767 2964 822 sit
2993 783 3055 821 ac
3084 767 3443 838 multiformis.

2048 907 2259 962 Etenim
2291 913 2491 961 caetera
2520 903 2649 960 vitia
2671 919 2766 960 seu
2798 904 3235 972 perturbationes
3262 903 3568 961 uniformes

1976 1014 2041 1053 ac
2070 999 2343 1070 simplices
2372 1011 2491 1052 esse
2533 995 2807 1061 dicuntur,
2840 996 2956 1052 haec
3005 1011 3137 1053 vero
3190 994 3473 1066 multiplex
3513 1003 3571 1052 et

1979 1091 2328 1146 multiformis
2355 1105 2418 1146 ac
2454 1090 2627 1157 varia,
2661 1089 2898 1160 undique
2941 1089 3192 1145 bellatori
3222 1098 3278 1144 et
3305 1105 3373 1143 ex
3418 1088 3567 1143 omni

1975 1194 2130 1254 parte
2157 1183 2347 1238 victori
2377 1197 2696 1237 occurrens.
2729 1180 2864 1236 Nam
2891 1191 2946 1237 et
2974 1183 3028 1236 in
3063 1180 3271 1247 habitu,
3294 1189 3347 1237 et
3376 1181 3428 1236 in
3460 1180 3571 1236 for-

1976 1292 2084 1341 ma,
2138 1277 2189 1330 in
2219 1278 2456 1339 incessu,
2491 1273 2546 1328 in
2576 1288 2730 1339 voce,
2762 1274 2813 1326 in
2845 1288 3030 1343 opere,
3057 1273 3109 1328 in
3141 1273 3364 1342 vigiliis,
3394 1273 3446 1327 iu
3484 1273 3570 1342 je-

1969 1369 2161 1440 juniis,
2221 1370 2272 1423 in
2313 1369 2578 1435 oratione,
2638 1370 2693 1423 in
2746 1373 3081 1434 remotlone,
3117 1367 3171 1422 in
3203 1367 3462 1434 lectione,
3510 1367 3565 1422 in

1975 1462 2224 1527 scientia,
2242 1462 2293 1517 in
2315 1463 2709 1528 taciturnitate,
2730 1462 2783 1516 in
2812 1462 3140 1527 obedientia,
3163 1463 3215 1516 in
3239 1461 3563 1528 humilitate,

1977 1557 2027 1608 in
2053 1556 2481 1626 longanimitate,
2519 1566 2540 1594 ο
2574 1554 2800 1610 militem
2831 1553 3030 1610 Christi
3062 1555 3350 1611 vulnerare
3399 1569 3565 1610 cona-

1361 1666 1615 1722 ALARDI
1655 1666 1886 1723 GAZASI
1925 1667 2498 1726 COMMENTARIUS.

287 1762 449 1838 doxia,
480 1761 973 1838 licetmultiformis
988 1777 1050 1816 ac
1071 1763 1340 1838 multiplex
1367 1763 1454 1827 sit,
1482 1773 1530 1838 et
1556 1764 1608 1816 in
1631 1765 1860 1838 diversas
1894 1766 1942 1826 B
1967 1765 2152 1838 simis;
2183 1765 2292 1832 vel,
2327 1777 2384 1819 ut
2425 1766 2498 1819 ait
2542 1765 2602 1819 D.
2637 1765 2893 1829 Thomas,
2923 1785 3041 1822 cum
3069 1770 3184 1835 quis
3211 1768 3469 1838 gloriatur
3496 1769 3562 1823 de

285 1835 460 1906 species
485 1834 770 1906 dividatur,
788 1850 976 1905 genera
1004 1845 1170 1906 tamen
1197 1837 1311 1905 ejus
1340 1842 1458 1906 sunt
1487 1833 1864 1904 duo:primum

285 1903 364 1973 quo
393 1921 489 1976 pro
518 1903 817 1958 carnalibus
839 1920 902 1956 ac
933 1903 1227 1976 manifestis
1245 1903 1541 1976 attollimur
1571 1903 1757 1970 rebus;
1779 1923 1865 1960 se-

283 1975 612 2040 cundumquo
635 1991 729 2046 pro
742 1975 1101 2042 spiritualibus
1129 1985 1175 2028 et
1199 1975 1418 2029 occultis
1445 1976 1702 2029 desiderio
1721 1993 1866 2030 rana:

284 2047 441 2101 laudis
470 2047 742 2117 inflamur.
774 2048 920 2102 ltlem
952 2047 1112 2114 igitur
1136 2047 1239 2100 hoc
1261 2047 1382 2100 loco
1402 2047 1604 2113 pulsari
1630 2049 1682 2101 in
1715 2058 1867 2117 parte

283 2117 494 2176 carnali.
531 2134 594 2171 ac
625 2133 724 2186 pro
753 2117 1063 2172 carnalibus
1115 2125 1172 2172 et
1224 2117 1526 2172 manifestis
1571 2120 1736 2174 rebus
1766 2135 1867 2173 ex-

284 2189 413 2247 tolli:
466 2188 614 2242 idem
645 2189 697 2243 in
723 2202 874 2257 parte
903 2189 1174 2256 spirituali
1201 2189 1424 2256 pulsari,
1459 2203 1522 2242 ac
1567 2205 1663 2251 pro
1696 2189 1864 2255 spiri-

284 2261 504 2314 lualibus
564 2268 620 2314 et
670 2260 900 2316 occultis
953 2258 1230 2315 desiderio
1272 2275 1427 2313 vana:
1460 2259 1633 2314 laudis
1659 2260 1858 2316 inllari.

285 2332 403 2385 Vide
438 2341 626 2385 notata
651 2333 905 2399 superius
929 2346 996 2384 ex
1027 2330 1090 2384 D.
1119 2329 1535 2402 Chrysostomo.

341 2411 365 2440 ι
396 2403 692 2472 D.ouysius
726 2402 1058 2473 simpliciore
1102 2401 1266 2473 stylo,
1320 2414 1372 2456 et
1426 2401 1494 2456 ad
1523 2414 1742 2473 captum
1774 2418 1862 2458 aco

282 2471 635 2539 commodata,
669 2473 904 2528 elucidat
935 2491 946 2524 :
983 2471 1070 2526 Ita
1099 2471 1236 2542 quod
1265 2474 1318 2526 hi
1365 2476 1453 2540 qui
1502 2471 1735 2544 superari
1758 2491 1864 2529 non

282 2554 503 2614 poterant
535 2545 761 2614 peccatis
814 2544 1132 2616 carnalibus.
1185 2545 1357 2597 acrius
1394 2544 1723 2598 vulnerentur
1773 2561 1864 2616 per

283 2633 450 2688 tunam
483 2618 710 2688 gloriam
737 2631 800 2670 ea:
825 2615 1184 2688 spiritualibus
1210 2616 1318 2688 suis
1341 2616 1650 2688 profectibus
1673 2615 1858 2688 artant.

282 2685 362 2741 llis
386 2685 512 2753 apte
550 2688 883 2756 re-poodent
907 2703 1031 2756 quae
1054 2687 1119 2740 de
1150 2686 1450 2741 cenodoxia
1483 2688 1677 2748 scribit
1695 2687 1860 2742 10m-

283 2774 365 2812 nes
383 2757 665 2813 Climacus
695 2760 864 2828 gradu
892 2761 1157 2825 vigesimo
1191 2757 1493 2824 primo,ubi
1520 2773 1640 2812 eam
1668 2763 1739 2811 ita
1767 2758 1864 2813 de-

283 2831 436 2898 pingit
466 2847 481 2885 ε
510 2829 810 2884 Cenodoxia
837 2837 910 2882 est
955 2830 1189 2882 laborum
1219 2829 1514 2898 dissipatio,
1566 2829 1861 2883 studiorum

281 2903 512 2967 perditio,
541 2901 906 2954 thesaurorum
959 2901 1190 2963 insidiae,
1241 2901 1294 2952 in
1326 2908 1477 2971 portu
1505 2901 1858 2971 naufragium,

283 2972 327 3023 in
347 2989 462 3026 area
489 2972 734 3043 formica,
760 2988 894 3040 qute,
920 2972 1012 3043 etsi
1036 2971 1204 3024 tenuis
1217 2981 1310 3043 est,
1334 2969 1860 3043 laboribus'omnibus

281 3053 318 3094 et
339 3041 899 3112 fructibusinsidiatur.
920 3041 1197 3108 Exspectat
1225 3041 1442 3111 formica
1467 3041 1593 3094 dum
1620 3043 1862 3113 perﬁcia-

282 3124 352 3166 tur
378 3116 607 3168 triticum
625 3157 639 3175 ,
669 3115 955 3167 cenodoxia
988 3129 1104 3169 vero
1133 3115 1254 3166 dum
1282 3123 1656 3182 congregentur
1684 3130 1805 3181 opes
1838 3132 1858 3180 ;

282 3188 453 3253 gaudet
478 3185 574 3239 illa
622 3196 677 3238 ut
730 3185 952 3255 furetur,
983 3183 1093 3238 hac
1116 3196 1288 3238 autem
1314 3194 1369 3236 ut
1391 3184 1638 3251 dissipet;
1670 3187 1859 3254 gaudet

281 3257 645 3322 desperationis
677 3258 911 3327 spiritus,
937 3273 1053 3309 cum
1076 3257 1209 3308 videt
1239 3255 1575 3327 multiplicari
1599 3257 1754 3320 vitia;
1775 3274 1860 3310 ce-

284 3329 491 3382 nodoxia
515 3345 658 3389 vero,
678 3326 796 3380 cum
823 3329 1031 3380 virtutes
1057 3326 1391 3398 multiplicari
1415 3327 1568 3398 videt.
1603 3329 1665 3380 Et
1691 3327 1858 3382 infra:

283 3398 566 3453 Cenodoxia
598 3399 834 3452 omnibus
859 3399 1042 3452 studiis
1072 3398 1333 3468 aggaudet
1363 3412 1382 3449 :
1412 3397 1551 3451 verbi
1593 3400 1784 3469 gratia,
1815 3401 1861 3454 si

283 3472 466 3541 jejuno,
496 3472 724 3541 inaniter
745 3470 974 3540 glorior;
999 3470 1041 3522 si
1059 3469 1329 3539 splendide
1350 3469 1581 3532 vestitus,
1606 3469 1781 3541 uincor
1801 3487 1863 3525 ea

285 3539 438 3607 peste;
490 3543 533 3594 si
591 3539 757 3594 cilius
772 3541 985 3602 induar,
1007 3541 1177 3594 denuo
1203 3542 1434 3612 glorior;
1456 3541 1500 3592 si
1527 3541 1728 3612 loquar,
1762 3539 1861 3594 hac

282 3625 516 3677 superor;
543 3613 587 3666 si
609 3622 827 3670 taceant.
853 3614 1040 3666 iterum
1062 3610 1337 3679 superatus
1359 3626 1495 3663 sum.
1525 3610 1859 3678 Quocumque

283 3681 406 3804 {Hinc
432 3688 449 3706 ‘
483 3684 733 3737 tributum
772 3683 985 3753 jeceris,
1039 3693 1206 3737 erecto
1234 3681 1457 3752 persistit
1499 3681 1698 3736 aculeo.
1731 3682 1859 3738 Haec

283 3765 295 3802 ι
334 3768 380 3804 e.

281 3749 380 3806 ille.

342 3821 368 3861 δ
397 3824 496 3878 Hic
553 3839 770 3879 rursum
823 3825 1227 3894 paraplirastes.
1259 3834 1350 3879 aut
1378 3825 1621 3895 quisquis
1642 3835 1853 3890 auctor,

279 3899 522 3965 ec5pitat,
555 3898 682 3949 dum
709 3898 778 3949 ita
807 3897 985 3951 reddit
1013 3915 1026 3951 :
1055 3896 1218 3950 Porro
1246 3899 1460 3967 spiritus
1483 3912 1626 3949 vance
1653 3897 1856 3967 gloria,

279 3981 383 4018 cum
404 3969 470 4022 de
498 3978 706 4036 peccato
733 3970 926 4022 carnali
959 3968 1219 4020 tentaverit
1248 3969 1858 4035 hominem,etc.Qu;L-so

279 4047 344 4100 te,
372 4039 568 4106 lector,
589 4041 712 4108 quis
734 4056 986 4107 umquam
1015 4038 1220 4092 audivit
1242 4039 1488 4107 spiritum
1506 4053 1655 4092 vanae
1673 4040 1858 4106 gloria:

277 4108 336 4179 de
362 4123 582 4179 peccato
609 4110 820 4164 carnali
844 4122 1081 4166 tentasse
1103 4109 1413 4164 hominem?
1444 4119 1497 4164 et
1524 4109 1650 4178 quid
1679 4110 1857 4165 simile

276 4178 334 4232 ad
369 4178 612 4237 mentem
643 4183 932 4236 Aut-toris?
962 4183 1070 4238 Sed
1102 4196 1209 4235 uno
1257 4181 1492 4235 absurdo
1522 4183 1672 4246 dato,
1704 4181 1856 4249 plura

276 4253 417 4321 sequi
450 4269 676 4310 necesse
703 4265 805 4308 est.
842 4254 1064 4308 Morbus
1090 4252 1159 4307 de
1185 4267 1292 4322 quo
1321 4253 1405 4306 hic
1431 4253 1627 4322 agitur,
1660 4267 1858 4322 nempe

277 4324 590 4391 cenodosia,
621 4341 720 4394 pro
765 4326 998 4380 elatione
1025 4323 1232 4378 carnali
1257 4323 1430 4390 pulsat
1459 4332 1716 4388 mentem,
1747 4340 1856 4379 non

279 4401 329 4447 ut
357 4397 1167 4467 paraphrastesinterpretatur,
1185 4396 1279 4466 sed
1306 4404 1364 4448 ut
1387 4397 1603 4467 Auctor
1621 4396 1736 4463 ipse
1766 4411 1857 4450 su-

279 4467 450 4528 perius
477 4470 770 4536 expressit.
803 4465 934 4521 Nam
961 4467 1100 4521 idem
1131 4465 1221 4520 hic
1241 4475 1327 4520 est
1357 4481 1456 4534 pro
1480 4465 1716 4520 elatione
1737 4481 1857 4521 car-

1885 3147 1934 3216 C

1969 1836 2148 1905 aliquo
2179 1838 2336 1904 falso,
2367 1837 2504 1904 quod
2537 1840 2887 1891 contrariatur
2918 1840 3108 1894 divina:
3138 1836 3450 1906 reuerentia»,
3483 1857 3564 1894 se-

1970 1908 2199 1958 cundum
2249 1907 2385 1960 illud
2430 1906 2716 1962 Ezechielis
2768 1925 2929 1963 xxvm
2978 1928 2989 1963 :
3047 1911 3310 1964 Elevatum
3358 1921 3430 1963 est
3475 1927 3565 1965 cor

1969 1987 2157 2049 tuum;
2190 1978 2395 2046 dixisti,
2433 1975 2572 2031 Deus
2597 1995 2690 2049 ego
2731 1997 2864 2036 sum.
2898 1982 2961 2035 Et
2990 1982 3004 2032 l
3044 1982 3109 2034 ad
3135 1981 3262 2034 Cor.
3296 1996 3382 2033 tv:
3423 1981 3560 2047 Quid

1968 2047 2126 2101 habes
2157 2050 2296 2117 quod
2347 2067 2446 2102 non
2486 2047 2776 2119 accepisti?
2822 2053 2865 2105 si
2920 2063 3089 2105 autem
3135 2052 3402 2118 accepisti,
3437 2050 3562 2120 quid

1968 2119 2237 2188 gloriaris,
2269 2122 2420 2192 quasi
2457 2137 2560 2173 non
2593 2124 3059 2192 acceperis?Ta’is
3095 2125 3256 2177 etiam
3293 2123 3556 2189 llorodes,

1967 2193 2051 2243 cui
2075 2203 2200 2244 cum
2234 2192 2284 2244 in
2329 2191 2540 2262 theatro
2568 2191 2799 2261 superbe
2824 2196 3170 2247 concinnanti
3200 2194 3430 2262 pepulus
3465 2209 3555 2247 ac-

1967 2261 2258 2334 clamasset
2291 2281 2301 2312 :
2334 2261 2432 2334 Dei
2459 2278 2623 2326 voces,
2642 2272 2688 2316 et
2703 2281 2802 2317 non
2816 2263 3173 2334 hominicht
3192 2261 3552 2329 .quoseph.

1967 2331 2144 2406 Antig.
2173 2333 2210 2386 l.
2241 2348 2333 2386 XIX
2350 2349 2395 2385 c.
2414 2333 2468 2400 8)
2489 2377 2501 2396 ,
2519 2335 2794 2406 confestim
2812 2331 3193 2406 percussit‘eum
3222 2337 3435 2406 angelus
3452 2335 3555 2388 Do-

1966 2403 2115 2460 mini,
2145 2419 2200 2456 eo
2230 2405 2372 2473 quod
2401 2421 2502 2456 non
2530 2405 2754 2457 dedisset
2777 2405 3022 2459 honorem
3061 2405 3207 2462 Deo:
3239 2403 3557 2459 et'consum-

1968 2481 2145 2546 ptusa
2174 2475 2426 2546 vermibus
2449 2476 2751 2535 exspiravit.
2787 2476 3003 2530 Ratione
3031 2478 3170 2546 ﬁnis,
3207 2494 3322 2530 cum
3353 2479 3558 2546 appeti-

1968 2552 2054 2596 tur
2086 2545 2203 2598 laus
2233 2544 2461 2598 humana
2491 2547 2551 2598 ob
2577 2547 2732 2614 ﬁnem
2754 2544 3115 2608 mortalent,ut
3137 2551 3180 2600 si
3209 2550 3323 2617 quis
3347 2544 3558 2602 laudari

1965 2617 2186 2685 appetit,
2239 2628 2328 2668 aut
2377 2619 2601 2681 seipsum
2651 2618 2851 2681 laudat,
2890 2629 2944 2672 ut
2997 2629 3341 2682 consequatur
3398 2619 3557 2687 ﬁnem

1965 2687 2229 2740 carnalem
2253 2687 2644 2757 fornicationis,
2671 2701 2761 2740 aut
2790 2690 2938 2742 aliud
2961 2688 3129 2741 simile
3153 2705 3170 2751 ;
3193 2701 3280 2743 au!
3313 2690 3558 2744 intentio-

1966 2773 2082 2810 nem
2103 2775 2250 2810 suam
2282 2759 2437 2828 refert
2470 2760 2537 2810 ad
2583 2776 2768 2811 ranam
2798 2762 3042 2828 gloriam,
3087 2771 3343 2826 tamquam
3375 2761 3440 2811 ad
3471 2761 3556 2815 ul-

1964 2829 2146 2881 timum
2194 2828 2377 2897 ﬁnem,
2414 2846 2504 2894 pro
2533 2847 2633 2900 quo
2665 2831 2743 2883 vel
2787 2833 3140 2894 consequendo
3171 2830 3248 2883 υτι
3288 2832 3556 2886 retinendo

1966 2910 2182 2966 paratus
2214 2912 2285 2953 est
2316 2901 2608 2969 transgredi
2632 2902 2709 2954 vel
2730 2901 2900 2972 reipsa
2925 2904 3309 2970 transgreditur
3339 2901 3556 2966 aliquod

1965 2981 2279 3043 prafccptum
2309 2972 2539 3023 divinum
2566 2973 2778 3043 :quales
2805 2983 2955 3026 erant
2984 2975 3131 3026 multi
3155 2990 3216 3028 ea:
3241 2973 3554 3043 primoribus

1963 3039 2299 3104 Judteorum,
2328 3043 2391 3095 de
2419 3039 2858 3111 quibusVJoannis
2883 3060 2952 3098 xtl
2985 3045 3174 3098 dicitur
3197 3059 3216 3097 :
3241 3039 3556 3101 Dilexerunt

1965 3115 2127 3185 magis
2149 3113 2370 3185 gloriam
2399 3114 2664 3167 hominum
2707 3133 2865 3184 quant
2891 3117 3110 3185 gloriam
3143 3115 3258 3181 Dei;
3280 3127 3326 3166 ιιι
3353 3131 3473 3182 cap.
3495 3131 3551 3171 v:

1974 3182 2248 3257 Quomodo
2279 3201 2364 3236 vos
2397 3187 2607 3248 potestis
2631 3182 2859 3251 credere,
2885 3182 2972 3257 qui
3003 3186 3224 3257 gloriam
3253 3187 3315 3240 ab
3338 3187 3555 3240 invicem

1967 3255 2218 3327 accipitis,
2241 3257 2526 3326 etgloriam
2555 3273 2670 3322 qua:
2699 3274 2731 3310 a
2759 3260 2870 3311 solo
2898 3255 3015 3310 Deo
3052 3270 3146 3324 est,
3190 3275 3292 3311 non
3321 3259 3554 3327 quwritis

1968 3322 2054 3392 (S.
2080 3322 2261 3377 Thom.
2285 3322 2368 3377 ubi
2388 3329 2606 3394 supra)?
2628 3327 2723 3381 llis
2744 3344 2822 3382 cei
2841 3339 2893 3384 te
2922 3322 3141 3382 casibus
3168 3328 3305 3382 haud
3329 3322 3552 3384 dubium

1967 3407 2049 3446 est
2092 3396 2462 3469 cenodoxiam
2495 3413 2591 3451 seu
2641 3401 2852 3452 inanem
2883 3400 3108 3469 gloriam
3166 3402 3391 3453 mortale
3429 3415 3553 3455 esse

1968 3479 2270 3540 peccatum,
2299 3468 2619 3540 et_militem
2673 3468 2902 3535 Christi,
2929 3479 2987 3522 ut
3029 3475 3232 3524 Auctor
3289 3471 3548 3540 loquitur,

1965 3535 2220 3613 lethaliter
2292 3537 2592 3613 vulnerare,
2629 3541 2886 3600 sauciare,
2931 3543 3202 3613 jugulare,
3251 3535 3549 3609 confodere,

1965 3608 2323 3679 supplantare,
2346 3608 2552 3672 elidere,
2580 3612 2914 3677 improvisum
2932 3608 3311 3665 ac'miserabile
3335 3608 3552 3679 naufra-

1965 3678 2108 3753 gium
2138 3682 2363 3753 secundo
2404 3682 2766 3753 navigantibus
2816 3693 2962 3735 vento
2995 3684 3294 3753 importare,
3326 3678 3550 3752 denique

1964 3749 2173 3801 ruinam
2215 3760 2262 3803 et
2303 3749 2573 3804 interitum
2604 3751 2812 3818 alferre.
2837 3749 3106 3806 Caeterum
3139 3755 3238 3806 etsi
3269 3768 3418 3806 cxnra
3450 3749 3551 3810 bos

1963 3833 2124 3872 casus
2151 3829 2207 3874 et
2235 3836 2299 3875 es
2326 3836 2526 3890 genere
2548 3837 2648 3876 suo
2684 3835 2963 3889 peccatum
2991 3824 3203 3878 veniale
3219 3835 3544 3890 censeatur,

1964 3903 2183 3964 semper
2211 3900 2388 3946 tamen
2416 3894 2712 3964 exstinguit
2744 3895 2870 3949 boui
2911 3895 3092 3962 operis
3137 3897 3186 3948 in
3219 3897 3389 3964 gratia
3423 3898 3546 3950 exi-

1964 3963 2156 4015 stentis
2179 3965 2453 4038 meritum.
2477 3963 2675 4038 ullus
2701 3967 2836 4019 enim
2860 3968 3120 4038 peccando
3146 3963 3372 4019 meretur
3391 3969 3550 4020 vitam

1962 4041 2228 4107 cateruam,
2254 4037 2328 4088 ait
2384 4036 2440 4092 S.
2476 4035 2712 4090 Thomas
2747 4035 2970 4106 (Supra,
3003 4055 3052 4091 a.
3096 4041 3150 4100 5.
3188 4039 3255 4090 ad
3289 4040 3333 4107 l)
3367 4055 3379 4091 :
3414 4040 3551 4093 unde

1962 4119 2090 4174 opus
2119 4105 2401 4160 uirtuosum
2428 4109 2618 4160 amittit
2645 4105 3002 4162 vinimervndi
3029 4111 3185 4162 vitam
3207 4105 3473 4173 tctrrnarn,
3503 4110 3551 4164 si

1962 4184 2170 4252 propter
2198 4178 2406 4230 inanem
2429 4179 2649 4248 gloriam
2671 4182 2787 4248 fiat,
2819 4179 3020 4234 etiamsi
3038 4181 3145 4252 illa
3184 4181 3354 4252 inanis
3377 4179 3550 4252 gloria

1962 4262 2067 4322 non
2117 4248 2182 4300 sit
2230 4257 2497 4318 peccatum
2538 4253 2777 4322 mortale.
2815 4256 2985 4322 Atque
3035 4251 3136 4307 hac
3184 4248 3395 4305 ratione
3441 4250 3549 4307 dici

1962 4317 2123 4392 etiam
2168 4317 2681 4392 potestccnodoxia
2739 4317 3014 4377 hominem
3064 4323 3374 4388 vulnerare,
3421 4336 3548 4392 sup-

1961 4388 2224 4457 plantare.
2259 4391 2504 4458 elidere;
2538 4407 2659 4446 cum
2709 4408 2872 4448 omne
2919 4403 3219 4461 peccatum.
3257 4393 3420 4447 etiam
3455 4388 3548 4447 ve-

1963 4461 2126 4530 niale,
2161 4462 2360 4514 vulnus
2409 4463 2677 4530 quoddam
2726 4475 2778 4517 et
2810 4464 3032 4516 mni-bus
3061 4467 3130 4517 sit
3161 4466 3375 4518 animm.
3403 4464 3540 4518 Con-

278 4537 375 4609 nali
426 4529 656 4607 pulsari,
706 4553 770 4594 ac
820 4538 1075 4609 superius
1123 4539 1173 4591 in
1207 4529 1592 4609 parte-carnali
1626 4538 1853 4603 pulsari,
1881 4539 1936 4599 Ι)
1965 4529 2212 4609 ﬁrmatur
2244 4533 2368 4609 haec
2387 4529 2632 4586 doctrina
2663 4537 2907 4609 ΔΜιιιιιιιιτὶ
2942 4551 2971 4588 ν
2997 4551 3144 4609 cap..
3175 4535 3262 4609 ubi
3293 4534 3548 4590 Salvator

277 4607 371 4662 hoc
390 4621 492 4668 est.
525 4627 621 4679 pro
653 4609 816 4664 rebus
839 4607 1150 4665 carnalibus
1176 4623 1238 4662 ac
1271 4607 1572 4662 manifestis
1597 4609 1814 4679 extolli.

343 4688 364 4716 ε
396 4678 618 4736 Militem
637 4680 861 4747 Christi,
887 4682 935 4734 id
960 4692 1061 4741 est,
1091 4681 1416 4734 monachum
1447 4678 1740 4748 praecipue,
1763 4689 1857 4735 aut

275 4752 566 4816 generatim
624 4768 840 4806 omnem
896 4753 1288 4807 Christianum.
1329 4749 1595 4804 Vulnerat
1632 4750 1851 4817 quidem

276 4823 565 4877 cenodoxia
620 4823 850 4878 militem
899 4822 1134 4884 Christi,
1175 4831 1230 4875 at
1266 4835 1371 4874 non
1423 4837 1640 4890 semper
1671 4821 1852 4874 letliali

274 4891 492 4947 vulnere
515 4910 530 4958 ;
558 4909 662 4950 non
694 4895 839 4949 enim
870 4895 1118 4949 mortalis
1140 4892 1413 4948 censenda
1443 4902 1529 4948 est
1556 4893 1856 4948 cenodoxia

274 4975 362 5016 seu
393 4964 577 5032 glorias
624 4966 894 5034 cupiditas
930 4984 943 5019 :
994 4967 1161 5019 immo
1193 4967 1514 5034 plerumque
1559 4975 1613 5018 et
1664 4973 1854 5034 natura

273 5047 361 5103 sua
385 5037 652 5091 venialem
679 5033 805 5092 esse
835 5037 1040 5092 docent
1062 5035 1300 5103 theologi
1324 5051 1338 5100 ;
1364 5033 1466 5090 nisi
1501 5034 1745 5090 mortalis
1773 5033 1853 5089 ef-

274 5100 494 5166 ﬁciatur.
528 5109 613 5162 vel
647 5109 856 5163 ratione
884 5114 1149 5171 materias,
1203 5100 1284 5161 vel
1329 5107 1541 5162 ratione
1572 5106 1716 5170 fluis,
1764 5105 1851 5160 vel

274 5175 475 5230 ratione
507 5180 735 5234 alterius
785 5180 1016 5249 peccati.
1068 5177 1207 5249 qtiod
1268 5179 1540 5232 interdum
1571 5179 1623 5232 in
1654 5175 1851 5249 affectu

271 5258 416 5322 varia:
469 5250 652 5316 gloria.-
711 5247 1005 5306 involvitur
1032 5250 1137 5322 (S.
1169 5247 1421 5322 Thomas,
1473 5265 1654 5322 supra,
1682 5264 1735 5301 a.
1765 5247 1846 5317 ὅ).

272 5312 496 5374 Ratione
546 5324 814 5386 materiae,
869 5333 927 5375 ut
975 5312 1174 5390 si'quis
1209 5312 1470 5390 glorietur
1512 5312 1581 5374 de
1631 5312 1850 5388 peccato

273 5391 508 5457 mortali,
540 5393 835 5458 ebrietate,
882 5393 1243 5447 fornicatione
1265 5433 1280 5454 ,
1331 5391 1558 5458 injuria,
1590 5399 1682 5443 aut
1718 5405 1850 5444 con-

273 5462 490 5527 tumelia
544 5464 694 5517 fratri
743 5464 916 5527 illata,
953 5473 1061 5519 etc.
1093 5463 1168 5517 De
1194 5463 1388 5527 quibus
1419 5461 1683 5516 Proverb.
1711 5475 1788 5514 xu
1831 5477 1845 5514 :

275 5523 652 5588 Lietanturcum
687 5537 823 5589 male
849 5523 1086 5605 fecerint,
1115 5543 1162 5588 et
1189 5523 1452 5589 essultant
1475 5535 1527 5586 in
1557 5531 1706 5586 rebus
1735 5549 1853 5600 pes-

326 5685 343 5704 '
368 5686 617 5740 Tribulum
659 5692 902 5745 Vegetius
943 5693 1028 5745 lib.
1075 5707 1123 5740 lll
1160 5697 1299 5743 vocat
1331 5691 1581 5743 stimulum
1628 5690 1851 5740 ferreum

269 5743 437 5818 farinae
460 5743 823 5815 (multangula),
846 5757 928 5816 qui
967 5743 1326 5818 quamcumque
1377 5759 1424 5804 in
1466 5763 1655 5817 partem
1697 5756 1840 5803 incu‘

270 5806 449 5865 I'W'N'.
476 5806 701 5865 aculcuiiT
719 5806 921 5875 semper
946 5806 1173 5867 infestum
1201 5806 1484 5878 praetendit:

1961 4603 2105 4676 serio
2130 4674 2137 4676 _
2162 4618 2258 4656 nos
2305 4605 2562 4658 admonet
2595 4623 2607 4659 :
2638 4606 2900 4660 Attendite
2931 4623 2994 4659 ne
3012 4603 3277 4676 justitiam
3323 4616 3546 4660 vestram

1959 4674 2166 4737 faciatis
2213 4689 2388 4727 coram
2441 4675 2752 4738 hominibus,
2785 4688 2836 4730 nt
2865 4674 3148 4730 videamini
3179 4679 3242 4729 ab
3272 4677 3385 4740 eis;
3411 4676 3546 4729 alio-

1958 4744 2084 4815 quin
2129 4743 2412 4815 mercedem
2461 4762 2565 4799 non
2607 4747 2857 4801 habebitis
2886 4749 3026 4815 apud
3060 4748 3264 4802 Patrem
3290 4756 3541 4815 vestrum,

1957 4814 2047 4882 qui
2099 4815 2152 4868 in
2198 4814 2338 4869 εωιιε
2379 4826 2473 4870 est.
2507 4816 2670 4885 Quasi
2724 4814 2967 4873 diceret:
3001 4819 3278 4874 llabebitis
3321 4814 3542 4882 quidem

1957 4885 2098 4954 apud
2125 4887 2372 4960 homines
2397 4889 2704 4960 inquorum
2726 4893 2954 4960 gratiam
2981 4891 3176 4952 facitis,
3197 4887 3356 4960 sicuti
3382 4891 3544 4956 paulo

1957 4967 2082 5032 piist
2110 4957 2652 5032 de_Pbarisa-isdicit
2675 4977 2690 5014 :
2717 4957 3047 5032 Receperunt
3068 4959 3349 5013 mercedem
3371 4976 3542 5022 suam,

1955 5025 2008 5080 id
2025 5035 2141 5101 _est,
2187 5029 2418 5101 inanem
2442 5031 2668 5098 gloriam
2716 5025 2864 5101 apud
2908 5031 3175 5095 homines,
3205 5044 3363 5099 quam
3396 5046 3546 5098 qua:-

1958 5097 2187 5163 rebant;
2222 5099 2362 5167 apud
2399 5097 2612 5155 Patrem
2648 5097 2827 5158 autem
2859 5105 3142 5158 caelestem
3177 5097 3282 5154 non
3313 5097 3542 5156 habebi-

1959 5170 2046 5242 tis,
2079 5170 2234 5239 cujus
2256 5185 2416 5224 causa
2455 5188 2559 5227 non
2593 5173 2802 5238 facitis;
2835 5178 2957 5242 quia
2985 5187 3198 5242 :rquum
3221 5182 3325 5232 est.
3364 5182 3419 5225 ut
3450 5174 3541 5227 cui

1955 5241 2184 5312 quisque
2233 5242 2465 5308 laborat,
2493 5245 2561 5300 ab
2611 5260 2677 5300 eo
2709 5241 3015 5299 mercedem
3053 5241 3332 5309 accipiat;
3376 5254 3428 5296 et
3483 5255 3542 5296 ut

1953 5312 2112 5367 unius
2144 5312 2342 5384 laboris
2370 5331 2476 5370 non
2506 5317 2728 5384 duplex,
2753 5316 2850 5371 sed
2900 5330 3002 5368 una
3038 5315 3108 5366 sit
3135 5327 3364 5384 merces.
3399 5314 3540 5384 Quid

1954 5385 2111 5456 enim,
2140 5385 2215 5438 ait
2241 5382 2663 5456 Cltrysostonius
2687 5385 2775 5456 (In
2788 5395 3058 5440 comment.
3075 5386 3126 5436 in
3142 5383 3358 5454 Matth.)
3383 5401 3414 5456 ᾳ
3433 5382 3542 5438 Deo

1956 5455 2416 5525 recipies,quil)eo
2438 5457 2570 5510 nihil
2588 5454 2942 5511 dedisti?nam
2961 5455 3099 5525 quod
3130 5464 3338 5522 propter
3372 5454 3542 5507 Deum

1955 5523 2038 5597 ﬁt,
2063 5523 2175 5579 Deo
2202 5528 2378 5591 datur,
2410 5539 2457 5582 et
2485 5531 2548 5582 ab
2581 5545 2637 5582 eo
2666 5529 2942 5597 recipitur;
2968 5523 3108 5596 quod
3137 5537 3307 5578 autem
3331 5539 3540 5597 propter

1955 5593 2186 5650 homines
2218 5598 2296 5662 ﬁt,
2323 5599 2378 5650 in
2405 5608 2577 5653 ventos
2621 5593 2928 5666 effunditur.
2959 5593 3039 5652 0b
3069 5597 3207 5651 hanc
3236 5593 3452 5650 causam
3487 5608 3540 5652 ct

1957 5668 2278 5735 periculum,
2309 5667 2521 5724 scilicet
2551 5673 2723 5725 inanis
2755 5670 2941 5738 gloria:
2983 5679 3039 5724 et
3081 5669 3352 5724 mercedis
3378 5670 3540 5738 amit-

1959 5741 2153 5810 tenda),
2188 5742 2244 5794 ὃ.
2282 5740 2550 5806 llilarion,
2597 5752 2652 5794 ut
2682 5737 2872 5796 scribit
2930 5742 2987 5796 Β.
3034 5743 3395 5810 Hieronymus
3429 5737 3537 5807 (1η

1961 5811 2072 5870 eius
2103 5808 2268 5876 Vita),
2299 5813 2614 5880 sexagesimo
2639 5815 2754 5865 vita:
2799 5829 2907 5865 aute
2938 5831 3076 5868 anno
3105 5808 3314 5868 cernens
3339 5811 3538 5880 grands
