3966 6326
1647 207 1655 210 .
1679 205 1722 220 Δ...

477 289 581 346 107

1800 283 2080 340 JOANNIS
2117 283 2430 341 CASSIANI

3631 295 3724 356 ωδ

479 403 731 459 omnibus
758 411 1155 459 consummatae
1188 402 1447 472 justitiae,
1481 407 1535 456 et
1575 407 1886 454 sanctarum
1917 397 2066 454 Scri-
2092 400 2142 460 Α
2168 396 2197 437 ι’
2259 397 2359 466 Qui
2414 405 2534 466 post
2591 397 2849 453 indictum
2909 399 3190 455 terminum
3243 399 3399 468 vitae,
3455 403 3729 475 mortisque

481 503 759 565 pturarum
793 497 1103 552 testimonio
1131 495 1568 564 comprobatum,
1623 499 1746 562 post
1791 492 2070 548 innumera

480 591 743 644 virtutum
793 589 1081 660 praeconia,
1133 603 1246 643 uno
1295 597 1322 625 ι
1373 586 1625 642 elationis
1683 585 1791 640 telo
1839 587 2068 655 legimus

483 681 652 737 fuisse
679 683 973 752 dejectum,
999 691 1054 737 et
1091 681 1180 751 qui
1213 680 1643 736 internecionem
1669 687 1884 734 centum
1916 685 2068 732 octo-

480 776 630 845 ginta
661 777 902 846 quinque
933 776 1156 830 millium
1192 774 1260 829 de
1293 773 1536 830 exercitu
1568 771 1932 843 Assyriorum,
1967 784 2065 824 an-

480 866 604 936 gelo
631 868 731 922 sub
759 876 914 923 nocte
938 874 1204 932 vastante,
1233 882 1340 921 una
1366 881 1524 936 prece
1553 865 1723 920 valuit
1752 865 2067 934 impetrare,

481 958 735 1012 vanitatis
772 957 1097 1028 gloriatione
1126 966 1417 1029 superatur
1446 957 1536 1030 (IV
1565 957 1695 1028 Reg.
1735 954 1866 1027 xtx).
1905 955 2069 1025 Cujus

481 1061 541 1105 ut
575 1061 906 1129 praeteream
951 1052 1211 1108 virtutum
1263 1062 1368 1108 tam
1422 1052 1690 1122 prolixum
1739 1050 2066 1120 catalognm,

477 1158 641 1214 quem
685 1145 955 1214 replicare
999 1145 1317 1216 perlongum
1360 1155 1466 1211 est,
1510 1144 1615 1200 hoc
1661 1159 1825 1198 unum
1871 1142 2067 1196 dicam.

2179 489 2320 545 diem
2357 490 2569 544 Domini
2598 493 2866 546 sententia
2896 491 3240 561 praeﬁnitum,
3271 501 3294 531 ο
3322 492 3614 562 quindecim
3646 515 3730 554 an-

2177 582 2258 635 nis
2307 582 2431 636 vita:
2479 592 2651 638 metas
2697 585 2968 640 excedere
3017 600 3122 640 una
3169 585 3414 641 oratione
3459 593 3732 657 promeruit

2173 673 2200 710 ά
2229 676 2342 728 sole
2372 688 2468 743 per
2492 674 2682 730 decem
2713 676 2934 745 gradus,
2968 692 3106 746 quos
3144 677 3209 730 ad
3248 689 3492 732 occasum
3523 682 3730 738 tendens

2167 765 2278 835 jam
2320 766 2700 833 illustraverat,
2735 777 3065 834 revertente,
3096 769 3189 840 qui
3238 770 3408 824 lineas
3453 786 3579 842 quas
3623 774 3733 830 abs-

2171 874 2326 916 cessu
2365 861 2482 929 ejus
2522 861 2714 915 umbra
2770 862 3108 932 subsequens
3150 873 3458 933 occuparat,
3496 880 3590 920 suo
3627 883 3732 922 rur-

2172 968 2290 1008 sum
2333 953 2512 1009 reditu
2559 953 3112 1024 lugans,duplicatum
3153 955 3294 1010 diem
3341 957 3586 1012 universo
3627 961 3731 1014 orbi

2173 1055 2361 1100 contra
2393 1045 2524 1101 lixas
2549 1055 2756 1101 naturae
2778 1047 2922 1116 leges
2944 1047 3187 1101 inaudito
3211 1047 3467 1102 miraculo
3493 1049 3730 1117 praebuit;

2175 1148 2297 1210 post
2331 1147 2480 1194 tanta
2521 1149 2735 1210 tamque
2771 1139 3106 1194 incredibilia
3151 1140 3324 1209 signa,
3363 1150 3481 1210 post
3517 1151 3616 1197 tam
3644 1145 3730 1198 im-

1552 1257 1806 1312 ALARDI
1845 1254 2080 1313 ΟΑΖᾹΞΙ
2115 1254 2680 1312 COMMENTARIUS.

479 1360 568 1408 tus
595 1351 855 1408 Dominus
879 1353 1186 1423 quindecim
1215 1366 1388 1407 annos
1413 1351 1462 1407 ci
1491 1349 1750 1423 adjecerit
1779 1349 1842 1402 ad
1876 1347 2055 1423 termi-

478 1425 761 1494 numgvittc
791 1419 1087 1478 naturalem
1122 1423 1222 1494 (IV
1257 1423 1386 1494 Reg.
1426 1439 1518 1487 xx,
1553 1419 1602 1494 et
1634 1419 1789 1474 Isaia!
1822 1419 2063 1494 xxxvm).

486 1493 547 1547 In
577 1492 659 1548 his
689 1504 742 1548 et
765 1495 1067 1564 liujusmodi
1098 1489 1262 1564 gestis
1284 1489 1616 1548 admirandis
1646 1506 1802 1564 nemo
1831 1506 1896 1545 ex
1922 1489 2064 1564 regi-

480 1565 582 1618 bus
642 1565 732 1631 qui
779 1561 945 1634 possit
993 1561 1115 1620 dici'
1141 1566 1330 1619 similis
1379 1565 1476 1618 illi.
1550 1565 1611 1617 Et
1658 1561 1806 1634 fuere
1847 1561 2063 1634 quidem

481 1643 597 1689 tres
632 1631 792 1704 reges
821 1637 910 1704 qui
943 1635 1096 1690 valde
1127 1637 1444 1704 placuerunt
1475 1635 1702 1688 Domino
1742 1632 1809 1687 ob
1849 1631 2064 1704 religio-

481 1721 608 1760 nem
637 1703 1135 1773 et’pietatem,quia
1156 1707 1406 1761 nimirum
1433 1707 1657 1773 populos
1675 1719 1800 1758 suos
1829 1703 2062 1756 induxe-

481 1785 609 1829 runt
640 1776 705 1829 ad
737 1779 1134 1845 ptenitentiam,
1176 1789 1230 1831 et
1281 1779 1345 1830 ad
1377 1777 1577 1830 cultum
1613 1776 1770 1829 unius
1797 1775 1909 1828 veri
1945 1774 2057 1839 Dei,

485 1847 825 1901 destruentes
851 1850 1052 1901 cultum
1081 1849 1397 1902 idololatrite
1427 1865 1439 1901 :
1469 1846 1521 1900 hi
1546 1859 1673 1900 sunt
1707 1845 1897 1908 David,
1931 1845 2065 1897 Eze-

484 1917 636 1972 chias
672 1927 726 1972 et
760 1917 958 1980 Josias,
1001 1921 1053 1972 in
1093 1934 1321 1989 quorum
1365 1917 1573 1972 laudem
1619 1917 1815 1989 dicitur
1857 1915 2065 1970 Eccles.

484 2001 611 2041 1th
643 2005 655 2038 :
701 1989 896 2041 Prwter
928 1986 1123 2057 David,
1152 2001 1195 2042 et
1231 1989 1519 2051 Ezecltiam,
1559 1998 1607 2041 et
1640 1986 1862 2050 Josiam,
1897 2002 2068 2039 omnes

487 2067 746 2126 peccatum
786 2061 1165 2114 commiserunt.
1205 2059 1357 2128 Quod
1397 2059 1465 2114 de
1503 2068 1720 2128 peceato
1753 2057 2069 2128 idololatria:

487 2127 810 2197 intelligitur
836 2132 884 2183 in
909 2132 1078 2198 se,vel
1103 2131 1154 2184 in
1178 2127 1296 2185 aliis
1318 2146 1464 2186 :cnm
1484 2127 1696 2184 Constet
1714 2143 1887 2197 neque
1914 2127 2070 2180 Davi-

490 2198 636 2261 dem,
659 2215 830 2269 nequc
865 2201 1151 2255 Ezechiam
1171 2204 1415 2257 excusari
1435 2216 1591 2268 posse
1609 2202 1675 2254 ab
1688 2197 2066 2267 aliispeccatis.

562 2278 587 2307 ει
623 2269 676 2323 ld
703 2282 804 2334 est,
837 2273 1215 2326 ostentatioms
1237 2283 1291 2326 et
1315 2271 1628 2327 cenodoxiae
1656 2272 1807 2336 vitio,
1833 2271 1973 2338 quod
2004 2269 2068 2322 D.

488 2339 796 2395 Bcrnardus
827 2344 903 2394 ait
931 2343 1124 2405 (Serm.
1158 2342 1225 2396 54
1251 2345 1302 2397 in
1329 2342 1561 2411 Cantica)
1591 2343 1950 2411 significatum
1980 2355 2073 2407 per

489 2411 737 2485 sagittam
767 2412 1032 2485 volantem
1067 2413 1120 2466 in
1153 2414 1239 2469 die
1266 2432 1277 2466 :
1307 2415 1353 2467 A
1381 2410 1597 2485 sagitta,
1633 2410 1820 2485 inquit,
1870 2410 2074 2485 volante

491 2481 547 2555 in
567 2481 670 2549 die,
703 2498 816 2555 qua:
846 2491 918 2535 est
945 2484 1116 2538 inanis
1144 2485 1312 2555 gloria
1339 2501 1358 2538 :
1391 2481 1808 2555 famasiquidem
1832 2482 1992 2555 volat,
2025 2489 2072 2555 et

491 2551 608 2605 ideo
642 2555 694 2605 in
725 2554 827 2620 die,
862 2555 983 2620 quia
1012 2571 1076 2608 ea:
1099 2551 1335 2619 operibus
1367 2551 1515 2608 lucis.
1547 2553 1622 2608 lta
1656 2552 1961 2610 Bernardus
1992 2553 2073 2605 al-

488 2621 701 2688 ludens,
729 2624 938 2692 opinor,
966 2626 1032 2678 ad
1061 2626 1192 2681 illud
1213 2625 1563 2696 Virgilianum
1590 2643 1604 2680 :

583 2765 731 2817 Fama
756 2771 939 2832 volans,
963 2783 1057 2834 qua
1079 2784 1174 2820 non
1193 2771 1324 2821 aliud
1349 2771 1569 2821 velocius
1591 2769 1744 2820 ullum

495 2895 776 2962 Quodnam
814 2913 946 2953 vero
983 2898 1149 2953 fuerit
1183 2899 1310 2953 illud
1342 2898 1588 2953 elationis
1632 2912 1728 2953 seu
1760 2895 2078 2950 ostentatio-

491 2969 578 3020 nis
615 2969 888 3040 specimen
930 2970 984 3040 in
1035 2969 1285 3035 Ezechia,
1329 2970 1472 3040 quod
1515 2969 1602 3023 hic
1647 2969 1851 3023 Auctor
1875 2966 2075 3021 cursim

500 3039 790 3110 prmteriit,
821 3043 885 3098 ι).
911 3039 1204 3110 Gregorius
1249 3039 1357 3095 hoc
1390 3039 1531 3094 idem
1561 3048 1936 3110 argumentum
1969 3047 2080 3110 tra-

2165 1362 2271 1399 mas
2292 1355 2365 1398 est
2386 1346 2488 1398 vita
2517 1345 2716 1399 addita.
2749 1343 2856 1400 Sed
2883 1361 2974 1414 per
2997 1345 3296 1416 praphetam
3324 1343 3570 1399 Dominus
3593 1347 3730 1415 dixit,

2168 1432 2270 1484 quo
2299 1426 2522 1483 tempore
2551 1417 2682 1487 mori
2709 1417 2816 1484 ipse
2851 1416 3139 1487 merebatur
3165 1433 3182 1470 :
3217 1433 3304 1483 per
3325 1416 3603 1487 largitatem
3627 1433 3733 1470 vero

2169 1488 2533 1539 misericordia:
2552 1486 2646 1539 illo
2666 1503 2781 1540 eum
2804 1497 3030 1558 tempore
3050 1486 3117 1539 ad
3137 1497 3352 1540 mortem
3374 1487 3591 1550 distulit,
3611 1487 3734 1555 quod

2166 1568 2282 1610 ante
2308 1559 2496 1610 stecula
2526 1557 2633 1628 ipse
2657 1556 2932 1626 prtescivit.
2967 1556 3078 1610 Nec
3101 1557 3352 1626 prapheta
3375 1558 3529 1627 igitur
3559 1558 3731 1627 fallax,

2167 1629 2288 1695 quia
2321 1638 2516 1696 tempus
2548 1629 2727 1681 mortis
2753 1629 2999 1694 innotuit,
3033 1645 3130 1696 quo
3156 1629 3234 1682 vir
3258 1629 3348 1681 ille
3375 1630 3501 1680 mori
3529 1628 3736 1682 mereba-

2165 1706 2250 1751 tur
2269 1714 2286 1752 :
2305 1714 2396 1769 nec
2420 1697 2689 1752 Dominica
2709 1709 2902 1752 statuta
2921 1701 3162 1752 convulsa
3183 1709 3323 1765 sunt,
3347 1700 3470 1769 quia
3490 1708 3541 1751 ut
3562 1715 3620 1752 ea:
3641 1701 3737 1750 lar-

2169 1771 2328 1840 gitate
2355 1768 2449 1822 Dei
2473 1770 2595 1823 anni
2619 1773 2734 1823 vita:
2757 1779 3059 1833 crescerent,
3089 1769 3183 1823 hoc
3204 1787 3404 1839 quoque
3427 1779 3544 1822 ante
3565 1769 3737 1822 sarcula

2171 1840 2436 1909 prteﬁxum
2461 1840 2582 1908 fuit,
2611 1849 2764 1904 atque
2793 1844 3020 1911 spatium
3042 1842 3156 1894 vita:
3175 1843 3310 1907 quod
3337 1841 3596 1906 inapinate
3622 1841 3737 1910 foris

2169 1921 2240 1964 est
2281 1911 2540 1974 additum,
2583 1913 2694 1964 sine
2730 1922 3003 1980 augmento
3037 1912 3090 1964 in
3129 1912 3452 1974 prtescientia
3491 1912 3584 1980 fuit
3615 1914 3738 1980 intus

2169 1991 2439 2052 statutum.
2472 1971 2738 2036 [lactentis
2780 1971 3075 2052 Gregorius
3107 1971 3244 2052 (Lib.
3275 1997 3350 2035 xit
3384 1971 3570 2034 Moral.
3599 1998 3641 2033 c.
3665 1979 3734 2052 2).

2242 2049 2268 2088 ἀ
2302 2053 2361 2105 ιν
2397 2052 2600 2120 Regum
2642 2068 2709 2106 xx
2743 2069 2755 2106 :
2795 2053 3018 2106 Reduxit
3050 2049 3306 2105 Dominus
3337 2054 3538 2105 umbras
3569 2067 3650 2116 per
3673 2049 3737 2102 li-

2174 2139 2294 2176 neas
2323 2123 2502 2192 quibus
2525 2126 2640 2196 jam
2681 2123 3010 2196 descenderat
3034 2125 3098 2196 _in
3121 2121 3409 2196 _horologio
3439 2123 3603 2196 Adio:
3623 2163 3636 2188 ,
3665 2138 3740 2174 re-

2173 2203 2394 2246 trorsum
2425 2192 2596 2247 decem
2625 2194 2888 2261 gradibus.
2925 2194 2990 2247 Et
3034 2193 3183 2247 l-aia:
3223 2209 3426 2247 xxxvm
3461 2208 3474 2246 :
3506 2192 3633 2245 Ecce
3658 2209 3738 2262 ego

2173 2265 2356 2317 reverti
2377 2265 2566 2331 faciam
2593 2265 2822 2318 umbraut
2845 2264 3117 2326 linearum,
3143 2280 3232 2331 per
3257 2280 3385 2333 quas
3409 2264 3736 2333 descenderat,

2176 2336 2229 2387 in
2252 2335 2514 2404 horologia
2537 2337 2710 2388 Actius
2729 2337 2780 2388 in
2802 2334 2907 2389 sole
2927 2345 3177 2388 retrosum
3199 2331 3374 2387 decem
3391 2334 3566 2387 lineas.
3589 2331 3651 2384 Et
3670 2349 3740 2385 re-

2174 2421 2346 2458 versus
2369 2416 2439 2458 est
2463 2405 2542 2458 sol
2565 2406 2736 2460 decem
2763 2407 2912 2459 lineis
2933 2423 3021 2476 per
3041 2405 3234 2476 gradus
3252 2421 3385 2474 quos
3404 2405 3736 2476 descenderat.

2177 2476 2307 2530 Cum
2336 2477 2496 2546 igitur
2519 2477 2587 2530 de
2616 2479 2841 2531 veritate
2865 2474 3023 2544 hujus
3046 2474 3315 2535 miraculi,
3347 2477 3476 2529 solis
3505 2474 3740 2546 nimirum

2178 2545 2597 2616 retrocessioue,
2646 2563 2740 2601 seu
2769 2547 3236 2614 retrogradatione
3279 2547 3330 2599 in
3363 2549 3587 2616 gratiam
3614 2545 3744 2611 regis

2181 2615 2428 2671 Ezeciiia:
2458 2619 2706 2673 dubitare
2737 2633 2845 2672 non
2875 2619 3059 2677 liceat.
3090 2617 3156 2671 de
3189 2617 3348 2670 modo
3374 2615 3553 2670 tamen
3580 2630 3638 2668 ac
3668 2629 3744 2667 ra.

2181 2687 2327 2743 tione
2343 2704 2446 2756 qua
2469 2688 2516 2741 id
2531 2689 2973 2758 contigeritvarie
2991 2688 3229 2758 sentiunt
3248 2687 3587 2756 interpretes.
3613 2685 3744 2758 Nion-

2181 2759 2314 2813 nulli
2335 2761 2644 2813 existimant
2665 2757 2835 2814 salem
2858 2761 2909 2814 in
2934 2758 3178 2820 insuanti,
3195 2757 3300 2812 hoc
3313 2771 3414 2823 εει,
3443 2757 3744 2811 brevissimo

2182 2831 2435 2896 temporis
2455 2831 2756 2892 intervallo,
2781 2829 3158 2884 retrocessisse
3180 2830 3370 2884 decem
3396 2829 3640 2895 gradibus
3660 2841 3745 2879 seu

2183 2901 2364 2964 horis,
2407 2915 2526 2968 quae
2564 2916 2669 2968 per
2709 2901 2876 2954 lineas
2919 2900 3185 2968 horologii
3227 2899 3666 2970 designabantur,
3694 2905 3745 2970 ut

2182 2972 2356 3025 solent
2389 2971 2444 3024 in
2476 2971 2762 3041 horologiis
2792 2971 3086 3025 sciotericis
3114 2977 3229 3024 sive
3260 2968 3564 3041 solaribus,
3585 2968 3742 3041 nimi-

2185 3057 2299 3094 rum
2351 3043 2418 3094 ab
2459 3044 2586 3096 liora
2627 3035 2833 3097 décima
2871 3042 2936 3095 ad
2982 3042 3168 3095 horam
3212 3042 3444 3110 primam
3494 3039 3594 3092 diei
3636 3035 3746 3090 arti-

493 3119 706 3183 ctansAe
735 3107 1311 3183 scriptura'edisserit,
1340 3122 1393 3166 et
1422 3108 2068 3183 enarratlib._vntMoral.
2102 3107 2147 3170 C
2181 3111 2390 3175 licialis,
2439 3123 2599 3183 atque
2656 3113 2779 3167 inde
2821 3129 3007 3167 rursus
3047 3107 3264 3166 cursuin
3310 3128 3468 3166 suum
3510 3111 3744 3183 diurnum

493 3194 614 3246 cap.
645 3181 732 3245 36,
758 3181 846 3234 ubi
881 3192 1158 3250 postquam
1200 3191 1606 3246 ostentatorutn,
1638 3193 1690 3235 et
1717 3181 2071 3250 gloriOSorum

495 3264 674 3304 mores
702 3253 958 3319 graphice
996 3249 1258 3317 depinxit,
1297 3254 1511 3307 demum
1553 3253 1625 3305 ita
1667 3249 1847 3304 subdit
1880 3269 1890 3302 :
1930 3249 2072 3316 Quo.

494 3335 611 3373 rum
639 3322 862 3390 profecto
884 3325 1038 3377 vitam
1064 3323 1158 3377 illa
1185 3325 1382 3378 cunctis
1407 3324 1676 3377 notissima
1708 3320 1942 3374 Ezechiae
1967 3321 2078 3374 cul-

497 3409 564 3459 pa
607 3392 863 3459 ﬁguravit,
905 3398 993 3465 qui
1037 3405 1325 3465 postquam,
1369 3411 1472 3448 una
1513 3409 1656 3464 prece
1695 3403 1748 3465 et
1782 3394 1881 3465 sub
1924 3395 2077 3465 unius

498 3465 662 3537 noctis
686 3465 873 3537 spatio,
898 3463 1097 3518 centum
1132 3466 1386 3537 octoginta
1414 3463 1633 3530 quinque
1661 3464 1825 3537 millia
1852 3463 2078 3537 hostium

497 3534 678 3605 angelo
710 3535 918 3602 feriente
944 3534 1538 3605 prostravitfpostquam
1558 3535 1760 3588 occasui
1788 3535 2078 3604 proximum

498 3603 568 3654 ad
600 3604 788 3658 altiora
817 3608 927 3660 ειειὶ
965 3609 1137 3674 spatia
1173 3603 1331 3660 solem
1362 3607 1596 3669 reduxit;
1624 3603 1893 3675 postquam
1920 3605 2079 3658 vitant

497 3678 872 3754 propinquante
891 3681 1002 3754 jam
1032 3681 1246 3732 termino
1275 3688 1592 3754 coarctatam
1621 3677 1674 3730 in
1705 3686 1928 3754 tempora
1959 3677 2074 3754 lon_-
2099 3689 2116 3700 ’

497 3748 644 3815 giora
686 3748 956 3814 protelavit
1001 3764 1019 3801 :
1069 3751 1316 3820 susceptis
1355 3749 1656 3820 Babylonia
1703 3748 1837 3820 regis
1886 3749 2077 3802 nuntiis

499 3821 631 3868 bona
678 3820 850 3871 omnia
899 3836 1012 3889 qua:
1050 3818 1337 3890 possidebat
1378 3819 1632 3884 ostendit;
1675 3818 1764 3872 sed
1814 3820 2079 3886 propheta:

497 3900 618 3940 voce
649 3890 881 3952 protinus
908 3889 1099 3944 audivit
1129 3907 1146 3944 :
1177 3889 1307 3944 Ecce
1332 3891 1440 3944 dies
1461 3896 1678 3951 venient,
1705 3897 1750 3941 et
1782 3892 2079 3957 auferentur

499 3958 670 4031 omnia
697 3976 813 4027 qua:
854 3962 904 4012 in
934 3962 1085 4015 domo
1114 3971 1203 4014 tua
1231 3973 1370 4026 sunt,
1399 3963 1453 4015 in
1481 3960 1796 4031 Babylonem
1823 3974 1841 4012 :
1872 3975 1976 4031 non
1998 3973 2081 4012 re-

502 4027 761 4099 linquetur
797 4033 1096 4099 quidquam,
1130 4033 1253 4085 dicit
1279 4032 1552 4086 Dominus.
1579 4027 1690 4090 Sic,
1723 4031 1797 4082 sic
1836 4030 2081 4082 nimirunt

500 4097 1094 4169 hypocrita—postquam
1113 4103 1312 4168 magnis
1333 4103 1600 4154 virtutibus
1621 4109 1934 4158 excrescunt.
1961 4100 2082 4167 quia

499 4184 674 4242 cavere
696 4170 1038 4242 malignorum
1061 4172 1338 4236 spirituum
1368 4170 1582 4226 insidias
1609 4171 1893 4241 negligunt,
1922 4178 1969 4223 et
1998 4187 2081 4224 ce-

501 4238 601 4291 lari
641 4241 694 4294 in
732 4238 921 4294 eisdem
947 4242 1217 4296 virtutibus
1246 4243 1460 4305 nolunt;
1490 4243 1617 4295 bona
1646 4238 2082 4294 sua'ostendendo

501 4307 727 4383 hostium
757 4313 990 4379 faciunt:
1031 4322 1078 4366 et
1117 4312 1387 4383 prodentes
1425 4313 1591 4366 subito
1633 4311 1892 4374 amittunt,
1930 4311 2084 4382 quid-

502 4382 628 4454 quid
681 4383 882 4454 diutius
940 4382 1201 4438 studentes
1263 4395 1562 4454 operantur.
1615 4383 1743 4454 llaec
1788 4383 2082 4454 Gregorius

505 4453 783 4524 aptissime
819 4454 885 4507 ad
916 4455 1289 4509 illustrandum
1318 4455 1459 4510 hunc
1473 4453 2082 4524 Cassianilocum(Vide

503 4519 695 4597 Isidor.
727 4525 816 4597 lib.
847 4540 904 4579 ιιι
935 4528 998 4578 de
1027 4525 1241 4581 Summo
1268 4525 1416 4580 Bono
1445 4542 1560 4597 cap.
1592 4525 1707 4594 εδ).

577 4592 603 4629 δ
634 4592 978 4650 lnterdictum
1010 4598 1273 4652 hactenus
1309 4592 1587 4665 legebatur
1610 4637 1624 4658 ,
1655 4592 1815 4651 etiam
1867 4595 1919 4649 in
1965 4595 2082 4650 edi—

504 4663 651 4717 tione
701 4666 1036 4721 Plantiniana
1082 4676 1137 4722 et
1180 4663 1546 4735 Ltigdniiensi,
1572 4683 1693 4722 cum
1722 4678 1899 4720 tamen
1924 4681 2082 4720 nemo

502 4749 609 4788 non
644 4736 822 4791 videat
850 4738 1131 4805 legendum
1161 4753 1282 4793 esse
1309 4739 1582 4802 indictum,
1613 4749 1670 4791 ut
1701 4745 1756 4791 et
1786 4739 2084 4790 manuscri-

499 4807 578 4874 ιιιί
609 4807 822 4863 docent.
865 4809 1055 4864 Indixit
1086 4810 1252 4874 enim,
1296 4824 1400 4863 non
1443 4809 1729 4863 interdixit
1758 4808 1918 4862 Isaias
1955 4822 2081 4875 pro-

500 4877 659 4945 pheta
712 4879 955 4933 Ezechias
1003 4880 1117 4949 regi
1165 4881 1451 4949 terminum
1499 4881 1640 4943 vitm,
1685 4894 1804 4932 cum
1850 4877 1917 4931 ad
1959 4893 2080 4932 eum

499 4959 847 5017 tegi-titantem
882 4948 1078 5003 missus
1101 4950 1235 5004 dixit
1270 4968 1282 5000 :
1335 4948 1562 5015 Dispone
1598 4949 1773 5018 domui
1801 4958 1932 5002 tute:
1960 4949 2083 5018 quia

500 5022 735 5073 morieris
767 5031 840 5078 tu,
873 5030 920 5072 et
947 5037 1048 5073 non
1077 5020 1210 5073 vives
1244 5019 1331 5089 (IV
1368 5021 1496 5090 Reg.
1529 5035 1618 5082 xx,
1650 5017 2078 5090 Isaiwrxxxvnt).

575 5103 594 5123 ν
629 5091 908 5157 Quomodo
957 5091 1204 5145 Ezechiae
1247 5089 1552 5157 quindecim
1602 5092 1725 5143 anni
1768 5089 1932 5143 additi
1975 5092 2083 5145 sint

499 5168 622 5228 post
645 5162 899 5215 indictum
922 5162 1046 5214 vita:
1077 5161 1386 5222 terminum,
1414 5161 1709 5229 mortisque
1734 5160 1874 5214 diem
1904 5161 2082 5215 Domi-

500 5231 552 5282 ni
583 5234 846 5286 sententia
879 5233 1221 5298 praeﬁnitum.
1254 5240 1312 5284 ut
1337 5231 1540 5287 Auctor
1565 5231 1822 5301 loquitur,
1855 5231 1917 5285 D.
1939 5229 2082 5301 ,Gre-

496 5304 680 5368 gorius
723 5303 934 5371 egregie
985 5303 1165 5356 itidem
1197 5302 1444 5370 explicat,
1492 5312 1544 5355 et
1587 5300 1808 5356 resolvit
1836 5301 1901 5355 ad
1933 5300 2078 5356 illum

501 5373 674 5424 locum
716 5373 836 5437 Job,
883 5373 1205 5427 Constituisti
1244 5374 1487 5426 terminos
1531 5377 1664 5444 ejus,
1705 5373 1792 5440 qui
1831 5374 2080 5444 praeteriri

497 5458 599 5493 non
628 5453 882 5512 poterunt.
916 5444 980 5496 Et
1008 5445 1073 5506 si,
1112 5446 1306 5510 inquit,
1333 5460 1492 5497 annos
1531 5441 2081 5511 quindecim'Ezcchiw

497 5513 608 5580 regi
638 5517 702 5565 ad
731 5516 886 5566 vitam
913 5515 1112 5568 addidit
1137 5518 1458 5579 omnipotens
1483 5512 1642 5577 Deus,
1670 5531 1785 5567 cum
1809 5530 1923 5568 eum
1952 5516 2080 5567 ntori

498 5584 752 5650 permisit,
786 5593 904 5636 tunc
931 5602 1044 5637 eum
1073 5587 1327 5655 prtescivit
1357 5601 1462 5638 esse
1493 5587 1823 5637 moriturum.
1871 5585 1986 5648 Qua
2025 5585 2080 5639 in

499 5655 788 5726 sAerquwstio
818 5657 1000 5713 oritur,
1034 5657 1288 5723 quontodo
1312 5657 1358 5710 ei
1391 5672 1480 5723 per
1510 5657 1806 5726 prophetam
1836 5656 2075 5708 dicatur:

499 5721 730 5791 Dispone
757 5726 928 5776 domui
959 5721 1078 5790 tute,
1105 5727 1225 5795 quia
1252 5721 1481 5780 morieris
1511 5721 1585 5790 tu,
1605 5721 1655 5780 et
1678 5745 1778 5780 non
1799 5729 1930 5780 vives
1955 5741 1972 5778 :
1995 5728 2077 5779 cui

501 5812 616 5852 cum
648 5798 823 5850 mortis
854 5797 1104 5849 sententia
1133 5798 1270 5850 dicta
1298 5805 1387 5867 est,
1421 5799 1656 5860 protinus
1679 5798 1746 5851 ad
1769 5800 1881 5868 ejus
1908 5797 2076 5868 lacry~

2178 3177 2596 3253 redintegrassc,
2624 3199 2684 3236 ac
2707 3184 2906 3238 sensim
2933 3185 2999 3236 ad
3024 3197 3271 3236 occasum
3303 3181 3651 3253 processisti.
3677 3177 3744 3230 Ita

2175 3251 2458 3309 Chaldaeus
2490 3255 2894 3319 Paraplirastes.
2943 3254 3048 3308 Alii
3091 3268 3217 3307 vero
3244 3255 3544 3322 opinantur
3586 3251 3743 3322 lineas

2180 3325 2441 3389 horologii
2471 3341 2574 3379 non
2605 3326 2917 3393 designasse
2939 3326 3099 3378 horas
3121 3321 3380 3392 integras,
3399 3323 3493 3378 sed
3517 3321 3746 3393 dimidia-

2179 3404 2298 3448 tas:
2333 3401 2512 3464 itaque
2554 3397 2694 3451 diem
2729 3390 2896 3449 istum
2948 3395 3133 3449 decem
3189 3390 3342 3449 horis
3393 3390 3749 3464 tantummodo

2178 3462 2505 3529 excrevisse,
2522 3468 2759 3535 quinque
2777 3467 3029 3520 videlicet
3056 3467 3106 3518 in
3136 3477 3474 3536 retrogressu
3496 3465 3560 3516 ad
3582 3462 3750 3536 Orien-

2181 3548 2286 3591 tem
2307 3579 2320 3599 ,
2349 3548 2402 3591 et
2429 3531 2683 3606 quinque
2710 3541 2759 3590 in
2804 3552 3025 3592 recorsu
3051 3537 3116 3589 ad
3149 3531 3595 3603 idenfpunctuui,
3621 3531 3750 3606 unde

2180 3604 2592 3662 retrocesserat.
2643 3609 2838 3662 llorum
2892 3610 3207 3661 alterutrum
3262 3609 3501 3660 sensisse
3552 3604 3750 3656 videtur

2179 3679 2487 3740 Cassianus,
2521 3678 2644 3732 dum
2673 3680 2803 3733 dicit
2831 3677 3149 3745 duplicatum
3176 3680 3336 3744 fuisse
3357 3679 3492 3730 diem
3524 3677 3749 3727 univtrso

2180 3751 2326 3806 orbi.
2355 3749 2562 3803 duabus
2590 3757 2770 3803 tamen
2817 3749 2961 3802 horis
3002 3748 3180 3802 adhuc
3229 3748 3564 3802 restantibus
3591 3785 3603 3806 ,
3635 3756 3746 3799 cum

2180 3821 2402 3891 quilibet.
2433 3820 2549 3873 dics
2571 3820 2886 3882 artiﬁcialis,
2905 3831 2961 3874 et
2988 3819 3238 3891 quaslibet
3264 3834 3371 3872 nox
3396 3820 3452 3891 in
3478 3815 3751 3891 duodecim

2179 3889 2359 3961 partes
2389 3894 2623 3960 inquales
2651 3906 2744 3945 seu
2784 3891 2945 3961 horas
2965 3889 3113 3961 apud
3148 3900 3364 3961 veteres
3402 3889 3750 3946 divideretur,

2183 3960 2237 4015 ut
2264 3977 2407 4028 stupe
2447 3963 2649 4016 dictum
2690 3971 2795 4016 est.
2829 3960 3008 4015 Tertia
3041 3969 3094 4014 et
3126 3960 3309 4014 verior
3342 3961 3611 4013 sententia
3638 3964 3715 4028 est
3737 3993 3751 4017 ,

2181 4026 2476 4102 quam—libet
2507 4034 2722 4095 lineam,
2753 4048 2847 4086 seu
2870 4033 3092 4100 gradum
3128 4031 3315 4085 horam
3349 4033 3636 4102 integram,
3663 4026 3756 4078 hoc

2184 4099 2286 4162 est.
2313 4105 2542 4171 spatium
2567 4106 2726 4157 unius
2749 4099 2893 4157 horai
2916 4102 3261 4169 designasse;
3287 4116 3352 4155 ac
3377 4102 3601 4170 proinde
3626 4099 3756 4171 hunc

2185 4173 2326 4227 diem
2348 4167 2565 4228 auctum
2588 4174 2751 4228 luisse
2774 4174 2960 4242 viginti
2992 4167 3167 4226 horis:
3197 4182 3252 4225 et
3285 4167 3397 4226 non
3422 4167 3753 4242 solummodo

2185 4244 2541 4311 duplicatum,
2574 4246 2667 4299 sed
2713 4237 2856 4299 lere'
2873 4243 3234 4309 triplicatum,
3267 4253 3326 4297 ut
3367 4245 3461 4314 qui
3497 4241 3641 4314 horis
3670 4237 3757 4291 tri-

2184 4316 2329 4383 ginta
2357 4315 2564 4369 duabus
2595 4316 2908 4388 illustratus
2932 4314 3094 4368 fuerit
3117 4356 3129 4376 ,
3167 4315 3284 4388 sole
3314 4311 3480 4388 suptus
3515 4311 3755 4388 horizon:

2188 4376 2292 4438 iam
2321 4389 2607 4441 existente.
2632 4386 2764 4452 Qua:
2785 4385 3000 4456 quidem
3026 4386 3291 4439 sententia
3326 4376 3411 4437 est
3435 4385 3496 4438 Β.
3531 4376 3758 4456 Dionysii

2187 4456 2545 4526 Areopagitae,
2577 4448 2674 4511 cui
2711 4448 2822 4526 pra?
2856 4457 3088 4510 caeteris»
3115 4456 3455 4509 credendum
3489 4496 3502 4516 ,
3536 4448 3758 4526 cuinab

2187 4518 2431 4596 apostolo
2462 4518 2630 4580 Paulo
2660 4518 2965 4595 huiusmodi
3014 4526 3270 4597 mysteria
3310 4537 3367 4580 et
3398 4518 3755 4597 arcztna‘haud

2187 4593 2349 4653 dubie
2390 4597 2661 4652 didicerit.
2702 4593 2752 4652 Is
2791 4600 2936 4652 enim
2977 4599 3026 4649 in
3062 4593 3292 4664 Epistol.
3323 4597 3382 4661 7,
3415 4597 3482 4649 ad
3517 4593 3757 4661 l’olyrar—

2186 4684 2310 4738 pum
2344 4669 2680 4739 episcopum,
2706 4669 2773 4722 de
2804 4670 2904 4723 hoc
2929 4669 3186 4722 miraculo
3210 4668 3470 4734 loquens:
3497 4664 3754 4739 Quadam,

2187 4733 2393 4807 inquit,
2416 4733 2798 4807 dies'perpetuo
2825 4740 3019 4793 lumine
3049 4739 3205 4804 triplo
3235 4733 3398 4804 ferme
3422 4751 3578 4804 quam
3606 4733 3756 4794 solet,

2185 4815 2354 4882 major
2377 4811 2558 4879 effecta
2583 4821 2654 4864 est
2681 4826 2698 4872 ;
2725 4821 2773 4865 et
2801 4810 2982 4864 caelum
3010 4810 3362 4882 intrarviginti
3393 4810 3551 4882 haras
3576 4847 3589 4882 ε
3620 4817 3758 4872 quem

2186 4878 2293 4947 iam
2330 4878 2570 4953 exegerat
2601 4897 2807 4935 cursum
2829 4922 2844 4946 ,
2875 4878 3254 4953 retrogradiens
3302 4879 3510 4950 repetiit
3526 4919 3551 4953 ,_
3574 4878 3755 4945 ipsum-

2185 4967 2279 5020 que
2305 4947 2464 5005 totufn
2493 4969 2674 5005 rursus
2704 4953 2840 5006 intra
2867 4947 3041 5004 decem
3085 4951 3216 5003 alias
3247 4947 3380 5020 nova
3413 4947 3638 5020 qu_adan_t
3679 4958 3760 5020 ra-

2186 5015 2322 5076 tione
2365 5023 2604 5090 confecit.
2653 5021 2768 5075 Hoc
2818 5025 3046 5091 profecto
3092 5015 3758 5092 miraculum'_Bubylortios

2186 5101 2306 5165 tunc
2333 5089 2511 5146 merito
2539 5095 2750 5155 terruit,
2778 5089 2830 5165 et
2856 5089 3038 5165 absque
3069 5108 3264 5165 pugna,
3301 5089 3570 5165 Eeecltite,
3603 5089 3758 5165 utqui

2185 5163 2294 5217 Deo
2341 5171 2606 5224 putaretur
2646 5162 2894 5234 aequalis,
2925 5162 3159 5232 subjecit.
3190 5162 3320 5234 llzec
3364 5162 3427 5214 D.
3464 5161 3755 5227 Dionysius.

2186 5234 2264 5289 Ex
2287 5234 2481 5300 quibus
2517 5242 2658 5307 patet
2694 5231 2888 5307 vanum
2920 5231 3042 5307 esse
3070 5247 3132 5307 ac
3182 5231 3338 5307 futile
3383 5246 3574 5285 eorum
3619 5239 3758 5307 com-

2187 5315 2420 5358 mentum
2449 5305 2538 5373 qui
2567 5311 2758 5373 putant
2781 5305 2878 5357 hoc
2904 5304 3220 5357 miraculum
3243 5304 3422 5357 solum
3455 5304 3756 5373 apparuisse

2186 5374 2236 5427 in
2272 5368 2756 5442 liorologio’Achaz
2784 5390 2878 5428 seu
2913 5374 3177 5430 Ezechiae.
3205 5389 3330 5426 cum
3366 5388 3473 5425 non
3509 5374 3558 5442 in
3581 5368 3755 5421 Judiea

2185 5453 2408 5515 tantum,
2440 5441 2536 5500 sed
2570 5445 2620 5499 in
2673 5445 2925 5498 Chaldzea
2957 5445 3127 5497 visunt
3173 5442 3337 5496 fuerit
3371 5459 3384 5494 :
3414 5441 3556 5495 unde
3579 5451 3632 5493 et
3663 5449 3753 5515 rex

2184 5514 2471 5585 B..hytonis
2499 5518 2715 5570 nuntios
2749 5517 2891 5569 misit
2931 5516 2994 5567 ad
3029 5515 3314 5568 Ezechiam
3359 5528 3482 5567 cum
3530 5514 3757 5585 muneri-

2183 5580 2313 5650 bus,
2336 5598 2446 5641 tum
2480 5600 2530 5638 ut
2563 5587 2613 5637 ei
2642 5586 2710 5639 de
2743 5585 2980 5638 miranda
3004 5585 3119 5653 ejus
3149 5586 3433 5638 curatione
3464 5580 3758 5653 gratularef

2184 5665 2301 5722 tur;
2330 5669 2435 5709 tum
2469 5667 2521 5708 ut
2550 5657 2921 5727 interrogarent
2954 5657 3015 5727 de
3034 5650 3276 5725 portento
3297 5655 3486 5727 ,_qu_od
3509 5650 3754 5727 acciderat

2181 5745 2332 5795 super
2358 5736 2582 5792 terram,
2619 5736 2674 5780 ut
2705 5723 2934 5782 imitetur
2960 5723 3101 5781 libro
3130 5725 3374 5781 secundo
3401 5723 3637 5782 Paralin.
3669 5732 3756 5774 ca-

2183 5800 2289 5868 pite
2316 5797 2592 5869 trigesimo
2618 5810 2874 5854 secundo.
