3966 6326
226 340 312 400 409
715 339 802 396 DE
841 338 1324 398 C(ENOBIORUM
1365 340 1604 398 INSTIT.
1648 342 1774 398 LIB.
1819 343 1911 400 Χι.
1939 374 2010 387 —
2039 345 2127 402 DE
2165 345 2437 404 SPlBlTU
2475 346 2913 404 CENODOXME.

229 457 380 514 mania
406 455 716 510 documenta
747 456 1034 522 virtutum,
1063 457 1295 527 qualiter
1323 456 1482 512 fuerit
1506 461 1766 515 successi-
1791 465 1850 524 Α

228 551 311 605 bus
329 549 430 604 suis
441 548 622 612 elisus,
636 547 758 602 audi
773 547 1108 618 Scripturam
1123 558 1428 606 narrantem
1445 567 1459 604 :
1475 548 1543 606 In
1563 551 1764 619 diebus,

229 643 391 712 inquit,
417 639 518 694 illis
549 640 815 707 egrotavit
843 639 1095 696 Ezechias
1137 658 1297 712 usque
1338 643 1406 696 ad
1448 653 1683 712 mortem,
1713 651 1768 700 et

229 734 374 788 oravit
411 732 710 798 Dominum,
747 739 804 787 et
837 732 1110 788 exaudivit
1139 749 1286 802 eum,
1319 745 1373 791 et
1409 735 1557 792 dedit
1601 739 1650 792 ei
1695 739 1770 794 si-

225 841 380 894 gnum,
402 823 524 878 illud
540 823 754 878 scilicet
777 823 919 894 quod
945 825 1174 894 legimus
1195 825 1260 882 de
1287 829 1416 884 solis
1437 827 1620 882 datum
1647 843 1768 885 esse

227 917 372 971 reditu
412 929 501 983 per
539 915 732 970 Isaiam
773 915 1088 984 praphetam
1130 917 1186 974 in
1225 929 1418 989 quarto
1459 921 1766 992 Regnorum

227 1009 378 1062 libro:
410 1017 434 1044 ι
457 1007 562 1064 Sed
593 1021 732 1072 non,
765 1008 960 1080 inquit,
993 1011 1292 1068 secundum
1333 1013 1617 1080 beneficia,
1647 1029 1768 1084 quas

225 1109 488 1168 acceperat,
521 1101 775 1156 retribuit
805 1101 854 1155 ei
895 1118 908 1154 :
953 1103 1074 1172 quia
1103 1103 1370 1160 elevatum
1398 1115 1482 1160 est
1508 1121 1603 1160 cor
1629 1105 1763 1174 ejus,

224 1201 266 1245 et
292 1190 418 1245 facta
441 1199 524 1245 est
550 1201 744 1245 contra
785 1207 907 1248 eum
935 1193 1036 1260 ira,
1070 1206 1124 1250 et
1161 1207 1352 1250 contra
1380 1196 1570 1252 Judam
1603 1207 1657 1252 et
1679 1197 1766 1254 Je-

228 1285 420 1338 rusalem
453 1301 466 1338 :
499 1283 923 1354 humiliatusque
945 1295 1030 1340 est
1055 1296 1262 1356 postea,
1291 1303 1358 1344 eo
1385 1289 1532 1359 quod
1557 1291 1768 1344 exalta-

225 1385 310 1430 tum
336 1387 472 1430 esset
500 1391 598 1430 cor
627 1377 780 1444 ejus,
815 1387 921 1431 tam
963 1379 1079 1447 ipse
1121 1395 1280 1448 quam
1313 1380 1637 1436 habitatores
1675 1381 1770 1438 Je-

223 1467 438 1532 rusalem,
470 1479 524 1522 et
557 1467 761 1523 idcirco
793 1485 902 1524 non
933 1472 1082 1524 venit
1111 1485 1274 1540 super
1313 1487 1410 1528 eos
1445 1473 1522 1527 ira
1557 1473 1770 1530 Domini

223 1561 262 1613 in
287 1559 457 1614 diebus
483 1559 732 1616 Ezechiae
766 1561 856 1631 (IV
891 1560 1022 1633 Reg.
1061 1565 1176 1632 xx).
1207 1563 1376 1630 Quam
1414 1565 1768 1634 perniciosus,

222 1677 348 1730 quam
385 1665 564 1732 gravis
601 1671 686 1718 est
723 1664 975 1718 elationis
1013 1664 1262 1720 morbus!
1297 1665 1484 1720 Tantae
1519 1665 1768 1736 justitite,

223 1775 352 1820 tanta:
379 1765 628 1834 virtutes,
659 1775 806 1822 tanta
836 1767 969 1822 fides
997 1775 1156 1838 atque
1184 1767 1422 1834 devotio,
1465 1785 1584 1839 qua:
1619 1779 1772 1824 natu-

3366 305 3502 400 tto.

2485 463 2712 522 CAPUT
2751 465 2839 521 XI.

1905 550 2220 624 Exemplum
2244 555 2380 627 regis
2409 555 2552 611 Ozias
2576 557 2804 623 ejusdem
2837 555 3002 612 morbi
3026 560 3138 614 labe
3162 570 3412 632 superati.

1939 643 2099 702 Ozias
2131 645 2290 716 hujus
2326 664 2486 717 quem
2523 653 3066 709 commemoravimus
3105 655 3247 724 regis
3275 652 3304 692 ι’
3329 663 3450 710 ata-

1869 753 1992 804 vus,
2039 739 2092 794 in
2137 739 2392 796 omnibus
2428 757 2642 814 quoque
2673 746 2790 814 ipse
2819 744 3114 816 Scriptura
3145 749 3454 806 testimonio

1868 831 2228 900 collaudatus,
2254 843 2377 902 post
2400 836 2632 904 ingentia
2643 838 2898 892 virtutum
2922 853 3137 894 suarum
3161 843 3450 911 praeconia,

1868 933 1990 992 post
2032 923 2344 980 innumeros
2377 927 2677 996 triumphos
2704 945 2837 1000 quos
2886 931 3186 987 devotionis
3224 947 3286 987 ac
3325 911 3450 989 fidei

1868 1029 1981 1070 sure
2025 1016 2222 1072 merito
2263 1023 2618 1090 perpetravit,
2663 1022 2814 1078 disce
2867 1035 2888 1063 ο
2931 1027 3273 1096 qualiter-sit
3299 1043 3452 1084 vanae

1869 1107 2054 1178 gloria:
2096 1109 2332 1166 elatione
2373 1111 2640 1181 dejectus.
2685 1116 2752 1170 Et
2793 1131 3070 1186 egressum
3109 1127 3210 1186 est,
3258 1121 3448 1190 inquit,

1871 1219 2064 1258 nomen
2109 1203 2252 1259 Ozias
2283 1217 2501 1276 propter
2540 1209 2682 1278 quod
2714 1209 3069 1267 auxiliaretur
3105 1213 3154 1268 ei
3197 1213 3454 1270 Dominus

1871 1306 1927 1351 et
1951 1299 2360 1354 corroborasset
2379 1299 2564 1366 illum;
2593 1311 2646 1354 et
2678 1317 2798 1356 cum
2831 1302 3114 1359 roboratus
3144 1313 3310 1373 esset,
3343 1306 3454 1362 ele-

1870 1399 2052 1446 vatum
2091 1401 2174 1446 est
2212 1407 2307 1448 cor
2346 1393 2464 1462 ejus
2507 1394 2560 1448 in
2605 1394 2882 1450 interitum
2915 1411 3096 1463 suum,
3139 1407 3192 1452 et
3220 1399 3454 1468 neglexit

1873 1483 2159 1538 Dominum
2209 1485 2376 1540 Deum
2425 1501 2582 1540 suum
2641 1487 2704 1556 (ll
2757 1487 2994 1556 Paralip.
3043 1489 3216 1562 xxvi).
3262 1490 3456 1548 Cernis

1872 1576 2018 1630 aliud
2068 1579 2372 1647 exemplum
2438 1579 2605 1634 ruinae
2667 1580 3018 1649 gravissimae,
3085 1589 3142 1636 et
3189 1583 3456 1652 conspicis

1873 1669 2008 1725 duos
2047 1671 2192 1725 viros
2230 1680 2337 1726 tam
2377 1671 2556 1742 justos
2603 1681 2819 1742 tamque
2858 1673 3130 1743 perfectos
3167 1674 3454 1744 triumphis

1875 1763 1988 1816 suis
2027 1775 2188 1832 atque
2228 1763 2466 1818 victoriis
2509 1763 2674 1820 fuisse
2723 1764 3020 1819 confectos.
3069 1763 3220 1821 Unde
3259 1765 3456 1821 videtis

223 1883 310 1921 ηπ,
335 1867 496 1937 ipsam
534 1884 601 1924 ac
636 1869 798 1924 ιοιίυε
843 1869 1026 1924 πη,ηῶ
1057 1870 1206 1938 leges
1237 1869 1524 1925 immulare
1556 1886 1770 1926 meme-
1799 1845 1848 1904 B
1873 1871 2030 1922 quam
2085 1857 2374 1926 perniciosi
2431 1873 2611 1912 rerum
2663 1857 3019 1912 secundarum
3077 1858 3289 1912 soleant
3335 1873 3455 1914 esse

219 1979 338 2032 runt,
377 1985 476 2024 una
507 1969 750 2024 elatione
775 1969 1076 2040 depereunt
1115 1987 1130 2027 :
1167 1969 1242 2025 lta
1277 1983 1334 2026 ut
1365 1973 1634 2026 universis
1663 1972 1771 2026 vir-

225 2071 392 2126 tutibus
427 2073 566 2138 suis,
607 2087 673 2128 ac
713 2073 758 2126 si
803 2089 907 2129 non
947 2075 1196 2140 fuissent,
1237 2075 1496 2130 oblivioni
1537 2075 1766 2140 traditis,

220 2175 326 2228 iram
375 2174 586 2230 Domini
637 2175 920 2230 confestim
973 2177 1323 2245 suscepisset,
1375 2177 1478 2230 nisi
1523 2191 1642 2232 eam
1691 2193 1773 2231 re-

218 2285 396 2344 sumpta
422 2276 734 2331 humilitate
763 2277 1061 2347 placasset;
1101 2287 1160 2332 ut
1193 2277 1284 2348 qui
1315 2277 1382 2332 de
1411 2285 1522 2331 tam
1554 2277 1772 2332 excelso

217 2377 491 2432 meritorum
535 2377 776 2447 fastigio,
827 2377 1063 2433 elatione
1107 2379 1432 2448 impellente,
1472 2379 1770 2448 deciderat,

217 2491 299 2529 non
339 2477 430 2531 nisi
471 2493 574 2547 per
601 2477 830 2534 eosdem'
853 2493 1066 2534 rursum
1111 2479 1430 2534 humilitatis
1459 2479 1660 2550 gradus
1706 2481 1771 2534 ad

215 2579 434 2634 amissum
479 2580 702 2635 culmen
743 2581 1084 2635 ascenderet.
1114 2579 1208 2635 Vis
1249 2581 1394 2636 aliud
1430 2597 1644 2652 quoque
1680 2597 1776 2636 ex-

215 2679 412 2748 emplum
440 2679 641 2734 similis
671 2679 844 2734 ruina:
875 2678 1198 2749 percipere?

1873 1965 2173 2014 sui-cessus,
2219 1949 2287 2003 ita
2331 1959 2384 2002 ut
2415 1950 2504 2018 qui
2532 1965 2636 2006 non
2667 1957 2956 2018 potuerunt
2979 1949 3224 2004 adversis
3251 1949 3454 2020 frangi;

1876 2043 2166 2110 prosperis,
2201 2042 2242 2094 si
2277 2043 2476 2098 incauti
2501 2043 2720 2107 fuerint,
2751 2043 2930 2096 acrius
2957 2041 3257 2107 elidentur;
3289 2054 3345 2096 et
3365 2043 3456 2112 qui

1875 2133 1929 2186 in
1959 2133 2212 2188 conﬂictu
2249 2141 2409 2202 atque
2437 2133 2554 2188 acie
2595 2134 2781 2187 mortis
2809 2143 3098 2188 evaserunt
3123 2131 3453 2198 discrimina,

1875 2226 2093 2294 tropaeis
2125 2224 2356 2294 prOpriis
2381 2223 2766 2294 triumphisque
2795 2225 3168 2279 succumbant.

2485 2313 2710 2372 CAPUT
2753 2314 2868 2370 Xll.

2095 2406 2304 2460 Diuersa
2345 2407 2636 2460 testimonia
2675 2416 2856 2460 contra
2885 2405 3240 2460 cenodoxiam.

1949 2501 2072 2554 Ideo
2105 2499 2396 2567 Apostolus
2425 2511 2604 2553 monet
2635 2517 2647 2552 :
2675 2495 2700 2535 ἀ
2738 2498 2913 2552 Nolite
2935 2499 3050 2563 ﬁeri
3079 2500 3250 2552 inanis
3275 2499 3460 2572 gloria:

1874 2595 2047 2663 cupidi
2072 2591 2276 2662 (Galat.
2310 2591 2362 2662 v)
2391 2608 2406 2655 ;
2435 2601 2490 2647 et
2517 2593 2775 2647 Dominus
2807 2593 3107 2648 Pharisaeos
3143 2595 3416 2662 castigans
3445 2611 3460 2646 :

1879 2693 1903 2720 ο
1935 2683 2227 2750 Quomodo,
2263 2684 2458 2752 inquit,
2491 2701 2578 2738 vos
2609 2685 2820 2754 potestis
2859 2685 3086 2750 credere,
3118 2685 3205 2751 qui
3242 2685 3460 2756 gloriam

1247 2815 1504 2872 ALARDI
1541 2815 1777 2874 GAZEI
1813 2817 2378 2876 COMMENTARIUS.

275 2943 298 2970 ³
315 2933 510 3002 Nempe
539 2933 822 2996 Ezechias,
845 2932 948 2987 hoc
975 2939 1076 2996 est,
1105 2947 1210 2986 non
1233 2947 1350 2986 eam
1376 2947 1534 3001 quam
1558 2933 1768 2998 debuit,

215 3019 294 3071 pro
317 3007 470 3059 tantis
499 3005 784 3058 beneficiis
804 3021 832 3056 a
869 3005 976 3057 Deo
1007 3003 1264 3072 acceptis,
1291 3005 1452 3057 animi
1485 3003 1772 3072 gratitudi-

213 3090 334 3136 nem,
355 3077 673 3138 religionem
701 3091 762 3128 ac
785 3073 1127 3130 devotionem
1153 3073 1404 3128 exhibuit
1427 3091 1438 3126 :
1468 3075 1574 3128 Sed
1597 3075 1770 3128 eleva-

214 3155 301 3198 tum
317 3155 382 3200 est
403 3163 488 3198 cor
505 3149 646 3217 ejus,
671 3147 722 3198 id
741 3155 844 3213 est,
869 3146 1120 3217 superbia
1139 3146 1360 3199 elatum.
1383 3143 1602 3198 Initium
1621 3147 1767 3200 enim

214 3218 352 3270 omnis
377 3216 570 3284 peccati
601 3218 840 3284 superbia
868 3216 1054 3286 (Eccli.
1097 3217 1154 3286 κ)
1179 3231 1194 3282 ;
1226 3223 1384 3286 atque
1411 3231 1476 3270 ex
1503 3232 1566 3272 ea
1601 3217 1772 3284 tripli-

213 3288 276 3357 cis
295 3291 454 3354 culpa:
483 3297 672 3342 notam
699 3289 952 3342 incurrit:
979 3287 1036 3338 1ο
1061 3287 1482 3357 ingratitudinis,
1505 3288 1631 3354 quia
1661 3302 1768 3341 non

1879 2943 2000 3002 post
2023 2933 2423 3002 separationem
2449 2934 2633 2988 decem
2661 2934 2891 2988 tribuum
2925 2933 3025 2986 sub
3047 2949 3171 3003 rege
3189 2933 3460 3000 Buboam,

1881 3019 2036 3074 reges
2063 3005 2224 3058 Israel
2248 3005 2649 3072 distingunntur
2671 3020 2698 3058 a
2731 3005 2946 3072 regibus
2965 3004 3098 3058 Juda
3117 3045 3133 3070 ,
3155 3005 3206 3058 in
3232 3023 3462 3072 quorum

1878 3090 2106 3148 numero
2139 3075 2386 3148 decimus
2438 3075 2630 3148 tertius
2677 3083 2760 3130 est
2788 3077 2989 3148 Dzias.
3021 3075 3217 3148 Exstat,
3249 3079 3463 3148 egregia

1879 3145 2102 3218 homilia
2137 3147 2196 3218 D.
2233 3145 2799 3218 iJoan.i_Chrysostomi
2835 3147 2886 3199 in
2935 3147 3068 3201 illud
3101 3165 3112 3199 :
3147 3145 3358 3201 Elatum
3384 3145 3464 3203 est

1876 3232 1970 3289 cor
1997 3215 2138 3289 Ozice
2177 3217 2366 3289 (Tom.
2397 3215 2468 3289 l).

1947 3285 1974 3371 (ξ
1999 3285 2310 3371 υιιοχὸιιιο
2331 3285 3402 3371 xsvbbqgoiz‘utsuprapotatumnold.cap.
3431 3289 3456 3343 l

215 3355 336 3412 dedit
359 3361 590 3428 gloriam
621 3361 732 3412 Deo
767 3358 834 3412 de
864 3357 1094 3412 victoria
1122 3355 1172 3412 et
1203 3360 1326 3426 fuga
1353 3357 1728 3412 Senuacherib
1753 3399 1768 3423 ,
1797 3355 1844 3417 C
1875 3355 2078 3428 hujus).
2115 3359 2228 3412 Huc
2255 3371 2458 3424 spectat
2489 3359 2548 3412 υ.
2579 3355 2843 3412 Βεείιὶἴίιι
2869 3359 3090 3427 Regalis
3123 3355 3466 3416 Brevioribus

217 3441 412 3498 eamque
441 3430 682 3484 fortasse
718 3429 884 3498 magis
913 3429 1024 3482 suis
1057 3430 1264 3484 meritis
1293 3443 1452 3497 quam
1483 3429 1580 3482 Dei
1611 3433 1772 3484 bene-

217 3497 318 3553 ficio
343 3516 624 3572 acceptam
657 3497 824 3566 tulit,
850 3500 1144 3572 secundum
1193 3499 1447 3572 Hebraeos
1473 3518 1483 3551 :
1513 3515 1670 3566 quam
1703 3499 1772 3552 ob

215 3583 400 3624 causam
437 3571 490 3625 in
525 3573 780 3626 morbqu
817 3571 1198 3641 gravissimum
1235 3571 1444 3630 incidit,
1477 3587 1582 3638 quo
1609 3585 1772 3639 azgro-

215 3643 316 3712 facit
343 3659 496 3712 usque
521 3641 595 3694 ad
623 3651 834 3696 mortem
857 3658 874 3706 ;
899 3641 962 3694 2°
987 3641 1280 3708 jactantiai,
1312 3641 1690 3694 ostentationis
1719 3651 1775 3712 et

215 3711 366 3782 inanis
389 3711 604 3782 gloriae,
623 3715 747 3766 dum
775 3715 842 3766 de
866 3713 1133 3780 legatione
1161 3723 1216 3766 et
1244 3712 1610 3781 gratulatione
1633 3711 1774 3781 regis

219 3781 466 3852 Babylonii
499 3783 610 3838 sibi
641 3783 996 3852 applaudens,
1029 3785 1311 3838 tlieSauros
1333 3799 1460 3837 suos
1482 3795 1534 3836 et
1557 3797 1771 3836 omnem

217 3867 440 3923 pompam
495 3855 704 3921 regiam
761 3853 948 3920 legatis
1003 3856 1240 3908 Ostendit
1288 3854 1398 3921 (IV
1433 3853 1630 3923 Regum
1671 3869 1772 3918 xx,

217 3921 350 3978 Isaia:
375 3941 536 3979 xxxix
561 3927 614 3993 );
645 3925 706 3978 5°
741 3923 998 3993 neglecta:
1019 3927 1296 3980 charitatis
1329 3941 1454 3992 erga
1501 3921 1774 3993 proximo-

217 4008 320 4066 rum
355 3996 589 4050 salutem
627 4014 640 4048 :
669 3993 798 4048 Cant
824 3995 1013 4066 enian
1043 3997 1212 4062 inquit
1259 3997 1494 4066 Cyrillus
1525 3995 1776 4066 (ιὶὺηιιι

215 4065 258 4116 in
299 4064 570 4138 Isaiam),
621 4067 864 4134 profectis
894 4081 956 4138 ea:
981 4065 1260 4136 Babylone,
1292 4064 1652 4132 omnipotentis
1683 4065 1778 4119 Dei

217 4139 388 4207 auxilia
437 4139 656 4192 dirersis
696 4137 1007 4207 tenporibus
1049 4139 1272 4192 exhibita
1309 4148 1358 4191 et
1402 4137 1780 4190 incredibilium

216 4206 378 4260 harum
423 4224 602 4262 rerum
639 4206 962 4278 splendorem
1006 4225 1068 4260 ac
1106 4209 1542 4278 magniﬁcentiam
1588 4208 1780 4260 illustri

215 4281 490 4332 narratione
501 4295 755 4347 exponere
771 4277 1047 4342 debuisset,
1073 4293 1122 4329 ut
1147 4277 1312 4347 etipsi
1333 4295 1534 4348 quoque
1555 4279 1782 4332 divinam

217 4349 554 4404 excellentiam
583 4361 630 4402 et
675 4351 915 4402 invictam
945 4349 1158 4402 Domini
1187 4359 1486 4419 potestatem
1515 4365 1576 4403 ea;
1615 4350 1782 4414 ipsius

213 4424 510 4474 sermonibus
541 4423 708 4491 magis
736 4421 1048 4491 admirantes
1075 4431 1449 4474 reverterentur
1473 4421 1526 4472 in
1559 4421 1783 4484 patriam

215 4491 366 4563 dicina
394 4489 700 4563 cognitione
725 4489 1022 4556 locupletati
1066 4495 1170 4558 (sic
1221 4493 1530 4563 enimlicnit
1578 4501 1624 4543 et
1665 4493 1783 4544 aliis

217 4559 614 4624 prodessefcum
645 4559 701 4611 hi
733 4563 1106 4624 renuntiarent,
1144 4577 1257 4628 quw
1287 4562 1640 4629 didicissent),
1691 4563 1784 4614 hoc

217 4629 290 4682 ille
315 4633 524 4686 minime
567 4632 706 4700 fecit,
749 4633 837 4684 sed
873 4633 924 4686 in
971 4635 1240 4702 humanam
1273 4633 1440 4700 pozius
1475 4633 1786 4702 jactantiam

219 4703 472 4772 prolapsus
494 4714 591 4764 est,
611 4717 704 4756 nec
727 4719 874 4755 suam
900 4705 1117 4772 gloriam
1138 4720 1200 4756 ea:
1219 4701 1300 4756 his
1329 4701 1483 4755 rebus
1499 4703 1684 4772 quibus
1712 4713 1786 4757 est

217 4767 484 4844 honoratus
503 4791 534 4824 a
557 4772 689 4836 Deo,
715 4772 802 4826 sed
823 4789 886 4826 ea:
901 4767 1046 4844 regni
1071 4775 1332 4844 opulentia
1354 4767 1646 4839 cestiniavit,
1675 4785 1784 4830 etc.

276 4841 300 4878 δ
327 4843 608 4907 blendosr,
643 4844 730 4898 vel
763 4855 911 4898 certe
958 4841 1178 4900 abusive
1209 4855 1398 4899 atavus
1431 4847 1644 4911 ponitur
1689 4860 1784 4914 pro

219 4925 422 4978 proavo,
449 4916 542 4983 qui
573 4925 657 4968 est
702 4915 785 4966 avi
835 4925 1008 4981 pater.
1040 4916 1316 4983 Siquidem
1362 4915 1606 4969 Ezechiae
1645 4917 1786 4984 regis

218 4991 352 5055 pater
381 4987 588 5042 ACilttl,
621 5000 756 5038 avus
803 4984 1034 5038 .Ioathau
1055 5027 1071 5051 ,
1108 5001 1336 5050 proavus
1384 4985 1544 5040 Ozias
1565 5027 1577 5046 ,
1611 4987 1701 5055 qui
1733 4997 1788 5041 et

217 5051 442 5122 Marias,
467 5056 675 5109 abavus
703 5055 970 5119 Amasias,
1003 5069 1194 5110 atavus
1216 5058 1445 5122 denique
1459 5057 1607 5116 Juas,
1630 5051 1696 5111 ut
1719 5074 1784 5112 ex

219 5121 471 5198 historia_
491 5126 696 5198 Regum
747 5123 1121 5198 tuatiifestutuh
1140 5136 1224 5198 est
1251 5121 1507 5198 (IVVReg.
1541 5144 1658 5196 \‘llt,
1692 5145 1786 5194 xv,

217 5195 400 5270 ιιιλιι
431 5195 618 5249 Paral.
653 5211 785 5270 nxtv
815 5208 860 5249 et
893 5213 1025 5270 scq.;
1058 5195 1122 5251 IV
1155 5195 1281 5270 Reg.
1309 5199 1392 5266 ν).

278 5277 298 5338 ς
325 5265 460 5338 Dum
485 5267 828 5322 sacerdotum
849 5267 907 5320 of
909 5269 1084 5322 licium
1107 5265 1371 5336 usurpare
1383 5269 1572 5322 voluit.
1593 5269 1666 5322 De
1679 5284 1787 5338 quo

217 5335 398 5388 Snidas
431 5349 546 5390 tum
577 5339 892 5404 Scripturae,
934 5347 1044 5392 tum
1079 5339 1202 5394 huic
1239 5335 1358 5393 loco
1384 5335 1784 5394 consentanee:

219 5404 376 5471 Osias,
403 5410 604 5476 inquit,
625 5425 716 5461 rex
737 5408 970 5474 lsraelis,
997 5411 1110 5470 pius
1132 5411 1248 5476 fuit,
1273 5409 1361 5464 sed
1385 5411 1532 5462 rebus
1555 5411 1789 5463 secundis

217 5479 406 5552 elatus,
425 5495 522 5548 per
543 5481 828 5552 vecordiam
855 5481 962 5552 ipse
991 5479 1100 5533 Deo
1129 5498 1218 5552 per
1247 5496 1356 5534 sese
1380 5482 1674 5552 sacriﬁcare
1700 5496 1790 5534 vo-

215 5543 320 5619 luit,
351 5550 406 5601 id
426 5543 578 5619 ’quod
603 5552 728 5602 solis
751 5543 934 5602 licebat
959 5543 1330 5605 sacerdotibus.
1363 5543 1586 5616 Cumque
1609 5551 1792 5605 odores

215 5617 273 5692 in
304 5617 503 5692 templo
547 5619 878 5686 incendisset,
927 5624 1193 5692 confestim
1221 5626 1453 5689 leprosus
1494 5622 1658 5690 factus
1689 5631 1784 5674 est.

220 5687 446 5762 Obducta
477 5693 608 5742 enim
637 5701 712 5744 est
742 5692 898 5761 facies
925 5687 1038 5762 ejus
1064 5695 1210 5762 lepra
1239 5687 1290 5746 in
1323 5687 1510 5762 templo
1543 5692 1784 5756 Domini;

215 5759 372 5828 itaque
399 5777 526 5832 eum
553 5762 670 5814 inde
718 5759 1274 5818 abstraxe—runtﬁllauc
1309 5759 1432 5823 ille,
1471 5763 1562 5832 qui
1605 5771 1780 5818 tamen

221 5843 305 5894 pro
333 5846 464 5901 rege
501 5831 708 5888 Israelis
733 5833 978 5888 exactius
1007 5834 1230 5890 dixisset
1256 5850 1434 5904 regem
1465 5831 1630 5899 luna;
1659 5847 1777 5889 cum

1877 3428 2236 3497 interrogatio
2257 3429 2328 3482 ‘25
2359 3429 2415 3482 in
2449 3429 2564 3484 ha'c
2597 3429 2757 3482 verba
2789 3447 2800 3482 :
2855 3429 2982 3482 Cum
3020 3431 3299 3496 Apostolus
3329 3431 3466 3485 dicat

1876 3499 2010 3570 alias
2041 3499 2444 3570 qitidethon
2493 3500 2773 3570 effi'ianiur
2811 3501 2981 3552 inanis
3013 3501 3193 3570 gloria:
3241 3501 3460 3570 cupidi;

1879 3569 2014 3624 alias
2042 3583 2229 3632 autem,
2259 3569 2380 3623 Non
2413 3571 2481 3623 ad
2513 3569 2720 3623 Oculum
2751 3569 3040 3632 scrvicntes,
3073 3571 3218 3638 quasi
3243 3569 3468 3624 homini-

1880 3642 1971 3712 bus
2009 3643 2268 3712 placentes
2299 3639 2514 3712 (Ephes.
2550 3643 2668 3712 Vi);
2698 3641 2826 3707 Quis
2863 3651 2937 3712 est
2965 3641 3136 3692 inanis
3167 3643 3350 3712 gloria:
3373 3659 3468 3712 cu-

1881 3709 2030 3778 pidus
2046 3711 2070 3764 ?
2086 3713 2258 3780 etquis
2279 3709 2568 3765 hominibus
2591 3711 2796 3780 placens
2809 3717 2834 3764 ζ’
2855 3709 3190 3776 Responsio—2
3211 3709 3466 3779 Equidem

1879 3783 2049 3835 inanis
2077 3781 2258 3852 glorise
2285 3783 2526 3853 cupidum
2547 3783 2781 3853 existimo
2802 3798 2909 3834 esse
2935 3782 3080 3834 illum
3109 3787 3200 3850 qui
3218 3781 3467 3852 simplicis

1880 3853 2239 3906 tantummodo
2270 3852 2448 3920 glorise
2477 3852 2754 3905 mundana!
2807 3868 2986 3914 causa,
3017 3853 3094 3905 vel
3137 3868 3252 3922 qua!
3288 3869 3318 3922 a
3346 3867 3465 3919 spe-

1880 3924 2137 3978 ctantibus
2165 3923 2242 3976 uel
2267 3923 2329 3976 ab
2349 3923 2677 3976 audientibus
2703 3924 2802 3990 ipsi
2832 3925 3080 3987 nascitur,
3115 3921 3312 3992 aliquid
3341 3923 3470 3990 facit

1881 3995 2095 4061 diiitve;
2124 3994 2414 4048 hominibus
2447 3996 2729 4061 placentem
2761 4005 2948 4058 autem,
2975 3993 3272 4060 quicumque
3292 3995 3358 4046 ad
3382 4009 3466 4046 vo-

1881 4063 2130 4120 luntatem
2148 4065 2376 4135 alicujus
2402 4063 2647 4128 hominis,
2669 4075 2721 4118 ut
2737 4065 2839 4134 ipsi
2859 4063 3081 4134 placeat,
3105 4063 3305 4134 aliquid
3318 4065 3468 4134 facit,

1885 4135 2000 4189 licet
2028 4135 2287 4203 culpabile
2314 4137 2380 4189 sit
2410 4137 2550 4206 quod
2579 4135 2722 4206 facit.

1959 4215 1981 4244 ⁸
2011 4206 2074 4260 D.
2107 4205 2466 4278 Illurimyinus
2495 4207 2559 4278 ad
2580 4205 2939 4278 Eustochium
2980 4205 3046 4261 de
3077 4205 3324 4278 custodia
3355 4205 3468 4258 vir-

1883 4277 2124 4346 ginitatis
2145 4275 2345 4344 (Epist.
2367 4277 2462 4346 9.2)
2489 4297 2500 4330 :
2535 4275 2682 4330 Illud
2713 4293 2912 4348 quoque
2940 4279 3030 4330 tibi
3057 4277 3326 4348 vitandum
3351 4285 3426 4348 est
3451 4319 3467 4343 ,

1885 4345 1948 4400 ne
1973 4350 2142 4403 inanis
2166 4351 2346 4421 glorise
2362 4345 2546 4402 ardore
2577 4345 2819 4421 capiaris.
2858 4348 3152 4421 Quomodo,
3187 4345 3467 4421 iuquitde-

1885 4433 2003 4486 sus,
2033 4417 2241 4486 potestis
2265 4423 2492 4484 credere,
2535 4417 2752 4488 gloriam
2793 4421 2857 4472 ab
2892 4419 3182 4471 hominibus
3212 4417 3471 4486 accipien-

1887 4499 1961 4544 tes
1985 4491 2008 4544 ?
2053 4491 2182 4544 Vide
2205 4491 2356 4558 quale
2377 4491 2570 4542 malum
2601 4491 2688 4552 sit,
2722 4489 2858 4553 quod
2881 4491 2964 4558 qui
2993 4488 3227 4541 habuerit
3258 4505 3358 4542 non
3389 4504 3474 4553 po-

1888 4569 1983 4614 test
2013 4561 2243 4630 credere.
2293 4559 2404 4612 Nos
2441 4576 2564 4630 terg
2599 4561 2875 4614 dicamus:
2923 4559 3180 4630 Quoniam
3232 4559 3474 4630 gloriatio

1889 4646 2000 4682 mea
2031 4641 2084 4684 tu
2111 4647 2162 4683 es
2189 4629 2364 4698 (Psal.
2385 4629 2492 4700 ιιι).
2519 4627 2584 4681 Et
2607 4632 2692 4696 qui
2722 4631 2997 4698 gloriatur,
3031 4633 3084 4684 in
3111 4627 3334 4700 Domino
3359 4629 3472 4700 glo:

1891 4701 2049 4754 rietur
2079 4701 2122 4768 (l
2150 4697 2267 4756 Ger.
2299 4703 2362 4768 ι).
2396 4697 2459 4756 DL
2491 4697 2819 4768 Augustinus
2865 4701 2958 4754 lib.
2997 4715 3028 4753 v
3056 4701 3122 4754 de
3166 4699 3326 4754 Civit.
3364 4697 3470 4752 ’Dei

1813 4743 1868 4802 Β
1891 4743 2036 4840 ὲζρῗ
2057 4743 2122 4826 i‘i
2137 4743 2338 4825 Γϊίιιὶί
2349 4743 2434 4824 ἐἱὲ
2448 4743 3087 4824 ἰἱῦἔδὲἒῖἕὲι’ἐιῖἷηίίὶῆὶυὴι“
3096 4743 3205 4840 iis;
3213 4743 3228 4753 ’
3239 4743 3362 4836 inin
3375 4743 3411 4835 ζ’
3423 4743 3474 4822 ii

1893 4845 2061 4912 major
2085 4843 2151 4896 sit
2176 4843 2229 4894 in
2268 4843 2422 4912 corde
2448 4841 2706 4912 cupiditas
2749 4841 2931 4910 gloria:

1893 4910 1980 4966 uel
1995 4930 2158 4976 amor,
2191 4921 2246 4966 ut
2289 4911 2540 4966 Dominus
2577 4911 2801 4966 diceret:
2833 4911 3101 4978 Quomodo
3132 4910 3340 4978 potestis
3364 4925 3474 4962 cre-

1891 4983 2039 5056 dere,
2065 4985 2280 5056 glgriam
2305 4985 2368 5036 ab
2397 4985 2610 5036 invicem
2641 4993 3010 5056 exspectantes,
3037 4993 3085 5056 et
3106 4981 3323 5056 gloriam
3360 4995 3473 5056 quin

1893 5072 1924 5107 a
1962 5050 2084 5108 solo'
2105 5054 2206 5108 Deo
2250 5063 2322 5108 est
2373 5069 2472 5108 non
2501 5050 2771 5122 quamius?
2817 5053 2967 5118 Quod
3007 5053 3137 5104 enim
3173 5050 3474 5122 hujusmodi

1893 5127 2074 5195 glorite
2121 5126 2376 5194 appetitus
2418 5119 2540 5193 ﬁdei
2583 5126 2864 5195 multorum
2913 5119 3474 5195 obstiterit,_decl_arat

1891 5192 2121 5249 Joannes
2148 5192 2262 5262 cap.
2293 5211 2368 5250 xtl
2386 5192 2594 5248 dicens:
2623 5194 2706 5248 Ea:
2735 5193 3056 5261 principibus
3074 5193 3220 5245 multi
3241 5192 3474 5245 credide-

1895 5276 2014 5319 runt
2035 5269 2088 5320 in
2114 5283 2266 5332 eum;
2294 5267 2382 5320 sed
2411 5275 2616 5336 propter
2639 5265 2945 5333 Pharisceos
2959 5281 3058 5317 non
3072 5263 3469 5336 confitebantur,

1895 5345 1949 5409 ut
1973 5353 2002 5392 e
2029 5353 2288 5409 synagoga
2309 5333 2757 5409 non‘ejicerentur,
2783 5337 3070 5409 dilexerunt
3099 5337 3232 5409 enim
3255 5333 3476 5409 gloriam

1897 5405 2175 5479 hominum
2201 5405 2362 5478 magis
2401 5405 2552 5476 quam
2597 5407 2819 5479 gloriam
2865 5405 2984 5479 Dei.
3003 5405 3092 5479 _lla
3120 5405 3472 5479 Augustinus.

1899 5477 2032 5532 Vide
2057 5474 2376 5548 Cajetanum
2401 5474 2689 5546 jentacflo
2713 5479 2932 5548 (ουωδι.
2965 5475 3046 5545 2),
3065 5476 3152 5548 ubi
3178 5477 3338 5528 ducet
3367 5474 3476 5548 illis

1897 5549 2078 5603 verbis
2107 5545 2319 5604 Domini
2353 5545 2646 5620 significari
2693 5545 2888 5620 duplex
2935 5547 3382 5616 impedimentum
3415 5545 3478 5600 ll-

1897 5620 1984 5673 dei
2011 5638 2022 5672 :
2052 5623 2279 5674 alterum
2325 5619 2635 5688 positivum,
2667 5619 2809 5688 quod
2838 5627 2922 5672 est
2962 5629 3222 5687 appetere
3247 5627 3302 5672 et
3329 5633 3478 5687 quaa—

1894 5706 2016 5747 rere
2037 5693 2249 5746 inanem
2277 5691 2502 5762 gloriam
2531 5689 2838 5749 hominum;
2865 5689 3094 5744 alterum
3125 5690 3471 5762 privativum,

1892 5765 2004 5833 sive
2038 5759 2364 5833 negativuin.
2397 5763 2538 5830 f|UUd
2569 5771 2786 5833 estnon
2813 5776 3058 5832 quaerere
3087 5761 3318 5833 glogiatt-
3343 5759 3458 5833 Dei.

1891 5831 1994 5889 huc
2009 5829 2423 5900 estfcaelestein
2435 5841 2486 5888 et
2508 5829 2897 5900 sempiternam
2911 5829 3158 5904 gloriam.
3179 5829 3293 5886 Non
3323 5829 3466 5884 e‘mm

2972 4857 3126 4910 quam
3151 4838 3247 4892 Dei
3275 4840 3427 4890 timor
3453 4878 3468 4903 ,
