3966 6326
584 268 684 320 “5

581 474 741 529 etiam
771 472 1019 528 doctrina
1045 488 1143 529 sua
1180 488 1544 543 sermoneque
1577 482 1604 512 ι
1635 473 1992 530 lucraturum.
2025 473 2176 529 Facit

581 579 743 632 etiam
781 579 832 631 in
856 577 1173 645 solitudine,
1207 578 1291 632 vel
1323 577 1376 632 in
1400 577 1594 633 cellula
1621 589 2071 645 commorantem,
2101 577 2180 634 di-

587 695 866 734 \‘t'l'SOI'lIm
891 679 1081 734 domos
1125 694 1187 734 ac
1220 681 1550 736 monasteria
1583 688 1764 736 mente
1805 693 1965 752 atque
1995 681 2176 736 animo

581 781 896 848 virettmire,
942 783 996 836 'et
1039 779 1396 850 plurimorum
1443 784 1835 838 conversiones
1864 782 2178 856 [conversa-

583 881 780 953 tiones]
810 881 910 936 sub
942 882 1297 938 incitamento
1319 885 1647 955 imaginariae
1668 885 2062 941 exhortationis
2084 901 2173 942 ac.

581 983 816 1050 quirere.
863 981 1058 1053 Agitur
1109 984 1289 1056 itaque
1339 985 1522 1042 infelix
1571 989 1751 1042 anima
1797 988 1887 1042 tali
1935 990 2174 1044 vanitate

581 1086 729 1140 velut
777 1085 1207 1156 profundissimo
1259 1102 1457 1156 sopore
1497 1090 1718 1158 delusa,
1771 1101 1828 1144 ut
1859 1091 2177 1162 plerumque

582 1189 893 1259 hujusmodi
916 1192 1307 1262 cogitationum
1341 1193 1513 1248 illecta
1539 1193 1848 1264 dulcedine,
1876 1205 1930 1250 et
1967 1195 2052 1250 his
2081 1211 2178 1266 op-

580 1293 724 1362 pleta
781 1292 1121 1360 simulacris,
1159 1310 1229 1349 ne
1267 1307 1570 1365 praesentes
1613 1297 1834 1368 quidem
1891 1308 2042 1352 actus
2093 1298 2179 1354 vel

581 1394 775 1450 fratres
794 1396 971 1451 valeat
987 1397 1364 1466 contemplari,
1388 1398 1516 1453 dum
1533 1399 1618 1453 his
1641 1415 1759 1468 qua:
1777 1399 2166 1469 cogitationum

581 1501 967 1570 pervagatione
985 1499 1213 1570 vigilans
1230 1501 1542 1567 somniavit,
1566 1499 1868 1557 delectatur
1883 1502 1934 1556 in
1944 1501 2174 1570 haerere,

582 1602 736 1670 quasi
770 1602 936 1657 veris.

1889 224 2169 324 JOANNIS
2207 267 2518 327 CASSIANI
3725 294 3810 350 nt

583 382 784 436 multos
835 395 939 435 non
997 380 1172 435 solum
1223 380 1659 436 conversationis
1715 379 1888 436 forma
1917 421 1933 447 ,
1985 396 2172 437 verum
2200 388 2252 448 Α

2873 387 3104 449 CAPUT
3141 389 3259 447 XV.

2523 484 2794 551 Quomodo
2818 484 3107 541 cenodoxia
3135 495 3348 542 mentem
3383 489 3605 548 inebriet.

2353 575 2570 632 Memini
2600 577 2884 646 cujusdam
2926 579 3097 645 senis,
3138 593 3261 633 cum
3303 580 3356 635 in
3403 595 3577 638 eremo
3614 587 3811 658 Scythia

2278 682 2654 725 commorarer
2679 669 2844 741 (Vide
2872 670 3051 725 collat.
3078 686 3096 726 ι
3123 687 3171 726 c.
3198 672 3282 742 i),
3314 673 3538 744 quicum
3563 677 3624 732 ad
3651 681 3812 737 cellam

2277 761 2559 832 cujusdam
2593 763 2797 831 fratris,
2830 765 3000 835 gratia
3026 766 3380 833 visitationis,
3405 769 3676 827 adveniens
3698 778 3816 831 ostio

2277 856 2738 926 approxitnasset,
2788 857 3136 930 audissetque
3170 875 3293 914 eum
3337 861 3582 932 quiddam
3623 867 3816 923 obmur-

2281 961 2585 1008 murantem
2610 953 2956 1020 intrinsecus,
2975 955 3248 1024 paululum
3261 955 3516 1020 substitit,
3529 972 3816 1028 cognoscere

2279 1045 2469 1100 volens
2497 1046 2751 1116 quidnam
2782 1046 2851 1102 de
2891 1047 3189 1118 Scripturis
3222 1049 3454 1120 legeret;
3481 1053 3580 1117 vel,
3609 1053 3728 1110 sicut
3750 1066 3816 1112 est

2281 1139 2468 1204 moris,
2499 1153 2732 1208 opt-rans
2762 1141 3078 1194 memoriter
3107 1148 3432 1197 recenseret.
3461 1140 3686 1214 Cumque
3711 1147 3818 1215 piis-

2277 1231 2452 1285 simus
2473 1233 2786 1300 explorator
2819 1247 2950 1286 aure
2995 1231 3284 1303 diligenter
3316 1233 3558 1304 applicita
3584 1235 3819 1292 curiosius

2283 1324 2641 1389 auscultaret,
2667 1325 2737 1378 ita
2768 1339 2892 1379 eum
2925 1326 3129 1394 reperit
3159 1325 3319 1394 huius
3339 1326 3553 1396 spiritus
3579 1327 3819 1398 impugna-

2283 1416 2428 1471 tione
2459 1417 2778 1486 pellectum,
2828 1426 2887 1473 ut
2943 1417 2997 1472 in
3028 1418 3260 1472 ecclesia
3312 1417 3490 1478 facere
3517 1434 3571 1473 se
3609 1421 3820 1475 crederet

2281 1509 2711 1565 exhortatorium
2740 1511 2886 1582 plebi
2919 1525 3258 1566 sermonem.
3293 1511 3535 1582 Cumque
3563 1512 3821 1568 subsistens

2279 1617 2450 1658 senex
2476 1603 2725 1659 audisset
2755 1619 2881 1659 eum
2906 1603 2934 1643 δ
2964 1605 3174 1662 tiniisse
3217 1614 3533 1672 tractatum,
3575 1615 3626 1661 et
3651 1616 3821 1664 mutato

2280 1713 2496 1753 rursum
2545 1697 2728 1754 ofﬁcio
2791 1708 2814 1737 ο
2861 1699 3147 1756 celebrare
3201 1701 3349 1756 velut
3390 1700 3658 1756 diaconum
3703 1712 3821 1758 cate-

1667 1835 1922 1892 ALARDI
1960 1834 2189 1892 ΟΛΖᾹΞΙ
2226 1834 2795 1894 COMMENTARIUS.

583 1953 766 2007 siliarii
790 1953 861 2006 ttti
881 1969 897 2008 :
917 1952 1165 2005 Nouimus
1189 1953 1325 2005 enim
1355 1953 1624 2023 episcopos
1644 1951 1974 2021 jejunantes,
1999 1961 2046 2003 et
2069 1967 2177 2004 mo-
2205 1954 2256 2014 B
2283 1952 2461 2005 tendos
2489 1953 2620 2006 alios
2659 1961 2706 2008 et
2747 1954 2997 2022 regendos
3039 1953 3314 2008 diabolicis
3356 1954 3669 2007 illusionibus
3703 1955 3823 2009 insti-

584 2026 775 2076 nacltos
797 2024 1119 2077 comedentes
1140 2065 1153 2085 ,
1189 2033 1296 2077 etc.
1329 2022 1458 2076 lla'c
1491 2022 1538 2075 et
1580 2024 1685 2076 alia
1736 2026 1888 2090 plura
1935 2023 1988 2074 id
2014 2038 2172 2092 genus

584 2095 898 2148 Athanasius
941 2095 1008 2148 ad
1043 2092 1405 2157 Dracontium,
1439 2111 1586 2164 quem
1615 2095 1824 2147 tandem
1851 2093 2172 2159 persuasisse

583 2176 815 2237 constat,
843 2178 888 2219 et
919 2182 1010 2237 pro
1038 2166 1143 2232 [ide
1184 2165 1439 2237 catholica
1471 2175 1675 2218 strenue
1701 2173 2023 2226 certantem,
2053 2179 2168 2237 cum

583 2236 702 2289 aliis
729 2233 1032 2289 orthodoxis
1058 2239 1249 2290 sanctis
1273 2235 1525 2305 episcopis
1547 2253 1640 2307 pro
1663 2237 1774 2306 ipsa
1796 2237 1900 2304 ﬁde
1931 2233 2173 2288 exsilium

583 2307 799 2360 subiisse
840 2308 976 2361 idem
1003 2307 1320 2360 Athanasius
1355 2307 1536 2360 tradit.
1581 2307 1868 2377 llttcusque
1913 2307 2174 2360 Baronius

584 2379 652 2433 de
676 2379 997 2432 tnonachatu
1024 2389 1079 2431 et
1100 2378 1364 2433 clericatu
1391 2378 1594 2447 pariter
1615 2377 1949 2446 conjunctis.
1973 2377 2171 2431 Verum

583 2465 705 2503 cum
737 2458 949 2504 constet
980 2450 1254 2518 apostolos
1285 2457 1342 2504 et
1371 2450 1572 2502 multos
1610 2451 1977 2518 apostolorum
2009 2448 2175 2503 disci-

585 2521 740 2588 pttlos
773 2535 879 2574 non
927 2520 1108 2578 solum
1149 2519 1465 2574 monasticae
1495 2521 1622 2574 vita:
1654 2537 1894 2576 normam
1931 2521 2174 2574 tenuisse

584 2602 635 2644 et
665 2591 916 2646 docuisse
942 2631 955 2652 .
986 2601 1151 2661 atque
1204 2591 1344 2645 adeo
1397 2591 1785 2646 monachorum
1831 2591 1953 2645 novi
1983 2591 2176 2644 Testa-

587 2662 752 2716 menti
783 2663 1056 2730 principes
1078 2664 1383 2726 exstitisse,
1415 2661 1509 2716 sed
1541 2671 1598 2716 et
1625 2663 1914 2718 sacerdotii
1937 2677 2173 2730 evange-

586 2733 673 2788 lici
701 2732 970 2797 primitias
999 2733 1218 2798 tulisse;
1251 2747 1590 2799 consequens
1621 2745 1725 2799 est,
1761 2743 1817 2788 ut
1848 2737 2015 2802 prima
2054 2747 2170 2784 mo-

589 2803 848 2858 nacltatus
877 2815 930 2858 et
957 2806 1246 2859 clericatus
1272 2806 1588 2871 conjunctio
1616 2805 1683 2859 ad
1715 2807 1857 2873 ipsos
1890 2803 2172 2858 referenda

588 2877 657 2929 sit
685 2893 696 2927 :
723 2891 843 2942 qua!
869 2885 1046 2930 tamen
1075 2877 1441 2943 postmodum,
1465 2877 1817 2930 stevientibus
1837 2874 2174 2945 persecutio-

587 2963 715 3001 num
751 2948 1024 3015 procellis,
1057 2947 1367 3017 aliquandtu
1405 2947 1723 3014 interrupta,
1758 2947 1996 3008 tandem,
2043 2959 2174 3014 pace

590 3017 850 3072 Ecclesia:
881 3018 1089 3073 reddita
1116 3061 1130 3086 ,
1166 3019 1399 3089 primum
1447 3019 1498 3071 in
1540 3019 1780 3089 Oriente
1808 3021 1910 3089 sub
1939 3019 2174 3089 Antonio

587 3099 643 3144 et
665 3089 985 3151 Athanasio,
1022 3087 1257 3159 utroque
1286 3105 1499 3158 magno,
1525 3090 1648 3144 dein
1673 3090 1725 3144 in
1751 3087 2044 3144 Occidente
2073 3088 2174 3142 sub

587 3161 711 3214 aliis
752 3162 1110 3216 sanctissimis
1154 3161 1284 3214 viris
1332 3160 1674 3225 reﬁorucrit,
1709 3171 1765 3214 ut
1819 3159 1986 3214 refert
2032 3159 2171 3213 idem

591 3231 859 3286 Baronius
883 3273 897 3296 ,
933 3247 994 3287 ac
1035 3233 1252 3286 demum
1298 3241 1413 3286 toto
1458 3241 1724 3285 terrarum
1756 3232 1888 3285 orhe
1920 3240 2131 3297 recepta
2154 3271 2170 3295 ,

589 3313 645 3357 et
667 3305 1023 3390 frequentata,
1053 3303 1259 3385 legibus
1287 3303 1506 3383 insuper
1528 3301 1916 3390 ecclesiasticis
1933 3302 2170 3390 sancita,
2199 3327 2246 3390 ρ

588 3384 642 3428 et
664 3375 977 3442 approbata,
1001 3376 1169 3444 magis
1193 3390 1257 3428 ac
1278 3376 1448 3440 magis
1470 3373 1816 3428 increhuerit.
1836 3373 1986 3428 Unde
2008 3375 2171 3426 etiam

588 3447 727 3512 apud
763 3445 1075 3499 Gratianum
1109 3447 1258 3498 multi
1283 3454 1500 3500 exstant
1527 3459 1764 3500 canones
1795 3445 1863 3498 de
1895 3444 2175 3498 monachis

588 3518 653 3568 ad
683 3517 996 3571 clericatum
1025 3526 1080 3569 et
1129 3531 1351 3570 munera
1394 3515 1794 3580 ecclesiastica,
1827 3530 1927 3570 nec
1970 3531 2074 3568 non
2106 3514 2175 3568 ad

589 3603 775 3640 curam
809 3590 1106 3641 animarum
1141 3596 1197 3642 et
1244 3589 1482 3657 regimen
1535 3585 1898 3640 Ecclesiarum
1953 3601 2175 3654 promo-

594 3661 810 3720 vendis;
851 3659 902 3711 in
944 3661 1135 3723 quibus
1187 3668 1271 3713 est
1328 3661 1414 3711 Illa
1468 3658 1531 3711 1).
1585 3659 1870 3724 Augustini
1918 3658 2176 3726 praeclara

587 3732 890 3794 sententia,
921 3739 977 3784 et
1008 3729 1131 3783 ltuic
1174 3731 1296 3784 loco
1325 3728 1660 3784 conveniens
1683 3771 1696 3793 ,
1739 3744 1843 3798 qua
1883 3728 2176 3782 monachos

589 3800 782 3854 insulae
804 3802 1075 3860 Caprarize
1097 3800 1174 3853 sic
1197 3802 1488 3868 alloquitur
1511 3800 1708 3870 (Epist.
1727 3799 1839 3868 al):
1859 3798 1959 3852 Vos
1980 3809 2172 3863 autent,

589 3875 798 3938 fratres,
817 3871 1152 3925 exhortantur
1179 3890 1230 3925 τη
1257 3872 1501 3932 Domino,
1530 3883 1581 3923 ttt
1606 3872 1925 3940 propositum
1954 3879 2176 3923 vestrum

589 3944 915 4004 custodiatis,
947 3954 996 3995 et
1025 3959 1182 4010 usque
1215 3945 1265 3996 itt
1298 3943 1451 4010 linem
1486 3944 1834 4011 pet'sereretis.
1859 3946 1921 3994 At
1951 3942 1994 3993 si
2023 3956 2180 4008 quam

589 4030 798 4084 operam
828 4024 1042 4067 restrain
1082 4022 1243 4066 mater
1273 4012 1506 4067 Ecclesia
1537 4013 1922 4076 desideraverit,
1951 4027 2042 4064 nec
2070 4011 2179 4065 ela-

580 4088 727 4138 -tione
757 4084 909 4137 avida
949 4085 1261 4153 suscipiatis,
1295 4102 1386 4137 nec
1418 4084 1710 4137 blandiente
1734 4084 1938 4136 desidia
1962 4099 2178 4148 respua-

591 4159 686 4218 tis;
726 4156 814 4208 sed
842 4155 955 4207 ntiti
987 4155 1140 4208 corde
1169 4155 1525 4222 obtemperetis
1561 4153 1702 4218 Deo,
1737 4171 1852 4208 cum
1883 4163 2181 4207 mansuetu-

591 4226 711 4278 dine
767 4235 1028 4288 portantes
1066 4241 1180 4278 eum
1225 4227 1313 4294 qtti
1352 4242 1438 4278 vos
1482 4229 1642 4293 regit,
1692 4229 1776 4294 qui
1827 4227 2003 4294 dirigit
2036 4226 2181 4278 mites

593 4298 645 4348 in
667 4297 890 4364 judicio,
919 4298 1004 4363 qui
1034 4299 1174 4349 docet
1200 4306 1492 4349 mansuetos
1524 4299 1630 4351 vias
1657 4313 1797 4350 suas.
1827 4296 1938 4349 Nec
1959 4307 2182 4349 vestrum

591 4370 756 4420 otium
796 4369 1182 4421 necessitatibus
1214 4367 1464 4420 Ecclesitv
1496 4371 1832 4439 praeponatis,
1879 4369 1961 4420 cui
2003 4376 2185 4434 partu-

593 4440 746 4492 rienti
794 4440 838 4491 si
880 4439 1009 4492 nulli
1057 4440 1172 4491 boni
1205 4440 1495 4491 ministrare
1545 4440 1748 4501 uellent,
1796 4439 2052 4507 quomodo
2085 4455 2182 4491 na-

593 4511 858 4563 sceremini
902 4527 1003 4563 non
1047 4511 1362 4564 inveniretis.
1397 4511 1473 4562 Ita
1500 4510 1854 4581 Augustinus.
1900 4508 1969 4563 At
2001 4510 2068 4564 de
2100 4511 2184 4565 his

599 4581 760 4634 ntodo
790 4586 942 4637 satis.

671 4661 695 4688 ε
723 4652 846 4722 ll:ec
869 4663 952 4706 est
977 4651 1281 4720 vulpecula,
1307 4667 1424 4718 qua:
1450 4662 1584 4707 teste
1604 4651 1662 4706 Β.
1690 4650 1962 4707 Bernarth
1982 4650 2180 4722 (Serm.

2279 2033 2502 2094 gantur;
2549 2024 2738 2094 quique
2782 2026 2937 2078 etiam
2981 2025 3028 2078 si
3076 2026 3332 2092 potuerint
3373 2026 3500 2078 lucri
3547 2026 3727 2094 aliquid
3773 2042 3823 2080 es

2275 2094 2624 2162 quorumdam
2654 2096 2984 2149 conversione
3025 2097 3347 2164 conquirere,
3389 2097 3691 2166 impatientia
3724 2113 3821 2161 sua,

2275 2175 2428 2238 atque
2474 2167 2760 2238 inconditis
2808 2168 3037 2220 moribus
3082 2168 3336 2236 quiequid
3382 2169 3692 2238 acquisierint
3728 2184 3823 2236 per-

2275 2237 2428 2310 dunt.
2462 2235 2608 2290 Illud
2640 2253 2860 2310 namqu_e
2902 2240 2975 2292 eis
2996 2281 3010 2304 ,
3053 2235 3191 2306 quod
3224 2235 3463 2310 'Aggteus'
3502 2235 3733 2307 propheta
3753 2238 3824 2291 de-

2275 2307 2484 2373 scribit,
2527 2309 2719 2380 eueniet
2751 2323 2770 2362 :
2798 2307 2865 2361 Et
2917 2324 3032 2380 quae
3070 2307 3337 2363 mercedes
3367 2321 3651 2380 congregat,
3689 2311 3822 2380 mittet

2275 2395 2359 2431 eas
2400 2381 2449 2452 in
2480 2379 2748 2433 sacculum
2777 2378 3046 2452 pertusum
3074 2380 3275 2448 (Δίιρωὶ
3304 2380 3368 2452 1).
3404 2380 3532 2435 Vere
3556 2378 3680 2434 enim
3700 2378 3822 2432 lucra

2273 2465 2371 2503 sua
2402 2451 2453 2502 in
2494 2461 2761 2522 pertusum
2790 2450 3055 2505 sacculunt
3103 2452 3282 2504 condit
3308 2450 3334 2515 ,'
3362 2454 3447 2518 qui
3489 2452 3718 2522 quidquid
3751 2465 3824 2520 per

2275 2522 2501 2574 aliorum
2529 2523 2912 2576 conversionem
2933 2523 3134 2586 videtur
3156 2525 3441 2591 acquirere,
3468 2523 3823 2591 intemperantia

2276 2593 2448 2664 cordis
2486 2593 2568 2645 sui
2603 2604 2648 2646 et
2694 2595 3001 2662 quotidiana
3040 2595 3204 2646 animi
3246 2595 3547 2648 distentione
3583 2592 3820 2664 disperdit.

2277 2661 2466 2736 Itaque
2491 2663 2600 2731 ﬁet,
2647 2661 2713 2718 ut
2743 2666 2868 2718 dum
2902 2668 3155 2718 ulteriora
3195 2666 3345 2718 lucra
3383 2681 3471 2736 per
3502 2661 3708 2717 aliorum
3734 2679 3822 2716 crc-

2275 2735 2404 2787 dttttt
2441 2735 2815 2789 institutionem
2855 2752 3043 2806 parare
3077 2753 3131 2789 se
3168 2753 3350 2805 posse,
3381 2735 3529 2790 etiam
3556 2751 3648 2787 sua
3681 2749 3824 2806 corre-

2275 2807 2443 2860 ctione
2467 2807 2751 2873 priventur.
2781 2803 2908 2860 Haec
2938 2807 3048 2861 ille.
3080 2806 3136 2860 In
3169 2803 3420 2862 eamdem
3449 2806 3752 2860 sententiam
3774 2803 3823 2857 Ι).

2274 2875 2570 2944 Gregorius
2602 2878 2696 2931 lib.
2725 2893 2858 2931 xxxi
2896 2879 3174 2932 Moralium
3199 2920 3212 2941 ,
3247 2878 3338 2932 ubi
3372 2878 3440 2932 de
3465 2877 3680 2946 singulis
3706 2875 3826 2927 vitiis

2274 2949 2600 3020 capitalibus
2647 2949 2797 3017 agit:
2834 2946 3020 3001 Inanis
3050 2948 3250 3020 gloria,
3311 2949 3480 3004 inquit
3534 2945 3686 3015 (Cap.
3715 2945 3821 3011 32),

2275 3018 2528 3072 devictum
2581 3036 2670 3073 cor
2718 3022 2867 3088 quasi
2919 3035 2984 3073 ea:
3009 3018 3209 3073 ratione
3253 3022 3384 3074 solet
3434 3019 3705 3081 exhortari,
3732 3033 3826 3088 cum

2275 3090 2437 3144 dicit:
2465 3089 2626 3144 Debes
2669 3086 2871 3162 majora
2902 3102 3163 3161 appetere,
3199 3100 3253 3144 ut
3281 3108 3385 3160 quo
3415 3099 3653 3162 potestate
3679 3086 3826 3162 volue-

2273 3162 2347 3214 ris
2398 3162 2586 3215 multos
2633 3156 2910 3227 excedere,
2938 3156 3018 3214 ’ἑο
3068 3163 3224 3214 etiam
3274 3156 3448 3216 ualeas
3491 3162 3658 3214 multis
3695 3156 3828 3227 prod-

2276 3247 2406 3286 esse.
2441 3233 2573 3288 Vide
2613 3232 2866 3287 eumdem
2919 3233 2974 3287 in
3017 3232 3283 3287 Pastorali
3330 3248 3449 3300 cap.
3496 3232 3562 3293 i,
3615 3232 3674 3284 Ι).
3713 3229 3825 3300 Βεττ

2278 3305 2504 3358 nardum
2534 3319 2700 3358 serm.
2731 3305 2802 3360 64
2834 3304 2888 3374 in
2933 3302 3177 3369 Cantica,
3211 3314 3265 3358 et
3297 3297 3417 3374 quae
3461 3303 3746 3358 notavimus
3771 3297 3826 3351 ad

2277 3389 2398 3442 cap.
2430 3377 2454 3430 1
2489 3375 2794 3429 collationis
2822 3373 2916 3428 24.

2351 3445 2376 3484 δ
2400 3445 2537 3500 Male
2551 3447 2874 3511 impressum
2891 3453 3049 3500 antea
3069 3462 3082 3500 :
3102 3443 3291 3500 Fuisse
3320 3456 3610 3500 tractatunt.
3628 3443 3823 3510 Dionys.

2283 3514 2329 3568 F
2332 3518 2490 3570 inisse
2517 3533 2836 3582 serntonem,
2879 3517 2928 3570 id
2960 3526 3073 3582 est,
3105 3519 3536 3571 exhortationem
3568 3514 3827 3568 ('0nci0na-

2279 3589 2492 3652 loriam,
2520 3606 2680 3656 quam
2729 3589 2821 3643 ille
2869 3589 3122 3642 nimirum
3158 3588 3548 3655 meditabatur,
3576 3586 3713 3639 velut
3736 3582 3830 3638 dia-

2279 3673 2536 3714 conorum
2563 3676 2714 3714 more
2742 3661 2810 3712 ad
2841 3674 2960 3712 eam
2993 3675 3054 3714 se
3084 3675 3420 3730 prteparans,
3455 3657 3824 3727 imaginatione,

2282 3746 2388 3785 non
2419 3730 2594 3799 reipsa
2615 3774 2629 3796 ,
2663 3731 2945 3785 diaconus.

2356 3811 2377 3839 ο
2415 3798 2598 3876 Vetus,
2631 3813 2686 3857 et
2712 3803 2921 3876 vulgata
2937 3811 3019 3857 est
3051 3803 3228 3856 Missae
3257 3801 3547 3876 distinctio
3570 3798 3829 3876 inhhlissam

2280 3874 2790 3927 catechumenorum
2825 3874 2968 3940 (hoc
2993 3884 3105 3936 est,
3156 3889 3346 3928 eorum
3392 3873 3485 3943 qui
3535 3872 3585 3925 in
3618 3871 3726 3943 ﬁde
3751 3871 3820 3918 in-

2282 3945 2641 4014 struebantur
2669 3939 2905 3998 ttondnm
2937 3943 3225 4014 baptizati)
3271 3955 3326 3998 et
3356 3939 3568 3998 Missam
3598 3939 3827 4014 ﬁdelium.

2283 4013 2529 4069 Priorem
2557 4016 2701 4070 enim
2749 4015 2922 4070 Missae
2956 4010 3291 4083 partempab
3343 4016 3563 4070 introitu
3611 4010 3830 4083 nimirum

2284 4101 2452 4154 usque
2483 4086 2550 4140 ad
2578 4082 3239 4159 oﬁ'ertoriuni,vocabant
3275 4082 3830 4159 Missameatechutneo

2285 4148 2476 4210 noium
2499 4199 2512 4221 ,
2541 4158 2684 4224 quod
2720 4158 2773 4212 in
2814 4172 2877 4212 ea
2917 4148 3106 4212 liceret
3133 4157 3542 4212 catechutnenis
3574 4164 3626 4209 et
3650 4148 3834 4224 publice

2287 4223 2671 4294 paenitentibus
2702 4229 2928 4293 adesse,
2955 4244 3056 4295 qua
3089 4237 3144 4282 et
3181 4229 3430 4285 absoluta
3460 4223 3833 4298 dimittebant"?

2283 4291 2314 4354 e
2340 4302 2560 4369 templo,
2585 4291 2928 4354 manentibus
2947 4291 3195 4354 ﬁdelibus
3214 4315 3232 4364 ;
3251 4303 3515 4368 reliquam
3541 4311 3663 4350 vero
3686 4291 3833 4369 Missa!

2284 4368 2623 4425 celebrandzn
2652 4385 2890 4442 partem,
2934 4372 3018 4425 Cui
3059 4373 3156 4442 soli
3189 4369 3380 4426 ﬁdeles
3410 4371 3669 4442 interesse
3703 4368 3834 4442 pote:

2287 4451 2426 4505 rant,
2457 4436 2710 4496 dicebant
2744 4441 2960 4495 Missam
3010 4440 3270 4495 ﬁdelium.
3297 4443 3482 4511 Cujus
3509 4441 3582 4493 rei
3621 4436 3834 4491 meminit

2288 4513 2348 4566 ι).
2380 4513 2712 4580 Augustinus
2740 4527 2908 4566 scrm.
2932 4513 3036 4567 257
3067 4513 3154 4564 hic
3192 4510 3422 4566 verbis:
3461 4510 3590 4564 Ecce
3611 4515 3717 4580 post
3741 4516 3834 4554 ser-

2288 4575 2490 4636 monem
2517 4583 2576 4652 ﬁt
2602 4582 2766 4636 Missa
2794 4583 3204 4646 caterhumenis,
3236 4593 3444 4638 manent
3477 4575 3836 4652 ﬁdeles..!aq¢l0

2290 4647 2550 4722 siquidem
2575 4654 2886 4721 Evangelio,
2909 4663 2964 4708 et
2985 4655 3232 4724 symbolo
3251 4695 3264 4718 ,
3289 4667 3380 4708 aut
3412 4647 3660 4724 sermone
3687 4647 3834 4702 ﬁnito.

598 4723 665 4777 64
693 4725 746 4776 in
772 4721 1031 4793 Cantica),
1059 4709 1255 4794 multos
1270 4709 1513 4790 'deciplt,
1537 4723 1630 4793 qui
1658 4723 1724 4777 de
1754 4709 2184 4778 aliorum‘salute
2219 4709 2264 4769 ο
2289 4709 2580 4791 επιίθίιυθηὶ
2615 4709 3040 4794 ρίηιῆτιθιύίιιιιιῆ
3055 4709 3382 4780 oﬁerreittur
3411 4727 3467 4778 in
3495 4720 3645 4777 altari
3666 4727 3837 4794 cons}!-

596 4804 648 4849 et
679 4795 1033 4848 conversione
1058 4793 1299 4859 solliciti,
1321 4808 1471 4848 suam
1494 4798 1731 4862 ipsorum
1756 4795 1988 4847 salutem
2016 4794 2187 4863 negli-

598 4877 760 4931 gunt,
793 4865 933 4932 quod
967 4876 1080 4931 est,
1122 4863 1262 4933 apud
1302 4863 1547 4919 Plautum
1580 4883 1592 4917 :
1619 4867 1848 4919 alienum
1878 4879 2064 4932 agrum
2096 4880 2183 4920 se-

599 4952 740 5002 rere,
774 4947 830 4990 et
871 4951 1025 4990 suum
1065 4937 1341 4990 deserere.
1380 4937 1496 5004 Quo
1528 4950 1586 4991 se
1626 4936 1756 4989 vitio
1790 4934 2066 4990 laborasse
2092 4943 2186 4990 aut

599 5010 838 5061 titillutos
872 5009 1035 5060 luisse
1061 5007 1363 5062 Germanus
1390 5009 1578 5070 abbas,
1615 5008 1782 5060 nostri
1811 5007 2055 5060 Cassiani
2088 5021 2182 5060 so-

597 5080 712 5132 cius
731 5120 744 5143 ,
769 5096 890 5133 cum
916 5080 1104 5131 eodem
1136 5079 1273 5144 apud
1305 5080 1554 5131 abbatem
1587 5082 1883 5138 Abraham,
1912 5079 2214 5145 professus-

598 5160 680 5202 est
711 5152 792 5202 ltis
821 5151 999 5203 verius
1021 5148 1250 5220 (Collat.
1277 5148 1347 5201 24
1375 5167 1492 5215 cap.
1533 5151 1586 5218 l)
1618 5168 1630 5201 :
1663 5147 1889 5215 Insuper
1916 5151 2070 5200 etiam
2096 5165 2185 5218 spe

598 5221 835 5274 inanium
881 5221 1188 5290 gaudiorum
1232 5221 1457 5273 animum
1513 5224 1878 5287 pascebamus,
1927 5220 2187 5272 credentes

600 5294 825 5360 fructum
852 5309 940 5345 nos
965 5293 1241 5344 maximum
1269 5301 1597 5360 percepturos
1621 5291 1683 5343 de
1703 5291 2031 5343 conuersione
2053 5291 2188 5342 mul-

599 5359 790 5424 torum,
815 5365 902 5433 qui
932 5365 1068 5415 velut
1092 5359 1275 5433 nostro
1295 5371 1460 5415 essent
1485 5362 1553 5413 ad
1585 5363 1716 5414 viam
1746 5362 1928 5415 salutis
1951 5359 2187 5433 exemplo

599 5449 660 5484 ac
682 5436 888 5488 monitis
907 5432 1368 5503 dirigendi.Quam
1392 5447 1582 5486 eorum
1607 5433 1823 5486 stultam
1847 5432 2183 5498 opinionem,

601 5503 787 5567 immo,
809 5515 864 5557 ut
890 5517 1062 5568 vocat,
1089 5503 1411 5556 diabolicatn
1437 5503 1738 5557 illusionem
1764 5504 1841 5555 sic
1867 5503 1981 5571 ipse
2004 5503 2186 5558 redar-

602 5575 716 5642 guit
773 5590 837 5628 ac
887 5578 1085 5628 refutat
1128 5571 1274 5626 :His
1324 5575 1648 5627 illusionibtts
1697 5582 1850 5643 atque
1896 5574 2185 5639 dispendiis

603 5660 777 5698 omnes
826 5647 1107 5699 admodum
1137 5646 1368 5712 infirmos
1407 5662 1609 5699 necesse
1649 5658 1722 5698 est
1767 5645 2059 5715 implicari,
2089 5646 2177 5713 qui

605 5732 724 5772 cum
755 5718 906 5768 etiam
933 5719 994 5769 de
1019 5733 1113 5769 sua
1137 5715 1307 5769 salute
1333 5718 1433 5770 sint
1465 5717 1628 5779 dubii,
1664 5718 1860 5784 ipsique
1881 5717 2048 5769 adhuc
2071 5733 2180 5770 nta-

612 5787 815 5849 aisterio
853 5797 1007 5854 atque
1050 5788 1374 5842 institutione
1403 5796 1584 5858 egeant
1628 5788 1799 5843 aliena
1821 5827 1833 5851 ,
1867 5788 1936 5841 ad
1973 5803 2181 5844 convcr-

2286 4784 2506 4861 cranda,
2538 4784 2800 4850 diaconus
2841 4798 2894 4849 in
2944 4796 3182 4850 Ecclesia
3216 4795 3407 4849 Latina
3451 4795 3660 4864 publice
3687 4784 3838 4840 accla-

2288 4865 2503 4919 mabat:
2537 4866 2597 4921 Si
2625 4867 2741 4936 quis
2779 4883 2881 4919 non
2913 4867 3255 4920 communicat
3277 4907 3292 4930 ,
3335 4867 3421 4921 det
3459 4866 3656 4925 locum,
3684 4866 3736 4912 ut
3766 4867 3838 4936 rt:-

2289 4935 2392 4990 l'ert
2424 4936 2488 4990 D.
2529 4933 2822 5006 Gregorius
2851 4937 2992 4991 libro
3039 4936 3276 4992 secundo
3322 4938 3660 5007 dialogorum
3688 4933 3840 5007 captle

2288 5008 2550 5078 vigesimo
2581 5000 2745 5063 tertio
2769 5024 2784 5073 ;
2807 5009 2892 5063 vel
2928 5011 3027 5061 hoc
3055 5011 3214 5062 modo
3245 5026 3256 5060 :
3294 5007 3356 5062 Si
3383 5000 3500 5073 quis
3527 5015 3600 5059 est
3627 5000 3840 5054 catechu-

2289 5096 2484 5140 tnenus,
2515 5089 2660 5132 exeat
2698 5081 2840 5148 foras
2864 5121 2877 5137 .
2911 5089 2967 5132 ut
2994 5080 3230 5133 lsithrus
3252 5091 3300 5133 et
3335 5079 3616 5148 Durandus
3641 5078 3840 5148 armata-

2290 5163 2412 5204 runt
2433 5150 2656 5220 (Isidor.
2678 5139 2715 5204 ιζ
2737 5167 2786 5205 Vl
2815 5150 3041 5220 Etgntol.
3063 5167 3112 5204 c.
3133 5152 3329 5214 ultim.;
3353 5147 3662 5220 Durandlin
3683 5139 3837 5220 Ratio.

2290 5222 2383 5274 lib.
2415 5213 2466 5276 tv
2494 5241 2539 5276 c.
2566 5222 2626 5283 2;
2658 5213 3020 5286 Demochares,
3047 5221 3135 5275 lib.
3167 5237 3242 5286 tv,
3267 5213 3422 5281 ωδε,
3446 5236 3560 5289 cap.
3579 5213 3667 5283 '58)
3688 5213 3842 5289 :_sicIIt

2291 5296 2430 5362 apud
2450 5293 2672 5348 Graecos
2698 5294 2914 5366 liturgia
2931 5285 3326 5366 Chrysostomi,
3347 5289 3460 5346 ὅσοι
3489 5285 3841 5366 έατηχούκιςγᾳ

2291 5352 2592 5440 τῖὲκρέλθιτιτ.
2621 5352 2954 5440 (ιυίςιξπηῖιυεξ
2975 5352 3110 5440 φθεὶρ
3133 5352 3532 5440 οὲἓςεὲέυηιεθρίν
3565 5352 3840 5440 aliis“???

2294 5426 2702 5508 Htitc‘Alcuiniis
2725 5436 2812 5489 lib.
2835 5426 2899 5490 de
2930 5433 3132 5508 Divinis
3153 5433 3382 5490 Ofﬁciis:
3413 5426 3821 5508 MissamLinquii

2288 5505 2768 5560 catechuntenorum
2781 5523 3000 5560 canones
3019 5506 3218 5568 dicunt,
3239 5508 3483 5574 quoniam
3504 5508 3615 5574 post
3631 5497 3842 5574 Evattgef

2290 5579 2344 5632 lii
2369 5579 2639 5630 lectionem
2659 5578 2914 5644 incipiunt
2945 5576 3197 5630 celebrari
3217 5568 3368 5630 sacra
3388 5573 3654 5646 ntthteria,
3678 5568 3841 5646 quib)“

2288 5630 2509 5713 nullum,
2531 5651 2624 5702 nisi
2650 5630 2980 5718 baptizatum,
3016 5649 3264 5702 interesse
3281 5647 3417 5702 licet.
3441 5630 3592 5718 "Tunc
3611 5630 3842 5718 enimda-

2288 5731 2458 5773 ntante
2495 5709 2739 5787 diacono,
2769 5721 2926 5774 iidem
2957 5709 3306 5774 catechumetti
3335 5714 3672 5787 mittebantur
3699 5709 3841 5787 [οτρξο

2291 5791 2414 5845 Ilaec
2432 5791 2542 5846 ille.
2562 5791 2672 5846 Hac
2691 5781 2872 5855 itaque
2892 5791 3104 5846 ratione
3127 5790 3414 5845 dicebatur
3434 5786 3690 5840 diaconus
3712 5781 3840 5830 cate-
