3966 6326
128 321 222 382 817

659 313 744 372 DE
780 311 1263 371 C(ENOBIOBUM
1301 307 1545 367 INSTIT.
1586 309 1718 368 [ΑΒ.
1760 311 1853 370 XI.
1878 341 1952 356 —
1977 307 2068 370 DE
2105 313 2377 371 SPIRITU
2415 312 2854 375 CENODOXIE.

3298 317 3405 378 ΗΒ

125 439 400 494 cbumems
435 430 694 496 Missam,
749 437 878 484 tunc
926 427 1146 481 demum
1193 423 1424 494 pulsavit
1461 423 1663 478 ostium
1695 441 1708 477 :
1740 429 1793 488 Α
1817 425 2222 495 congressibus,
2255 435 2544 497 antequam
2575 429 2980 499 supervenient,
3010 430 3236 497 eruditi,
3267 447 3406 502 qua-

127 530 204 602 qui
227 540 511 598 egressus,
539 534 943 590 occurrensque
970 519 1112 581 seni,
1136 517 1490 572 veneratione
1521 514 1709 580 solita,
1751 557 1755 560 .

92 611 99 688 ξ
125 620 589 687 introducensque
609 630 733 669 eum
751 653 766 679 ,
787 621 990 681 ﬂquam
1014 611 1142 664 olim
1163 610 1372 664 venerit
1394 649 1408 672 ,
1434 607 1715 677 cogitatio-

95 695 99 701 .
126 729 240 769 num
281 725 502 768 suarum
533 707 872 764 conscientia
917 703 1288 768 remordente,
1320 700 1612 770 perquirit,
1645 713 1714 754 ne

59 791 81 828 κ
125 809 331 863 scilicet
357 803 568 859 diutius
592 810 743 856 stans
772 798 840 852 ad
869 797 1065 853 ostium
1100 793 1349 863 injuriam
1383 792 1712 862 pertulisset,

125 899 438 971 ioculariter
480 909 654 950 senex
704 899 962 962 grateque
1016 887 1344 958 respondit:
1377 884 1575 950 Modo,
1630 884 1716 938 in-

124 993 332 1061 quiens,
365 988 513 1054 veni,
545 984 765 1057 quando
793 993 849 1038 ttt
881 983 1101 1038 missam
1133 977 1540 1036 catechumenis
1571 976 1716 1034 cele-

127 1086 341 1141 brabas.

717 1167 949 1226 CAPUT
988 1165 1108 1221 XVI

130 1269 281 1333 Quod
301 1267 458 1321 aliter
473 1265 605 1319 vitia
625 1262 798 1316 curari
816 1277 916 1333 non
941 1259 1166 1333 possint,
1185 1257 1287 1311 nisi
1316 1270 1495 1310 eorum
1515 1254 1718 1309 radices

614 1345 662 1388 et
690 1347 862 1386 causa:
889 1330 1228 1384 innotuerint.

189 1453 554 1511 ﬂacidcirco
605 1453 846 1507 inserere
886 1448 1012 1503 huic
1037 1445 1301 1518 opusculo
1349 1443 1718 1500 necessarium

130 1546 288 1612 duxi,
312 1546 338 1584 δ
364 1558 424 1599 ut
453 1544 520 1599 de
550 1539 1018 1612 impugnationum
1051 1538 1142 1603 vi,
1170 1545 1330 1606 atque
1357 1534 1547 1591 ordine
1569 1534 1724 1588 vitio-

131 1657 270 1706 rum,
306 1639 504 1710 quibus
535 1635 864 1692 miserabilis
890 1633 1068 1688 anima
1096 1632 1388 1696 laceratur,
1418 1644 1522 1683 non
1546 1628 1720 1683 solum

133 1733 364 1795 ratione,
395 1728 490 1783 sed
522 1728 687 1782 etiam
715 1723 977 1795 exemplis
1003 1721 1282 1785 instructi,
1302 1719 1370 1774 ad
1396 1717 1722 1774 devitandos

1818 519 1942 574 liter
1973 536 2282 590 praecavere
2315 535 2369 576 et
2397 538 2692 579 occurerre
2722 527 2804 580 eis
2836 527 2924 582 vel
2975 528 3271 598 conﬂigere
3316 529 3412 585 de-

1814 610 2010 680 beant,
2047 613 2407 669 instruantur.
2427 615 2497 670 Ut
2526 618 2703 672 solent
2733 619 3048 689 peritissimi
3072 621 3407 677 medicorum

1816 717 1923 757 non
1946 703 2121 758 solum
2148 704 2356 760 mederi
2382 708 2742 776 praesentibus
2770 711 2997 778 morbis,
3028 728 3220 768 verum
3242 715 3407 770 etiam

1817 794 2010 851 futuris
2027 797 2221 868 peritia
2237 799 2414 868 sagaci
2439 814 2748 869 occurrere,
2775 817 2976 874 eosque
3002 807 3287 874 przeceptis
3313 807 3404 863 vel

1817 888 2030 958 poculis
2059 891 2388 944 salutaribus
2427 894 2762 960 praevenire;
2797 895 2869 949 ita
2904 896 2954 950 hi
2982 912 3202 967 quoque
3233 899 3410 954 veris-

1817 980 1940 1036 simi
1969 982 2277 1038 animarum
2304 984 2520 1052 medici,
2538 994 2562 1024 ο
2585 1001 2897 1044 emersuras
2923 990 3264 1047 valetudines
3291 1008 3416 1048 cor-

1820 1072 1968 1128 dium
1996 1075 2230 1144 spiritali
2258 1076 2572 1143 collatione,
2603 1079 2751 1134 velut
2776 1083 3009 1151 quodam
3036 1085 3244 1140 cmlesti
3276 1086 3416 1140 auti-

1820 1164 1950 1220 d0to
1993 1180 2390 1236 prmnecantes,
2446 1171 2498 1224 in
2543 1171 2820 1240 juniorum
2869 1176 3145 1231 mentibus
3173 1193 3280 1232 non
3314 1193 3413 1247 pa-

1822 1259 2033 1314 tiuntur
2063 1259 2377 1316 adolescere
2397 1302 2411 1325 ,
2443 1264 2754 1332 aperientes
2784 1265 2863 1319 eis
2910 1275 2967 1320 et
3016 1282 3209 1323 causas
3238 1268 3414 1324 immi-

1823 1351 2065 1405 nentium
2102 1353 2450 1420 passionum,
2483 1365 2538 1410 et
2565 1355 2806 1411 remedia
2835 1360 3159 1417 sanitatum.

2398 1445 2626 1503 CAPUT
2677 1447 2845 1506 XVII.

1863 1534 2018 1601 Quod
2047 1537 2328 1591 monachus
2357 1539 2597 1594 mulieres
2621 1551 2670 1594 et
2695 1542 2961 1613 episcopos
2991 1543 3151 1598 vitare
3172 1544 3374 1599 debeat.

1895 1628 2233 1700 Quapropter
2261 1632 2376 1686 haec
2401 1643 2484 1688 est
2514 1633 2816 1703 antiquitus
2843 1635 3058 1690 Patrum
3089 1652 3414 1706 permanens

1828 1734 1971 1774 nunc
2003 1735 2173 1792 usque
2201 1725 2470 1777 sententia
2488 1764 2504 1790 ,
2537 1740 2698 1794 quam
2735 1726 2980 1794 proferre
3005 1728 3123 1783 sine
3145 1743 3264 1784 mea
3281 1744 3417 1784 con-

131 1827 355 1896 laqueos
383 1832 441 1877 et
469 1821 799 1890 multiplices
843 1829 865 1857 ο
904 1815 1182 1886 decipulas
1217 1813 1420 1868 inimici
1449 1813 1724 1866 cautiores
1755 1821 1799 1882 Β
1828 1814 2044 1870 fusione
2073 1831 2180 1872 non
2203 1829 2417 1887 potero,
2449 1817 2539 1888 qui
2571 1833 2673 1873 nec
2702 1833 3015 1888 germanam
3041 1822 3212 1877 vitare
3241 1823 3413 1891 potui,

132 1933 247 1973 esse
312 1916 604 1984 possimus.
652 1913 730 1968 Ita
785 1925 1017 1980 namque
1064 1906 1438 1963 indill‘erenter
1491 1904 1608 1959 haec
1649 1904 1720 1957 ab

132 2009 409 2081 Egyptiis
436 2006 688 2061 Patribus
721 2005 1068 2074 proferuntur
1109 2001 1162 2054 in
1195 1998 1428 2053 medium
1450 2037 1464 2062 ,
1513 2006 1569 2050 ut
1599 2009 1719 2050 om-

135 2108 285 2159 nium
318 2102 575 2156 vitiorum
621 2097 945 2162 certamina,
987 2093 1072 2148 vel
1125 2092 1212 2146 illa
1260 2105 1379 2161 quae
1423 2089 1720 2160 patiuntur,

133 2200 211 2253 vel
258 2198 352 2250 illa
385 2211 507 2264 qua:
552 2191 765 2261 passuri
814 2197 942 2245 sunt
979 2187 1226 2259 juniores
1250 2225 1264 2249 ,
1296 2185 1558 2238 relatione
1596 2195 1728 2247 sua,

136 2302 413 2360 tamquam
437 2287 526 2358 qui
552 2287 734 2340 adhuc
753 2301 814 2340 ea
835 2283 1160 2344 sustineant,
1191 2279 1332 2349 apud
1358 2293 1450 2333 eos
1473 2278 1733 2344 detegant

134 2393 301 2454 atque
354 2380 656 2444 denudent,
705 2392 813 2447 quo
862 2371 1259 2444 exponentibus
1317 2370 1396 2425 eis
1450 2368 1730 2423 illusiones

135 2479 378 2530 omnium
411 2473 756 2542 passionum,
789 2466 814 2506 ά
842 2467 1171 2538 quicumque
1203 2463 1576 2532 incipientium
1606 2471 1734 2517 sunt

134 2581 195 2621 ac
224 2563 594 2634 frequentium
635 2562 862 2632 spiritu,
897 2557 1347 2616 colluctationum
1389 2570 1610 2610 suarum
1646 2569 1734 2608 ar-

137 2673 270 2712 cana
305 2663 656 2726 cognoscant,
685 2661 741 2708 et
765 2667 828 2706 ea
855 2660 1125 2720 tamquam
1158 2649 1211 2703 in
1240 2647 1459 2717 speculo
1485 2654 1730 2700 contem-

139 2751 375 2820 plantes,
410 2756 465 2802 et
490 2759 686 2800 causas
715 2743 969 2798 vitiorum
999 2741 1196 2812 quibus
1229 2741 1528 2810 pulsantur,
1553 2747 1608 2793 et
1639 2753 1727 2793 re-

140 2846 321 2901 media
366 2843 717 2898 doceantur:
756 2841 1062 2896 futurorum
1109 2851 1324 2907 quoque
1373 2833 1730 2889 certaminum

1830 1922 1929 1962 nec
1957 1909 2201 1976 episc0pi
2245 1909 2480 1964 evadere
2536 1926 2762 1977 manus,
2812 1913 3139 1968 omnimodis
3174 1911 3194 1950 ί
3229 1929 3417 1968 mona-

1829 2003 1991 2057 chum
2021 2002 2205 2073 iugere
2231 2003 2430 2059 debere
2477 2005 2734 2060 mulieres
2761 2015 2813 2060 et
2843 2006 3146 2076 episcopos.
3205 2006 3405 2062 Neuter

1828 2096 1971 2150 enim
2023 2095 2150 2149 sinit
2205 2110 2373 2162 eum,
2439 2111 2596 2165 quem
2660 2097 2827 2152 semel
2883 2113 2996 2153 sua:
3050 2095 3409 2153 familiaritati

1831 2187 2168 2252 devinxerit,
2201 2188 2284 2242 vel
2313 2188 2479 2257 quieti
2507 2188 2722 2243 cellulae
2749 2189 2972 2244 ulterius
3003 2205 3222 2259 operam
3254 2189 3407 2255 dare,

1835 2279 1920 2332 vel
1965 2277 2159 2332 divinae
2191 2278 2412 2333 theoriaa
2453 2293 2551 2348 per
2604 2289 2911 2335 sanctarum
2943 2297 3122 2336 rerum
3161 2281 3414 2337 intuitum

1836 2372 2140 2441 purissimis
2181 2371 2352 2427 oculis
2381 2372 2672 2428 inhaerere.

2401 2463 2626 2519 CAPUT
2670 2463 2851 2520 XVIII.

2054 2556 2303 2611 Remedia
2346 2558 2593 2612 adversus
2641 2559 2938 2613 cenodoxite
2977 2560 3192 2616 malum.

1908 2647 2145 2718 Ideoque
2195 2648 2392 2702 athleta
2428 2646 2659 2714 Christi,
2691 2649 2779 2719 qui
2808 2664 2996 2704 verum
3021 2665 3084 2705 ac
3127 2653 3425 2722 spiritalem

1838 2753 2066 2810 agonem
2123 2741 2369 2811 legitime
2403 2751 2615 2796 certare
2642 2739 2957 2803 desiderat,
2989 2741 3129 2799 hanc
3155 2745 3430 2801 multifor-

1839 2847 1982 2886 mem
2017 2833 2332 2902 variamque
2363 2832 2592 2889 bestiam
2630 2833 2958 2890 omnimodis
2986 2849 3246 2905 superare
3277 2837 3433 2893 festi-

1213 2949 1468 3006 ALABDI
1507 2946 1744 3004 GAZIEI
1779 2946 2341 3005 COMMENTARIUS.

141 3073 437 3130 chumenis
464 3071 682 3124 Missam
713 3065 1022 3127 celebrare,
1045 3062 1148 3117 hoc
1179 3070 1288 3128 est,
1313 3059 1738 3130 catechumenos

1845 3061 2028 3130 fugere
2057 3060 2257 3116 debere
2293 3070 2566 3116 consortia
2613 3077 2900 3120 munerum
2919 3107 2936 3133 ,
2965 3066 3103 3122 adeo
3130 3077 3188 3123 ut
3213 3070 3279 3127 D.
3304 3071 3434 3126 Hie-

144 3129 347 3201 missos
368 3145 568 3205 facere,
601 3137 1004 3220 aut_dimittere
1025 3149 1148 3189 cum
1172 3133 1403 3220 solemni
1432 3131 1609 3198 aliqua
1640 3129 1735 3183 ad-
1765 3132 1812 3194 C
1845 3129 2452 3220 rnnymus-mn'nacl‘tum
2480 3148 2728 3220 neccum
2759 3129 2933 3192 matre
2951 3137 3168 3220 quidem
3193 3140 3440 3220 habitare

148 3216 479 3271 monitione.
508 3203 599 3265 aut
631 3209 1043 3271 exhortatione;
1081 3203 1221 3271 quod
1262 3203 1499 3257 officium
1546 3216 1736 3254 mona-

146 3290 285 3343 chus
320 3287 433 3348 ille,
463 3283 530 3337 de
569 3297 677 3350 quo
705 3279 792 3333 hic
823 3279 1022 3347 agitur,
1053 3274 1276 3345 juvenili
1305 3273 1490 3329 studio
1519 3272 1742 3326 alTecta-

152 3363 260 3420 bat,
292 3367 348 3409 et
371 3353 573 3407 imitari
603 3351 918 3406 conabatur.
953 3415 960 3419 _

223 3414 259 3465 ι’
285 3428 462 3493 Quam
489 3425 644 3485 olim,
677 3422 731 3476 id
773 3432 892 3483 est,
924 3415 1084 3496 quam
1123 3415 1330 3496 pridem
1356 3414 1604 3496 venerit,
1647 3429 1745 3496 seu

154 3486 420 3570 quanidiu
448 3496 660 3570 steterit
690 3502 820 3546 ante
840 3486 1044 3570 ostium
1063 3531 1079 3555 ,
1111 3497 1171 3541 et
1188 3503 1265 3570 _an
1283 3486 1548 3570 iniuriam
1571 3486 1741 3570 aeris,

156 3557 236 3622 ὅτι
277 3567 592 3622 molestiam
641 3561 1066 3636 exspectationis
1117 3560 1220 3612 sub
1264 3558 1368 3636 dio_
1407 3557 1742 3636 pertulisset.

159 3638 320 3696 Aliud
357 3637 570 3690 interim
613 3627 798 3707 animo
840 3633 1108 3707 agitabat,
1154 3627 1750 3707 remordente_scilicet

160 3708 494 3765 conscientia
524 3705 683 3760 anxia
709 3745 725 3769 ,
752 3719 822 3758 an
855 3698 1038 3757 senior
1065 3699 1327 3756 audiisset
1354 3715 1477 3754 eum
1498 3698 1745 3752 diaconi-

163 3791 396 3836 utilem.

230 3852 258 3890 δ
288 3849 760 3921 lmpugnationum
781 3887 794 3908 ,
829 3844 882 3898 id
910 3841 1431 3921 est,_tgnts_t_tionum.
1460 3838 1633 3921 Simili
1665 3855 1752 3921 ηδτ

168 3911 390 3978 tiocinio
408 3911 540 3974 usus
563 3917 760 3991 estilib.
787 3930 1002 3991 vncap.
1029 3913 1098 3968 I5
1125 3931 1136 3965 :
1164 3911 1313 3991 qtae,
1340 3912 1531 3991 inquit,
1557 3911 1752 3991 nemini

166 3995 444 4047 rideantur
470 3990 760 4058 superﬂua,
787 3986 867 4040 vel
895 3985 1129 4058 molesta.
1166 3982 1452 4058 Nisienim
1484 3982 1631 4047 prius
1657 3997 1752 4034 es-

167 4066 342 4136 posita
368 4054 563 4136 fuerint
595 4054 782 4136 genera
800 4131 809 4136 _
827 4056 1116 4116 vulnerum,
1143 4054 1754 4136 .et‘oriqinescavusque

171 4121 466 4188 morborum
497 4121 687 4200 fuerint
718 4131 1004 4197 indugalw,
1026 4143 1116 4200 nec
1137 4121 1360 4192 inﬁrmis
1386 4130 1569 4200 poterit
1600 4121 1756 4200 adhif

174 4208 276 4258 beri
323 4194 551 4275 congrua
599 4194 871 4275 medicina}
909 4199 1151 4275 ruratio,
1185 4211 1272 4275 nec
1311 4194 1498 4275 validis
1529 4194 1755 4275 conferri

175 4263 676 4344 perfrclwvcustodia
706 4270 982 4344 sanitatis._
1005 4267 1142 4321 Nam
1170 4268 1378 4344 etDIiwc,
1410 4274 1455 4317 et
1484 4264 1646 4344 multo
1672 4263 1756 4319 his

175 4335 326 4417 plura
353 4347 415 4396 ad
447 4343 842 4417 instructionem
861 4341 1133 4411 juniorum
1159 4335 1326 4417 solent
1367 4352 1398 4387 a
1426 4336 1713 4416 senioribus
1737 4375 1753 4402 ,

177 4408 259 4484 qui
284 4419 578 4468 innumeros
603 4408 923 4484 diversorum
947 4427 1094 4463 casus
1117 4425 1176 4460 ac
1193 4408 1371 4484 ruinas
1385 4408 1588 4484 experti
1610 4416 1754 4471 sunt,

177 4476 227 4540 in
252 4487 529 4541 collatione
559 4484 806 4556 proferri.
840 4482 984 4536 Idem
1027 4493 1214 4534 rursus
1254 4479 1488 4532 inculcat
1520 4476 1615 4529 lib.
1647 4490 1754 4542 stt,

179 4574 294 4612 cat).
327 4559 380 4612 4.

243 4577 553 4694 lcLI)‘e.cipula
585 4622 804 4694 proprie
826 4631 909 4676 est
935 4622 1353 4694 instrumentum
1377 4617 1644 4694 quoddam
1669 4616 1762 4672 de-

180 4689 446 4767 cipiendis
473 4708 525 4752 et
555 4689 840 4762 capiendis
862 4693 1052 4767 avibus
1080 4693 1165 4767 vel
1196 4691 1441 4767 muribus
1484 4689 1760 4767 idoneum.

181 4759 421 4824 sumitur
449 4759 931 4836 generaliterpro
968 4761 1167 4836 fraude
1194 4772 1253 4836 et
1286 4762 1418 4836 dolo
1448 4760 1514 4814 ad
1542 4759 1765 4828 capien-

183 4843 305 4894 dum
339 4831 592 4908 aliquem.
624 4834 1018 4908 Parapbrastes
1046 4835 1195 4902 ponit
1229 4831 1488 4908 fallacias.

249 4911 272 4948 ἀ
313 4902 598 4981 Dionysius
631 4925 644 4960 :
675 4905 923 4960 Juniores
971 4904 1324 4975 ferventesque
1369 4902 1556 4971 spiritu
1601 4915 1766 4970 agno-

183 4993 326 5053 stant
356 4991 577 5043 secreta,
608 4990 696 5053 etc
899 5045 911 5053 .
1203 5043 1241 5053 ,,
1283 5043 1296 5053 ,
1345 5052 1349 5053 γ
1417 5043 1447 5053 ..
1698 5041 1708 5053 .

256 5064 277 5089 ε
313 5052 370 5103 Id
397 5061 514 5115 est,
559 5051 782 5104 morbos
825 5045 1153 5100 animorum.
1203 5043 1768 5115 Valetudinemenim

189 5139 219 5190 [ρ
237 5122 380 5175 δςείηι
409 5113 631 5190 usurpat
659 5120 860 5190 Auctor
888 5133 982 5190 pro
1009 5115 1378 5190 invaletutline
1401 5128 1498 5168 seu
1524 5113 1769 5190 imbecil-

189 5183 354 5256 Ῑτιειρ,
378 5183 570 5261 quippe.
589 5205 712 5245 cum
731 5189 823 5261 illa
848 5183 1078 5261 etiamin
1101 5187 1295 5261 malam
1319 5196 1524 5261 partem
1539 5183 1769 5261 33059“?

191 5273 290 5329 tur,
323 5253 460 5317 teste
476 5253 653 5317 Gellio
680 5263 698 5329 (
721 5257 880 5314 Noct.
903 5258 1059 5312 Attio.
1092 5259 1184 5310 lib.
1211 5272 1282 5329 xt_t
1313 5273 1428 5324 cap.
1453 5256 1532 5324 9).
1561 5253 1771 5329 Tertul-

187 5326 362 5387 lianus
393 5335 487 5388 lib.
535 5334 603 5386 de
651 5326 928 5400 Baptismo
973 5344 1094 5400 cap.
1126 5330 1196 5382 5:
1236 5326 1533 5400 Piscinam,
1567 5326 1768 5400 inquit,

187 5405 414 5475 Angelus
455 5394 792 5475 interveniens
823 5394 1172 5475 commovebat
1193 5394 1384 5475 (loqu.
1410 5399 1498 5467 v);
1530 5396 1770 5475 observa-

187 5466 308 5528 bant
328 5516 346 5541 ,
378 5477 468 5546 qui
499 5473 846 5546 valetudinem
873 5466 1238 5540 querebantur,
1271 5470 1322 5523 id
1353 5466 1470 5539 est,
1499 5467 1592 5538 qui
1623 5466 1772 5521 inﬁr-

187 5549 373 5600 mitate
391 5545 578 5612 aliqua
612 5545 1018 5598 detinebantur.

257 5616 281 5658 ί
307 5610 595 5673 Neminem
629 5626 756 5684 puto
783 5613 900 5668 haec
919 5612 1087 5684 verba
1137 5611 1402 5684 lecturum
1433 5611 1636 5684 absque
1675 5610 1796 5684 a_Ii-,

183 5705 282 5758 qua
345 5682 748 5758 admiratione,
795 5694 888 5738 aut
943 5683 1298 5737 haesitatione.
1357 5682 1597 5758 Primum
1629 5682 1773 5758 enim

181 5753 446 5829 quorsum
484 5759 598 5812 ι]ωο
629 5757 696 5810 ad
727 5767 1047 5829 pratsentem
1083 5754 1409 5829 tractatum?
1465 5753 1577 5806 Etsi
1628 5753 1774 5812 enim

178 5826 555 5894 certissimum
611 5834 684 5887 sit
727 5826 1053 5894 monachos,
1095 5826 1144 5883 si
1185 5826 1490 5883 castitatem
1545 5832 1777 5899 ament,

1846 3206 2126 3278 permittat
2158 3201 2369 3273 (Epist.
2395 3207 2428 3258 4
2459 3218 2503 3257 et
2526 3204 2594 3278 I7
2617 3204 2634 3274 )
2655 3246 2670 3271 ,
2698 3216 2872 3278 tamen
2897 3201 3024 3278 quid
3055 3209 3156 3264 hoc
3183 3212 3250 3265 ad
3280 3229 3442 3269 ceno-

1844 3275 2060 3355 dosiam
2088 3315 2105 3339 ,
2127 3279 2237 3355 seu
2260 3291 2452 3355 vanam
2498 3276 2776 3355 gloriam]
2835 3275 3040 3335 Deinde
3069 3297 3188 3355 quae
3216 3298 3436 3355 compa-

1845 3347 1986 3400 ratio
2029 3355 2124 3398 aut
2151 3344 2389 3422 affinitas
2443 3349 2581 3422 inter
2627 3347 2886 3422 mulieres
2916 3363 2967 3404 et
3001 3344 3319 3422 episcopos,
3346 3344 3436 3411 ἰιι

1844 3416 2428 3496 utrosqueparimodo
2461 3419 2643 3496 fugere
2671 3417 2869 3496 debeat
2899 3416 3242 3496 monachus?
3270 3424 3437 3496 (Vide

1847 3487 2027 3540 collat.
2061 3489 2128 3541 I9
2157 3503 2204 3538 ε.
2237 3485 2331 3550 I6,
2361 3503 2477 3540 cum
2506 3487 2703 3557 notis.)
2735 3487 2959 3543 Videtur
2989 3493 3118 3546 mihi
3152 3485 3300 3550 certe
3329 3497 3445 3552 haec

1847 3559 2112 3634 sententia
2145 3572 2172 3634 a
2207 3557 2302 3612 SS.
2336 3558 2442 3610 illis
2466 3557 2714 3634 Pat‘ribus
2745 3569 2812 3612 ex
2843 3564 3130 3634 occasione
3160 3577 3214 3618 et
3243 3569 3443 3634 hyper-

1851 3627 2024 3682 bolice
2057 3629 2292 3700 prolata;
2323 3644 2444 3682 cum
2485 3631 2627 3700 enim
2657 3633 2892 3700 episcopi
2933 3633 3165 3688 subinde
3195 3635 3266 3689 ob
3282 3627 3446 3692 'd'efe-

1849 3708 1996 3754 ctum
2021 3699 2343 3753 clericorum
2367 3698 2664 3753 monachos
2685 3715 2714 3752 e
2739 3698 2990 3756 claustris
3015 3713 3069 3757 et
3094 3706 3311 3760 cellulis
3331 3710 3448 3763 suis

1850 3779 2178 3829 evocarent,
2211 3778 2267 3823 et
2297 3785 2367 3824 ex
2396 3769 2474 3824 eis
2506 3775 2590 3824 vel
2617 3771 2938 3839 episcopos,
2968 3773 3051 3827 vel
3080 3776 3216 3829 alios
3253 3778 3445 3833 Eccle-

1851 3842 2056 3896 siarum
2084 3839 2366 3914 praefectus
2396 3840 2742 3914 instituerent
2761 3884 2776 3914 ,
2805 3853 2862 3896 ut
2891 3846 3142 3914 superius
3169 3858 3446 3904 ostensum

1853 3924 1970 3977 est;
2003 3911 2312 3978 complures
2345 3913 2592 3967 monachi
2630 3911 3084 3970 autbitionis'aut
3131 3918 3448 3976 cennd-ixite

1853 3984 2085 4039 Stimulis
2115 3984 2318 4060 incitati
2359 3984 2525 4038 cellas
2552 4000 2676 4038 suas
2697 3983 2977 4060 deserere,
3005 3988 3170 4041 urbes
3196 3991 3449 4060 frequen-

1856 4063 2004 4118 tare,
2040 4055 2351 4129 popularem
2384 4067 2604 4129 auram
2639 4057 2862 4129 venari,
2915 4072 3080 4126 seque
3133 4061 3185 4114 in
3239 4055 3452 4129 episco-

1857 4140 2044 4206 porum
2078 4125 2305 4206 gratiam
2333 4171 2360 4206 ,_
2382 4125 2854 4206 benevolentiam,
2892 4143 2956 4182 ac
2996 4125 3449 4206 consuetudinem

1858 4197 2138 4250 insinuare
2176 4198 2506 4264 gestiebant.
2541 4200 2991 4264 nitebanturque;
3027 4213 3080 4254 ut
3113 4204 3178 4254 ad
3229 4204 3454 4260 clerica-

1863 4278 1970 4340 tum
2001 4275 2056 4320 et
2091 4271 2292 4336 gradus
2337 4266 2736 4323 ecclesiasticos
2774 4269 2936 4323 citius
2969 4286 3451 4340 promoverentur.

1859 4338 2030 4403 Quam
2079 4340 2398 4415 pravitatem
2451 4340 2696 4415 seniores
2728 4351 2779 4394 et
2809 4338 3110 4415 sanctiores
3151 4343 3404 4402 detestati
3436 4389 3453 4415 ,

1863 4409 2360 4488 sententiatnillam
2405 4424 2512 4463 non
2538 4411 2677 4488 _sine
2732 4413 3146 4488 exaggeratione
3176 4429 3226 4469 et
3258 4409 3455 4488 hyper;

1865 4479 1989 4551 bule
2021 4479 2401 4551 protulerunt,
2455 4490 2508 4534 et
2538 4483 2590 4534 in
2620 4479 2966 4551 proverbium
2997 4494 3274 4540 verterunt
3296 4479 3314 4550 ζ
3335 4479 3456 4542 ino-

1867 4549 2056 4624 nachis
2081 4589 2096 4613 ,
2125 4550 2169 4603 si
2205 4565 2335 4624 vere
2366 4549 2634 4624 n20nacbi
2661 4567 2783 4624 esse
2813 4551 3013 4617 velint,
3072 4559 3452 4624 episcoporum

1866 4619 2091 4696 perinde
2119 4635 2182 4674 ac
2211 4621 2495 4696 mulierum
2529 4623 2797 4696 vitandam
2817 4638 2947 4696 esse
2977 4619 3452 4696 consuetudinem,

1865 4693 2005 4758 quod
2038 4692 2106 4742 ab
2137 4691 2384 4759 utrisque
2412 4694 2659 4746 monachi
2693 4711 2718 4744 a
2745 4695 2858 4746 suis
2889 4695 3104 4751 cellulis
3124 4707 3180 4752 et
3209 4714 3238 4752 a
3271 4691 3455 4754 studio

1865 4761 2338 4839 contemplationis
2414 4761 2908 4839 abstraherentur;
2979 4777 3035 4820 et
3088 4769 3156 4822 ab
3214 4773 3458 4839 utrisque

1866 4833 2007 4887 idem
2061 4831 2389 4892 discrimen.
2432 4833 2621 4887 eadem
2678 4837 3009 4897 praeberetur
3064 4841 3279 4894 occasio
3329 4831 3458 4893 eva-

1867 4903 2026 4978 gandi
2049 4903 2200 4978 {sed
2233 4919 2261 4956 a
2291 4904 2608 4957 mulieribus
2639 4905 2703 4959 ad
2737 4906 3012 4978 libidinem
3037 4949 3050 4971 ,
3090 4912 3158 4960 ab
3184 4912 3457 4978 episcopis

1867 4975 1934 5029 ad
1984 4973 2332 5049 ambitionem
2389 4984 2442 5028 et
2501 4976 2900 5049 cenodoxiam;
2942 4979 3086 5047 quod
3147 4973 3234 5049 hic
3290 4973 3452 5034 etiam

1868 5053 2058 5098 auctor
2091 5045 2230 5098 haud
2276 5045 2507 5100 obscure
2539 5046 2814 5110 insinuat,
2850 5045 2973 5102 dum
3005 5045 3221 5103 subdit:
3275 5063 3458 5104 neuter

1867 5117 2006 5170 enim
2033 5115 2153 5169 sinit
2179 5132 2317 5180 eum,
2347 5129 2450 5169 etc.
2492 5117 2650 5172 Tales
2696 5120 2857 5172 etiam
2908 5129 3124 5174 uotas~e
3155 5120 3365 5173 videtur
3392 5121 3455 5174 D.

1872 5187 2233 5261 Hieronymus
2282 5188 2334 5240 in
2383 5188 2601 5261 epistol.
2652 5190 2716 5244 ad
2771 5189 3050 5244 Paulinum
3095 5189 3456 5261 (Epist.l5),

1873 5259 1962 5312 ubi
1988 5256 2310 5311 monachum
2353 5259 2650 5328 quemlibet
2683 5261 2784 5314 sub
2827 5263 2984 5314 unitts
3037 5256 3458 5325 compellatione

1871 5329 2201 5396 alloquens:
2263 5328 2323 5383 Si
2377 5331 2569 5399 cupis,
2624 5332 2825 5399 inquit,
2880 5347 2989 5385 esse
3042 5333 3180 5399 quod
3227 5332 3455 5397 diceris,

1870 5399 2154 5474 monachus
2177 5444 2190 5468 ,
2239 5399 2296 5453 id
2339 5410 2434 5467 est,
2463 5401 2636 5474 solus;
2657 5403 2786 5474 quid
2818 5402 2948 5474 facis
2994 5401 3048 5455 in
3081 5404 3312 5474 urbibus,
3344 5418 3461 5474 qua:

1872 5473 2048 5541 utique
2085 5488 2189 5525 non
2233 5481 2354 5524 sunt
2392 5472 2621 5525 solorum
2645 5472 2972 5540 habitacula,
3005 5472 3094 5526 sed
3125 5472 3410 5527 multorum
3433 5473 3461 5528 .’

1874 5554 1929 5599 et
1955 5543 2080 5598 alibi
2107 5541 2305 5614 (Epist.
2336 5543 2361 5596 1
2396 5543 2465 5596 ad
2493 5543 2790 5611 Ileliodor.)
2817 5562 2828 5596 :
2859 5543 3209 5614 Interpretare
3237 5547 3460 5599 vocabu-

1875 5615 1984 5688 Iunt
2017 5616 2283 5688 monachi,
2334 5615 2432 5667 hoc
2458 5625 2553 5688 est,
2593 5630 2776 5669 nomen
2810 5625 2970 5688 tuum
2994 5632 3036 5688 ;Δ
3077 5617 3204 5682 quid
3252 5618 3380 5688 facis
3407 5617 3464 5672 in

1877 5685 2026 5738 turba
2048 5726 2063 5750 ,
2095 5688 2184 5757 qui
2206 5687 2346 5739 solus
2375 5702 2428 5757 es
2451 5685 2558 5757 {id
2589 5695 2700 5750 est,
2731 5687 2819 5754 qui
2858 5685 3076 5756 proprio
3103 5685 3364 5744 vocabqu
3404 5693 3467 5751 et

1876 5756 2280 5813 nomenclatura
2306 5756 2652 5812 solitudinem
2684 5758 2971 5826 profiteris.

2354 5919 2391 5932 μ’.

2233 5967 2236 5970 ’
2267 5980 2328 5994 ,ἡ
2357 5975 2382 5985 ,τι

3441 843 3463 871 “.

3439 894 3466 945 'x

3442 948 3469 998 ἃ
