3966 6326
506 321 610 380 423

1827 314 2112 377 JOANNIS
2148 314 2461 376 CASSIANI

3646 325 3738 382 lib

502 443 613 510 jam
669 438 875 510 positos
932 441 987 492 in
1042 435 1512 492 consummatione
1574 434 1832 489 virtutum
1906 447 2092 487 morsu
2119 436 2173 496 Α
2198 433 2444 487 homines
2475 431 2691 500 proprie
2718 431 2970 500 pertinet.
3000 431 3164 501 Cujus
3201 433 3458 502 originem
3493 449 3552 489 ac
3582 451 3738 494 reme-

508 532 709 588 diriore
739 531 1057 602 depascens.

1139 620 1364 677 CAPUT
1415 620 1482 676 ιι.

836 714 987 784 Quod
1015 713 1263 782 superbia:
1297 715 1398 766 duo
1437 713 1542 765 sint
1569 726 1773 782 genera.

587 820 613 849 ι
638 809 803 879 Cujus
851 807 959 862 duo
997 815 1120 860 sunt
1160 820 1357 876 genera
1395 823 1407 859 :
1459 820 1622 857 unutn
1669 803 1770 857 hoc
1805 817 1912 872 quo
1953 802 2061 857 dixi

513 919 633 960 mus
694 900 969 971 spiritales
1034 899 1184 953 viros
1239 911 1588 966 summosque
1645 895 1884 965 pulsari,
1946 893 2092 949 aliud

510 995 654 1066 quod
705 997 868 1048 etiam
917 993 1241 1062 incipientes
1287 991 1640 1058 carnalesque
1697 987 2092 1056 complectitur.

515 1087 585 1141 Et
633 1087 762 1141 licet
805 1094 1091 1154 utrumque
1135 1082 1406 1152 superbia:
1436 1095 1608 1152 genus
1655 1090 1760 1133 tam
1802 1080 1856 1134 in
1905 1080 2093 1146 Deum,

513 1195 671 1249 quam
723 1181 774 1232 in
821 1179 1066 1232 homines
1110 1178 1273 1231 noxia
1321 1175 1474 1228 inﬂet
1503 1174 1702 1238 elatio;
1739 1183 1917 1226 tamen
1961 1173 2097 1226 illud

515 1272 742 1340 primum
772 1268 1083 1340 specialiter
1112 1266 1343 1322 refertur
1372 1265 1438 1319 ad
1477 1263 1671 1333 Deum,
1705 1264 2001 1318 secundum
2030 1262 2096 1317 ad

2201 523 2287 579 dia
2317 523 2370 577 in
2411 523 2800 592 posterioribus
2827 523 2995 577 libelli
3025 523 3182 592 bujus
3205 524 3356 594 (Cap.
3385 525 3496 595 24),
3527 526 3740 586 donante

2198 614 2334 678 Deo,
2368 613 2422 667 in
2465 623 2726 684 quantum
2759 628 3044 682 possumus
3083 628 3456 683 exsequemur.
3498 615 3640 672 Nunc
3681 619 3739 675 de

2175 705 2292 761 illo
2322 705 2525 776 priore,
2567 720 2676 775 quo
2721 704 2928 774 praelati
2958 718 3146 760 sumus
3191 705 3453 782 perfectos
3499 709 3742 780 pracipue

2203 801 2420 868 tentari,
2453 801 2790 871 propositum
2824 799 2978 854 nobis
3007 809 3090 853 est
3118 815 3283 869 pauca
3314 800 3593 856 disserere.

2799 889 3025 946 CAPUT
3059 891 3144 946 lll.

2325 985 2477 1050 Quod
2501 985 2740 1056 superbia
2771 999 2944 1037 omnes
2967 984 3156 1051 pariter
3187 986 3393 1040 virtutes
3431 989 3640 1058 auferat.

2274 1076 2486 1132 Nullum
2540 1088 2623 1131 est
2681 1075 2842 1145 igitur
2889 1075 3076 1129 vitium
3121 1076 3264 1130 aliud
3313 1077 3453 1146 quod
3483 1079 3550 1132 ita
3581 1094 3745 1135 omnes

2205 1167 2436 1222 virtutes
2465 1165 2784 1231 exhauriat,
2833 1174 3134 1236 cunctaque
3177 1167 3388 1237 justitia
3414 1179 3466 1223 et
3494 1171 3749 1225 sanctitate

2205 1260 2479 1314 hominem
2511 1260 2705 1327 Spoliet
2729 1273 2796 1312 ac
2822 1258 3083 1325 denudet,
3115 1269 3172 1314 ut
3195 1257 3222 1296 ι)
3254 1259 3522 1328 superbiae
3544 1261 3745 1316 malum:

1600 1377 1854 1432 ALARDI
1893 1375 2128 1434 GAZ/El
2163 1372 2720 1429 COMMENTARIUS.

520 1528 671 1576 radix
714 1524 900 1590 prtebet
931 1516 1454 1590 alimentumarbori,
1487 1515 1560 1568 ait
1685 1513 1922 1590 Thomas
1950 1512 2100 1590 (1-2,

521 1613 573 1662 q.
610 1584 782 1659 h4,'a.
818 1591 839 1643 l
876 1600 922 1662 et
946 1588 1027 1658 2).
1067 1587 1509 1662 Considerandum
1556 1587 1709 1651 enim,
1742 1585 1944 1662 inquit,
1965 1584 2101 1662 quod

524 1655 577 1720 in
606 1655 800 1717 actibus
829 1655 1150 1720 voluntariis,
1180 1657 1468 1728 cujusmodi
1499 1665 1617 1709 suttt
1644 1663 1881 1728 peccata,
1911 1655 2106 1728 duplex

524 1736 649 1789 ordo
677 1734 948 1794 invenitur,
991 1730 1187 1783 scilicet
1225 1722 1523 1780 intentionis
1551 1736 1596 1778 et
1626 1722 1992 1779 exsecutionis.
2043 1722 2106 1776 Et

526 1808 578 1859 in
611 1805 780 1870 priore
808 1803 1010 1870 quidem
1044 1799 1222 1851 ordine
1261 1797 1394 1870 illud
1437 1797 1630 1870 dicitur
1673 1798 1923 1870 primum,
1969 1794 2108 1864 quod

526 1865 674 1929 habet
724 1865 972 1925 rationem
1003 1870 1146 1938 ﬁnis,
1195 1886 1280 1920 seu
1312 1869 1483 1935 ﬁnalis
1526 1865 1711 1919 causae.
1753 1865 1897 1918 Finis
1940 1876 2108 1938 autem

2213 1510 2470 1580 cupiditas
2500 1510 2713 1574 reddat,
2743 1512 2946 1580 quando
2975 1523 3184 1581 possunt
3227 1513 3336 1581 sine
3379 1515 3606 1580 superbia
3646 1517 3754 1570 tales

2211 1581 2606 1654 ﬁeri,isine_qua
2636 1583 2843 1654 omnino
2873 1580 2980 1634 non
3019 1592 3229 1650 possunt
3261 1580 3356 1636 Dei
3384 1595 3627 1654 prccepta
3652 1604 3756 1640 con-

2211 1653 2386 1726 temni,
2417 1652 2598 1726 quibus
2631 1652 2963 1726 prohibentur
3006 1653 3176 1726 omnia
3205 1654 3299 1706 illa
3329 1655 3467 1707 mala
3493 1652 3600 1724 qua:
3625 1673 3756 1726 supe-

2209 1723 2318 1774 rius
2342 1723 2740 1788 comprehendi?
2763 1720 2993 1791 Ideoque
3010 1724 3055 1775 si
3074 1724 3303 1775 uolumus
3324 1720 3662 1780 consummare
3680 1720 3757 1780 no-

2213 1794 2303 1844 stri
2328 1792 2621 1844 certaminis
2642 1809 2867 1856 cursum,
2896 1802 3161 1846 careamus
3184 1795 3234 1846 in
3257 1797 3434 1863 primis
3459 1798 3758 1863 cupiditatem

2213 1873 2364 1928 atque
2407 1863 2718 1932 superbiam,
2764 1880 2866 1916 non
2904 1865 3009 1915 duo
3054 1865 3212 1931 mala,
3261 1867 3349 1935 sed
3396 1882 3572 1932 unum,
3602 1884 3631 1919 a
3672 1885 3758 1935 quo

527 1947 580 1998 in
605 1944 837 1998 omnibus
861 1933 1013 1994 bonis'
1029 1933 1393 2008 temporalibus
1419 1937 1767 2004 acquirendis,
1789 1945 1860 1988 est
1883 1945 1935 1988 ut
1957 1934 2109 2008 homo
2139 1941 2187 2000 Β
2214 1936 2423 1986 trahunt
2457 1948 2625 1985 omnes
2658 1935 2780 2008 mali
2821 1943 2969 2008 actus
2995 1935 3211 2008 initium.
3250 1933 3299 1986 Ν
3305 1951 3391 1987 om
3417 1937 3525 1989 sine
3549 1933 3759 2005 superbia

526 2033 615 2085 per
644 2017 734 2067 illa
761 2012 1036 2085 quamdam
1060 2005 1417 2085 perfectionem
1445 2007 1755 2085 singularem
1773 2015 1830 2085 et
1855 2005 2109 2059 excellen-

530 2078 654 2140 tiam
679 2078 966 2136 habeat:et
998 2078 1110 2133 ideo
1145 2096 1205 2134 ex
1251 2078 1350 2130 hac
1389 2089 1530 2147 parte
1577 2079 1836 2148 superbia,
1884 2092 1996 2144 qua:
2039 2087 2110 2130 est

529 2157 790 2224 appetitus
818 2151 1150 2205 excellentiae.
1185 2151 1391 2224 ponitur
1419 2150 1622 2224 initium
1668 2150 1836 2224 omnis
1884 2149 2110 2224 peccati,-

531 2216 620 2279 sed
641 2242 704 2278 ex
726 2232 868 2290 parte
893 2216 1224 2276 exsecutionis
1251 2221 1468 2284 primum
1486 2220 1674 2270 dicitur
1688 2219 1743 2290 id
1767 2216 1899 2286 quod
1923 2216 2110 2286 pra'bet

535 2289 969 2365 opportunitatem
1014 2290 1534 2365 adimplendiomnia
1589 2289 1843 2365 desideria
1895 2291 2106 2365 peccati,

530 2357 668 2436 quod
700 2364 845 2417 habet
873 2364 1118 2436 rationem
1148 2357 1360 2436 radicis,
1410 2358 1854 2436 scilicet__dtvitite,
1901 2367 1946 2409 et
1995 2357 2111 2436 ideo

533 2427 594 2490 ex
615 2436 711 2488 hac
739 2445 884 2501 parte
925 2433 1141 2485 avaritia
1173 2430 1361 2482 dicitur
1391 2446 1496 2501 esse
1523 2430 1674 2501 radix
1700 2427 2114 2501 om_nium_malo-

533 2522 668 2560 rum.
699 2499 772 2558 Ita
805 2505 862 2556 D.
897 2503 1133 2556 Thomas
1157 2501 1296 2624 sub.
1332 2516 1367 2554 ιι
1402 2500 1548 2555 Sent.
1584 2500 1709 2551 dist.
1758 2499 1870 2566 bl).
1922 2499 2112 2553 Petrus

533 2593 658 2624 vero
689 2574 1024 2624 Lombirdus
1057 2587 1156 2624 nau
1183 2587 1215 2624 ο
1260 2572 1416 2624 aliter
1447 2571 1584 2624 hunc
1621 2567 1836 2622 modum
1870 2569 2110 2624 resolvit.

531 2593 658 2632 vero
689 2574 1024 2630 Lombirdus
1057 2567 1215 2640 paulo
1260 2572 1416 2625 aliter
1447 2571 1584 2624 hunc
1621 2567 1836 2622 modum
1870 2569 2110 2633 resolvit,

531 2662 640 2717 quo
662 2662 821 2700 sensu
843 2652 1130 2717 utrumque
1155 2642 1538 2717 radix-dicatur
1562 2641 1798 2693 omnium
1825 2640 2110 2717 malorum,

533 2709 743 2772 scilicet
775 2715 1024 2784 superbia
1047 2709 1105 2766 ἐι
1148 2712 1433 2780 cupiditas.
1481 2709 1785 2779 Utrumque,
1834 2711 1929 2784 ait,
1977 2719 2114 2784 recte

533 2789 726 2842 dictum
747 2781 856 2840 esse
879 2784 1201 2854 intelligitur,
1223 2783 1267 2834 si
1298 2798 1482 2850 genera
1526 2793 1847 2854 peccatorum
1877 2781 2112 2854 singulo:

533 2875 670 2920 runt,
714 2874 813 2910 non
856 2851 1330 2926 singulargenerum
1373 2862 1585 2920 utraque.
1631 2852 1882 2926 locutione
1921 2851 2116 2926 includi

535 2927 906 2997 intelligantur.
941 2922 1180 2977 'Nullum
1220 2924 1408 2991 quippe
1437 2940 1594 2997 genus
1640 2922 1833 2997 percuti
1859 2930 1939 2997 est
1977 2923 2115 2997 quod

536 2992 789 3051 interdum
816 3012 878 3049 ea:
894 2997 1133 3063 superbia
1155 3011 1257 3047 non
1279 2992 1562 3065 proueniat,
1583 2993 1781 3044 nullum
1805 2992 1955 3044 etiant
1976 2993 2114 3062 quod

536 3085 598 3124 ex
621 3068 905 3132 cupiditate
932 3067 1212 3135 aliquando
1237 3063 1335 3116 nan
1370 3063 1664 3135 descendat.
1688 3065 1817 3135 Sunt
1837 3065 1968 3135 ερὶηι
1997 3081 2117 3116 non-

537 3141 668 3192 nulli
689 3131 956 3189 hominum
976 3131 1062 3203 qui
1083 3152 1146 3189 ex
1162 3135 1442 3201 cupiditate
1458 3133 1585 3202 ﬁunt
1601 3133 1824 3200 superbi.
1843 3131 1934 3184 Est
1957 3135 2112 3199 enim,

540 3219 593 3262 ut
619 3211 688 3262 ait
713 3208 1055 3278 Augustinus,
1081 3207 1230 3258 homo
1249 3207 1334 3273 qui
1358 3221 1463 3278 non
1482 3213 1614 3278 esset
1638 3214 1839 3278 amator
1865 3207 2110 3278 pecunite,

539 3281 637 3333 nisi
669 3295 756 3348 per
789 3275 882 3330 hoc
913 3286 1117 3346 putaret
1146 3293 1200 3329 se
1226 3275 1635 3348 excellentiorem
1659 3290 1798 3336 esse;
1825 3275 2039 3348 ideoque
2060 3286 2114 3348 ut

539 3344 775 3410 excellat,
809 3344 1013 3400 diri'tias
1039 3348 1178 3412 cupit
1206 3362 1222 3398 :
1251 3347 1338 3397 tali
1371 3344 1566 3397 homini
1589 3361 1652 3397 ex
1682 3345 1918 3412 superbia
1947 3347 2115 3398 obori-

541 3432 623 3473 tur
654 3420 929 3489 cupiditas.
965 3415 1028 3469 Et
1069 3426 1138 3469 est
1168 3416 1354 3489 aliquis
1385 3417 1595 3489 quinon
1621 3425 1817 3489 amaret
1845 3418 2110 3489 excellere,

541 3491 638 3543 nisi
672 3486 873 3554 putaret
906 3505 993 3554 per
1021 3489 1115 3539 hoc
1144 3487 1361 3557 majores
1391 3487 1592 3539 diuitias
1619 3486 1833 3549 habere;
1859 3487 1972 3539 ideo
1997 3504 2115 3556 ergo

537 3559 785 3616 excellere
811 3559 1031 3616 laborat.
1055 3559 1174 3626 quia
1205 3558 1406 3609 diuitias
1429 3557 1610 3610 habere
1632 3566 1804 3610 amat:
1828 3559 1946 3610 huic
1966 3559 2114 3611 inna-

541 3633 702 3684 scitur
724 3629 981 3700 superbia,
1006 3629 1059 3681 id
1089 3641 1180 3685 est.
1214 3642 1356 3700 amor
1381 3628 1694 3700 excellentia:
1722 3644 1783 3681 ea:
1811 3629 2112 3698 cupiditate.

543 3700 695 3754 Patet
724 3697 842 3770 ergo
864 3702 1004 3766 quod
1027 3715 1087 3750 ex
1114 3699 1354 3770 superbia
1377 3697 1654 3767 aliquando
1677 3697 1954 3765 cupiditas,
1985 3709 2032 3751 et
2055 3715 2119 3753 ex

541 3769 824 3840 cupiditate
853 3770 1132 3839 aliquando
1163 3769 1400 3832 superbia
1429 3769 1616 3831 oritur;
1644 3779 1689 3821 et
1733 3770 1845 3822 ideo
1881 3770 1942 3821 de
1974 3780 2116 3821 utra-

539 3859 633 3908 que
663 3853 798 3894 recte
826 3841 1038 3896 dicitur.
1072 3841 1210 3909 quod
1237 3840 1298 3891 sit
1323 3841 1474 3891 radii:
1510 3842 1674 3892 omnis
1703 3841 1842 3893 mali.
1877 3840 1998 3892 Ilaec
2027 3841 2117 3894 ille

539 3913 640 3976 (De
670 3911 852 3965 Genes.
884 3917 950 3963 ad
979 3913 1198 3963 litteram
1227 3909 1314 3962 lib.
1356 3924 1390 3962 ιι
1419 3925 1466 3960 c.
1499 3909 1608 3978 i3).
1640 3910 1761 3962 Alio
1803 3911 1928 3962 item
1959 3911 2118 3964 modo

544 3984 601 4034 Ι).
639 3981 876 4048 ProSper
903 3991 1180 4048 utramque
1211 3981 1557 4039 sententiam,
1595 3979 1960 4033 Ecclesiastici
1988 3978 2118 4042 (Ec-

544 4051 666 4104 cles.
699 4053 753 4119 x)
783 4051 993 4103 scilicet
1023 4062 1075 4103 et
1115 4049 1354 4118 Apostoli
1383 4050 1426 4114 (Ι
1460 4048 1682 4101 Timoth.
1711 4048 1812 4118 vi),
1841 4051 2114 4117 conciliat,

543 4133 832 4189 utrumque
863 4122 1072 4184 vitium,
1093 4122 1398 4187 superbiam
1428 4120 1547 4172 dico
1569 4119 2008 4187 etcnptditatem,
2045 4123 2116 4174 ita

546 4193 688 4246 inter
709 4206 766 4245 se
787 4206 1107 4253 comparans
1131 4209 1147 4247 ;
1170 4190 1293 4244 Cum
1325 4189 1554 4254 Spiritus
1578 4199 1782 4242 sanctus
1807 4192 1894 4258 qui
1920 4189 2118 4243 locutus

545 4270 616 4314 cst
646 4278 734 4330 per
771 4261 1087 4332 prophetam,
1122 4277 1208 4327 per
1238 4258 1541 4332 Apostolum
1561 4277 1758 4332 quoque
1796 4261 1992 4313 locutus
2028 4261 2116 4332 sit,

544 4349 632 4384 nec
648 4329 747 4386 sibi
771 4329 935 4398 possit
960 4348 1064 4385 esse
1092 4332 1348 4393 diversus,
1374 4329 1594 4382 sollicite
1620 4331 1942 4384 considerare
1971 4331 2121 4386 debe-

545 4420 656 4455 mus
681 4420 840 4472 quare
864 4403 952 4454 ille
978 4403 1178 4454 initium
1219 4402 1413 4466 peccati
1441 4401 1754 4472 superbiam,
1780 4400 1864 4451 hic
1895 4403 2119 4454 radicem

545 4471 770 4525 omnium
808 4475 1059 4524 malorum
1103 4472 1433 4537 cupiditatem
1477 4471 1728 4522 nominari
1771 4473 2006 4526 uoluerit.
2039 4473 2116 4526 An

548 4544 680 4612 forte
736 4558 1017 4596 sermonem
1075 4543 1425 4611 propheticum
1477 4541 1674 4594 Paulus
1723 4544 2016 4608 apostolus,
2064 4554 2120 4597 ut

546 4616 691 4668 solet.
717 4613 990 4681 exposuit?
1015 4613 1428 4682 quandoquidem
1455 4618 1556 4664 sive
1584 4613 1786 4665 initium
1812 4614 1974 4666 omnis
1999 4629 2118 4680 pec-

2141 3315 2185 3376 C

2249 2019 2325 2056 ure
2374 2013 2590 2068 possunt
2641 2004 2819 2056 saltem
2865 2004 3097 2056 inchoari
3138 2014 3362 2071 peccata,
3396 2022 3508 2059 cum
3543 2004 3760 2062 dieatur:

2249 2019 2325 2056 ute
2374 2019 2590 2068 possunt
2641 2019 2819 2056 sortem
2865 2019 3096 2056 inchoari
3138 2019 3362 2071 peccata,
3396 2022 3508 2059 cum
3543 2019 3758 2062 dicatur:

2213 2019 2431 2126 initium
2461 2074 2628 2126 ontnis
2677 2075 2868 2141 peccati
2908 2075 3189 2145 superbia?
3213 2078 3312 2128 Aut
3348 2078 3456 2130 sine
3486 2079 3758 2143 cupiditate,

2212 2159 2325 2217 qua;
2351 2153 2422 2196 est
2472 2145 2726 2217 malorum
2773 2145 2998 2217 omnium
3047 2146 3218 2209 radix,
3263 2162 3379 2214 qua:
3424 2158 3624 2217 possunt
3667 2149 3760 2215 ﬁeri

2214 2213 2374 2279 mala,
2415 2231 2529 2266 cum
2561 2216 2667 2286 sine
2705 2215 2880 2267 radice
2931 2217 3100 2268 omnia
3147 2227 3234 2269 aut
3277 2213 3433 2270 nulla
3457 2213 3758 2286 deputentur,

2215 2295 2304 2336 aut
2337 2285 2576 2337 mortua?
2603 2284 2800 2338 Deinde
2821 2287 2864 2338 si
2892 2287 3149 2353 quodlibet
3189 2298 3450 2357 peccatum
3497 2284 3762 2356 perpetrare

2213 2371 2314 2407 non
2344 2370 2572 2421 possum,
2607 2357 2704 2408 nisi
2744 2357 2894 2409 mala:
2937 2358 3258 2411 delectationi
3289 2361 3614 2426 consentiam,
3643 2359 3762 2425 quod

2215 2425 2516 2492 cupiditatis
2542 2437 2615 2478 est
2647 2430 2934 2495 praprium,
2968 2436 3015 2479 et
3040 2426 3134 2480 Dei
3165 2438 3420 2495 pra'cepta
3449 2438 3759 2494 contemnam,

2215 2495 2351 2564 quod
2377 2506 2449 2548 est
2479 2497 2727 2570 superbire
2745 2501 2968 2570 malum,
2991 2501 3239 2570 quomodo
3265 2515 3371 2552 non
3401 2516 3464 2552 ea:
3490 2502 3762 2570 cupiditate,

2215 2581 2327 2638 qua:
2351 2576 2424 2618 est
2453 2568 2603 2638 radix
2649 2569 2900 2620 malorum
2930 2569 3177 2634 omnium,
3207 2582 3252 2622 et
3296 2585 3360 2622 ea:
3390 2568 3639 2638 superbia,
3668 2585 3766 2638 qua:

2216 2636 2425 2709 initium
2447 2637 2610 2688 omnis
2633 2639 2825 2709 peccati
2842 2638 3048 2709 dicitur.
3071 2641 3298 2709 procedit
3321 2636 3472 2692 omne
3493 2636 3765 2706 peccatum?

2219 2705 2506 2772 llucusque
2542 2709 2602 2760 υ.
2634 2705 2872 2775 Prosper
2914 2707 3053 2776 (Lib.
3071 2705 3121 2762 ἰι
3162 2711 3226 2762 de
3279 2709 3400 2763 Vita
3449 2711 3762 2778 Contemplat.

2217 2792 2260 2829 c.
2293 2778 2360 2845 4)
2385 2779 2694 2846 superbiam
2724 2791 2776 2832 et
2805 2780 3153 2844 cupiditatem
3186 2781 3332 2850 largo
3365 2781 3523 2835 modo
3549 2796 3764 2844 sumens,

2219 2857 2379 2916 prout
2409 2849 2459 2899 in
2487 2850 2632 2901 omni
2665 2858 2885 2918 peccato
2914 2850 3184 2905 invenitur
3204 2849 3423 2918 quidam
3452 2862 3767 2917 contemptus

2221 2920 2592 2990 mandatorum
2625 2919 2742 2983 Dei,
2775 2930 2828 2971 ut
2874 2921 3074 2974 dictum
3103 2931 3204 2983 est,
3234 2930 3288 2975 et
3313 2924 3555 2990 quaedam
3582 2921 3768 2990 cupidi-

2221 2989 2344 3042 tatis
2385 2991 2684 3043 inordinata
2727 2990 2969 3057 all'ectio;
3014 2992 3285 3061 quomodo
3313 2989 3474 3046 omne
3515 2989 3766 3061 peccatum

2221 3069 2325 3112 tam
2355 3076 2418 3114 ex
2449 3063 2699 3128 superbia
2728 3076 2886 3129 quam
2925 3079 2990 3118 ex
3029 3065 3322 3132 cupiditate
3350 3065 3610 3132 procedit.
3648 3064 3763 3118 Vide

2222 3141 2402 3184 ttotata
2433 3131 2498 3184 ad
2527 3146 2641 3196 cap.
2677 3134 2708 3185 6
2741 3133 2836 3184 lib.
2869 3150 2958 3188 vlt.

2293 3213 2316 3236 ἰ
2349 3201 2463 3255 Alia
2489 3202 2679 3256 divisio
2703 3205 2966 3272 superbia:
2990 3206 3040 3257 in
3062 3204 3397 3270 spiritualem
3423 3215 3476 3259 et
3499 3205 3767 3258 carnalem.

2221 3272 2564 3346 Spiritualem
2611 3285 2766 3326 vocat
2794 3289 2912 3340 qua:
2942 3275 3245 3342 spirituales
3287 3286 3342 3331 et
3380 3275 3643 3346 perfectos
3671 3276 3772 3342 pul-

2219 3355 2331 3414 sit;
2387 3343 2655 3396 carnalem
2695 3360 2813 3409 quae
2854 3347 3118 3414 carnales,
3173 3348 3222 3398 id
3272 3343 3398 3410 εει(
3429 3347 3770 3413 imperlectos.

2218 3413 2476 3486 Eamdetn
2505 3414 2906 3486 distinctionem
2957 3418 3196 3482 agnoscit
3227 3428 3280 3470 et
3305 3418 3538 3486 explicat
3564 3415 3764 3486 D._Gre-

2217 3487 2396 3551 gorius
2429 3484 2512 3537 his
2539 3485 2716 3539 verbis
2762 3483 2898 3554 (Lib.
2935 3501 3094 3539 xxxiv
3129 3486 3320 3540 Moral.
3347 3483 3397 3542 εξ
3429 3488 3553 3555 l9):
3608 3484 3772 3539 Scien-

2218 3558 2339 3606 dum
2379 3555 2516 3623 quod
2543 3555 2650 3608 haec
2689 3558 2802 3622 ipsa
2823 3595 2840 3619 ,
2869 3556 2932 3609 de
2961 3574 3062 3626 qua
3095 3568 3372 3610 tractamus
3392 3599 3407 3625 ,
3466 3559 3613 3610 elatio
3656 3556 3774 3607 alios

2217 3642 2280 3678 ea:
2303 3628 2452 3678 rebus
2477 3627 2809 3698 sa'cularibus
2825 3670 2840 3694 ,
2865 3628 2997 3680 alios
3019 3643 3139 3681 vero
3163 3644 3226 3680 ex
3248 3629 3396 3682 rebus
3443 3627 3774 3698 spiritualibus

2218 3699 2476 3765 possidet:
2506 3695 2636 3749 alter
2675 3701 2809 3749 enim
2852 3699 3137 3751 intumescit
3184 3715 3344 3765 auro,
3392 3695 3522 3752 alter
3563 3698 3774 3763 eloquio;

2219 3765 2349 3818 alter
2369 3767 2560 3832 inﬁmis
2583 3779 2627 3819 et
2651 3777 2861 3821 terrenis
2883 3771 3033 3822 rebus
3051 3810 3066 3834 ,
3097 3769 3227 3822 alter
3251 3771 3464 3822 summis
3491 3768 3776 3822 coelestibus-

2219 3853 2316 3910 que
2341 3837 2610 3890 uirtutibus
2633 3853 2650 3888 :
2682 3854 2786 3890 una
2817 3851 2986 3893 tamen
3027 3841 3302 3910 eodemque
3348 3857 3428 3893 res
3474 3851 3590 3892 ante
3617 3836 3776 3910 oculos

2221 3907 2314 3960 Dei
2364 3909 2535 3975 agitur
2566 3948 2578 3964 .
2638 3913 2865 3978 quamvis
2928 3911 2994 3963 ad
3051 3907 3276 3962 humana
3307 3911 3464 3964 corda
3494 3912 3685 3963 ueniens
3729 3908 3774 3959 in

2220 3993 2391 4030 eorum
2416 3977 2672 4031 obtutibus
2703 3983 2900 4034 direrso
2927 3982 3116 4034 amictu
3140 3980 3408 4044 'pallietur.
3443 3983 3565 4034 Haec
3591 3979 3777 4046 Grego-

2222 4050 2363 4121 rius,
2389 4060 2448 4121 _et
2481 4048 2562 4121 his
2598 4050 2792 4104 similia
2831 4051 3156 4121 Smaragdus
3195 4051 3360 4104 abbas
3392 4052 3444 4106 in
3472 4066 3589 4119 cap.
3621 4049 3653 4102 4
3689 4051 3778 4102 lie-

2219 4120 2359 4187 gula:
2387 4119 2449 4172 D.
2488 4119 2782 4174 Benedicti.

2295 4187 2320 4226 δ
2352 4193 2701 4262 Occasionem
2729 4192 2967 4258 prmhent
2987 4191 3101 4246 haec
3123 4193 3284 4246 vcrha
3311 4191 3612 4262 inquirendi
3639 4188 3779 4262 quale

2224 4267 2499 4331 peccatum
2529 4261 2599 4314 sit
2625 4263 2896 4329 superbia.
2956 4263 3020 4314 Et
3071 4262 3286 4331 quidem
3319 4260 3396 4316 exi
3429 4266 3528 4317 hoc
3555 4260 3777 4314 Cassiani

2221 4329 2368 4393 loco,
2411 4335 2574 4384 immo
2603 4349 2665 4386 ex
2697 4343 2809 4387 toto
2839 4332 2997 4400 hujus
3021 4329 3139 4386 libri
3165 4342 3391 4386 ll‘aCtaltl
3411 4373 3427 4397 ,
3460 4333 3590 4386 satis
3616 4339 3780 4399 aperte

2221 4403 2492 4469 colligitur
2533 4413 2806 4466 peccaturo
2849 4418 2968 4456 esse
3015 4414 3203 4456 natura
3244 4418 3338 4457 sua
3380 4419 3476 4458 seu
3507 4419 3572 4458 es
3601 4413 3781 4469 genere

2221 4487 2320 4525 suo
2345 4471 2712 4533 mortiferum,
2743 4475 2884 4534 quod
2910 4487 2963 4527 et
2997 4475 3057 4527 Ι).
3086 4474 3318 4528 Thomas
3339 4476 3626 4528 eonlirmat
3655 4473 3777 4540 (Art.

2221 4543 2286 4608 5,
2317 4543 2398 4594 ubi
2451 4551 2668 4610 supra).
2729 4544 2898 4600 Docet
2952 4556 3126 4596 lanten
3175 4546 3224 4598 id
3282 4545 3679 4612 intelligettdutti
3722 4543 3782 4595 de

2222 4613 2468 4680 superbia
2501 4619 2801 4681 ctmipteta,
2836 4631 2936 4684 qua
2969 4616 3178 4668 scilicet
3227 4617 3345 4683 quis
3374 4615 3445 4668 ita
3476 4617 3779 4684 extollitur,

544 4686 669 4747 cati,
700 4687 800 4736 sive
820 4684 1042 4754 radicem
1066 4683 1290 4734 omnium
1313 4688 1560 4735 malorum
1583 4684 1739 4746 dicat,
1771 4701 1926 4736 unum
1950 4686 2114 4738 idem-
2146 4686 2196 4745 D
2225 4694 2279 4737 ut
2317 4685 2479 4736 Deum
2512 4683 2864 4751 contemnat,
2895 4685 2977 4740 vel
3009 4686 3110 4754 legi
3142 4686 3336 4739 divinae
3362 4688 3497 4739 nolit
3525 4700 3642 4740 esse
3664 4683 3780 4736 sul)-

545 4772 640 4823 qtte
667 4754 941 4820 signiﬁcet.
978 4751 1143 4805 Porro
1171 4754 1429 4814 cupiditas
1463 4762 1613 4820 atque
1642 4756 1880 4819 superbia
1925 4757 1976 4807 in
2004 4765 2118 4809 tan-

545 4836 648 4876 tunt
681 4836 753 4877 est
781 4838 937 4875 unum
965 4824 1176 4884 malum,
1202 4832 1258 4875 ut
1287 4839 1376 4876 nec
1401 4826 1644 4892 superbus
1674 4825 1784 4878 sine
1813 4825 2114 4893 cupiditate,

546 4912 636 4947 nec
674 4896 781 4947 sine
820 4893 1054 4963 superbia
1080 4895 1302 4963 cupidus
1332 4897 1487 4960 possit
1513 4895 1749 4950 inveniri.
1781 4896 2047 4962 Siquidem
2073 4907 2119 4950 et

544 4964 800 5036 diabolus,
834 4968 884 5016 in
913 4981 1010 5034 quo
1041 4975 1172 5016 tenet
1214 4964 1450 5034 superbia
1495 4966 1863 5031 principatum,
1899 4970 2120 5036 proprite

545 5035 806 5105 patestatis
851 5051 911 5086 ac
940 5036 1239 5108 perditionis
1269 5035 1506 5108 humana:
1537 5038 1754 5108 cupidus
1777 5039 1906 5102 fuit;
1936 5035 2121 5108 etipse

547 5111 696 5158 homo
732 5121 820 5171 per
845 5107 1120 5175 appezitum
1143 5106 1338 5157 arboris
1361 5106 1656 5167 interdictae,
1684 5124 1744 5158 ac
1770 5109 1953 5160 diuina:
1978 5106 2118 5162 simi-

547 5177 779 5228 litudinis
827 5175 1184 5240 affectionem,
1234 5179 1483 5229 morbosa!
1536 5177 1779 5244 affectum
1823 5180 2118 5245 cupiditatis

547 5248 789 5300 ostendit.
810 5249 883 5298 De
903 5248 1138 5315 superbia
1161 5263 1379 5314 namque
1409 5257 1689 5298 nascuntur
1710 5246 1948 5312 hirreses,
1977 5250 2113 5302 stlti-

544 5328 724 5378 smata,
752 5318 1113 5380 detractiones,
1145 5318 1360 5380 inuidia,
1388 5316 1680 5388 verbositas,
1695 5320 1975 5388 jactantia,
1999 5335 2115 5371 con-

547 5391 812 5440 tentiones.
849 5389 1216 5449 animositates,
1265 5387 1497 5458 ambitio,
1537 5386 1715 5450 elatio,
1765 5391 2113 5458 prtusumptio,

547 5461 763 5526 uitullus,
798 5458 1120 5526 inquietudo,
1152 5456 1494 5519 mendacium,
1531 5459 1838 5526 periurium,
1870 5469 1914 5511 et
1936 5456 2118 5512 uetera

547 5523 993 5597 huiusmodi.Sed
1021 5527 1128 5581 hinc
1156 5528 1269 5597 quis
1297 5526 1486 5578 dubitet
1512 5523 1575 5580 ea:
1612 5530 1888 5596 cupiditate
1925 5544 2119 5597 quoque

549 5596 842 5658 procedere,
867 5612 981 5649 cum
1004 5596 1194 5662 omnes,
1221 5598 1308 5664 qui
1329 5601 1516 5668 fuerint
1548 5598 1649 5651 illis
1675 5600 1900 5651 onmibus
1934 5601 2122 5654 morbis

546 5679 672 5730 quos
717 5669 973 5739 nominaui
1016 5671 1240 5734 corrupti
1254 5710 1268 5728 ,
1319 5667 1603 5722 habeantur
1642 5678 1690 5723 et
1739 5669 1950 5739 cupidi?
1991 5671 2125 5724 Item

547 5751 656 5786 cum
687 5733 911 5808 gulosus,
947 5733 1350 5808 intemperantes,
1380 5742 1627 5804 ebriosos,
1653 5733 1850 5804 avidos,
1885 5757 2123 5808 rapaces,

552 5806 870 5872 ('ornirurios,
904 5807 1182 5876 adulteros,
1211 5819 1549 5880 stupratores,
1578 5814 1812 5880 incestos,
1841 5806 2128 5882 flagitiosos

2218 4755 2411 4822 jectus,
2441 4755 2519 4806 vel
2548 4756 2636 4823 qui
2663 4771 2728 4809 ex
2753 4755 2854 4810 hoc
2875 4767 3180 4824 contemptu
3205 4759 3602 4820 transgreditur
3624 4757 3780 4824 legem

2224 4825 2355 4888 Dei,
2383 4835 2473 4897 aut
2505 4839 2772 4894 praecepta
2805 4827 3142 4894 superiorum
3194 4826 3452 4897 (Leonar.
3486 4827 3628 4882 Less.
3675 4825 3709 4877 ι.
3738 4838 3784 4876 tv

2223 4912 2337 4965 cup.
2369 4894 2458 4964 4).
2493 4897 2621 4948 Nam
2655 4901 2697 4949 si
2732 4898 3012 4966 qummur
3038 4898 3104 4952 de
3130 4894 3378 4966 superbia
3431 4898 3740 4962 incotnplcta
3769 4933 3782 4955 ,

2223 4982 2318 5038 seu
2346 4966 2655 5038 imperfecta
2674 5008 2690 5032 ,
2725 4967 2838 5021 hinc
2867 4985 2971 5022 non
3000 4983 3216 5037 semper
3244 4979 3326 5022 est
3349 4978 3626 5038 peccatum
3659 4979 3787 5019 mor-

2226 5037 2353 5091 tale.
2388 5037 2552 5091 Sicuti
2582 5039 2736 5103 enim,
2766 5042 2856 5102 ait,
2885 5041 2936 5091 in
2961 5038 3076 5092 aliis
3095 5079 3110 5102 ,
3138 5054 3254 5110 qua:
3281 5037 3455 5092 ex’suo
3481 5054 3659 5110 genere
3677 5041 3784 5110 sunt

2224 5116 2432 5180 peccata
2472 5111 2748 5176 mortalia,
2793 5122 2917 5179 puta
2963 5110 3012 5162 in
3064 5105 3400 5180 fornicatione
3427 5105 3782 5164 et'udulterio.

2225 5189 2343 5230 sunt
2370 5178 2529 5254 aliqui
2573 5192 2740 5254 motus
2790 5178 2877 5247 qui
2925 5178 3297 5254 sunt'peccata
3347 5182 3567 5254 venialia
3593 5185 3787 5254 propter

2225 5264 2396 5302 eorum
2422 5252 2872 5316 imperfectionem,
2897 5254 3014 5319 quia
3043 5249 3230 5304 scilicet
3253 5252 3563 5319 prarreniunt
3587 5249 3786 5300 rationis

2216 5320 2501 5391 judicium,
2534 5331 2577 5373 et
2601 5331 2719 5373 sunt
2750 5333 2930 5389 printer
2952 5322 3059 5391 ejus
3089 5336 3416 5381 consensum;
3463 5323 3534 5371 ita
3570 5321 3718 5391 etiam
3738 5322 3786 5391 et

2224 5385 2358 5442 circa
2402 5391 2694 5461 superbiam
2733 5385 2918 5445 accidit
2944 5385 3080 5459 quod
3133 5392 3296 5458 aliqui
3346 5399 3510 5443 motus
3553 5385 3786 5461 superbia!

2223 5461 2324 5512 sint
2353 5455 2558 5528 peccata
2587 5462 2840 5526 uenialia,
2897 5455 3020 5515 dum
3070 5463 3140 5515 eis
3189 5455 3322 5514 ratio
3372 5478 3476 5513 non
3524 5455 3786 5512 consentit.

2227 5529 2394 5584 Porro
2442 5548 2546 5585 non
2585 5538 2756 5585 solum
2806 5532 3030 5586 mortale
3061 5546 3123 5585 ac
3155 5530 3488 5585 mortiferum
3522 5538 3784 5598 peccatum

2225 5616 2475 5656 censetur
2519 5602 2768 5670 superbia
2819 5604 3120 5670 completa,
3161 5602 3255 5656 sed
3301 5603 3462 5656 etiam
3507 5598 3784 5670 riu-simum

2225 5681 2281 5726 et
2335 5667 2706 5740 gravissimum
2763 5667 3145 5738 peccatorum,
3195 5688 3261 5726 ex
3320 5670 3589 5726 communi
3641 5667 3785 5740 theo-

2228 5735 2467 5819 lpgo'rum
2515 5735 3090 5819 setitentia_a~seritur
3139 5743 3358 5819 (tVavar.
3405 5758 3452 5793 c.
3501 5740 3573 5793 25
3610 5755 3672 5819 ,ης
3705 5735 3784 5803 8).

2230 5813 2385 5880 Quod
2425 5823 2601 5868 tamen
2643 5828 2750 5867 non
2796 5814 2869 5868 ita
2913 5813 3282 5882 accipiendum
3322 5819 3446 5876 est,
3476 5813 3631 5881 quasi
3659 5813 3791 5864 inter
