3966 6326
263 335 348 393 ιόὅ

779 327 870 382 DE
907 327 1392 387 C(ENOBIORUM
1430 327 1681 388 lNSTl'l‘.
1721 328 1854 385 LIB.
1894 330 2106 386 Xll.—
2131 331 2224 388 DE
2263 331 2536 389 SPIRITU
2576 328 2964 388 SUPERBIE.

3396 329 3504 384 434

261 445 494 507 tummodo
519 444 855 500 contrariam
882 445 987 500 sibi
1010 444 1290 511 virtutem,
1321 443 1376 500 id
1403 453 1508 513 est,
1538 444 1817 500 humilita-
1842 451 1899 513 Α
1928 445 2097 501 telum
2128 448 2298 517 possit
2324 448 2658 504 insauciatus
2687 446 2936 511 evadere,
2969 413 3166 501 dicens,
3200 459 3215 497 :
3262 441 3385 497 Non
3424 457 3506 496 ve-

263 550 349 598 tem
383 537 579 593 tantum
626 537 1006 607 exstinguere;
1058 552 1246 592 verum
1291 537 1455 593 etiam
1496 548 1811 594 cunctarum

261 633 390 693 simul
413 631 871 700 interemptricem
903 645 1025 686 esse
1045 631 1305 686 virtutum
1340 648 1354 685 :
1381 645 1483 686 nec
1511 631 1813 688 mediocres

262 740 427 786 tantum
454 742 762 798 parvosque
789 735 1021 794 tentare,
1051 726 1149 786 sed
1176 725 1411 781 maxime
1439 726 1497 781 in
1540 725 1814 781 fortitudi-

259 826 325 880 nis
358 820 581 877 culmine
610 821 994 876 consistentes.
1041 819 1117 874 Ita
1154 818 1299 874 enim
1342 817 1412 874 de
1463 817 1569 874 hoc
1613 820 1811 888 spiritu

259 915 485 989 propheta
510 923 907 969 commemorat
939 929 954 968 :
989 921 1015 950 ι
1053 911 1208 967 Esca
1233 912 1347 983 ejus
1376 911 1552 966 electis
1581 910 1808 982 (Eabae.

255 1016 301 1080 ι).
331 1010 548 1078 Ideoque
580 1008 773 1064 beatus
801 1007 968 1062 David
997 1006 1128 1062 licet
1149 1014 1296 1061 tanta
1318 1006 1812 1076 circumspectione

256 1103 399 1160 cordis
421 1101 504 1156 sui
557 1101 860 1158 custodiret
899 1115 1120 1167 arcana,
1156 1107 1215 1155 ut
1261 1099 1329 1155 ad
1359 1115 1484 1156 eum
1515 1115 1676 1171 quem
1726 1113 1814 1154 se-

254 1205 369 1250 creta
403 1194 752 1249 conscientire
791 1207 902 1248 sum
931 1208 1042 1248 non
1072 1191 1336 1256 latebant,
1380 1191 1642 1248 audenter
1689 1205 1816 1262 pro-

253 1287 480 1342 clamaret
503 1303 520 1340 :
549 1283 577 1324 ι’
595 1285 838 1349 Domine,
860 1302 963 1340 non
991 1295 1066 1340 est
1087 1285 1371 1340 exaltatum
1388 1302 1479 1339 cor
1502 1301 1694 1351 meum,
1725 1301 1814 1338 ne-

251 1397 328 1450 que
344 1379 452 1434 elati
477 1387 602 1432 sunt
642 1379 778 1432 oculi
821 1379 942 1442 mei,
993 1394 1157 1449 neque
1204 1377 1461 1432 ambulavi
1483 1377 1538 1431 in
1590 1377 1812 1449 magnis,

252 1487 380 1542 neque
402 1470 452 1523 in
478 1469 807 1525 mirabilibus
831 1486 984 1541 super
1009 1487 1108 1538 me,
1167 1471 1269 1524 nisi
1318 1469 1581 1525 humiliter
1627 1471 1816 1526 sentie-

250 1561 527 1636 bant(Psal.
557 1562 759 1634 cxxx);
814 1572 870 1619 et
921 1565 1116 1620 iterum
1151 1581 1166 1618 :
1200 1563 1323 1618 Non
1349 1565 1595 1619 habitabit
1623 1566 1680 1619 in
1707 1583 1814 1619 me-

249 1658 317 1712 dio
340 1659 516 1712 domus
558 1673 684 1712 mete
723 1658 920 1728 faciens
959 1659 1251 1728 superbiam
1281 1657 1459 1727 (Psal.
1510 1658 1599 1730 c);
1632 1659 1812 1715 sciens

248 1761 394 1804 tamen
419 1762 586 1818 quam
613 1747 852 1804 difﬁcilis
879 1749 951 1803 sit
982 1750 1144 1804 etiam
1177 1749 1435 1820 perlectis
1484 1750 1590 1804 ista
1630 1759 1812 1806 custo-

246 1840 334 1910 dia,
357 1856 456 1896 non
510 1841 583 1898 de
635 1857 732 1896 sua
784 1849 993 1896 tantum
1048 1842 1332 1912 prtesumit
1384 1843 1669 1910 industria,
1715 1843 1808 1899 sed

245 1949 374 1988 orans
409 1933 630 1989 Domini
677 1934 933 2006 implorat
963 1935 1245 2002 auxilium,
1297 1944 1356 1990 ut
1405 1936 1566 2006 hujus
1607 1937 1810 1992 inimici

1920 542 2033 594 niat
2055 539 2184 595 mihi
2212 558 2300 612 pes
2341 542 2591 611 superbiae
2616 540 2790 612 (Psal.
2824 539 3028 611 xxxv):
3074 550 3273 608 pavens
3303 550 3366 589 ac
3395 550 3507 590 me-

1921 643 2081 688 tuens
2107 649 2174 688 ne
2199 633 2254 689 in
2286 634 2418 690 illud
2464 633 2670 689 incidat
2697 632 2844 702 quod
2872 631 3072 686 dicitur
3101 629 3170 684 de
3205 625 3460 698 superbis
3493 645 3506 680 :

1920 727 2062 782 Deus
2089 727 2320 800 superbis
2341 730 2641 782 adversatur
2665 724 2871 796 (Jacob.
2896 723 2993 794 tv);
3017 732 3074 779 et
3092 723 3286 778 iterum
3309 736 3323 772 :
3350 729 3372 757 ε
3393 717 3507 772 Im-

1920 821 2144 875 mundus
2187 829 2262 874 est
2285 821 2426 889 apud
2459 818 2623 873 Deum
2667 820 2833 873 omnis
2865 818 2953 887 qui
3003 814 3195 871 exultat
3232 828 3321 867 cor
3361 825 3509 864 suum

1919 911 2108 985 (Prov.
2139 928 2258 978 xvr,
2288 928 2390 966 sec.
2418 911 2609 982 LXX).

2517 1003 2745 1062 CAPUT
2786 1003 2897 1060 VII.

1922 1098 2073 1165 Quod
2100 1106 2295 1152 tantum
2343 1099 2407 1152 sit
2451 1097 2645 1151 malum
2675 1098 2950 1165 superbire,
3014 1104 3071 1150 ut
3119 1095 3294 1165 ipsum
3341 1091 3510 1147 Deum

2273 1169 2618 1222 adversarium
2648 1168 2833 1222 habere
2876 1177 3150 1221 mereatur.

1987 1282 2256 1351 Quantum
2284 1291 2370 1336 est
2412 1282 2614 1336 malum
2655 1281 2946 1350 superbiae,
2993 1289 3188 1335 utnon
3233 1279 3509 1349 angelum,

1921 1391 2028 1432 non
2056 1376 2188 1431 alias
2225 1377 2452 1430 virtutes
2475 1375 2578 1429 sibi
2607 1375 2932 1440 contrarias,
2957 1373 3053 1429 sed
3081 1375 3254 1443 ipsum
3287 1369 3312 1410 δ
3340 1373 3512 1428 Deum

1918 1469 2287 1526 adversarium
2329 1470 2526 1524 habere
2554 1469 2858 1522 mereatur?
2902 1466 3210 1522 Notandum
3239 1466 3512 1536 siquidem

1917 1575 2001 1619 est
2029 1564 2176 1634 quod
2209 1577 2550 1633 nequaquam
2597 1562 2795 1616 dixerit
2831 1575 2995 1630 super
3034 1559 3118 1614 his
3155 1560 3248 1630 qui
3297 1559 3514 1614 caeteris

1919 1669 2047 1713 sunt
2069 1658 2211 1711 vitiis
2245 1657 2474 1711 involuti
2503 1656 2646 1725 quod
2677 1655 2912 1709 habeant
2939 1654 3040 1708 sibi
3061 1654 3232 1709 Deum
3259 1655 3516 1708 resisten-

1922 1762 2053 1815 tem,
2087 1750 2137 1804 id
2172 1760 2276 1813 est,
2311 1750 2455 1804 Deus
2494 1749 2888 1819 gastrimargis,
2937 1746 3264 1813 fornicariis,
3298 1746 3515 1800 iracun-

1921 1844 2028 1909 dis,
2060 1859 2154 1897 seu
2187 1843 2511 1912 philargyris
2559 1841 2915 1904 adversatur;
2951 1839 3044 1894 sed
3097 1839 3229 1894 solis
3257 1835 3515 1906 superbis

1922 1934 2127 2008 (Iacob.
2160 1935 2258 2004 tv).
2294 1934 2387 1988 l'tla
2419 1948 2652 2003 namque
2697 1931 2821 1986 vitia
2864 1931 2950 1986 vel
2979 1932 3030 1986 in
3072 1941 3517 2000 unumquemque

1287 2050 1548 2104 ALARDI
1586 2049 1819 2106 GAZEI
1854 2048 2433 2105 COMMENTARIUS.

244 2172 281 2215 et
300 2163 361 2216 sic
384 2163 626 2230 superbia
646 2163 929 2229 corrumpit
958 2161 1238 2228 quamlibet
1278 2163 1538 2225 virtutem,
1571 2164 1625 2216 in
1645 2179 1813 2231 quan-
1841 2168 1891 2227 B
1921 2167 2182 2231 denique,
2213 2162 2469 2230 superbia
2498 2177 2744 2232 operum,
2777 2161 2898 2232 quia
2931 2161 3097 2230 aliqui
3141 2159 3306 2215 etiam
3337 2160 3516 2230 reipsa

245 2244 328 2286 tum
341 2233 529 2288 scilicet
560 2250 622 2287 ea:
650 2234 775 2301 ipsis
804 2234 1074 2304 virtutibus
1099 2234 1254 2286 sumit
1283 2235 1600 2287 occasionem
1629 2251 1810 2304 super-

245 2305 418 2370 biendi;
445 2308 583 2358 sicut
611 2313 657 2358 et
685 2303 992 2375 quibuslibet
1018 2305 1137 2357 aliis
1181 2306 1331 2358 rebus
1362 2304 1430 2357 ad
1457 2303 1813 2359 excellentiam

243 2376 605 2444 pertinentibus.
628 2376 700 2428 Ita
734 2377 791 2430 S.
814 2375 1053 2430 Thomas
1069 2375 1210 2444 (9—2,
1239 2392 1290 2446 q.
1318 2375 1439 2438 162,
1471 2394 1526 2431 a.
1553 2377 1605 2442 ἂ,
1633 2375 1700 2427 ad
1730 2377 1811 2444 5).

244 2446 414 2500 Eodem
443 2458 660 2514 spectat
686 2446 774 2500 illa
808 2447 872 2500 D.
904 2446 1184 2515 Augustini
1213 2448 1481 2501 sententia
1514 2449 1564 2500 in
1609 2447 1812 2515 Regula

243 2516 368 2586 (Cap.
389 2518 442 2585 4)
475 2535 490 2570 :
520 2517 644 2570 Alia
667 2532 998 2584 quacumque
1018 2518 1265 2587 iniquitas
1310 2519 1361 2570 in
1403 2519 1551 2571 malis
1579 2518 1815 2586 operibus

245 2602 498 2654 exercetur,
541 2600 596 2641 ut
624 2589 754 2657 ﬁant
787 2605 806 2642 .'
832 2589 1074 2658 superbia
1096 2604 1210 2642 vero
1231 2589 1386 2641 etiam
1410 2590 1554 2642 bonis
1577 2589 1816 2656 operibus

243 2659 507 2724 insidiatur,
555 2669 610 2711 ut
647 2669 876 2724 pereant.
913 2659 1044 2713 Vide
1069 2660 1142 2713 ibi
1183 2660 1446 2728 insignem
1482 2670 1817 2713 commenta-

243 2730 356 2782 rium
394 2731 642 2786 Umbcrti
675 2746 796 2784 cum
843 2731 1056 2798 egregia
1087 2733 1497 2798 comparatione
1547 2731 1816 2796 superbite

243 2815 341 2853 cum
365 2802 477 2856 aliis
512 2802 681 2856 vitiis.
717 2801 926 2855 Rursus
955 2801 1083 2855 alibi
1123 2805 1458 2868 Augustinus
1493 2821 1506 2856 :
1547 2799 1682 2853 Vitia
1717 2817 1817 2855 ca!-

244 2882 331 2922 tera
351 2873 399 2926 in
427 2875 651 2937 peccatis
674 2888 693 2926 :
724 2872 963 2938 superbia
988 2889 1103 2926 vero
1132 2874 1186 2925 in
1214 2882 1348 2925 recte
1390 2873 1541 2939 factis
1594 2872 1820 2925 timenda

243 2951 319 3004 est,
349 2961 404 2997 ne
445 2945 543 2996 illa
572 2959 688 3012 qute
719 2944 1048 2997 laudabiliter
1077 2944 1215 3014 facta
1262 2951 1419 3014 sunt,
1445 2943 1607 3012 ipsius
1647 2944 1820 2997 laudis

243 3014 489 3082 cupiditate
514 3019 838 3069 animantur.
874 3013 1085 3071 Similia
1114 3016 1274 3069 habet
1304 3014 1367 3068 D.
1390 3013 1686 3082 Gregorius
1718 3015 1816 3067 lto-

243 3083 338 3155 tnil.
366 3086 427 3140 12
455 3087 510 3139 in
547 3088 830 3154 Evangel.,
865 3101 984 3155 quae
1027 3086 1187 3139 etiam
1215 3086 1281 3139 ad
1308 3085 1685 3147 cenudoxiam,
1719 3100 1816 3139 seu

241 3153 429 3227 inanem
450 3157 685 3224 gloriam
710 3153 902 3211 referri
934 3167 1182 3227 possunt,
1207 3171 1330 3226 quae
1352 3156 1520 3224 prima
1551 3156 1819 3224 superbiae

243 3226 352 3296 lilia,
380 3227 607 3297 ejusque
647 3226 999 3298 pedissequ’a,
1031 3229 1117 3282 cui
1146 3239 1200 3282 et
1226 3227 1356 3280 illud
1389 3228 1564 3296 aptari
1595 3236 1776 3295 potest
1802 3244 1814 3278 :

371 3329 428 3380 Et
448 3332 681 3394 sequitur
703 3331 882 3380 leviter
905 3329 1004 3379 ﬂlia
1027 3333 1197 3380 matris
1220 3331 1337 3379 iter.

304 3441 325 3469 ⁸
346 3433 624 3510 δςρμιπςη
646 3439 713 3492 τὰ
739 3437 991 3510 βρώματος
1011 3437 1170 3510 ᾳύτοῦ
1194 3436 1420 3510 ἐκλεκτοὶ.
1460 3433 1676 3510 Vulgata
1699 3447 1823 3510 ve_r-

243 3504 311 3578 §io
341 3523 353 3558 :
384 3505 540 3560 Cibus
565 3511 682 3578 ejus
714 3504 922 3578 electus.
954 3508 1113 3578 Scite,
1144 3513 1192 3558 iu
1237 3508 1374 3558 hanc
1403 3504 1818 3578 sententiamiD.

247 3573 603 3648 llieronymus'
642 3579 803 3646 epist.
832 3575 922 3642 22,
980 3577 1049 3648 ad,
1081 3577 1424 3631 Eustochium
1452 3594 1464 3627 :
1526 3576 1818 3648 Quamdiu,

243 3645 543 3716 iuquitfhoc
567 3645 744 3718 fragili
770 3664 982 3717 corpore
1017 3647 1338 3712 detinentur;
1373 3645 1621 3717 quamdiu
1669 3646 1822 3718 habe-

243 3733 336 3769 mus
362 3717 665 3774 thesaurum
707 3721 859 3773 istum
892 3720 948 3772 in
974 3719 1108 3772 vasis
1132 3719 1396 3787 ﬁctilibus,
1436 3729 1483 3771 et
1509 3717 1822 3782 concupiscit

243 3789 430 3855 spiritus
477 3791 730 3843 adversus
771 3807 996 3856 carnem,
1045 3801 1090 3843 et
1132 3807 1250 3842 caro
1283 3791 1526 3842 adversus
1557 3789 1820 3858 spiritum,

243 3861 370 3911 nulla
396 3872 468 3915 est
508 3873 650 3914 certa
697 3864 926 3916 victoria.
964 3862 1303 3914 Adversarius
1352 3873 1519 3913 noster
1562 3860 1819 3925 diabolus,

243 3939 483 4002 tamquam
525 3934 603 3986 leo
633 3933 837 4002 rugiens
873 3933 1092 4001 aliquem
1119 3933 1365 3984 devorare
1386 3947 1615 4000 quaerens
1644 3931 1825 4002 circuit

243 3999 300 4066 (ll
325 3999 438 4054 Cor.
467 4021 541 4068 tv,
579 3999 779 4070 Galfv,
815 4004 834 4057 l
871 3999 1011 4056 Petr.
1044 4005 1118 4072 ν).
1148 3999 1403 4065 Posuisti,
1427 4003 1498 4053 ait
1535 4001 1720 4066 David,
1749 4010 1825 4054 te-

243 4071 424 4144 nebras,
455 4085 503 4127 et
527 4075 664 4144 facta
703 4086 776 4127 est
817 4091 920 4128 nox
947 4089 964 4126 :
996 4074 1048 4126 in
1076 4076 1191 4140 ipsa
1229 4072 1607 4142 pertransibunt
1650 4088 1823 4125 omnes

245 4141 398 4196 bestiae
428 4141 576 4218 ante,
607 4146 764 4198 catuli
788 4144 991 4218 leonum
1006 4141 1282 4218 rugientes,
1306 4155 1365 4218 ut
1387 4146 1663 4218 r_ap_iaut_et
1684 4159 1824 4218 qua:-

242 4224 346 4286 rant
369 4230 401 4266 a
433 4215 545 4269 Deo
577 4232 748 4269 escam
775 4220 892 4270 sibi.
928 4216 1052 4269 Non
1074 4215 1272 4286 'quterit
1313 4215 1550 4267 diabolus
1594 4215 1824 4267 homines

243 4282 487 4356 inﬁdeles,
516 4304 620 4340 non
646 4303 731 4340 eos
755 4288 843 4356 qui
882 4287 1009 4356 foris
1043 4282 1180 4347 sunt,
1214 4294 1257 4337 et
1283 4300 1716 4356 quorumcatmes
1736 4301 1826 4338 rex

245 4353 471 4425 ξεινήια
491 4359 544 4410 in
570 4357 680 4410 olla
726 4353 986 4412 succendit
1017 4358 1235 4422 (Jerch
1267 4355 1438 4425 xxtx),
1479 4355 1542 4408 de
1590 4354 1826 4409 Ecclesia

246 4421 423 4499 Christi
472 4445 652 4499 rapere
697 4429 923 4497 festinat.
978 4421 1126 4482 Em
1167 4429 1275 4496 ejus
1318 4421 1598 4499 secundum
1627 4427 1826 4499 Abacucg

244 4495 401 4570 electis
419 4495 559 4552 sunt.
581 4497 681 4552 Job
699 4495 990 4553 subvertere
1020 4495 1194 4570 cupit,
1214 4509 1261 4551 et
1298 4498 1537 4552 devorato
1566 4496 1598 4549 ,Ι
1606 4498 1728 4562 uda,
1758 4497 1826 4550 ad

245 4566 534 4640 cribrandos
562 4572 828 4636 apostolos
855 4571 1042 4640 expetit
1072 4566 1394 4639 potestatem.

309 4635 336 4675 δ
373 4640 670 4695 Anuotavit
715 4635 1047 4696 Trithemtus
1072 4635 1241 4695 'hisce
1291 4639 1504 4694 duobus
1546 4638 1828 4695 versiculis

244 4709 600 4788 psalmicxxx
648 4713 810 4788 etiam
858 4727 887 4788 a
920 4712 982 4766 D.
1024 4711 1318 4788 Benedicto
1340 4710 1503 4788 (Cap.
1529 4711 1559 4764 7
1592 4709 1826 4783 Regula)

243 4781 413 4836 citatis
434 4783 488 4838 in
510 4783 1034 4838 commendationem
1069 4781 1406 4850 humilitatis,
1449 4781 1685 4850 quatuor
1707 4796 1831 4850 spe-

243 4851 709 4924 _cies_exaltationis
733 4853 1024 4924 designari,
1053 4867 1188 4924 quas
1233 4869 1339 4907 ttuo
1368 4855 1585 4907 nomine
1613 4862 1830 4920 aposto-

1849 3541 1896 3603 C

1919 2243 2257 2303 praesumunt
2285 2234 2528 2302 aggredi,
2585 2244 2817 2302 tentare,
2869 2235 3049 2286 conari
3099 2247 3188 2287 res
3238 2243 3291 2286 et
3327 2247 3515 2300 opera,

1917 2320 2038 2369 qua:
2068 2305 2210 2358 vires
2239 2314 2294 2358 et
2323 2314 2522 2358 statum
2553 2305 2795 2374 ipsorum
2844 2308 3113 2358 excedunt
3147 2321 3158 2354 :
3193 2312 3246 2356 et
3279 2304 3366 2356 isti
3403 2317 3520 2356 am-

1916 2375 2104 2430 bulant
2135 2377 2247 2429 sive
2277 2376 2577 2429 ascendunt
2605 2391 2763 2440 supra
2798 2376 3008 2441 seipsos
3031 2387 3194 2440 opere
3232 2383 3286 2426 et
3312 2375 3478 2428 facto.

1997 2458 2018 2484 ο
2068 2444 2286 2512 Vulgata
2319 2446 2486 2500 editio
2517 2463 2531 2500 :
2563 2446 2883 2499 Abominatio
2914 2444 3123 2497 Domini
3152 2453 3224 2496 est
3248 2444 3410 2496 omnis
3436 2459 3520 2496 ar-

1917 2533 2130 2587 rogans.
2156 2517 2373 2572 Similes
2402 2518 2683 2572 sententia:
2715 2516 2970 2570 Proverb.
3002 2529 3057 2587 vi
3083 2533 3093 2566 :
3138 2513 3245 2568 Sea:
3265 2525 3382 2566 sunt
3402 2529 3517 2587 quae

1920 2584 2029 2641 odit
2053 2587 2306 2642 Dominus
2331 2603 2350 2640 :
2373 2589 2546 2641 oculos
2577 2587 2839 2650 sublimes,
2867 2599 2972 2639 etc.
3006 2586 3072 2638 Et
3100 2598 3219 2654 cap.
3250 2600 3342 2638 Vill
3372 2603 3384 2638 :
3419 2584 3520 2638 Ar-

1919 2659 2208 2730 rogantium
2254 2668 2300 2711 et
2344 2655 3222 2730 superbiamidetestatur._.luditlr.
3278 2671 3370 2708 tx:
3406 2655 3518 2730 Nec

1921 2725 2120 2800 superbi
2155 2725 2471 2800 placuerunt,
2497 2732 2604 2784 tibi.
2642 2729 2798 2800 Luca:
2840 2743 2877 2782 tt
2909 2743 2924 2780 :
2975 2725 3230 2794 Dispersit
3275 2728 3519 2800 superbos

1922 2797 2090 2852 mente
2116 2801 2285 2853 cordis
2314 2800 2416 2856 sui.
2450 2799 2567 2855 Jac.
2609 2817 2659 2854 tv
2686 2818 2697 2853 :
2728 2798 2870 2854 Deus
2893 2799 3123 2868 superbis
3161 2799 3350 2850 resistit
3374 2813 3394 2847 :
3421 2797 3520 2850 hu-

1922 2870 2128 2923 milibus
2151 2881 2317 2923 autent
2340 2871 2427 2923 dat
2454 2873 2692 2941 gratiam.

1994 2941 2021 2976 ά
2065 2941 2303 3010 ltesptcit
2348 2938 2670 2996 sententiam
2715 2942 2862 2996 illam
2902 2941 3064 2995 modo
3090 2940 3354 3010 citatam;
3381 2938 3520 2993 Deus

1921 3015 2152 3083 superbis
2178 3009 2406 3075 resistit,
2437 3029 2466 3066 a
2500 3014 2708 3068 duobus
2732 3013 2991 3082 apostolis
3021 3011 3273 3083 Petro_et
3295 3047 3297 3049 ι
3317 3009 3521 3083 Jacobo

1924 3079 2232 3138 atiestatam
2281 3091 2336 3138 et
2364 3083 2742 3154 conﬁrmatam
2769 3079 2832 3153 ’(1
2859 3083 3004 3136 Petr.
3033 3099 3087 3141 v.
3113 3092 3158 3134 et
3182 3079 3300 3134 Jac.
3338 3079 3430 3154 tv),
3464 3093 3522 3136 ut

1926 3154 1981 3206 iu
2013 3169 2110 3208 ore
2135 3157 2364 3208 duorum
2389 3167 2442 3209 et
2475 3156 2662 3209 talium
2695 3156 2912 3209 testium
2944 3157 3136 3208 merito
3160 3165 3304 3206 stare
3327 3153 3523 3206 debeat

1926 3225 2032 3278 hoc
2057 3225 2306 3289 verbum,
2353 3226 2562 3280 sanctis
2609 3226 2796 3280 itidem
2843 3225 3092 3279 Patrihus
3140 3224 3523 3278 decantatissi-

1926 3311 2073 3349 mum
2112 3308 2165 3351 et
2206 3298 2659 3366 vulgatissimum.
2698 3298 2835 3350 llinc
2863 3295 2928 3349 D.
2961 3295 3189 3350 Basilius
3220 3296 3271 3348 in
3305 3294 3522 3361 Regulis

1926 3365 2596 3438 brevioribus,iproposita
2641 3368 2940 3437 quaestione
2975 3365 3365 3438 (Quwst.3§‘i)~:
3393 3382 3522 3432 quo-

1927 3439 2080 3512 modo
2097 3441 2271 3492 sanari
2299 3436 2458 3510 possit
2480 3436 2728 3512 superbus
2743 3440 3085 3512 ?r_re_5pont_let
3119 3455 3143 3512 :_
3164 3437 3222 3491 Si
3250 3436 3404 3504 ﬁdem
3427 3438 3522 3512 ha-

1929 3507 2041 3588 beat
2079 3507 2557 3588 sentﬁentiiejlliu‘s,
2602 3511 2692 3588 qui
2739 3510 2873 3588 dixit
2919 3525 2938 3562 :
2990 3508 3522 3588 Dominushsuperbis

1927 3583 2137 3634 resistit.
2171 3581 2234 3634 D.
2256 3581 2572 3636 Ambrosius
2601 3578 2652 3634 in
2697 3584 2961 3649 psalmum
2994 3593 3157 3632 cxvut
3196 3596 3208 3630 :
3245 3578 3522 3645 Scriptura

1926 3651 2053 3703 dicit
2079 3667 2099 3705 :
2131 3651 2379 3706 Dominus
2411 3652 2644 3720 superbis
2686 3651 2871 3705 resistit
2901 3666 2919 3702 :
2947 3649 3233 3718 Tamquam
3266 3664 3370 3701 sum
3396 3665 3522 3702 con-

1927 3724 2150 3777 tumelia:
2178 3722 2508 3791 propulsator
2544 3724 2695 3776 veluti
2725 3720 2989 3790 quoddam
3015 3720 3238 3790 suscepit
3273 3721 3521 3791 adversus

1925 3789 2218 3863 superbiam
2259 3789 2479 3864 speciale
2518 3789 2772 3847 certamen
2807 3810 2826 3858 ,'
2863 3789 3296 3864 tamquaquicat
3324 3806 3342 3842 :
3374 3789 3521 3864 Meus

1926 3861 2021 3917 iste
2051 3861 2376 3919 adversarius
2401 3876 2492 3930 est,
2521 3867 2606 3934 qui
2635 3881 2714 3918 me
2744 3865 2944 3918 lacessit
2969 3879 2988 3920 :
3016 3862 3142 3934 mihi
3180 3861 3392 3914 debetur
3424 3863 3522 3934 ista

1928 3938 2240 4004 congressio.
2276 3932 2635 4006 Hieronymus
2663 3934 3033 4006 adlAutouium
3052 3933 3244 4004 (Epist.
3272 3934 3365 4003 45)
3390 3948 3404 3984 :
3429 3932 3522 4006 Vi-

1927 4003 2226 4076 de,’frater,
2257 4009 2406 4074 quale
2435 4003 2629 4060 malum
2659 4003 2762 4071 siti,
2808 4007 2946 4076 quod
2985 4003 3336 4059 adversarium
3368 4003 3522 4061 habet

1927 4077 2120 4134 Deum.
2153 4077 2283 4131 Hinc
2307 4096 2560 4148 arrogans
2593 4077 2896 4132 Pharisa’us
2919 4079 3202 4148 spernitur,
3228 4089 3271 4130 et
3308 4077 3522 4132 humilis

1929 4149 2250 4203 Publicanus
2279 4150 2494 4204 auditur
2535 4149 2723 4220 (Luca:
2754 4149 2928 4271 “mg.
2963 4149 3296 4218 Augustinus
3334 4148 3430 4202 lib.
3462 4165 3523 4205 tu

1929 4221 1996 4271 de
2026 4221 2282 4271 Doctrina
2331 4220 2635 4271 Christiana
2676 4219 2841 4271 (Cap.
2917 4219 2982 4271 5i
3026 4236 3041 4271 :
3076 4217 3245 4271 Nulla
3295 4223 3400 4271 fere
3448 4233 3523 4271 est

1929 4221 1996 4275 de
2026 4221 2282 4275 Doctrina
2331 4217 2635 4292 Christiana
2676 4219 2841 4292 (Cap.
2879 4217 2982 4291 25)
3026 4217 3245 4275 :Nulla
3293 4223 3400 4290 fere
3448 4233 3524 4276 est

1928 4295 2122 4362 pagina
2176 4301 2469 4346 sanctorum
2520 4291 2790 4355 librorum,
2833 4293 2886 4344 in
2926 4307 3028 4359 qua
3067 4307 3171 4343 non
3204 4301 3359 4362 sonet
3383 4293 3522 4362 quod

1928 4360 2068 4416 Deus
2102 4364 2393 4436 isuperbisi
2425 4364 2639 4436 resistit.
2700 4363 2988 4436 Denique,
3055 4360 3305 4436 ut_a|ios
3362 4360 3524 4436 uinit-

1933 4444 2062 4499 tatn,
2100 4431 2343 4489 lsidorus
2369 4435 2669 4489 Pelusiotes
2697 4435 2749 4486 in
2787 4433 3022 4502 quadam
3062 4432 3293 4499 epistola
3323 4431 3470 4500 (Lib.
3504 4450 3522 4488 ι

1930 4506 2139 4571 epistol.
2187 4507 2312 4572 164)
2345 4523 2357 4557 :
2395 4504 2640 4574 Superbis
2678 4504 2813 4557 Deus
2863 4504 3074 4569 resistit,
3103 4503 3524 4574 quandoquidem

1929 4577 2084 4628 etiam
2107 4578 2334 4646 ipsorum
2365 4573 2587 4644 principi
2613 4575 2675 4626 ab
2708 4576 2854 4628 initio
2881 4592 2992 4629 sese
3033 4577 3294 4644 opposuit.
3340 4573 3524 4630 Consi-

1931 4649 2058 4700 dera
2078 4650 2236 4718 igitur
2259 4659 2508 4716 quantum
2533 4653 2608 4698 est
2627 4686 2640 4707 ,
2670 4656 2716 4698 et
2747 4646 2913 4699 Deum
2935 4647 3128 4700 hostem
3157 4654 3309 4718 atque
3339 4650 3524 4718 adver-

1931 4717 2127 4771 sarium
2159 4717 2378 4784 habere,
2419 4727 2466 4770 et
2499 4725 2719 4769 veterem
2771 4717 2966 4771 hostem
3010 4718 3228 4770 socium.
3260 4717 3388 4770 Hmc
3417 4717 3519 4773 SS.

1933 4788 2140 4843 Patres.
2172 4789 2340 4842 Porro
2368 4787 2647 4842 annotavit
2691 4788 2750 4842 S.
2783 4789 3016 4845 '[ltmuas
3043 4785 3133 4854 (In
3161 4785 3368 4856 comm.)
3398 4801 3516 4841 sen-

1935 4861 2156 4913 tentiam
2187 4858 2344 4913 istam
2376 4873 2446 4913 ex
2478 4868 2665 4912 vetere
2691 4858 2965 4928 Scriptura
2990 4867 3291 4928 acceptam,
3325 4872 3520 4928 nempe

247 4916 926 5015 lusLJpannessuperbia'm
949 4916 1087 5008 vitae
1106 4933 1402 5015 nuncupat.
1435 4925 1528 4978 Est
1557 4916 1698 5006 enim
1737 4939 1821 4978 su-
1854 4916 1909 4978 D
1936 4931 2017 4985 vel
2047 4930 2465 5015 Proverbiorum
2494 4930 2726 5015 lll’(vcr8.
2750 4916 2868 5015 .34.),
2899 4929 2987 5015 ubi
3018 4916 3163 5015 LXX
3194 4916 3520 5015 Interpret'es

242 4991 418 5066 perbia
451 4994 631 5049 cordis
663 4991 719 5050 et
743 4997 993 5066 superbia
1022 4991 1324 5062 oculorum,
1349 5012 1468 5064 qute
1497 4997 1673 5063 primo
1703 5010 1823 5050 ver-

244 5061 406 5117 siculo
427 5061 913 5131 contineuturfest
935 5066 1186 5137 superbia
1207 5061 1562 5137 verborum—et
1576 5079 1822 5137 operum,

245 5145 356 5210 Quae
381 5137 852 5210 secundo.Prima
886 5135 1117 5210 species,
1172 5136 1423 5210 superbia
1473 5135 1676 5210 cordis,
1727 5138 1824 5210 seu

247 5206 471 5259 interior
501 5209 662 5261 animi
713 5209 897 5263 elatio.
949 5209 1100 5263 Multi
1149 5209 1292 5263 enim
1351 5208 1562 5262 occulte
1610 5207 1828 5276 superbi

245 5284 364 5328 sunt
382 5277 443 5350 in
465 5280 651 5343 corde,
679 5280 861 5350 magni
890 5294 948 5333 se
970 5282 1534 5350 mstimantes,_tamen
1561 5287 1828 5350 extrinse-

243 5358 333 5417 cus
379 5348 741 5405 humilitatem
779 5348 1076 5406 'simulant.
1135 5348 1379 5404 Secunda
1401 5349 1662 5417 superbia.
1701 5365 1831 5402 ocu-

247 5415 438 5492 lorum,
472 5425 559 5488 qui
592 5431 719 5474 sunt
741 5421 904 5475 veluti
927 5423 1128 5492 auriga!
1150 5429 1205 5492 et
1233 5420 1436 5492 indices
1455 5415 1648 5473 animi.
1673 5419 1831 5492 Multi

247 5488 381 5540 enim
415 5507 524 5544 non
551 5493 728 5546 minus
748 5493 894 5548 elato
917 5488 1204 5560 supercilio
1224 5491 1529 5559 despiciunt
1557 5491 1831 5559 proximos

244 5572 389 5620 suos,
424 5577 584 5628 quam
614 5578 709 5615 eos
739 5565 946 5617 tutuido
976 5576 1029 5618 et
1057 5565 1239 5618 inllato
1263 5564 1425 5618 corde
1452 5573 1826 5617 comemuunt.

248 5629 451 5704 'l'ertia,
488 5635 736 5701 superbia
767 5634 1053 5688 verborum
1097 5653 1108 5686 :
1150 5634 1310 5704 aliqui
1351 5633 1492 5688 enim
1533 5632 1740 5701 jactant
1769 5648 1829 5688 se

249 5699 444 5764 facere,
473 5699 562 5758 aut
581 5705 793 5770 fecisse,
824 5717 915 5758 aut
939 5707 1176 5759 tacturos
1197 5699 1317 5758 esse
1345 5699 1547 5772 majora
1563 5715 1616 5758 et
1637 5704 1825 5758 altiora

247 5786 403 5837 quam
438 5788 626 5830 revera
668 5778 890 5841 possint,
921 5785 978 5830 et
1013 5776 1114 5830 hoc
1148 5777 1306 5828 modo
1333 5775 1607 5828 ambulant
1639 5777 1690 5826 in
1716 5791 1826 5828 ma-

249 5844 358 5910 gnis
389 5854 439 5898 et
475 5846 788 5902 mirabilibus
814 5863 965 5916 super
991 5863 1043 5900 se
1073 5849 1212 5901 inter
1241 5845 1588 5914 loquendum.
1620 5845 1820 5914 Quarta

1931 5015 2188 5069 expresse
2227 5001 2442 5092 “habent
2467 5019 2478 5053 ε
2507 5001 2689 5092 Κύριος
2727 5003 3078 5092 ,ιξπιρηφάἶοις
3107 5001 3520 5092 ,ἀνςῇτάσσέετειῃ

1931 5081 2191 5148 τὼπςινοῖς
2222 5072 2274 5127 δὲ
2301 5071 2482 5148 didam:
2510 5069 2692 5148 χάριν.
2725 5069 3043 5148 Quatuv'et'ba
3077 5069 3330 5148 similiter
3358 5071 3520 5148 habet

1938 5149 1997 5195 1).
2032 5143 2266 5197 lacubus
2295 5147 2345 5196 in
2375 5140 2603 5208 Graeco;
2642 5160 2736 5211 pro
2790 5143 2984 5211 quibus
3031 5140 3244 5209 vulgata
3298 5140 3474 5193 versio
3505 5160 3518 5194 :

1933 5213 2054 5283 Ipse
2104 5215 2312 5268 deludet
2366 5216 2626 5280 illusores,
2658 5224 2705 5267 et
2761 5213 3048 5283 mansuetis
3069 5211 3520 5283 dabitgratiam;

1936 5281 2020 5338 vel
2078 5301 2145 5340 ex
2197 5286 2610 5340 Provcrhiorunt
2668 5282 3115 5357 xx1x(vers.23),
3153 5281 3241 5357 ubi
3266 5283 3521 5357 dicitur}

1939 5357 2234 5427 Superbum
2259 5359 2484 5427 sequitur
2506 5352 2856 5427 humilitas,e't
2879 5354 3124 5427 humilem
3144 5352 3336 5427 spiritu
3356 5354 3522 5405 susci-

1938 5421 2038 5496 piet
2067 5428 2256 5499 gloria.
2288 5421 2448 5482 Certe
2478 5429 2758 5499 apostolus
2787 5425 3023 5480 Jacobus
3051 5425 3120 5476 ab
3161 5421 3268 5499 alio
3295 5433 3520 5499 a_uctore

1940 5492 1999 5551 Se
2031 5492 2087 5552 id
2104 5499 2382 5567 accepisse
2405 5492 2688 5552 manileSte
2716 5506 2960 5567 testatur,
2996 5509 3121 5548 cum
3151 5494 3226 5567 ait
3252 5512 3264 5546 :
3298 5492 3520 5565 Propter

1937 5573 2076 5637 quod
2106 5565 2250 5633 dicit,
2283 5587 2460 5641 nempe
2486 5570 2778 5641 Scriptura,
2813 5567 2891 5641 vel
2910 5566 3146 5641 ‘Spiritus
3177 5565 3238 5619 8.
3263 5569 3317 5618 in
3339 5581 3444 5641 ea,_
3448 5569 3519 5622 ait

1938 5642 1996 5694 ὃ.
2027 5643 2260 5696 Thomas
2292 5659 2306 5693 :
2334 5638 2473 5693 Deus
2499 5638 2727 5708 superbis
2755 5638 2960 5699 resistit,
2993 5645 3123 5702 etc.;
3156 5651 3254 5705 pro
3277 5652 3384 5708 quo
3415 5638 3520 5691 Pa-

1938 5723 2047 5767 tres
2076 5713 2327 5781 superius
2347 5711 2492 5765 citati
2517 5710 2702 5781 dtcuut
2727 5726 2741 5764 :
2775 5709 3027 5781 Dominus
3050 5709 3280 5781 superbis
3307 5709 3512 5774 resistit,

1935 5793 2118 5854 utpote
2148 5779 2386 5838 veterem
2423 5780 2727 5834 versionem
2760 5779 3004 5834 Graecam
3031 5779 3226 5835 seCuti.
