3966 6326
281 253 378 314 ³37
569 279 594 290 ·-

882 365 1112 424 CAPUT
1161 365 1255 422 IX.

348 459 800 532 Quemadmodum
835 475 930 516 nos
967 443 1500 544 quoque'superbiam
1548 475 1796 531 superare

937 549 1215 602 possimus.

351 649 534 724 ltaque
574 659 602 690 ι
635 649 784 706 hunc
809 651 1134 724 nequissimi
1163 650 1388 722 spiritus
1409 633 1660 723 laqueum
1690 652 1866 710 taliter

285 745 570 818 poterimus
597 745 854 812 evadere,
889 745 934 800 si
963 747 1016 800 in
1042 745 1292 816 singulis,
1322 745 1516 818 quibus
1537 747 1866 802 senserimus

285 853 375 892 nos
403 837 694 893 virtutibus
727 837 1060 910 proiecisse,
1107 837 1242 894 illud
1271 839 1632 909 apostolicum
1659 839 1865 896 dixeri-

283 945 392 986 mus
418 948 434 986 :
465 929 592 986 Non
619 949 738 1004 ego,
768 929 861 986 sed
897 931 1066 1002 gratia
1093 929 1190 986 Dei
1217 947 1418 986 mecum
1435 949 1456 998 ;
1496 941 1540 985 et
1571 934 1743 1004 gratia
1768 931 1866 988 Dei

281 1041 386 1080 sum
411 1025 466 1078 id
495 1027 636 1096 quod
669 1043 789 1081 sum
822 1025 872 1098 (l
893 1023 1069 1082 Corin.
1095 1025 1218 1098 xv);
1248 1035 1341 1093 et,
1385 1025 1552 1082 Deum
1594 1039 1746 1092 esse,
1779 1025 1866 1095 qui

279 1113 308 1157 δ
333 1127 577 1188 operatur
611 1119 668 1172 in
713 1117 860 1172 nobis
884 1129 931 1173 et
957 1117 1084 1173 velle
1109 1128 1172 1172 'et
1216 1117 1464 1190 perﬁcere
1501 1133 1594 1187 pro
1623 1119 1754 1172 bona
1777 1133 1866 1172 ro-

280 1209 474 1266 luntate
524 1209 774 1284 (Philip.
808 1211 888 1282 ιι)
927 1227 942 1264 :
981 1211 1200 1268 dicente
1252 1213 1411 1268 etiam
1465 1213 1588 1282 ipso
1631 1211 1867 1268 Auctore

279 1303 462 1360 salutis
487 1314 692 1360 nostrae
721 1323 732 1357 :
762 1303 868 1372 Qui
889 1313 1060 1360 manet
1089 1306 1144 1358 in
1174 1322 1254 1360 me
1277 1315 1326 1362 et
1351 1323 1442 1376 ego
1465 1306 1520 1360 in
1551 1322 1630 1376 eo,
1651 1304 1737 1360 hic
1767 1309 1866 1376 {ert

277 1401 496 1470 {ructu
525 1399 784 1464 multum;
825 1400 952 1470 quia
998 1399 1108 1454 sine
1147 1415 1227 1452 me
1267 1399 1398 1454 nihil
1447 1399 1658 1466 potestis
1695 1397 1866 1466 facere

279 1491 450 1566 (lacn.
475 1489 592 1562 xv).
631 1491 729 1556 Et,
761 1492 864 1545 nisi
893 1489 1150 1546 Dominus
1180 1491 1514 1560 aediﬁcaverit
1537 1490 1779 1556 domum,
1807 1492 1862 1542 in

277 1599 458 1640 vanum
503 1581 872 1638 laboraverunt
919 1585 1008 1654 qui
1054 1583 1316 1652 mitiﬁcant
1365 1597 1497 1638 eam.
1531 1581 1654 1638 Nisi
1685 1579 1862 1636 Domi-

277 1692 368 1732 nus
397 1675 704 1732 custodiuit
750 1676 1006 1732 civitatem
1025 1717 1042 1742 ,
1095 1676 1292 1748 [rustra
1326 1677 1498 1748 vigilat
1523 1677 1612 1748 qui
1641 1675 1866 1732 custodit

838 252 930 310 DE
971 248 1452 312 C(ENOBIORUM
1491 245 1731 308 INSTI'I'.
1771 249 1905 310 LIB.
1943 249 2062 308 III.
2093 281 2164 296 —-
2187 251 2278 310 DE
2315 253 2590 313 SPIRITU
2628 253 3009 313 SUPERBIE.

3449 255 3558 314 ιω

1881 349 1946 431 Ἀ
1967 382 2175 440 surgere
2195 367 2217 440 (
2239 366 2415 439 Ibid.)
2441 387 2454 424 :
2487 369 2620 435 Quia
2657 385 2760 424 non
2796 379 2872 424 est
2897 369 3136 438 uolentis,
3160 385 3324 442 neque
3349 385 3563 428 curren-

1970 467 2036 520 tis
2053 505 2068 532 ,
2096 462 2187 518 sed
2214 465 2504 530 miserantis
2531 466 2631 522 Dei
2661 465 2840 538 (Rom.
2869 467 2972 540 ιι).

2596 558 2826 616 CAPUT
2865 558 2936 614 Χ.

1973 649 2130 734 Quod
2149 665 2296 734 nemo
2313 652 2472 734 possit
2488 654 2854 734 perfectionem
2875 653 3138 734 uirtutum,
3153 652 3233 734 vel
3253 655 3564 734 promissam

2111 723 2482 777 beatitudinem
2507 723 2616 778 suis
2645 733 2841 778 tantum
2871 724 3144 778 virtutibus
3169 723 3417 781 obtinere.

2039 837 2247 894 Nullius
2297 853 2571 909 namque,
2622 841 2871 910 quamvis
2919 841 3150 896 volentis
3180 851 3235 896 et
3264 841 3562 910 currentis,

1969 935 2081 984 tam
2101 929 2295 984 idonea
2327 937 2508 1000 potest
2537 930 2788 986 voluntas
2815 946 2938 987 esse
2963 931 3050 986 vel
3077 947 3290 998 cursus,
3319 941 3378 987 ut
3398 947 3564 990 carne

1969 1023 2188 1094 spiritui
2217 1031 2558 1094 repugnante
2581 1024 2970 1088 circumdatus,
2995 1025 3173 1079 valeat
3203 1033 3411 1080 tantum
3441 1041 3565 1096 per-

1969 1115 2227 1174 fectionis
2257 1119 2538 1188 prmmium
2567 1127 2622 1174 et
2647 1119 2879 1188 palmam
2913 1119 3241 1190 integritatis
3269 1135 3332 1175 ac
3357 1121 3562 1190 purita-

1967 1209 2039 1266 tis
2063 1209 2336 1280 attingere
2358 1255 2372 1280 ,
2419 1221 2442 1248 ο
2475 1211 2580 1266 nisi
2613 1211 2780 1266 fuerit
2809 1211 2988 1266 divina
3015 1211 3356 1266 miseratione
3379 1219 3564 1282 prote-

1969 1314 2093 1362 ctus
2113 1348 2128 1374 ,
2159 1315 2218 1362 ut
2247 1306 2314 1362 ad
2339 1305 2472 1362 illud
2503 1305 2650 1376 quod
2678 1321 3010 1378 magnOpere
3045 1307 3155 1360 vult
3181 1349 3194 1372 ,
3223 1315 3278 1362 et
3305 1321 3410 1377 quo
3437 1321 3562 1362 cur-

1969 1400 2070 1468 rit,
2103 1401 2389 1470 pervenire
2427 1409 2723 1456 mereatur.
2769 1399 2929 1454 Omne
2973 1400 3105 1454 enim
3133 1400 3312 1454 datum
3350 1399 3558 1468 bonum,

1967 1500 2019 1546 et
2039 1507 2190 1546 omne
2217 1492 2412 1546 donum
2445 1493 2729 1564 perfectum
2777 1493 3044 1546 desursum
3097 1502 3200 1561 est,
3249 1493 3564 1547 descendens

1971 1601 2003 1638 a
2029 1583 2192 1640 Patre
2229 1585 2482 1640 luminum
2527 1583 2732 1655 (Iacob.
2763 1583 2823 1654 ι).
2885 1583 3022 1652 Quid
3063 1585 3194 1638 enim
3225 1584 3380 1660 habes
3422 1581 3564 1654 quod

1971 1694 2074 1734 non
2101 1677 2342 1748 accepisti
2367 1677 2392 1734 .’
2421 1677 2572 1744 Quod
2600 1677 2646 1732 si
2670 1677 2911 1748 accepisti
2935 1721 2950 1746 ,
2981 1677 3106 1746 quid
3145 1677 3385 1750 gloriaris
3413 1675 3564 1746 quasi

274 1783 380 1824 eam
403 1767 636 1840 (Psalm.
661 1767 866 1837 cnvt).
899 1769 988 1838 Et,
1033 1768 1232 1824 Vanum
1259 1781 1332 1824 est
1357 1771 1498 1825 vobis
1539 1778 1660 1824 ante
1699 1775 1866 1824 lucem
1897 1763 1945 1822 B
1971 1784 2074 1824 non
2096 1771 2352 1840 acceperis
2377 1768 2430 1840 (Ι
2457 1765 2634 1824 Corin.
2667 1767 2791 1838 Iv)?

1343 1908 1602 1966 ALARDI
1641 1906 1868 1964 GAZEI
1908 1906 2476 1964 COMMENTARIUS.

275 2011 416 2072 atque
456 2003 822 2060 inconcussum
860 2013 1058 2066 tenere,
1105 2003 1298 2058 scilicet
1341 2003 1714 2064 humilitatem,
1764 2017 1864 2072 quo

275 2071 507 2129 Christus
535 2083 688 2130 natus
717 2085 786 2129 est
815 2075 950 2128 Deus
977 2089 1041 2128 ea:
1062 2073 1276 2142 femina,
1308 2083 1354 2128 et
1379 2089 1412 2127 a
1437 2075 1738 2128 mortalibus
1769 2071 1862 2142 per

273 2155 436 2202 tantas
481 2149 824 2218 contumelias
873 2145 1149 2218 perductus
1193 2145 1271 2218 ad
1303 2155 1556 2208 mortem;
1603 2159 1862 2198 summum

272 2231 374 2271 esse
415 2217 881 2284 medicamentum,
926 2233 1028 2288 quo
1071 2217 1322 2282 superbire
1363 2225 1552 2270 nostra!
1593 2225 1864 2288 sanantur

273 2299 439 2360 tumor
452 2305 472 2354 ;
503 2297 552 2342 et
596 2289 764 2343 altum
805 2287 1203 2354 sacramentum,
1247 2303 1348 2358 quo
1377 2289 1574 2360 peccati
1599 2287 1862 2342 uinculum

273 2359 572 2412 solueretur.

339 2439 366 2466 ⁸
405 2429 504 2514 illo
537 2428 790 2514 nimirum
823 2427 1141 2514 humilitatis
1167 2429 1464 2514 praesidio.‘
1497 2429 1564 2482 de
1603 2443 1709 2512 quo
1743 2443 1863 2484 cer-

273 2500 372 2556 tior
424 2499 604 2556 factus
645 2501 702 2554 S.
739 2499 1039 2570 Antonius,
1091 2499 1182 2572 qui
1231 2501 1342 2572 sibi
1379 2501 1564 2556 videre
1603 2501 1750 2553 visus
1778 2511 1863 2554 est

273 2573 532 2626 mundum
565 2572 776 2638 laqueis
805 2571 1119 2640 respersum
1145 2579 1202 2627 et
1225 2571 1519 2640 oppletum,
1545 2579 1602 2624 ut
1625 2585 1720 2640 pes
1739 2573 1860 2638 poni

271 2643 354 2697 vix
385 2651 574 2712 posset
617 2653 768 2698 extra
811 2643 1110 2712 periculum
1153 2661 1166 2696 :
1210 2657 1442 2710 cumque
1487 2652 1703 2710 rogaret
1743 2643 1863 2712 quis

271 2712 386 2782 illos
415 2715 658 2768 evadere
701 2723 912 2782 posset,
961 2714 1168 2768 audivit
1215 2713 1358 2783 quod
1401 2729 1524 2768 vere
1564 2713 1780 2767 ltumilis
1809 2713 1860 2767 id

271 2793 473 2858 posset,
505 2787 600 2858 qui
631 2799 690 2858 se
717 2783 1075 2858 humiliando,
1118 2795 1172 2858 et
1216 2785 1521 2858 adqterram
1569 2799 1739 2852 usque
1767 2784 1862 2838 de-

273 2855 556 2928 primendo
586 2857 686 2910 sub
714 2857 954 2910 extensis
987 2857 1193 2928 laqueis
1219 2855 1368 2928 velut
1397 2863 1738 2926 perreperet,
1770 2863 1862 2908 aut

275 2927 354 2998 qui
387 2927 576 2998 mundi
596 2928 1100 2998 voluptatesquasi
1131 2927 1356 2998 pedibus
1375 2996 1381 2998 ἒ
1401 2943 1512 2998 prae
1541 2933 1856 2994 contemptu

273 2996 504 3070 enicaret
532 2997 552 3070 (
570 2997 790 3070 Atham,
820 3000 872 3070 in
905 2997 1027 3070 Vita
1059 2996 1414 3068 SfAntonii).
1459 2997 1565 3070 Est
1595 3007 1774 3051 tamen
1807 3007 1862 3052 et

271 3069 464 3140 tertius
493 3067 693 3140 modus
715 3069 974 3124 evadendi
1023 3069 1240 3140 laqueos
1265 3111 1278 3134 ,
1312 3067 1626 3140 (praesertim
1669 3083 1860 3140 super-

273 3135 392 3204 biae,
443 3155 539 3196 eos
579 3137 791 3194 scilicet
827 3135 1244 3210 perrumpendo.
1295 3135 1507 3205 Quaeris
1551 3139 1860 3208 quomodo?

273 3211 448 3282 gladio
492 3211 906 3282 spirirtus,quod
947 3221 1022 3266 est
1067 3211 1280 3264 verbum
1320 3210 1438 3264 Dei.
1485 3211 1669 3266 Monet
1715 3211 1856 3264 enim

274 3279 564 3352 apostolus
604 3279 954 3352 (Ephes.rvt)
995 3291 1051 3336 ut
1078 3283 1354 3346 induantus
1406 3298 1502 3334 nos
1544 3289 1860 3334 armaturam

273 3343 396 3420 Dei,
449 3343 757 3419 πανοτέλίάν,
805 3351 856 3406 id
889 3343 1004 3422 est,
1053 3343 1440 3406 universitatem
1482 3367 1772 3412 armorum.
1801 3362 1860 3406 ut

277 3425 618 3489 Ambrosius;
649 3423 728 3476 uel
762 3424 1000 3476 uniuersa
1028 3439 1192 3488 arma,
1219 3435 1278 3476 ut
1309 3423 1668 3494 Hieronymus
1697 3437 1862 3490 expo-

275 3497 365 3565 nit,
389 3503 452 3548 ut
477 3499 732 3565 possimus
753 3504 890 3549 stare
907 3495 1153 3548 adversus
1181 3495 1398 3548 insidias
1425 3495 1620 3548 diaboli
1642 3513 1661 3560 ;
1701 3503 1862 3564 atque

274 3563 412 3621 Inter
453 3563 568 3619 lucc
595 3579 768 3630 arma,
803 3575 913 3619 tum
943 3565 1249 3631 delensiva,
1299 3575 1412 3619 tum
1443 3565 1723 3632 ollensiva,
1751 3563 1864 3619 me-

273 3645 448 3692 morat
477 3635 710 3708 gladium
738 3636 972 3706 spiritus,
1004 3635 1143 3708 quod
1177 3643 1250 3708 est
1281 3635 1489 3688 uerbum
1519 3636 1730 3708 Dei.7Et
1761 3635 1864 3690 hoc

274 3723 410 3777 nunc
457 3707 567 3777 agit
609 3708 832 3777 Auctor,
881 3719 934 3760 ut
979 3707 1169 3761 contra
1213 3707 1517 3761 daemonum
1561 3707 1784 3762 iﬂSidl-IS
1810 3719 1865 3762 et

274 3771 525 3848 laqueos,
543 3779 737 3848 quibus
757 3775 996 3848 nituntur
1017 3779 1366 3846 supplantare
1387 3793 1606 3847 gressus
1627 3787 1860 3844 nostros,

273 3847 512 3920 gladium
543 3847 764 3920 spiritus
787 3892 800 3916 ,
835 3847 940 3903 hoc
968 3859 1080 3914 est,
1110 3849 1333 3904 verbum
1379 3851 1471 3902 ltei
1500 3863 1861 3916 assumamus,

277 3919 326 3975 et
353 3919 557 3975 divinat
585 3919 884 3988 Scriptura:
915 3919 1198 3974 sententiis
1240 3920 1464 3984 muniti,
1493 3935 1610 3989 quae
1655 3925 1866 3974 nostra-

275 4005 388 4046 rum
445 3992 642 4045 virium
672 3991 1100 4062 imbecillitatem
1145 3999 1200 4045 et
1228 3991 1424 4044 divina:
1464 3991 1652 4062 gratiae
1680 4005 1866 4044 neces-

275 4065 492 4116 sitatem
555 4061 714 4116 nobis
761 4063 1066 4125 inculcant,
1119 4062 1364 4116 occultos
1409 4061 1866 4130 et’subrepentes

277 4134 546 4201 superbiae
589 4142 796 4196 motus,
827 4133 990 4188 veluti
1037 4133 1257 4202 ancipiti
1297 4133 1501 4200 gladio,
1547 4149 1864 4203 perrumpa-

277 4219 394 4258 mus
443 4219 509 4257 ac
553 4203 902 4272 dissipemus.
953 4203 1106 4270 Quod
1155 4205 1351 4272 insigni
1398 4205 1676 4272 exemplo,
1717 4215 1772 4256 et
1799 4207 1868 4258 ad

279 4273 416 4344 hunc
449 4273 629 4329 locum
665 4289 920 4344 perquam
944 4279 1373 4342 aecommodato,
1407 4276 1592 4330 docuit
1629 4275 1868 4329 Joannes

277 4343 552 4400 Climacus
589 4345 760 4414 gradu
785 4343 889 4410 ει,
935 4347 1025 4399 ubi
1063 4359 1251 4400 senem
1293 4349 1582 4414 quemdam
1627 4349 1680 4399 in
1709 4349 1868 4414 spiri-

279 4418 413 4486 tuali
439 4415 698 4471 conﬂictu
745 4417 962 4486 egregie
989 4425 1262 4470 versatum
1291 4417 1360 4470 ita
1376 4417 1440 4470 de
1467 4433 1530 4472 sc
1557 4425 1868 4471 narrantem

280 4485 486 4543 inducit
513 4505 524 4540 :
559 4487 686 4540 Cum
715 4487 972 4546 sederem.
1008 4487 1209 4556 inquit,
1251 4489 1305 4540 in
1334 4497 1462 4540 coetu
1487 4489 1740 4558 quodam,
1776 4489 1870 4540 ad-

281 4561 528 4613 venientes
551 4559 620 4611 ad
648 4574 728 4611 me
752 4557 1050 4612 cenodoxiw
1071 4567 1118 4611 et
1142 4560 1394 4627 superbia!
1415 4557 1692 4626 tltemones,
1714 4561 1870 4626 juxta

282 4645 356 4682 me
381 4647 448 4686 e1:
474 4639 694 4698 utraque
728 4637 874 4700 parte
903 4629 1140 4682 sederunt
1173 4645 1192 4681 :
1235 4640 1280 4683 et
1309 4647 1442 4682 unus
1468 4646 1530 4684 ea:
1561 4631 1636 4682 Itis
1664 4630 1870 4700 quidem

1969 2001 2098 2056 tiam
2140 2017 2154 2066 ;
2198 2001 2263 2056 50
2291 2001 2689 2070 perrumpendo
2727 2017 2790 2058 ac
2837 2001 3152 2070 dissipando
3196 2015 3292 2072 per
3333 2003 3564 2058 verbum

1969 2073 2100 2137 Dei;
2147 2073 2342 2140 quibus
2389 2073 2512 2126 addi
2553 2083 2732 2142 potest
2771 2083 2824 2128 et
2867 2081 3096 2142 quartus
3143 2087 3242 2141 per
3287 2087 3344 2128 se
3375 2085 3560 2142 notus,

1969 2143 2226 2198 videlicet
2255 2143 2581 2198 declinando
2616 2159 2643 2196 a
2671 2145 2792 2198 loco
2833 2146 2920 2198 ubi
2959 2153 3082 2198 sunt
3115 2145 3288 2214 lquei
3310 2186 3324 2210 ,
3357 2145 3410 2198 id
3454 2153 3558 2212 est,

1968 2215 2036 2270 sb
2063 2215 2289 2282 objectis
2331 2225 2386 2270 et
2425 2215 2800 2270 occasionibus
2841 2224 3224 2284 peccatorum,
3257 2231 3366 2284 quo
3395 2229 3564 2272 sensu

1969 2285 2033 2339 Ι).
2069 2285 2396 2354 Augustinus
2436 2287 2500 2338 ad
2531 2285 2658 2339 illud
2687 2287 2880 2354 psalmi
2909 2301 3033 2339 om
3069 2303 3080 2338 :
3125 2283 3191 2338 In
3223 2283 3303 2338 uia
3332 2287 3430 2339 hac
3459 2303 3564 2356 qua

1967 2357 2316 2420 ambulabant,
2346 2357 2938 2426 absconderantsuperbi
2967 2357 3204 2426 laqueum
3229 2359 3386 2422 mihi;
3407 2371 3562 2412 nota-

1965 2429 2042 2498 vit
2069 2429 2122 2482 in
2155 2427 2270 2498 ipsa
2301 2428 2384 2482 via
2423 2429 2634 2484 Domini
2677 2443 2782 2482 non
2813 2441 2975 2498 posse
3005 2429 3128 2494 poni
3165 2429 3387 2492 laqueos
3411 2469 3428 2498 ν,
3463 2429 3562 2484 sed

1963 2496 2115 2567 juxta
2149 2496 2312 2562 viam,
2351 2509 2407 2553 ut
2433 2500 2635 2554 dictum
2675 2506 2761 2553 est
2799 2496 2852 2551 in
2897 2499 3103 2566 psalmo
3129 2513 3326 2553 exs-xix
3355 2517 3367 2550 :
3393 2497 3562 2554 Juxta

1967 2572 2063 2624 iter
2091 2569 2400 2624 scandalum
2433 2579 2714 2636 posuerunt
2759 2569 2905 2622 mihi.
2941 2569 3092 2624 Unde
3119 2579 3176 2623 et
3211 2569 3562 2624 Ecclesiasti-

1967 2653 2064 2712 cus
2093 2655 2214 2710 cap.
2249 2655 2300 2694 ιχ
2341 2641 2474 2712 dicit
2509 2660 2521 2695 :
2555 2641 2776 2712 Ignoras
2813 2639 2934 2712 quia
2961 2641 3012 2692 in
3055 2639 3224 2712 medio
3257 2641 3560 2708 laqueorum

1965 2711 2249 2782 ingrederis
2272 2713 2296 2766 .’
2327 2711 2464 2779 Quid
2485 2721 2558 2768 est
2577 2711 2598 2776 ,
2621 2713 2794 2778 inquit
2817 2751 2830 2772 ,
2859 2711 2912 2764 in
2937 2713 3102 2772 medio
3135 2711 3433 2780 laqueorum
3455 2713 3482 2766 .’
3505 2715 3561 2766 in

1965 2781 2048 2836 via
2072 2781 2262 2836 Christi
2287 2800 2301 2834 :
2329 2792 2450 2836 sunt
2479 2785 2614 2836 enim
2645 2783 2816 2852 laquei
2859 2797 2892 2834 a
2933 2783 3126 2835 dea-tris
3156 2791 3202 2834 et
3229 2783 3512 2852 asinistris
3538 2801 3562 2851 ;

1963 2855 2020 2906 in
2047 2855 2214 2907 medio
2241 2863 2316 2908 est
2343 2855 2678 2924 t'iajustitiw.
2710 2851 2840 2906 Cum
2865 2869 2984 2924 ergo
3013 2853 3224 2916 dicitur,
3254 2851 3418 2906 Invia
3440 2853 3560 2910 abso

1967 2925 2256 2996 conderunt
2327 2923 2566 2996 laqueum
2593 2966 2606 2989 ,
2660 2923 3116 2996 intelligendutn
3149 2933 3234 2978 est
3299 2927 3558 2990 Opinione

1967 2995 2232 3063 ipsorum,
2263 3011 2370 3050 non
2392 2993 2605 3050 revera.
2657 2993 2790 3050 Nam
2821 3009 2941 3048 cum
2973 2995 3046 3048 illi
3073 2995 3178 3048 sint
3211 3003 3367 3048 extra
3393 2997 3558 3061 viam,

1965 3079 2020 3120 et
2048 3069 2358 3122 existiment
2388 3081 2448 3122 se
2492 3081 2612 3122 esse
2643 3067 2697 3120 in
2738 3067 2854 3130 via,
2891 3075 3096 3134 ponunt
3137 3065 3359 3134 laqueos
3410 3067 3562 3134 juxta

1963 3139 2128 3206 viam,
2162 3139 2535 3192 existimantes
2563 3153 2624 3193 se
2655 3151 2858 3207 ponere
2887 3138 2940 3191 in
2971 3138 3054 3190 via
3081 3153 3094 3190 :
3121 3139 3214 3190 sed
3249 3139 3330 3190 vir
3355 3137 3558 3206 justus,

1966 3223 2072 3262 non
2113 3207 2392 3264 declinans
2437 3225 2466 3262 a
2499 3209 2580 3262 via
2619 3209 2883 3278 justitize,
2931 3223 3108 3276 neque
3151 3208 3216 3260 ad
3255 3207 3558 3276 dexteram,

1967 3293 2143 3350 neque
2165 3281 2232 3334 ad
2262 3281 2569 3343 sinistram.
2599 3281 2822 3350 laqueos
2849 3293 3038 3333 omnes
3071 3279 3271 3350 evadit.

2037 3349 2066 3388 ι)
2111 3351 2244 3406 Vide
2271 3351 2408 3406 hanc
2432 3349 2752 3406 sententiam
2789 3365 2910 3404 cum
2939 3351 3061 3404 aliis
3089 3349 3414 3419 explicatam
3443 3352 3560 3408 col-

1967 3421 2064 3475 lat.
2097 3421 2185 3486 13,
2216 3437 2336 3490 cap.
2369 3423 2402 3476 9
2429 3431 2484 3476 et
2509 3429 2758 3492 sequent.

2040 3503 2062 3532 ο
2105 3493 2184 3546 Ad
2223 3493 2619 3548 excludendam
2653 3507 2872 3547 omnem
2911 3492 3181 3560 superbiat
3211 3499 3266 3548 et
3297 3507 3562 3562 arrogan-

1967 3564 2056 3617 tiae
2086 3565 2428 3618 occasionem
2467 3563 2767 3634 digreditur
2797 3565 3058 3632 deinceps
3089 3566 3294 3618 Auctor
3337 3579 3436 3634 per
3464 3567 3562 3620 ali-

1967 3647 2102 3704 quot
2129 3637 2340 3701 capita,
2391 3635 2442 3688 in
2477 3636 2618 3688 illam
2669 3635 3074 3698 tractationem,
3106 3649 3264 3702 quam
3297 3635 3428 3688 alias
3459 3650 3564 3690 sae-

1969 3703 2091 3775 pius
2120 3705 2296 3773 attigit
2320 3749 2334 3774 ,
2365 3704 2434 3758 de
2463 3707 2634 3774 gratia
2665 3713 2720 3758 et
2757 3705 2954 3758 auxilio
2981 3706 3164 3758 divino
3187 3703 3344 3758 nobis
3371 3720 3560 3760 neces-

1969 3779 2144 3844 sario,
2195 3787 2306 3830 tum
2371 3775 2438 3830 ad
2489 3775 2819 3846 superandas
2871 3777 3201 3846 tentationes
3259 3775 3564 3846 etdiaboli

1971 3847 2189 3916 laqueos
2219 3845 2690 3913 evadendOs,tutn
2721 3847 2786 3900 ad
2819 3845 3206 3915 perfectionem
3243 3853 3297 3900 et
3327 3845 3562 3901 beatitu-

1971 3919 2152 3973 dincm
2185 3919 2646 3988 consequendam.
2681 3917 2790 3972 Sed
2821 3925 2878 3970 ut
2901 3919 3063 3972 verba
3099 3925 3276 3972 textus
3309 3919 3558 3988 nonnihil

1969 3987 2664 4060 expendamus,(Nullius.
2715 3990 2921 4058 inquit,
2968 3993 3201 4058 quamvis
3249 3987 3466 4042 volentis
3512 3997 3562 4043 et

1970 4065 2224 4114 currentis
2250 4059 2284 4130 ί(
2309 4067 2366 4114 ut
2393 4059 2678 4115 Ciaconius
2707 4075 2776 4114 ex
2813 4061 3082 4113 Vaticanis
3106 4061 3146 4127 ),
3175 4061 3282 4120 vel,
3323 4061 3560 4130 qutnnvis

1971 4133 2210 4205 ferventis
2231 4141 2280 4187 et
2303 4133 2552 4205 cupientis
2585 4132 2677 4205 (ut
2702 4131 2975 4202 Cuycltios
3003 4147 3068 4184 ex
3099 4147 3200 4184 ms.
3233 4130 3412 4202 legit).
3448 4139 3556 4205 tam

1969 4203 2158 4258 idonea
2189 4211 2350 4274 potest
2377 4203 2614 4257 voluntas
2628 4219 2764 4274 esse,
2791 4205 2867 4255 vel
2888 4217 3088 4264 cursus.
3114 4213 3219 4255 etc.
3245 4205 3372 4267 Qum
3397 4203 3558 4274 verba

1972 4271 2240 4343 duplicent
2291 4283 2518 4340 possunt
2555 4273 2754 4328 habere
2784 4287 3023 4338 sensum,
3071 4274 3298 4326 alterum
3329 4271 3562 4343 catholi-

1971 4340 2119 4412 cuin,
2143 4357 2197 4400 et
2219 4361 2426 4412 verum;
2454 4347 2682 4401 alterum
2711 4359 3019 4408 erronetun,
3045 4353 3097 4398 et
3123 4345 3334 4396 falsum.
3361 4340 3563 4397 Catho-

1969 4419 2106 4472 licus
2136 4433 2328 4472 sensus
2363 4428 2470 4482 est,
2522 4431 2680 4486 quem
2725 4415 2910 4469 titulus
2959 4415 3118 4482 hujus
3147 4416 3334 4484 capitis
3363 4431 3474 4482 prae
3501 4429 3561 4469 se

1973 4489 2096 4546 fert.
2145 4491 2415 4543 neminem
2446 4488 2694 4557 quamvis
2739 4486 3082 4540 anhelantem
3127 4495 3182 4540 et
3229 4486 3558 4552 aspirantem

1972 4559 2040 4612 ad
2083 4559 2430 4627 perfectionis
2479 4559 2696 4612 culmen
2745 4566 2800 4610 et
2849 4557 3203 4610 beatitudinis
3253 4559 3555 4627 pranniom,

1976 4625 2135 4698 posse
2177 4631 2306 4684 illud
2333 4629 2443 4682 suis
2467 4629 2668 4682 viribus
2689 4629 2955 4696 attingere
2976 4637 3068 4681 aut
3101 4628 3394 4696 promereri
3420 4625 3561 4698 (abs-

283 4701 444 4770 digito
469 4717 561 4754 suo
585 4697 674 4752 illo
704 4697 978 4753 novissimo
1003 4701 1220 4770 pulsarit
1261 4703 1396 4754 latus
1427 4719 1593 4754 meum
1615 4743 1629 4766 ,
1658 4697 1870 4754 hortans
1897 4699 1951 4758 D
1975 4697 2080 4770 que
2112 4702 2296 4755 divino
2337 4700 2540 4754 auxilio
2573 4711 2628 4754 et
2653 4699 3002 4770 opitulatione
3029 4699 3216 4766 gratiae
3245 4716 3256 4749 :
3291 4697 3432 4766 quod
3465 4711 3559 4764 per

285 4781 336 4823 ut
375 4771 758 4842 aliquidrquod
802 4771 870 4842 ad
910 4770 1390 4841 contemplationem
1429 4777 1719 4842 pertineret,
1765 4775 1871 4826 sive

286 4857 412 4912 Opus
440 4841 702 4912 quodlibet
729 4841 784 4894 in
808 4841 1010 4894 deserto
1037 4859 1066 4892 α
1095 4859 1173 4895 mc
1191 4855 1396 4912 gestum
1426 4841 1677 4911 loquerer.
1711 4843 1872 4912 Quem

286 4911 398 4964 cum
429 4929 462 4964 a
491 4929 568 4982 me
597 4913 908 4982 expulissent
937 4912 1109 4966 dicens
1135 4929 1153 4966 :
1175 4911 1546 4967 Convertuntur
1571 4911 1868 4978 retrorsum,

285 4991 332 5057 e_t
376 4981 711 5057 erubescant,
747 4985 838 5057 qui
873 4983 1036 5057 (mala,
1065 4984 1286 5056 cogitant
1317 4983 1441 5057 mihi
1483 4983 1722 5057 (Psalm.
1765 4987 1868 5056 vt).

289 5051 536 5123 Protinus
561 5055 634 5114 is.
669 5051 814 5122 quia
837 5055 1064 5108 sinistris
1088 5051 1226 5120 erat,
1255 5056 1324 5107 ad
1350 5051 1524 5110 aurem
1565 5057 1688 5109 inihi
1719 5051 1869 5123 dixit,

291 5121 414 5196 Eia,
462 5123 584 5196 bene
609 5121 798 5196 fecisti,
843 5141 1156 5196 magnusth
1195 5125 1405 5194 e/I‘ertus
1447 5142 1498 5180 es
1529 5141 1547 5178 :
1575 5128 1762 5194 quippe
1787 5121 1875 5194 qui

291 5195 786 5264 impudentissimam
829 5195 1042 5248 matrem
1081 5213 1244 5268 meam
1273 5198 1465 5251 viceris.
1501 5197 1581 5250 Ad
1611 5213 1758 5266 quem
1784 5215 1876 5268 ego

293 5273 550 5332 sequentes
581 5281 752 5318 versus
784 5281 1046 5318 assumens
1069 5267 1196 5332 dixi,
1225 5269 1532 5321 Arcrtantur
1557 5271 1728 5321 statim
1759 5267 1875 5323 eru-

295 5333 571 5408 bescentes,
599 5337 688 5406 qui
718 5337 896 5389 dicunt
924 5337 1070 5400 mihi,
1097 5335 1198 5391 Eia
1229 5339 1351 5392 bene
1375 5341 1561 5408 fecisti.
1595 5339 1722 5394 "100
1755 5341 1870 5396 ille.

293 5405 372 5479 Ac
402 5405 866 5476 deindc’expticat
904 5423 1009 5477 quo
1051 5423 1214 5464 sensu
1259 5405 1454 5466 dixerit
1501 5414 1710 5464 inanem
1751 5415 1871 5479 glo-

295 5476 879 5552 riam,_matremesse
917 5476 1216 5552 Superbiae;
1249 5495 1352 5548 qua
1395 5483 1460 5534 de
1503 5497 1560 5537 re
1589 5482 1714 5536 alibi
1744 5476 1872 5552 age-

297 5561 441 5601 mus.
477 5547 651 5603 Habes
683 5549 844 5618 igitur
874 5565 941 5602 ex
971 5551 1150 5612 dictis,
1184 5547 1318 5620 quas
1364 5555 1636 5606 memoria:
1669 5547 1873 5607 utiliter

299 5623 661 5693 commendes,
697 5629 806 5674 tres
837 5619 1024 5693 modos
1071 5619 1330 5676 evadendi
1378 5623 1598 5693 laqueos
1643 5625 1871 5682 diaboli:

301 5689 569 5762 videlicet,
603 5692 664 5746 1ο
695 5691 1060 5746 submittendo
1102 5707 1182 5758 se,
1230 5705 1285 5747 et
1327 5689 1492 5748 vctu-ti
1536 5695 1875 5762 subrependo

305 5774 402 5825 per
423 5761 735 5818 humilitatis
755 5762 1099 5826 exercitium;
1122 5763 1186 5817 2°
1207 5765 1466 5821 calcando
1488 5781 1584 5838 per
1607 5761 1876 5822 abstinen-

1980 4786 2040 4826 se
2067 4773 2286 4826 evidens
2317 4781 2416 4832 est,
2449 4785 2571 4825 cum
2601 4769 2906 4838 hujusnmdi
2935 4771 3070 4822 bona
3102 4771 3210 4822 sint
3237 4777 3562 4834 supernatu-

1979 4845 2135 4906 ralia,
2155 4853 2208 4896 et
2235 4843 2412 4898 omnia
2437 4853 2616 4896 nostra
2647 4843 2834 4895 merita
2859 4841 3127 4908 pendeant
3156 4855 3218 4894 ex
3253 4840 3344 4890 llei
3366 4841 3557 4908 gratia,

1979 4914 2148 4968 immo
2177 4919 2284 4968 sint
2314 4914 2482 4982 ipsius
2513 4913 2672 4976 dona,
2719 4921 2780 4966 ul
2807 4912 3002 4966 docent
3034 4913 3217 4965 Patres
3254 4909 3561 4982 (Tridentini

1982 4983 2166 5056 (διεδ.
2201 4988 2254 5048 6,
2285 4979 2475 5056 6.-10),
2504 4997 2620 5051 post
2651 4985 2691 5038 Β
2743 4981 3365 5056 Augustinum(pluribus
3392 4979 3448 5035 in
3475 4979 3562 5035 lo-

1981 5053 2079 5112 cis.
2113 5059 2262 5110 Alter
2291 5053 2482 5111 sensus
2503 5069 2786 5120 erroneus,
2818 5053 3370 5120 etSemipelagimms.
3403 5065 3561 5118 posse

1983 5128 2255 5181 hominem
2285 5143 2350 5180 ex
2379 5143 2438 5180 se
2469 5127 2606 5180 bene
2637 5127 2793 5188 velle,
2815 5126 2950 5179 bene
2975 5139 3216 5188 currere,
3243 5122 3294 5175 id
3325 5129 3429 5184 est,
3464 5121 3588 5173 lia--

1981 5199 2112 5253 bere
2159 5199 2354 5252 bonam
2405 5199 2772 5260 voluntatem,
2833 5211 2926 5249 seu
2975 5197 3172 5248 bonum
3226 5195 3562 5262 propositum

1977 5269 2286 5338 concipere,
2311 5277 2364 5324 et
2395 5271 2556 5322 multa
2590 5271 2725 5320 bona
2752 5283 2914 5336 opera
2943 5273 3198 5338 imitatore
3229 5273 3316 5318 aut
3341 5263 3564 5316 inclma-

1977 5355 2038 5396 re
2065 5383 2077 5405 ,
2107 5337 2302 5410 quibus
2334 5339 2400 5394 ad
2425 5339 2684 5408 justitiam
2723 5347 2772 5390 et
2816 5337 3194 5410 perfectionem
3243 5349 3564 5404 promovea-

1976 5421 2086 5478 tur,
2116 5407 2209 5465 aut
2254 5407 2440 5465 saltem
2487 5411 2802 5466 di-ponatur
2842 5423 2907 5462 ex
2937 5407 3140 5461 viribus
3182 5414 3422 5468 naturaa,
3455 5420 3564 5461 non

1979 5493 2156 5537 tamen
2189 5497 2344 5550 posse
2374 5482 2439 5535 ad
2467 5481 2850 5550 perfectionem
2879 5489 2932 5532 et
2969 5479 3192 5531 salutem
3225 5479 3562 5550 pertingere,

1979 5557 2082 5610 nisi
2115 5549 2296 5608 divina
2329 5549 2674 5606 miseratione
2703 5559 2756 5602 ct
2778 5551 2944 5618 gratia
2973 5551 3171 5602 bonum
3205 5549 3334 5603 illud
3361 5561 3563 5618 propo-

1981 5626 2138 5679 situm
2165 5627 2215 5678 in
2239 5639 2304 5678 co
2327 5619 2702 5686 conﬁrmetur,
2729 5621 3034 5688 perﬁciatur
3059 5627 3116 5676 et
3134 5627 3560 5678 consummetur.

1981 5697 2098 5764 Qua
2127 5697 2193 5750 de
2223 5711 2282 5750 re
2311 5696 2460 5765 plura
2489 5691 2713 5747 interius
2736 5691 3004 5748 dicentur.
