3966 6326
280 334 375 390 Mi

279 465 501 513 summa,
546 464 653 503 non
677 450 910 505 volemis
941 467 1113 520 neque
1135 453 1420 515 currentis,
1454 452 1546 503 sed
1577 452 1839 505 miseren-
1877 453 1922 510 Α

279 545 343 598 tis
367 552 448 598 est
479 542 577 597 Dei
619 542 799 614 (Rom.
839 543 961 614 tx):
999 544 1090 613 qui
1129 559 1460 614 nequaquam
1487 545 1731 598 laborum
1762 543 1847 599 vel

278 649 464 690 cursus
489 635 664 689 nostri
695 635 890 689 merito
924 644 1333 704 compensante,
1364 637 1615 690 vitiorum
1639 650 1738 690 nos
1768 636 1846 688 fa-

279 728 349 781 cit
373 740 493 781 esse
519 727 754 781 victores
783 741 882 780 nec
927 727 1296 795 aequiparante
1334 736 1532 781 nostra:
1559 727 1849 781 voluntatis

280 815 558 882 industria,
593 828 699 870 tam
727 817 951 871 arduum
982 817 1304 888 integritatis
1327 818 1542 872 culmen
1569 819 1849 888 subiugata

194 957 201 965 .
278 924 375 977 qua
414 909 638 974 utimur,
691 923 855 964 carne
899 910 1281 964 conscendere.
1321 919 1344 945 "
1385 910 1536 964 Nulla
1584 912 1848 981 siquidem

277 1001 518 1070 corporis
549 1001 710 1070 hujus
735 1001 976 1066 afﬂictio,
1019 1002 1271 1071 nullaque
1295 1003 1474 1056 cordis
1503 1005 1757 1058 contritio
1783 1004 1849 1058 ad

278 1092 666 1162 capessendam
698 1108 878 1148 veram
909 1094 1055 1148 illam
1101 1093 1373 1147 interioris
1415 1095 1647 1150 hominis
1685 1095 1851 1150 casti-

279 1194 434 1238 tatem
469 1194 649 1254 potest
673 1201 794 1240 esse
824 1186 1116 1256 condigna,
1145 1195 1201 1240 ut
1240 1195 1441 1240 tantam
1474 1187 1726 1255 puritatis
1748 1187 1854 1241 vir-

277 1286 440 1331 tutent
470 1278 678 1346 angelis
704 1279 836 1332 solis
879 1279 1196 1348 ingenitam,
1227 1280 1458 1348 ccelique
1486 1280 1851 1346 vernaculam,

275 1367 416 1422 nudo
439 1368 676 1422 humano
697 1369 902 1434 labore,
925 1371 977 1424 id
1002 1379 1106 1435 est,
1130 1373 1246 1425 sine
1268 1371 1536 1440 adjutorio
1559 1372 1651 1425 Dei
1676 1373 1856 1426 valeat

273 1459 557 1514 obtinere:
590 1462 718 1528 quia
751 1461 912 1516 totius
955 1462 1081 1515 boni
1114 1461 1339 1516 effectus
1363 1463 1431 1516 ab
1468 1462 1607 1515 illius
1639 1462 1856 1530 proﬂuit

273 1555 474 1624 gratia,
499 1555 591 1624 qui
615 1562 822 1609 tantam
849 1558 1236 1624 perennitatem
1271 1555 1638 1618 beatitudinis,
1673 1564 1727 1609 et
1757 1556 1857 1609 im-

275 1648 616 1702 mensitatem
655 1649 838 1718 glorias
861 1690 877 1714 ,
916 1651 1125 1718 exiguae
1163 1650 1457 1715 voluntati,
1509 1648 1764 1716 brevique
1791 1662 1855 1702 ac

277 1755 440 1811 parvo
467 1740 651 1795 cursui
679 1750 894 1805 nostro,
929 1741 1278 1808 multiplicata
1310 1740 1583 1809 largitate,
1612 1735 1850 1792 donavit.

871 1831 1096 1887 CAPUT
1136 1831 1247 1887 XII.
1880 1826 1930 1887 Β

277 1966 434 2033 Quod
455 1963 633 2018 nullus
670 1966 736 2018 sit
764 1964 928 2028 labor,
973 1965 1062 2032 qui
1093 1964 1249 2030 possit
1285 1965 1604 2035 repromissae
1633 1964 1851 2017 beatitu-

832 2036 939 2087 dini
972 2035 1281 2104 comparari.

346 2125 374 2164 δ
400 2124 586 2181 Omnis
623 2125 763 2180 enim
796 2126 1109 2194 longzevitas
1142 2125 1266 2178 vita:
1299 2126 1601 2193 praesentis,
1631 2140 1752 2180 cum
1781 2125 1851 2179 ad

271 2216 417 2270 illam
464 2215 656 2270 futurae
699 2215 885 2284 gloria:
931 2216 1320 2284 perennitatem
1363 2217 1695 2283 reSpexeris,
1725 2230 1852 2270 eva-

272 2309 475 2372 nescit;
519 2317 576 2362 et
603 2307 821 2362 dolores
852 2308 1029 2361 cuncti
1067 2307 1522 2375 contemplatione
1561 2307 1706 2361 illius
1752 2308 1852 2362 im-

836 337 920 391 DE
958 335 1434 393 C(ENOBIORUM
1475 333 1716 390 INSTIT.
1759 335 1887 390 LIB.
1928 334 2044 390 XII.
2080 361 2136 385 =
2167 337 2254 391 DF.
2292 338 2559 395 SPIRITU
2598 339 2982 398 SUPERBIE.

3406 344 3512 396 «ΜΞ.

1953 468 2150 506 mensae
2201 453 2546 510 beatitudinis
2581 456 2910 526 eﬂugantur,
2953 468 3113 527 atque
3156 467 3215 513 ut
3251 460 3423 514 fumus
3448 462 3516 514 ad

1955 541 2180 597 nihilum
2217 545 2491 600 extenuati
2515 546 2834 616 liquescunt,
2860 555 2915 604 et
2934 563 3218 620 nusquam,
3242 559 3299 604 ut
3319 550 3517 616 favilla,

1949 645 2283 704 comparent.

2532 772 2756 831 CAPUT
2795 776 2932 832 XIII.

1991 883 2222 939 Traditio
2248 884 2506 940 seniorum
2535 887 2596 941 de
2625 893 2989 959 consequentur
3025 894 3263 961 puritatis
3292 895 3464 947 modo.

2022 1020 2362 1089 Quapropter
2392 1021 2503 1092 jam
2548 1030 2762 1090 tempus
2791 1033 2874 1079 est
2912 1034 2972 1080 ut
3001 1027 3132 1096 ipsis
3171 1028 3364 1095 quibus
3419 1038 3526 1082 tra—

1953 1111 2089 1166 dunt
2114 1111 2292 1168 verbis
2319 1111 2540 1167 Patrum
2579 1117 2901 1170 sententiam
2949 1117 3304 1187 proferamus,
3336 1135 3522 1173 eorum

1954 1203 2162 1258 scilicet
2181 1204 2272 1272 qui
2300 1204 2441 1258 viam
2473 1205 2819 1274 perfectionis
2850 1219 2904 1261 et
2932 1210 3244 1277 qualitatem
3273 1211 3388 1280 ejus
3420 1227 3525 1266 non

1955 1295 2246 1350 verborum
2289 1296 2548 1364 iactantia
2588 1296 2972 1368 depinxerunt,
3011 1301 3106 1355 sed
3153 1305 3328 1369 potius
3370 1320 3428 1358 re
3475 1315 3531 1360 et

1957 1402 2121 1456 opere
2158 1401 2222 1442 ac
2260 1390 2458 1443 virtute
2496 1388 2718 1458 spiritus
2763 1393 3124 1460 possidentes,
3149 1396 3530 1462 experimentis

1957 1492 2075 1532 eam
2128 1478 2359 1548 propriis
2405 1488 2460 1534 et
2499 1481 2761 1550 exemplis
2803 1484 3120 1538 certissimis
3172 1487 3526 1541 tradiderunt.

1957 1568 2122 1623 Aiunt
2152 1571 2330 1638 itaque
2353 1585 2460 1625 non
2491 1586 2652 1639 posse
2677 1572 2743 1626 ad
2774 1589 2966 1643 purum
3007 1579 3311 1646 quempiam
3343 1595 3532 1634 carna-

1959 1659 2102 1714 libus
2127 1661 2274 1714 vitiis
2302 1662 2604 1727 emundari,
2639 1664 2738 1718 nisi
2771 1667 3080 1722 universum
3111 1670 3347 1725 laborem
3377 1687 3531 1726 suum

1960 1763 2119 1823 atque
2145 1761 2394 1809 conatum
2421 1756 2489 1810 ad
2525 1766 2685 1811 tantae
2710 1758 3054 1825 perfectionis
3072 1761 3231 1816 linem
3256 1761 3531 1818 intellexe-

1957 1845 2029 1898 rit
2075 1860 2178 1898 non
2214 1860 2371 1913 posse
2412 1847 2695 1913 sufﬁcere;
2729 1864 2831 1904 nec
2875 1865 3019 1916 eam,
3049 1853 3151 1906 nisi
3191 1855 3534 1910 miseratione

1959 1935 2053 1989 Dei
2101 1945 2155 1990 et
2200 1936 2471 2005 adjutorio
2515 1939 2936 2007 comprehendi,
2987 1958 3091 1997 non
3125 1947 3535 2021 tam.tradentis

1959 2026 2317 2093 institutione,
2349 2044 2506 2096 quam
2556 2029 2749 2084 alfectu
2796 2040 2956 2101 atque
2986 2035 3185 2090 virtute
3226 2043 3281 2089 et
3318 2037 3536 2105 experi-

1959 2121 2158 2176 mentis
2200 2121 2432 2190 propriis
2481 2123 2724 2177 eruditus
2770 2135 3042 2194 agnoscat.
3087 2128 3166 2182 Ad
3202 2129 3534 2199 capessenda

1959 2227 2191 2282 namque
2221 2220 2329 2266 tam
2357 2214 2638 2282 magniﬁca
2670 2223 2886 2284 tamque
2920 2219 3174 2283 praecelsa
3207 2222 3454 2289 puritatis
3481 2233 3536 2278 et

1959 2305 2280 2376 integritatis
2316 2307 2569 2376 praemis,
2607 2317 2629 2344 ε
2667 2309 3031 2377 quantuslibet
3055 2311 3418 2381 jejuniorum,
3455 2315 3532 2368 vi-

1351 2421 1604 2476 ALARDI
1642 2419 1874 2478 GAZEI
1911 2417 2474 2476 COMMENTARIUS.

268 2539 517 2609 optimum
538 2545 587 2592 et
617 2553 765 2591 omne
797 2537 988 2590 donum
1019 2537 1313 2609 perfectum
1339 2536 1649 2609 descendens
1673 2554 1704 2589 a
1732 2537 1838 2589 Pa-

267 2606 344 2663 tre
367 2611 636 2669 luminum,
656 2617 762 2660 etc.
783 2609 916 2661 Hinc
931 2606 1254 2675 Augustinus
1279 2607 1566 2660 Encliiridii
1588 2623 1706 2676 cap.
1731 2609 1799 2662 52
1823 2627 1834 2661 :

267 2680 401 2733 Cum
427 2678 783 2749 proculdubio,
816 2680 861 2731 si
888 2681 1039 2730 homo
1083 2679 1194 2748 ejus
1224 2680 1394 2749 (etatis
1425 2689 1520 2741 est,
1550 2687 1604 2729 ut
1623 2681 1841 2749 ratione

267 2747 463 2813 utatur,
498 2766 596 2802 non
625 2749 784 2816 possit
813 2749 1036 2812 credere,
1068 2747 1291 2811 sperare,
1322 2747 1554 2814 diligere,
1579 2748 1677 2800 nisi
1700 2749 1837 2807 velit.

267 2838 358 2874 nec
381 2825 635 2888 pervenire
660 2820 727 2870 ad
756 2824 979 2888 palatum
1017 2833 1252 2885 superna:
1286 2819 1564 2870 vocationis
1599 2818 1714 2882 Dei,
1744 2821 1842 2874 nisi

267 2894 529 2943 raluntate
566 2891 879 2949 cucurrerit;
917 2892 1167 2956 quomodo
1197 2903 1317 2954 ergo
1356 2904 1455 2940 non
1486 2888 1720 2948 volentis,
1755 2906 1842 2944 ne.

265 2978 364 3027 que
395 2962 666 3019 currentis,
699 2961 786 3013 sed
816 2959 1097 3012 miserantis
1126 2967 1196 3012 est
1230 2958 1361 3010 Dei?
1389 2959 1488 3010 nisi
1506 2960 1627 3028 quia
1656 2969 1702 3011 et
1730 2959 1844 3028 ipsa

265 3031 532 3092 voluntas,
557 3032 689 3083 sicut
717 3031 961 3100 scriptum
1000 3039 1093 3095 est,
1117 3029 1282 3100 aHDeo
1309 3039 1652 3100 preparatur.
1691 3029 1839 3083 Alio-

263 3103 393 3168 quin
422 3105 466 3152 si
495 3109 760 3169 propterea
787 3098 980 3152 dictum
1008 3109 1102 3158 est,
1131 3098 1251 3151 Non
1277 3099 1514 3159 volentis,
1544 3115 1706 3169 neque
1724 3117 1845 3154 cur-

263 3172 448 3235 rentis,
479 3172 567 3223 sed
590 3171 876 3224 miserentis
913 3179 983 3224 est
1019 3169 1146 3230 Dei;
1185 3170 1303 3236 quia
1328 3185 1392 3222 ex
1437 3177 1650 3237 utroque
1677 3171 1760 3231 sit,
1787 3172 1842 3224 id

262 3252 360 3302 est,
391 3257 457 3294 ex
496 3245 752 3293 voluntate
781 3240 997 3293 hominis
1037 3249 1082 3292 et
1120 3239 1469 3292 misericordia
1511 3238 1642 3304 Dei;
1687 3250 1744 3293 ut
1768 3245 1842 3294 sic

262 3314 467 3363 dictum
492 3312 830 3376 accipiamus,
868 3310 984 3363 Non
1006 3310 1240 3371 volentis,
1283 3325 1440 3379 neque
1461 3311 1729 3379 currentis,
1752 3313 1841 3365 sed

264 3383 554 3434 miserentis
599 3390 671 3434 est
717 3381 839 3444 Dei,
876 3390 1136 3450 tamquam
1167 3378 1416 3432 diceretur
1448 3395 1466 3431 :
1503 3378 1620 3430 Non
1651 3381 1847 3445 sufﬁcit

263 3452 509 3504 voluntas
538 3452 776 3514 hominis,
817 3452 862 3504 si
901 3449 1002 3504 non
1031 3453 1096 3502 sit
1125 3452 1278 3503 etiam
1320 3449 1667 3502 misericordia
1709 3451 1844 3517 Dei;

261 3541 372 3575 non
396 3539 516 3591 ergo
537 3522 732 3592 sufﬁcit
753 3523 866 3574 sola
893 3521 1242 3574 misericordia
1275 3519 1458 3592 Dei,_si
1480 3536 1581 3572 non
1609 3522 1672 3572 sit
1695 3523 1846 3592 etiam

261 3590 503 3645 uoluntas
530 3590 781 3653 hominis;
813 3609 872 3643 ac
904 3608 992 3656 per
1023 3595 1117 3642 hoc
1144 3592 1188 3642 si
1208 3601 1340 3642 recte
1368 3590 1559 3642 dictum
1597 3602 1689 3651 est,
1726 3591 1848 3644 Non

263 3665 489 3715 talentis
540 3664 788 3725 hominis,
828 3662 916 3715 sed
945 3662 1222 3714 miserentis
1252 3670 1322 3712 est
1355 3659 1484 3722 Dei,
1526 3660 1649 3728 quia
1679 3662 1732 3712 id
1759 3678 1848 3713 uo-

262 3735 444 3785 luntas
469 3731 686 3784 hominis
715 3733 826 3784 sola
865 3749 963 3784 non
1003 3731 1178 3800 implet
1207 3747 1224 3782 :
1260 3746 1350 3800 cur
1381 3746 1481 3781 non
1519 3745 1546 3781 e
1589 3733 1846 3784 contrario

259 3813 405 3856 recte
447 3802 654 3867 dicitur,
691 3801 815 3854 Non
860 3798 1142 3855 miserentis
1179 3810 1253 3852 est
1282 3798 1397 3861 Dei,
1426 3801 1513 3852 sed
1539 3801 1750 3853 uolentis
1775 3813 1848 3854 est

255 3873 494 3925 hominis
526 3889 542 3924 :
574 3875 698 3941 quia
741 3874 795 3924 id
829 3873 1174 3924 misericordia
1217 3870 1311 3923 Dei
1349 3870 1459 3922 sola
1494 3887 1592 3922 non
1631 3872 1849 3937 implet?

263 3943 447 3995 Porro
470 3944 513 3996 si
537 3945 710 3997 nullus
731 3942 1046 3995 Christianus
1073 3943 1240 3994 dicere
1276 3941 1513 4005 audebit,
1549 3941 1670 3993 Non
1697 3944 1841 3994 mise-

253 4016 428 4066 rentis
467 4023 540 4065 est
583 4012 702 4078 Dei,
735 4013 823 4066 sed
862 4013 1076 4066 uolentis
1117 4019 1189 4064 est
1229 4011 1478 4072 hominis,
1512 4028 1574 4063 ne
1605 4012 1849 4077 Apostolo

250 4084 590 4151 apertissime
639 4084 981 4145 contradicat,
1023 4092 1178 4135 restat
1205 4093 1258 4134 ut
1291 4089 1560 4146 propterea
1588 4093 1724 4134 recte
1765 4082 1848 4134 di-

250 4167 410 4207 ctum
460 4155 795 4225 intelligatur,
830 4152 949 4206 Non
988 4153 1231 4225 volentis,
1261 4167 1419 4225 neque
1458 4153 1727 4225 currentis,
1757 4153 1848 4225 sed

250 4227 555 4277 miserentis
594 4221 664 4276 cit
711 4223 839 4286 Dei,
867 4233 918 4275 ut
963 4233 1120 4275 totum
1151 4221 1258 4274 Deo
1301 4223 1470 4282 detur,
1514 4224 1601 4290 qui
1629 4221 1849 4276 hominis

249 4297 585 4348 uoluntatem
613 4295 796 4346 bonam
842 4303 888 4346 et
918 4306 1171 4364 praeparat
1200 4292 1577 4364 adjuvandam,
1621 4302 1666 4342 et
1696 4293 1849 4364 adju-

246 4378 342 4418 vat
375 4374 745 4432 pra'paratam.
785 4361 1033 4416 Prwcedit
1075 4365 1209 4415 enim
1248 4361 1380 4415 bona
1420 4363 1655 4414 voluntas
1684 4361 1850 4415 multa

245 4433 364 4488 Dei
408 4437 577 4498 dona,
607 4436 696 4488 sed
732 4451 834 4486 non
872 4436 1084 4486 omnia:
1113 4448 1227 4501 quia
1267 4443 1434 4485 autem
1477 4449 1578 4484 non
1610 4433 1850 4501 praecedit

246 4510 401 4573 ipsa,
435 4506 488 4556 in
515 4507 586 4557 eis
610 4515 683 4557 est
705 4517 750 4556 et
780 4507 914 4572 ipsa.
943 4505 1067 4557 Haec
1091 4505 1437 4571 Augustinus.

329 4587 362 4612 ε
387 4575 595 4631 Similia
618 4577 733 4628 loca
772 4571 934 4627 habes
956 4574 1048 4626 lib.
1075 4589 1124 4627 vt
1147 4589 1265 4639 cap.
1286 4571 1547 4636 6.Collat.
1576 4572 1609 4624 5
1638 4585 1757 4638 cap.
1782 4573 1849 4627 10

241 4657 305 4700 et
321 4657 608 4724 seg_tient_.,
626 4645 822 4698 Collat.
845 4645 910 4698 i2
923 4661 1043 4712 cap.
1059 4645 1288 4724 penu_lt.,
1303 4642 1562 4724 etCollat.
1581 4642 1774 4724 tbca'p‘.
1874 4665 1927 4724 ι)

329 4716 362 4753 δ
396 4712 531 4769 Huic
561 4717 678 4768 loco
708 4725 832 4780 apte
865 4715 1153 4781 respondet
1179 4715 1451 4768 decretum
1474 4712 1688 4764 concilii
1720 4713 1842 4765 Tri-

239 4788 476 4843 dentini
515 4788 582 4840 de
634 4788 827 4839 merito
871 4786 1130 4838 bonorum
1171 4797 1426 4852 operum,
1467 4782 1642 4852 deque
1672 4784 1847 4837 meriti

234 4861 512 4919 ratione;
556 4856 710 4924 cujus
746 4855 943 4909 decreti
981 4851 1221 4908 extrema
1257 4867 1380 4924 pars
1403 4853 1481 4906 sic
1520 4851 1711 4905 habet:
1737 4852 1848 4906 Ne-

234 4945 354 4996 que
384 4927 520 4980 illud
553 4923 887 4978 omittendum
926 4934 1018 4984 est.
1049 4925 1187 4996 quod
1216 4925 1330 4976 licet
1359 4923 1503 4996 bonis
1533 4924 1768 4996 operibus
1796 4925 1848 4977 in

233 4994 429 5052 sacris
473 4998 681 5056 litteris,
716 5013 872 5060 usque
899 5003 1026 5047 adeo
1053 4995 1330 5056 tribuatur,
1361 4994 1595 5045 utetiam
1629 4994 1716 5059 qui
1761 4995 1850 5047 uni

230 5088 308 5122 ea:
347 5068 583 5122 minimis
610 5067 715 5118 suis
743 5076 920 5134 potum
944 5081 1094 5134 aqua:
1122 5063 1324 5134 [rigida
1363 5063 1586 5127 dederit,
1634 5064 1846 5127 promit—

229 5149 322 5191 Iat
393 5137 629 5193 Christus
681 5152 798 5188 eum
848 5152 946 5188 non
992 5153 1100 5189 esse
1142 5151 1234 5187 sua
1289 5134 1515 5186 mercede
1565 5135 1846 5186 cariturum

228 5206 490 5282 (Matth.
519 5206 617 5276 tx),
648 5217 693 5258 et
727 5204 998 5282 Apostolus
1028 5216 1238 5282 testetur
1263 5206 1315 5282 id
1341 5206 1479 5282 quod
1515 5205 1567 5255 in
1605 5207 1847 5272 praesenti

227 5273 318 5332 est
377 5273 796 5330 momentaneum
827 5288 872 5327 et
908 5278 1011 5328 leve
1045 5273 1391 5328 tribulationis
1432 5283 1648 5337 nostrw,
1688 5291 1844 5341 supra

225 5352 483 5402 modum
514 5348 565 5398 in
595 5346 908 5398 sublimitate
933 5355 1178 5398 wternum
1207 5346 1386 5415 gloria:
1416 5348 1614 5409 pondus
1643 5346 1846 5415 aperari

220 5424 284 5472 in
331 5419 499 5470 nobis
525 5416 587 5484 (II
619 5415 737 5469 Cor.
771 5419 846 5484 tv)
875 5435 885 5469 :
918 5418 1046 5468 absit
1075 5414 1242 5468 tamen
1270 5426 1322 5467 ut
1351 5415 1671 5466 Christianus
1692 5414 1842 5466 homo

219 5509 282 5541 τη
315 5490 515 5547 seipse
544 5488 618 5538 rel
644 5487 892 5552 conﬁdat,
919 5489 995 5538 vel
1019 5486 1286 5554 glorietur,
1317 5495 1362 5538 et
1391 5501 1491 5537 non
1524 5486 1576 5536 in
1599 5484 1843 5547 Domino,

218 5561 418 5630 (ἀμίαι
453 5565 592 5608 tanta
616 5567 691 5630 est
718 5573 837 5627 erga
862 5573 1030 5609 omnes
1068 5557 1299 5630 homines
1324 5555 1545 5630 bonitas,
1581 5564 1633 5607 ut
1671 5571 1845 5630 eorum

215 5625 369 5683 erit}
426 5643 534 5680 esse
572 5625 913 5693 merita,‘qua’
951 5635 1068 5680 sunt
1106 5629 1267 5695 ipsius
1304 5627 1460 5688 dona,
1502 5633 1608 5679 etc.
1661 5625 1841 5692 (Cone.

221 5700 418 5754 Trid.
453 5713 578 5748 sess.
603 5697 657 5760 6,
684 5713 730 5748 ε.
766 5695 876 5763 i6).

311 5783 339 5810 ε
387 5767 559 5822 Natat
581 5769 843 5834 praecipua
870 5777 925 5822 et
949 5765 1182 5820 maxime
1203 5767 1395 5820 usitata
1425 5765 1599 5821 media
1628 5778 1844 5833 compa-

213 5840 461 5902 randa:
513 5845 571 5891 et
610 5837 988 5900 conservanda:
1025 5838 1278 5904 puritatis
1327 5847 1381 5900 et
1435 5836 1844 5904 sanctimoniae:

1948 2550 2069 2604 qua:
2122 2545 2296 2588 tamen
2352 2550 2444 2602 per
2476 2548 2535 2588 se
2565 2549 2672 2588 non
2712 2536 3013 2603 sufficiunt;
3063 2539 3229 2593 immo
3279 2555 3378 2594 nec
3407 2541 3522 2602 ipsa

1950 2606 2202 2681 praestari
2243 2613 2466 2670 possunt
2503 2605 2619 2681 sine
2655 2608 2873 2681 speciali
2911 2608 3004 2662 Dei
3051 2611 3283 2677 auxilio,
3325 2610 3392 2665 de
3421 2604 3526 2681 quo

1947 2676 2083 2729 alias
2124 2677 2328 2742 egimus
2374 2684 2430 2728 et
2475 2675 2604 2730 alibi
2639 2678 2842 2744 plenius
2890 2681 3059 2732 acturi
3108 2675 3310 2734 sumus.
3359 2675 3529 2737 Porro

1948 2761 2068 2814 qua:
2097 2746 2164 2798 de
2193 2745 2521 2814 perfectione
2558 2749 2929 2814 Consequentia
2963 2757 3074 2803 tum
3129 2749 3236 2813 hic,
3273 2761 3382 2805 tum
3433 2767 3525 2805 su-

1949 2815 2252 2888 perioribus
2297 2816 2560 2888 capitibus
2602 2817 2922 2888 traduntur,
2975 2820 3074 2874 etsi
3118 2823 3288 2888 prima
3350 2822 3527 2876 fronte

1946 2901 2075 2938 sana
2111 2887 2322 2951 omnia,
2357 2887 2438 2952 pia
2466 2897 2520 2939 et
2560 2887 2823 2941 catholica
2857 2887 3158 2951 videantur,
3203 2899 3261 2944 ut
3288 2902 3416 2946 sunt
3444 2908 3532 2946 re-

1950 2969 2106 3018 vera,
2158 2957 2201 3010 si
2239 2972 2370 3031 sano
2407 2967 2462 3010 et
2497 2957 2764 3012 catholico
2810 2975 2969 3013 sensu
3016 2961 3410 3031 intelligantur;
3445 2974 3522 3016 ta-

1939 3041 2068 3079 men
2102 3027 2413 3099 secundum
2465 3035 2698 3082 mentem
2743 3039 2797 3082 et
2839 3027 3242 3099 intelligentiam
3278 3033 3528 3088 Auctoris

1943 3112 2055 3172 non
2101 3096 2173 3148 ita
2215 3112 2271 3172 se
2322 3098 2540 3172 habent,
2580 3109 2638 3151 nt
2675 3115 2787 3167 pra:
2818 3116 2876 3154 se
2905 3096 3101 3154 ferunt.
3138 3102 3269 3156 Nam
3303 3106 3401 3156 sub
3437 3118 3533 3172 no-

1934 3167 2094 3220 -‘mine
2143 3167 2488 3234 perfectionis
2530 3168 2662 3223 latet
2689 3185 2864 3235 error,
2893 3181 2948 3225 et
2989 3183 3044 3224 ut
3075 3172 3184 3226 dici
3215 3175 3373 3234 solet.
3409 3169 3528 3228 latet

1947 3237 2134 3308 anguis
2151 3238 2227 3308 _in
2269 3236 2444 3308 herba.
2500 3238 2610 3292 Hoc
2653 3240 2795 3292 enim
2835 3251 2918 3294 est
2958 3242 3164 3295 initium
3209 3245 3441 3307 erroris,
3478 3248 3528 3298 in

1948 3305 2107 3382 quem
2138 3305 2514 3382 Cassianus‘el
2540 3310 2677 3382 socii
2707 3311 2823 3376 ejus
2851 3313 3146 3382 presbyteri
3170 3305 3531 3369 Massilienses

1951 3379 2309 3452 impegerunt,
2335 3377 2724 3452 perfectionem
2756 3377 2966 3448 gerunt,
3002 3377 3384 3448 perfectionem
3413 3386 3531 3452 qni-

1951 3446 2071 3498 dem
2103 3447 2299 3500 divitiae
2328 3449 2514 3515 gratiae
2541 3446 3120 3511 ascribehteanitium
3156 3469 3286 3508 vero
3317 3470 3409 3506 seu
3432 3446 3529 3506 ’ἰη-

1952 3517 2291 3584 choationem
2323 3527 2520 3571 nostra}
2548 3520 2833 3574 voluntati.
2868 3521 3018 3576 Unde
3046 3538 3200 3575 error
3233 3525 3532 3578 Massilien-

1951 3586 2089 3639 sium
2135 3596 2190 3639 et
2237 3588 2788 3662 Semipelagianorutn
2834 3591 3007 3644 dictus
3037 3603 3148 3656 est,
3179 3596 3320 3662 quod
3353 3594 3528 3662 aliqua

1951 3667 2160 3732 tantum
2183 3669 2421 3732 exparte
2451 3660 2514 3710 ad
2545 3660 2743 3727 Pelagii
2769 3661 3014 3732 heresim
3041 3660 3326 3716 accederet
3353 3681 3364 3716 :
3388 3660 3530 3732 quod

1952 3727 2006 3779 in
2041 3726 2181 3778 notis
2211 3727 2275 3779 ad
2307 3729 2651 3782 collationem
2679 3726 2889 3783 tertiam
2917 3731 3177 3784 decimam
3211 3726 3534 3788 clarius-ex-

1961 3795 2269 3863 plicabitur.
2303 3797 2398 3850 Hic
2429 3809 2629 3852 tantum
2665 3809 2879 3854 notasse
2905 3801 3198 3867 snﬁ‘ecerit,
3234 3804 3533 3858 Massilien-

1957 3882 2045 3920 ses
2079 3867 2305 3942 clericos
2346 3868 2431 3942 (in
2474 3870 2672 3942 quibus
2699 3870 2987 3924 Cassianus
3019 3872 3312 3942 habebatur
3343 3874 3535 3942 praeci-

1951 3935 2146 4004 puus),
2174 3939 2415 4010 quamvis
2439 3939 2634 4008 alioqui
2663 3942 2958 3994 catholicos
2983 3955 3035 3995 et
3057 3935 3532 4010 religiosos'viros,

1954 4016 2132 4080 tamen
2160 4008 2259 4080 sub
2298 4011 2514 4062 nomine
2555 4012 2822 4064 catholico
2853 4013 2997 4065 visos
3025 4027 3147 4066 esse
3166 4008 3390 4080 Pelagio
3423 4008 3534 4069 me;

1956 4078 2128 4130 retico
2152 4077 2451 4146 sull‘ragari,
2482 4080 2623 4148 quod
2656 4082 2878 4147 gratiam
2920 4083 3136 4150 quidem
3168 4077 3529 4140 necessariam

1955 4159 2306 4211 agnoscerent
2345 4150 2410 4200 ad
2459 4150 2847 4216 perfectionem
2900 4157 3156 4206 virtutum
3188 4165 3242 4208 et
3273 4165 3531 4210 arternam

1955 4219 2265 4292 felicitatem
2291 4221 2722 4285 consequendam
2748 4223 3220 4292 (quemadmodum
3242 4225 3533 4280 Cassianus

1955 4288 2044 4360 hic
2089 4289 2288 4360 docet),
2324 4305 2431 4341 non
2474 4299 2650 4344 tamen
2696 4288 2765 4344 ad
2802 4294 3010 4347 initium
3050 4290 3451 4360 jttstiﬁcatiotiis
3480 4306 3536 4350 et

1955 4358 2166 4433 salutis.
2205 4359 2463 4433 Dicebant
2491 4361 2631 4413 enim
2663 4377 2729 4415 ex
2761 4364 2916 4415 nobis
2941 4358 3064 4417 esse
3088 4375 3180 4418 aut
3220 4380 3377 4433 poSse
3407 4381 3528 4420 esse

1957 4429 2104 4481 initia
2127 4429 2372 4493 quzedatn
2406 4429 2556 4482 bona:
2583 4434 2878 4486 voluntatis
2899 4448 2965 4486 ex
2994 4435 3122 4488 solis
3147 4429 3348 4488 vir—ibus
3377 4437 3531 4490 liberi

1954 4499 2158 4552 arbitrii
2187 4499 2389 4563 absque
2433 4501 2541 4553 ulla
2583 4503 2750 4568 gratia
2782 4499 2980 4556 Christi
3014 4503 3240 4559 interius
3273 4518 3527 4561 movente

1953 4568 2325 4642 et‘excitante,
2352 4570 2544 4642 quibus
2573 4571 2936 4638 inciperemus
2965 4575 3100 4628 velle
3125 4577 3259 4629 bene
3286 4577 3524 4642 operari,

1952 4639 2112 4714 velle
2139 4640 2418 4714 converti2
2471 4642 2649 4714 sanari
2679 4651 2733 4695 et
2771 4643 2964 4714 salvari
3004 4663 3016 4696 :
3056 4661 3284 4714 quorum
3326 4639 3528 4699 intuitu

1954 4707 2149 4782 deinde
2190 4711 2357 4782 gratia
2389 4710 2483 4782 Dei
2514 4712 2667 4764 nobis
2697 4707 3086 4768 concederetur
3120 4717 3186 4768 ad
3213 4730 3531 4782 promoven-

1953 4781 2134 4854 dos_et
2160 4778 2515 4845 perﬁciendos
2558 4790 2616 4854 et
2648 4782 2715 4854 ad
2755 4783 2918 4854 tinem
2967 4778 3340 4852 perducendos
3384 4787 3530 4854 ejus-

1952 4848 2099 4902 modi
2149 4858 2373 4920 conatns
2417 4862 2468 4904 et
2519 4852 2602 4920 pia
2649 4851 2940 4907 desideria.
2969 4848 3154 4910 ’Unde
3205 4858 3316 4908 haec
3373 4848 3529 4910 eiant

1952 4933 2142 4974 eorum
2189 4918 2358 4993 elogia
2395 4930 2449 4974 et
2483 4918 2728 4993 formulae
2760 4925 3008 4993 loquendi
3043 4941 3058 4979 :
3104 4925 3310 4978 initium
3339 4927 3530 4980 salutis

1952 5004 2072 5062 esse
2099 5005 2188 5062 ex
2210 4992 2392 5062 nobis;
2445 4991 3035 5058 perfectionetn'autem
3067 5011 3095 5048 a
3126 4996 3266 5057 Deo;
3299 4998 3526 5062 gratiam

1953 5061 2047 5113 Dei
2077 5059 2302 5113 subinde
2333 5075 2360 5111 a
2392 5063 2547 5136 nobis
2593 5068 2902 5131 praeveniri,
2937 5081 3034 5119 nec
3061 5066 3179 5119 dari
3209 5059 3527 5136 nisisuapte

1953 5140 2166 5203 sponte,
2188 5140 2269 5203 Aet
2314 5132 2530 5200 proprio
2561 5144 2707 5186 motu
2741 5136 3075 5203 petentibus,
3118 5132 3482 5203 qurerentibtis
3510 5183 3526 5202 ,

1951 5199 2288 5275 pulsantibus
2338 5199 2541 5272 absque
2592 5199 2786 5271 praevia
2820 5205 2910 5258 Dei
2961 5199 3195 5259 motione
3244 5216 3298 5259 et
3341 5199 3528 5275 gratias

1949 5270 2252 5337 adjutorio;
2296 5270 2510 5326 nostros
2539 5270 2763 5328 conatus
2789 5285 2842 5328 et
2870 5275 3080 5329 labores
3118 5277 3299 5329 irritos
3325 5270 3378 5330 εἰ
3409 5278 3525 5331 ina-

1951 5355 2047 5412 nes
2074 5355 2216 5402 esse,
2251 5341 2351 5394 nisi
2383 5359 2411 5395 a
2441 5344 2548 5398 Deo
2574 5347 2890 5412 atljuventur
2919 5357 2973 5398 et
2997 5357 3408 5412 promoveantur
3433 5363 3447 5409 ;
3472 5356 3529 5400 et

1950 5411 2035 5463 his
2054 5412 2273 5465 similia.
2302 5412 2499 5466 Cootra
2534 5411 2668 5468 hanc
2698 5411 3004 5482 Opinionem
3033 5416 3294 5483 imprimis
3324 5418 3381 5468 Ι).
3410 5418 3522 5469 Au-

1948 5484 2229 5544 gustinus,
2267 5495 2468 5550 praeter
2513 5485 2652 5538 alios
2683 5486 2847 5538 libros
2885 5495 2936 5537 et
2977 5495 3234 5540 tractatus
3263 5486 3522 5541 adversus

1949 5551 2217 5627 Pelagium
2263 5555 2477 5627 editos,
2503 5555 2750 5627 ultimum
2795 5569 2928 5627 Opus
2965 5555 3293 5627 composuit,
3336 5568 3523 5627 rogatu

1949 5622 2138 5696 Hilarii
2182 5623 2510 5696 Arelatensis
2537 5636 2590 5678 et
2623 5625 2868 5696 Prosperi
2898 5622 3195 5693 Begiensis,
3238 5622 3520 5696 episcopo-

1949 5708 2064 5745 rum
2119 5694 2169 5746 in
2218 5695 2408 5760 Gallia,
2461 5695 2652 5748 librum
2702 5695 2908 5748 scilicet
2937 5696 3004 5750 de
3036 5694 3517 5752 Praidestinatione

1950 5771 2282 5826 sanctorum,
2310 5774 2365 5819 et
2395 5765 2622 5818 alterum
2654 5765 2722 5818 de
2752 5765 2897 5819 Bono
2926 5769 3359 5834 perseverantia).
3389 5768 3516 5834 Qui-

1951 5833 2051 5896 bus
2080 5835 2366 5896 et‘ticaciter
2403 5835 2587 5896 docuit
2623 5836 2826 5898 nullum
2857 5833 2980 5892 esSe
3006 5838 3214 5896 initium
3243 5841 3396 5894 bona:
3414 5833 3519 5893 vo-
