3966 6326
509 327 617 386 διδ

508 545 674 603 fuerit
696 547 999 618 impensus,
1021 546 1325 617 condignas
1345 559 1466 601 esse
1494 559 1601 600 non
1625 545 1844 615 poterit,
1869 545 1960 615 qui
1985 544 2102 600 haec

508 649 795 706 industriae
815 666 926 706 suae
942 652 1160 718 merito,
1177 649 1263 705 vel
1283 649 1505 715 laboris,
1519 649 1780 704 obtineat.
1799 647 2100 717 Numquam

511 751 657 806 enim
681 751 925 806 divinum
958 764 1156 812 munus
1182 749 1333 804 labor
1357 749 1610 820 proprius
1635 749 1938 804 humauave
1961 762 2102 803 com-

510 852 763 922 pensabit
789 849 1073 918 induStria,
1099 850 1205 907 nisi
1230 845 1566 910 desideranti
1592 851 1775 908 divina
1801 849 1963 908 fuerit
1998 849 2105 906 mi-

507 954 778 1010 seratione
798 967 1142 1008 concessum.

1837 320 2116 379 JOANNIS
2151 319 2464 378 CASSIANI

506 445 782 516 giliarum,
814 442 1068 500 lectionis
1097 449 1152 500 et
1179 440 1489 500 solitudinis
1511 454 1576 496 ac
1597 439 1919 496 remotionis
1947 440 2101 495 labor
2129 448 2179 505 Α

3643 320 3732 378 ιιι

2796 435 3024 494 CAPUT
3062 434 3203 492 XIV.

2354 509 2504 577 Quod
2529 509 2850 581 adjutorium
2877 508 2976 567 Dei
3002 506 3344 574 laborantibus
3371 506 3618 572 tribuatur.

2277 601 2385 657 Nec
2414 601 2519 658 hoc
2547 602 2688 670 dico,
2735 613 2794 658 ut
2819 602 3084 666 humanos
3128 609 3349 660 conatus
3391 614 3647 670 evacuans,
3687 602 3745 657 ab

2205 695 2469 752 industria
2508 704 2563 754 et
2608 695 2808 760 laboris
2851 694 3147 760 intentione
3191 691 3482 764 quempiam
3523 707 3743 764 revocare

2205 787 2550 847 contendam.
2599 787 2704 846 Sed
2751 787 2905 857 plane
2932 786 3365 854 constantissime
3390 800 3490 852 non
3515 799 3640 852 mea,
3668 785 3746 840 sed

2205 881 2477 938 seniorum
2528 879 2794 935 sententia
2841 877 3036 940 deﬁnio
3082 886 3110 916 ι
3149 877 3519 949 perfectionem
3563 875 3746 948 quidem

2204 973 2325 1030 sine
2351 973 2432 1028 his
2458 974 2677 1029 omnino
2703 973 2822 1044 capi
2851 987 2959 1030 non
2985 985 3175 1044 posse;
3205 970 3288 1038 his
3308 978 3485 1038 autem
3511 970 3632 1034 solis
3653 971 3751 1028 sine

2203 1067 2375 1138 gratia
2398 1067 2493 1123 Dei
2514 1081 2674 1138 posse
2693 1081 2813 1123 eam
2832 1081 2864 1122 a
2887 1065 3100 1126 nemine
3111 1064 3490 1132 consummari.
3505 1061 3532 1110 1³
3551 1061 3614 1128 Ut
3629 1063 3748 1126 enim
3785 1070 3792 1078 '

1581 1198 1840 1255 ALARDI
1879 1200 2114 1258 GAZIEI
2153 1201 2722 1261 COMMENTARIUS.

507 1288 746 1354 luntatis,
781 1287 928 1355 fidei,
967 1288 1452 1358 justificationiset
1496 1289 1691 1346 salutis
1735 1291 1842 1345 nisi
1883 1307 1913 1346 a
1959 1293 2092 1347 Deo.

506 1359 643 1416 Tum
672 1361 786 1428 ipse
825 1361 1060 1429 Prosper
1099 1363 1358 1430 peculiari
1402 1361 1538 1418 libro
1571 1361 1832 1418 adversus
1874 1364 2100 1418 collato-

510 1446 627 1486 rem
667 1432 815 1487 edito
855 1434 1176 1486 sententiam
1246 1435 1392 1487 illam
1431 1431 1677 1486 Cassiani
1708 1443 1763 1486 et
1800 1433 2102 1488 Massilien-

512 1504 650 1556 sium
680 1503 734 1556 in
782 1504 1069 1557 collatione
1099 1503 1307 1558 decima
1340 1502 1500 1557 tertia
1545 1505 1645 1557 sub
1675 1518 1907 1572 persona
1935 1506 2102 1559 abba-

511 1573 582 1628 tis
628 1574 1002 1628 Charremonis
1059 1575 1262 1629 editam
1316 1585 1370 1628 et
1418 1589 1766 1639 expressam,
1805 1577 2004 1630 acriter
2047 1584 2102 1630 et

510 1655 671 1715 acute
707 1646 1024 1701 confutavit.
1058 1645 1262 1701 Deinde
1291 1660 1420 1700 vero
1455 1645 1780 1700 leestinus
1811 1645 1832 1700 Ι
1860 1648 2099 1715 pontifex

511 1712 672 1782 hujus
702 1717 1088 1772 controversiae
1135 1717 1419 1778 occasione
1455 1727 1730 1782 permotus
1772 1712 2000 1782 epistola
2030 1719 2096 1772 ad

2207 1308 2361 1347 suum
2401 1295 2880 1369 sensumAtrabens
2920 1296 3258 1369 Apostolnm.
3308 1292 3378 1349 At
3416 1299 3596 1350 centra
3639 1293 3758 1348 hanc

2207 1366 2529 1420 sententiam
2579 1366 2676 1422 SS.
2708 1368 2892 1421 Patres
2921 1367 3252 1422 validissime
3280 1375 3534 1434 pugnant,
3564 1369 3762 1434 eamque

2206 1445 2269 1506 ut
2296 1435 2642 1504 Pelagianam
2675 1439 2990 1503 explodunt.
3040 1439 3098 1496 S.
3140 1439 3471 1506 Augustinus
3509 1438 3596 1492 lib.
3633 1450 3666 1489 ll
3705 1436 3760 1489 ad

2205 1505 2531 1579 Bonil‘acium
2573 1522 2692 1578 cap.
2735 1510 2808 1564 8:
2860 1509 2920 1564 Si
2945 1511 3052 1564 sine
3095 1509 3187 1563 οιαὶ
3232 1505 3411 1579 gratia
3438 1524 3522 1577 per
3548 1508 3765 1579 nosincif

2204 1577 2276 1646 pit
2301 1579 2558 1642 cupiditas
2589 1577 2734 1645 boni,
2779 1580 2946 1649 ipsunt
2990 1591 3205 1650 emptum
3244 1577 3345 1633 erit
3393 1580 3623 1631 meritum
3647 1619 3660 1641 ,
3693 1577 3764 1629 cui

2203 1655 2462 1715 tamquam
2493 1665 2556 1702 ex
2584 1650 2749 1703 debito
2790 1651 2955 1703 veniat
3000 1649 3323 1715 adiutorium
3345 1692 3360 1714 ,
3415 1665 3474 1702 ac
3512 1650 3585 1702 sie
3623 1649 3767 1718 gratia

2203 1734 2305 1790 non
2334 1720 2495 1790 gratis
2537 1720 2844 1787 donabitur,
2889 1721 2979 1775 sed
3023 1724 3205 1778 merito
3254 1730 3429 1775 nostra
3475 1715 3773 1790 “ltitiam

510 1777 797 1858 episcopos
825 1787 1014 1842 Galliae
1037 1789 1342 1856 conscripta
1375 1777 1647 1842 silentium
1673 1777 2099 1843 Massiliensibus
2126 1777 2175 1838 B
2204 1789 2295 1843 lib.
2331 1777 2367 1852 ἶ,
2402 1806 2520 1858 cap.
2557 1793 2621 1846 19
2651 1792 2718 1845 ad
2748 1777 2994 1846 eumdem
3031 1777 3367 1845 Bunifacium
3397 1808 3409 1843 :
3443 1790 3663 1854 Dixisti,
3703 1789 3772 1842 in-

511 1857 787 1925 imposuit,
818 1873 1116 1927 eorumque
1142 1859 1477 1913 assertiones
1504 1867 1561 1911 ut
1589 1871 1848 1912 erroneas
1879 1869 1934 1914 et
1960 1875 1987 1913 a
2018 1876 2101 1914 ve-

511 1927 674 1984 ritate
708 1930 972 1984 catholica
1011 1931 1213 1984 alienas
1245 1929 1544 1984 declaravit
1571 1947 1586 1984 :
1609 1930 1940 1984 contrariam
1969 1945 2101 1986 vero

512 1997 578 2052 D.
612 2000 921 2070 Augustini,
971 1999 1247 2069 Prosperi,
1284 2001 1477 2070 Hilarii
1524 2009 1579 2054 et
1607 2000 1853 2070 aliorum"
1883 2002 2101 2056 Patrum

512 2065 818 2144 doctrinam
847 2065 1364 2144 approbavit(Tomo
1391 2065 1411 2125 Ι
1439 2067 1638 2144 Qoncil.
1662 2071 1788 2127 edit.
1817 2069 2098 2143 Binianar).

512 2140 795 2196 Postremo
825 2140 945 2198 cum
976 2159 1042 2197 ne
1071 2147 1146 2196 sic
1177 2140 1396 2212 quidem
1436 2141 1806 2196 Massilienses
1845 2140 2103 2212 conquie-

511 2215 866 2274 scerent.sub
895 2216 1204 2284 pontilicatu
1233 2213 1430 2268 Felicis
1451 2228 1600 2282 papae
1626 2213 1716 2278 IV,
1744 2220 1803 2266 ut
1827 2226 1978 2268 natat
2005 2217 2104 2271 Sc-

509 2287 729 2355 verinus
759 2285 969 2350 Binius,
1005 2301 1147 2340 anno
1175 2285 1386 2338 Domini
1413 2286 1518 2339 429
1541 2295 1861 2350 congregata
1893 2287 2103 2355 synodo

514 2352 868 2426 Arausicana,
901 2373 996 2425 per
1027 2357 1230 2424 aliquot
1258 2371 1497 2410 canones
1539 2356 1744 2409 diserte
1782 2365 1836 2409 et
1866 2352 1938 2410 ei
1981 2373 2106 2426 pro-

511 2424 657 2480 fesso
689 2424 910 2496 refutati
929 2436 1076 2491 sunt,
1108 2436 1162 2482 et
1187 2427 1398 2496 explosi
1420 2426 1835 2481 Massiliensium
1863 2424 2102 2491 articuli,

512 2504 569 2570 et
597 2497 863 2552 catholica
894 2500 1137 2553 doctrina
1177 2511 1386 2553 asserta
1436 2507 1491 2570 et
1520 2497 1760 2551 delinita.
1813 2497 1950 2564 Quae
1988 2502 2106 2570 qui-

512 2565 634 2621 dem
685 2572 891 2637 omnia,
923 2571 1036 2624 Deo
1068 2570 1391 2638 auxiliante,
1435 2569 1599 2640 latius
1629 2565 2023 2640 prosequemur
2051 2579 2106 2626 et

513 2641 905 2707 explicabimus
924 2643 975 2696 in
991 2641 1434 2696 annotationibus
1454 2639 1523 2693 ad
1545 2638 1741 2694 dictam
1760 2638 2103 2697 collationem

513 2707 777 2765 decimam
807 2713 1048 2767 tertiam.

586 2791 612 2819 α
643 2781 1036 2838 l’erfectionem
1063 2784 1169 2849 hic,
1201 2793 1261 2839 ut
1289 2781 1343 2836 in
1370 2780 1823 2853 praecedentibus,
1859 2783 2108 2853 intelligit

514 2858 1036 2925 consummationem
1065 2856 1191 2910 boni
1219 2853 1400 2925 operis
1423 2853 1477 2906 in
1503 2852 1694 2925 quovis
1721 2868 1917 2922 genere
1942 2852 2108 2909 virtu-

513 2931 649 2989 tum,
677 2924 778 2978 hoc
802 2935 890 2980 est
928 2927 1220 2996 perfectam
1258 2923 1846 2996 lidemtcharitatem,
1889 2929 2110 2980 castita-

515 3002 644 3061 tem,
676 2993 1114 3062 sanctimoniam,
1142 3007 1276 3062 etc.,
1330 3003 1388 3050 ut
1433 2993 1728 3063 distinguat
1774 2993 1844 3048 ab
1891 2996 2111 3051 inchoa-

514 3067 681 3132 tione,
716 3083 814 3121 seu
842 3068 1007 3122 initiis
1036 3069 1300 3122 bonorum
1327 3080 1576 3134 operum,
1603 3081 1723 3134 quae
1742 3066 1867 3120 alibi
1894 3067 2106 3138 (Collat.

517 3136 586 3191 15
616 3153 661 3191 c.
692 3139 781 3191 r2)
833 3149 988 3191 vocat
1017 3141 1212 3191 semina
1241 3139 1489 3191 virtutum
1519 3151 1548 3190 a
1597 3146 1790 3190 natura
1833 3140 1987 3191 nobis
2027 3138 2106 3191 in-

616 3153 661 3191 c.
692 3140 758 3192 {'2

517 3139 586 3191 15
616 3153 661 3191 c.
692 3139 781 3207 1'2)
833 3149 988 3194 vocat
1017 3141 1212 3193 semina
1241 3139 1489 3192 virtutum
1519 3151 1548 3190 a
1597 3146 1790 3190 natura
1833 3140 1987 3192 nobis
2027 3139 2109 3192 in-

515 3207 648 3273 sita;
698 3224 793 3278 per
835 3209 948 3264 haec
993 3210 1299 3280 intelligens
1335 3208 1507 3280 bonas
1532 3207 1909 3274 cogitationes,
1945 3209 2110 3280 bonas

514 3280 844 3339 voluntates.
881 3283 964 3350 pia
993 3278 1257 3336 desideria
1293 3278 1500 3334 viribus
1530 3287 1768 3339 naturze,
1809 3294 1907 3332 seu
1951 3279 2112 3335 liberi

515 3350 722 3422 arbitrii
773 3362 1029 3422 concepta
1078 3352 1219 3406 circa
1269 3364 1429 3422 omne
1477 3363 1647 3418 genus
1685 3351 1988 3422 virtutum:
2020 3353 2112 3421 qui

516 3420 611 3475 fuit
634 3437 790 3478 error
814 3420 1250 3486 Massiliensium,
1274 3432 1334 3476 ut
1362 3421 1565 3474 dictum
1589 3427 1692 3475 est.
1719 3421 1926 3475 Sensus
1951 3420 2112 3490 igitur

515 3501 619 3557 est,
650 3494 1060 3563 perfectionem,
1094 3495 1298 3550 scilicet
1329 3493 1453 3547 boni
1482 3491 1682 3560 operis,
1713 3491 1816 3563 vel,
1837 3493 1882 3546 si
1911 3496 2108 3560 mavis,

516 3562 905 3634 perfectionem
951 3566 1345 3629 Christianam,
1390 3578 1485 3618 seu
1532 3562 1951 3634 glsvangelicam,
1991 3581 2112 3632 qua

515 3636 775 3708 primario
805 3638 1020 3708 quidem
1053 3648 1108 3691 et
1137 3634 1497 3708 essentialiter
1527 3633 1580 3687 in
1612 3633 1880 3708 charitate
1904 3637 2111 3708 _consi-

513 3707 642 3772 stit;
677 3704 999 3763 secundario
1028 3717 1205 3762 autem
1249 3717 1341 3761 aut
1384 3704 1875 3759 instrumentaliter
1900 3705 1953 3759 in
1982 3708 2114 3762 alia-

514 3793 636 3832 rum
681 3781 937 3842 virtntum
983 3780 1272 3846 complexu
1303 3786 1360 3831 et
1387 3779 1760 3845 possessione,
1820 3793 1925 3830 non
1955 3792 2114 3846 posse

515 3849 748 3903 obtineri
780 3851 898 3905 sine
929 3852 1033 3918 his,
1065 3851 1182 3904 scil.
1214 3849 1470 3903 humanis
1497 3847 1781 3902 conatibus
1801 3889 1815 3913 ,
1850 3848 2112 3904 industria

515 3926 570 3999 et
600 3919 787 4002 labore
816 3921 931 3992 (qui
963 3932 1140 4002 tamen
1173 3936 1270 4002 per
1292 3935 1356 4002 se
1372 3919 1643 4002 sufficiant
1665 3918 1731 4002 ad
1756 3919 1953 4002 bonum
1977 3935 2114 3986 opus

515 3988 1016 4054 inchoandummut
1038 3988 1611 4060 concipiendum),sed
1632 3989 1696 4060 ad
1722 3988 2112 4060 perfectionem

517 4075 654 4128 Opus
684 4077 805 4116 esse
838 4062 931 4116 Dei
963 4063 1163 4116 auxilio
1194 4059 1596 4128 supernaturali
1624 4059 1787 4127 (Vide
1823 4059 2016 4114 Collat.
2047 4062 2110 4116 li

519 4129 580 4183 de
604 4131 973 4205 Perfectione).
999 4134 1148 4187 Hanc
1171 4147 1293 4205 esse
1315 4141 1548 4186 mentem
1573 4132 1830 4205 Auctoris
1845 4132 2115 4205 colligitur

519 4201 803 4258 manifeste
833 4220 896 4258 ex
928 4201 1052 4258 aliis
1080 4203 1213 4258 locis
1239 4218 1361 4257 cum
1393 4205 1496 4256 hoc
1520 4202 1756 4256 collatis.
1788 4201 1919 4256 Nam
1947 4204 2116 4257 colla-

518 4273 680 4327 tionis
713 4275 781 4329 15
813 4289 932 4342 cap.
967 4276 1000 4330 9
1061 4276 1181 4327 aliis
1231 4275 1412 4330 verbis
1457 4273 1597 4327 idem
1649 4273 1842 4326 astruit
1888 4271 2111 4329 dicens:

525 4342 593 4397 Ut
618 4356 789 4399 autem
818 4345 1102 4400 eridentius
1123 4345 1318 4400 clareat
1350 4346 1501 4398 etiam
1531 4359 1620 4414 per
1651 4351 1853 4398 natura:
1887 4344 2074 4398 bonum
2096 4385 2112 4410 ,

518 4416 652 4476 quod
675 4418 920 4484 beneﬁcio
967 4417 1225 4470 Creatoris
1267 4416 1525 4470 indultum
1571 4423 1679 4479 est,
1729 4431 2115 4484 nonnumquam

519 4485 769 4541 bonarum
821 4488 1146 4541 voluntatum
1193 4488 1405 4557 prodire
1452 4486 1739 4555 principia,
1789 4502 1902 4555 qua:
1941 4497 2114 4542 tamen

518 4558 616 4611 nisi
646 4576 679 4611 a
707 4560 928 4613 Domino
956 4560 1280 4628 dirigantur,
1308 4560 1377 4611 ad
1418 4558 1907 4611 consummationem
1950 4560 2113 4612 virtu-

520 4637 626 4700 tum
654 4631 916 4698 peruenire
942 4647 1043 4682 non
1068 4632 1282 4700 possint,
1315 4629 1594 4698 Apostolus
1620 4628 1764 4682 testis
1787 4640 1862 4681 est
1897 4629 2074 4684 dicens
2095 4644 2117 4685 :

528 4698 692 4784 Velle
720 4703 922 4784 adjacet
969 4698 1135 4764 mihi;
1181 4701 1423 4769 perﬁcere
1465 4713 1764 4784 aufcin‘non
1792 4701 2014 4784 invenio.
2048 4700 2116 4755 Et

521 4764 863 4828 manifestius
895 4782 1042 4840 patet
1067 4788 1137 4827 ex
1159 4764 1281 4839 cap;
1307 4764 1575 4839 sequenti,
1600 4770 1690 4824 ubi
1713 4772 1916 4839 profert
1939 4787 2118 4826 exem-

519 4842 604 4912 pla
637 4844 706 4900 de
747 4845 1000 4899 omnibus
1046 4843 1307 4898 virtutum
1346 4842 1654 4912 generibus,
1685 4844 1851 4895 etiam
1893 4843 1964 4896 de
2011 4843 2116 4899 ﬁde

520 4917 571 4968 in
597 4913 875 4969 Christum
907 4924 961 4970 et
989 4915 1057 4968 de
1090 4912 1492 4982 perseverai‘itia
1519 4914 1573 4966 in
1598 4915 1767 4978 bono;
1791 4925 1845 4968 et
1865 4914 2116 4969 dicitnos

518 4987 699 5039 omnia
722 4987 823 5041 ista
847 4987 1010 5040 liberi
1035 4986 1240 5040 arbitrii
1262 4985 1466 5038 viribus
1487 4997 1650 5052 posse
1671 4985 1841 5048 velle;
1865 4985 1962 5039 sed
1986 4986 2116 5040 illud

519 5059 658 5112 velle
679 5072 802 5112 esse
824 5057 1099 5112 infirmum
1117 5056 1185 5111 ad
1203 5055 1587 5122 perﬁciendum
1611 5069 1795 5124 opere,
1823 5057 1922 5110 nisi
1945 5059 2116 5120 gratia

520 5129 852 5183 subvenerit.
905 5128 1072 5182 Posse
1114 5141 1291 5183 tamen
1335 5142 1434 5180 nos
1477 5142 1575 5194 per
1612 5125 1746 5180 illud
1781 5126 2116 5182 desiderium

517 5203 742 5270 gratiam
776 5202 1066 5270 impetrare
1094 5200 1163 5253 ad
1195 5198 1604 5270 perliciendum.
1633 5197 1992 5270 Rursuscap.
2024 5200 2112 5253 ii:

520 5269 648 5324 Cum
669 5268 871 5335 viderit,
893 5271 1084 5338 inquit,
1110 5287 1202 5324 nos
1229 5269 1363 5322 Deus
1386 5271 1454 5322 ad
1473 5268 1663 5320 bonum
1678 5269 1804 5322 velle
1825 5268 2112 5337 deﬂectere,

520 5344 767 5405 occurrit,
806 5343 986 5414 dirigit
1022 5351 1174 5412 atque
1204 5340 1628 5414 confortat,_etc.
1660 5339 1813 5414 Idem
1837 5343 2117 5414 prosequi-

523 5425 605 5465 tur
631 5429 751 5476 cap.
783 5415 868 5479 12,
901 5409 967 5468 ac
992 5409 1210 5468 demum
1236 5412 1308 5466 ita
1355 5411 1663 5465 concludit:
1708 5409 1950 5463 Dubitari
1993 5427 2114 5483 ergo

521 5501 623 5536 non
647 5495 807 5555 potest
833 5486 1000 5539 inesse
1025 5484 1243 5555 quidem
1261 5483 1398 5536 omni
1418 5483 1605 5555 anima:
1626 5483 1930 5555 naturaliter
1955 5482 2117 5535 virtu-

519 5553 864 5610 tum'semina
911 5553 1159 5623 beneﬁcio
1204 5553 1462 5608 Creatoris
1505 5553 1730 5617 inserta;
1760 5555 1850 5606 sed
1875 5553 1976 5606 nisi
2005 5555 2116 5607 haec

521 5627 856 5693 cpitulatione
883 5626 979 5681 Dei
1005 5629 1192 5696 fuerint
1219 5627 1458 5688 excitata,
1485 5627 1551 5680 ad
1590 5625 1957 5696 incrementum
1999 5641 2116 5696 per-

524 5698 758 5767 fectionis
783 5714 883 5751 non
908 5694 1144 5770 poterunt
1174 5701 1434 5770 pervenire
1458 5713 1476 5752 :
1500 5696 1643 5767 quia,
1674 5694 1954 5770 secundum
1992 5695 2112 5748 bea-

525 5765 629 5822 tum
658 5765 992 5839 Apostolum,
1020 5765 1184 5842 neque
1209 5772 1295 5840 q.-:i
1327 5765 1532 5839 plantat
1567 5777 1641 5842 est
1673 5765 1901 5838 aliquid,
1953 5783 2114 5842 neque

524 5842 612 5913 qui
633 5844 788 5909 rigat,
815 5842 904 5895 sed
929 5844 1016 5910 qui
1043 5839 1412 5899 incrementum
1440 5843 1528 5898 dat
1558 5840 1716 5903 Deus.
1762 5842 1851 5896 Sic
1887 5842 2005 5916 ipse
2043 5839 2114 5896 ad

2201 1862 2336 1934 quit,
2371 1878 2403 1914 a
2433 1861 2525 1916 Dei
2558 1865 2728 1934 gratia
2752 1879 2949 1934 semper
2977 1863 3236 1934 adjuvari,
3268 1871 3534 1930 tamquam
3567 1875 3657 1934 sua
3684 1875 3772 1934 tio-

2202 1931 2418 2004 luittate,
2444 1930 2590 1986 nulla
2618 1933 2713 1986 Dei
2737 1934 2905 2004 gratia
2931 1930 3118 1988 bonum
3139 1949 3267 2004 opus
3291 1948 3587 2004 aggressus,
3609 1933 3661 2004 in
3680 1930 3778 2004 ipso

2192 2002 2309 2075 jam
2338 2019 2491 2071 opere
2521 1999 2780 2075 divinitus
2823 2005 3097 2075 adjuvetur
3119 2045 3136 2070 ,
3171 1999 3286 2071 'pro
3329 1999 3529 2057 meritis
3571 1999 3780 2075 videlicet

2201 2071 2482 2127 uoluntatis
2511 2073 2674 2136 bonae,
2706 2085 2759 2128 ut
2787 2071 3034 2129 reddatur
3060 2075 3229 2128 debita
3258 2075 3455 2143 gratia,
3486 2089 3590 2136 non
3617 2071 3783 2143 reddas

2205 2153 2288 2196 tur
2304 2144 2548 2219 indebita,
2567 2161 2629 2219 ac
2648 2146 2719 2219 sic
2745 2148 2912 2219 gratia
2921 2149 3037 2219 jam
3060 2163 3159 2200 non
3179 2147 3243 2199 sit
3261 2141 3464 2219 gratia,
3485 2143 3573 2219 sed
3588 2143 3650 2219 sit
3672 2141 3786 2219 illud

2203 2215 2341 2290 quod
2391 2214 2637 2286 Pelagius
2676 2213 2795 2290 ipie
2841 2218 2894 2269 in
2921 2213 3219 2290 episcopali
3257 2213 3495 2290 judicio,
3525 2213 3786 2290 Palaestino

2205 2283 2455 2338 danmare
2480 2283 2771 2358 co'mpuls'us
2799 2297 2892 2351 est,
2922 2283 3142 2358 gratiam
3170 2283 3275 2344 Dei
3301 2289 3599 2358 secundum,
3625 2283 3792 2337 merita

2205 2367 2381 2410 nostra
2412 2358 2546 2410 dari.
2579 2358 2636 2412 S.
2677 2356 3007 2426 Prosper‘in
3059 2360 3196 2413 libro
3242 2371 3440 2413 contra
3487 2357 3793 2426 Collatogrem

2205 2441 2325 2493 cap.
2345 2427 2378 2482 6
2403 2445 2415 2481 :
2446 2429 2732 2494 Quomodo,
2764 2424 2956 2496 inquit.
2983 2446 3084 2483 non
3111 2431 3337 2484 advertis
3363 2440 3412 2482 te
3438 2431 3490 2481 in
3512 2427 3643 2480 illud
3667 2424 3794 2477 dam-

2209 2508 2384 2550 natum
2427 2500 2684 2565 incidere,
2722 2517 2820 2567 quo
2867 2500 3017 2562 velis,
3065 2503 3219 2564 nolis,
3265 2499 3596 2554 conrinceris
3625 2496 3798 2567 dicere,

2206 2569 2430 2640 gratiam
2461 2568 2556 2623 Dei
2586 2565 2864 2623 secundum
2889 2572 3068 2624 merita
3097 2581 3270 2624 nostra
3302 2571 3449 2636 dari,
3478 2585 3594 2624 cum
3617 2565 3798 2640 aliquid

2208 2634 2491 2709 prwcedere
2518 2640 2634 2696 boni
2663 2643 2830 2710 operis
2856 2658 2919 2696 e:c
2945 2643 3067 2713 ipsis
3098 2634 3658 2713 Itominibus,7propter
3678 2634 3799 2709 quod

2207 2713 2432 2784 gratiam
2448 2723 2856 2784 consequantur,
2885 2715 3142 2784 afﬁrmas.
3352 2748 3365 2758 ο

2282 2781 2308 2819 b
2339 2784 2421 2835 Ad
2446 2781 2561 2839 hinc
2589 2784 2751 2838 verba
2783 2780 3182 2854 Do.'Cuychius
3211 2798 3374 2840 suam
3404 2781 3667 2854 adhibuit
3687 2792 3804 2832 cen-

2211 2865 2416 2923 suram,
2431 2870 2589 2920 quam
2613 2870 2757 2919 cum,
2773 2855 2890 2908 aliis
2913 2863 2971 2908 ut
2992 2851 3044 2908 in
3069 2854 3395 2923 praefatione
3414 2851 3810 2923 praposuimus,

2212 2922 2341 2978 huic
2391 2924 2541 2991 operi
2592 2925 2963 2993 subjiciemus,
2998 2920 3184 2982 lectori
3233 2920 3813 2993 studio—so‘videndam

2212 3002 2266 3066 et
2288 2991 2706 3063 perlegendami
2735 3012 2840 3066 qua
2873 2991 2976 3050 non
3015 2998 3188 3052 solum
3235 2995 3630 3053 difﬁcultatem
3672 2991 3816 3060 huius

2212 3063 2317 3119 loci
2344 3066 2616 3121 elucidare
2641 3063 2864 3133 studuit,
2894 3069 2986 3123 sed
3015 3078 3068 3122 et
3095 3068 3431 3126 Cassianum
3465 3066 3572 3121 hac
3598 3067 3652 3118 in
3682 3072 3822 3132 parte

833 3149 988 3194 vocat
1017 3141 1212 3193 semina
1241 3139 1489 3209 virtutum
1519 3151 1548 3190 a
1597 3146 1790 3209 natura
1833 3135 1987 3192 nobis
2027 3138 2109 3192 in-
2136 3135 2182 3200 C
2215 3151 2437 3209 prorsus
2466 3138 2534 3209 ab
2566 3141 2768 3192 erroris
2797 3149 2925 3194 nota
2957 3138 3234 3193 vindicare
3262 3148 3323 3194 et
3346 3152 3613 3209 purgare.
3639 3136 3822 3209 Censet

2215 3203 2358 3278 enim
2384 3207 2473 3260 illa
2495 3208 2741 3264 Cassiani
2772 3209 2913 3264 dicta
2946 3210 3001 3264 in
3029 3210 3129 3265 hoc
3156 3203 3367 3278 capite;
3400 3203 3610 3278 (ιιὶίὺυε
3639 3203 3824 3278 δεδβτῖί

2214 3277 2382 3332 Deum
2412 3278 2781 3335 laborantibus
2805 3290 3010 3336 tantum
3038 3296 3101 3338 ac
3144 3275 3562 3336 desudantibus
3609 3275 3827 3348 gratiam

2214 3362 2366 3420 suam
2396 3350 2599 3420 largiri,
2631 3361 2879 3406 nostrum
2908 3367 3037 3412 vero
3064 3367 3185 3408 esse
3217 3351 3390 3406 bona:
3421 3346 3724 3405 voluntatis
3747 3359 3830 3399 oc-

2213 3419 2502 3491 casionem
2539 3420 2653 3476 Deo
2697 3421 2928 3487 offerre,
2975 3437 3078 3491 qua
3115 3433 3465 3491 provocatus
3496 3430 3836 3491 munerasua

2214 3489 2270 3544 in
2303 3506 2402 3568 nos
2431 3489 2704 3568 etfundat;
2734 3489 3080 3568 intelligenda
3108 3489 3252 3559 esse,
3283 3510 3405 3550 non
3434 3493 3511 3568 de
3532 3489 3837 3568 infidelibus

2215 3570 2306 3616 aut
2336 3563 2516 3632 impiis
2544 3564 2874 3632 hominibus,
2906 3561 3003 3619 sed
3029 3565 3098 3619 de
3127 3567 3346 3620 renatis
3389 3571 3452 3620 et
3489 3561 3837 3632 justificatis,

2213 3635 2346 3706 sive,
2379 3628 2449 3706 in,
2481 3642 2625 3706 statu
2675 3628 2868 3704 gratiae
2901 3636 3231 3701 conatitutis,
3262 3637 3368 3705 qui
3400 3628 3608 3706 gratia)
3639 3628 3844 3686 inhabi-

2215 3705 2380 3758 tantis
2421 3705 2655 3772 Spiritus
2701 3707 2875 3761 sancti
2923 3716 3283 3774 cooperantes
3337 3705 3842 3762 et’collaborantes

2215 3774 2282 3848 de
2302 3777 2500 3848 virtute
2523 3779 2574 3830 in
2601 3778 2855 3832 virtutem
2881 3779 3335 3848 progrediuntur,
3359 3793 3544 3848 seque
3560 3776 3632 3832 ad
3652 3774 3847 3842 majora

2215 3846 2314 3922 Dei
2335 3847 2473 3901 dona
2495 3846 3081 3922 percipiendaidoneos
3096 3859 3151 3922 et
3166 3863 3419 3922 capaces
3444 3846 3712 3922 reddunt,
3737 3859 3850 3922 pro:

2214 3918 2340 3990 inde
2358 3934 2462 3990 non
2487 3919 2774 3974 excludere
2797 3919 3038 3973 divinum
3063 3920 3434 3988 adiutorium,
3464 3920 3619 3990 quod
3640 3920 3692 3971 in
3714 3918 3848 3990 omni

2217 3988 2575 4061 dispositione
2603 3999 2657 4044 et
2682 3991 3074 4061 praeparatione
3111 3991 3176 4045 ad
3200 3994 3461 4061 gratiam
3486 3988 3853 4060 supponitur.

2222 4058 2416 4133 Yerum
2449 4060 2567 4115 hac
2588 4060 2854 4133 expositio
2881 4061 2982 4133 Do.
3005 4058 3279 4133 Cuychii-(
3297 4064 3442 4118 licet
3471 4058 3660 4132 pia—et
3679 4063 3855 4133 catho-

2215 4130 2354 4200 lica)
2386 4141 2564 4186 tamen
2597 4127 2702 4184 non
2732 4132 2943 4186 videtur
2973 4127 3101 4186 huic
3125 4133 3246 4190 Ιοου
3268 4127 3629 4197 convenire,
3660 4141 3716 4186 et
3744 4127 3856 4182 aliis

2217 4201 2482 4270 theologis
2509 4218 2614 4255 non
2639 4203 2926 4271 probatur,
2958 4205 3105 4272 quod
3131 4212 3293 4259 certo
3350 4203 3585 4260 certius
3629 4208 3859 4260 constet.

2218 4282 2328 4340 tum
2356 4287 2427 4328 ex
2459 4275 2576 4341 ipso
2603 4273 2858 4335 Auctore,
2887 4281 3001 4328 tum
3026 4290 3095 4328 ex
3125 4274 3249 4328 aliis
3273 4315 3291 4338 ,
3346 4291 3474 4330 non
3525 4275 3699 4330 aliam
3749 4273 3861 4338 ejus

2213 4342 2384 4399 fdisse
2415 4354 2654 4399 mentem
2686 4359 2750 4397 ac
2774 4344 3116 4410 sententiam,
3154 4361 3329 4413 quam
3364 4346 3538 4400 illam
3563 4341 3863 4413 “assilien-

2215 4415 2383 4479 sium,
2413 4415 2482 4470 de
2507 4431 2610 4484 qua
2639 4429 2818 4484 supra,
2852 4409 3122 4484 quamque
3154 4409 3409 4484 ipsemet
3435 4417 3642 4475 collati.
3677 4417 3751 4470 15
3774 4409 3867 4465 sub

2218 4486 2428 4541 abbatis
2471 4486 2843 4560 Chzeremonis
2866 4489 3107 4560 nomine
3122 4486 3379 4560 plenius
3401 4498 3466 4542 et
3497 4486 3757 4560 apertius
3780 4498 3867 4560 ex-

2219 4560 2416 4626 pressit
2438 4568 2492 4612 et
2512 4556 2802 4628 evulgavit,
2829 4555 3099 4623 videlicet,
3118 4557 3346 4612 initium
3367 4555 3550 4615 bonae
3571 4555 3870 4628 voluntatis

2217 4625 2339 4683 esse
2367 4644 2434 4683 ex
2467 4625 2665 4691 nobis;
2678 4641 2732 4683 et
2761 4643 2918 4697 posse
2941 4629 3217 4684 hominem
3245 4631 3380 4684 suis
3406 4647 3476 4686 se
3513 4630 3738 4685 viribus
3768 4625 3873 4680 dis-

2220 4714 2421 4768 ponere
2441 4717 2504 4754 ac
2529 4701 2786 4755 idoneum
2813 4699 3041 4756 reddere
3071 4701 3137 4754 ad
3166 4702 3425 4769 gratiam
3465 4701 3573 4755 Dei
3608 4699 3872 4769 recipien-

2216 4774 2374 4834 dam;
2403 4773 2544 4841 quod
2571 4773 2672 4826 etsi
2695 4787 2801 4826 non
2827 4780 2935 4825 tam
2957 4781 3142 4840 aperte
3167 4771 3364 4826 tradat
3390 4772 3516 4828 hoc
3543 4773 3701 4839 loco,
3722 4782 3876 4838 quam

2219 4844 2274 4897 in
2306 4844 2397 4897 illa
2429 4843 2720 4897 collatione
2738 4858 2897 4912 quam
2921 4842 3120 4896 ideirco
3152 4841 3216 4895 D.
3241 4841 3525 4912 Prosper
3549 4846 3876 4913 impugnare

2218 4929 2506 4984 aggressus
2527 4924 2638 4979 est;
2663 4911 2770 4968 non
2795 4922 2971 4970 tamen
2996 4914 3067 4967 ita
3089 4913 3255 4984 obscu
3265 4928 3336 4967 re
3371 4911 3733 4980 insinuavit,
3753 4911 3878 4983 quin

2219 4983 2408 5039 lectori
2437 4985 2783 5040 mediocriter
2810 4993 3020 5039 attento
3053 4983 3210 5039 facile
3242 4993 3310 5038 et
3356 5001 3438 5040 ex
3485 4988 3694 5041 multis
3730 4999 3883 5053 argu-

2220 5057 2416 5110 mentis
2435 5057 2731 5111 elucescat:
2761 5054 2816 5110 1⁸
2849 5055 3180 5124 quodacap.
3219 5055 3296 5111 i0
3341 5057 3636 5126 usquead
3670 5071 3794 5126 cap.
3821 5053 3881 5107 l9

2219 5129 2352 5181 satis
2363 5127 2581 5198 quidem
2606 5127 2903 5198 honorifice
2924 5128 3170 5198 loquatur
3182 5126 3248 5198 dt;
3265 5131 3479 5196 gratia
3489 5128 3638 5196 Dei,
3654 5139 3890 5196 eamque

2218 5195 2550 5269 magnopere
2569 5197 2908 5252 commendet
2931 5195 3191 5252 adversus
3217 5195 3575 5269 Pelagium,
3603 5195 3684 5256 ita
3713 5195 3889 5269 tamen

2221 5280 2280 5323 ut
2311 5267 2697 5339 perfectionem
2732 5270 3100 5322 tantummodo
3135 5269 3184 5322 ei
3233 5267 3526 5325 ascribat
3548 5311 3568 5336 ,
3619 5270 3780 5326 nulla
3828 5267 3893 5318 de

2219 5341 2393 5394 initiis
2419 5341 2559 5396 facta
2584 5339 2885 5395 mentione:
2909 5340 2996 5394 ubi
3020 5341 3151 5393 latet
3171 5343 3547 5407 mysterium
3576 5341 3739 5411 quod
3762 5339 3900 5408 Cuy-

2219 5414 2376 5466 chius
2403 5428 2512 5466 non
2545 5411 2947 5474 animadvertit,
2975 5412 3064 5480 qui
3091 5425 3157 5465 cx
3201 5423 3274 5463 eo
3331 5413 3508 5481 quod
3563 5414 3894 5470 Cassianus,

2218 5491 2333 5555 tum
2381 5485 2482 5539 hoc
2511 5485 2686 5546 libro,
2721 5493 2832 5555 tum
2879 5482 3011 5536 alibi
3055 5493 3164 5535 tam
3195 5485 3563 5555 _m_agniﬁce
3605 5486 3684 5541 de
3725 5483 3902 5555 gratia

2219 5553 2448 5624 ejusque
2475 5556 2794 5610 necessitate
2823 5554 3092 5623 loquatur,
3124 5551 3507 5610 existimavit
3537 5571 3681 5612 eum
3717 5551 3789 5612 ab
3817 5570 3905 5608 er-

2220 5641 2344 5697 rore
2384 5627 2798 5697 Massiliensium
2835 5624 3002 5697 fuisse
3039 5627 3402 5690 immunem;
3453 5627 3536 5680 20
3585 5627 3748 5697 quod
3787 5641 3906 5697 pas-

2219 5696 2320 5750 sim
2351 5698 2419 5751 ab
2448 5698 2541 5751 illo
2573 5711 2695 5765 cap.
2729 5696 2798 5751 10
2844 5707 2898 5750 et
2939 5695 3195 5765 deinceps
3230 5705 3575 5765 supponat
3608 5695 3696 5756 in
3748 5695 3912 5754 nobis

2218 5767 2419 5821 bonam
2445 5762 2811 5831 voluntatem,
2854 5776 3126 5831 conatum,
3175 5762 3495 5838 laborem,
3551 5771 3913 5827 desiderium

2218 5839 2408 5902 salutis
2452 5850 2579 5897 ante
2619 5853 2837 5908 omnem
2882 5841 3109 5909 gratiam
3153 5845 3210 5912 et
3245 5834 3575 5912 divinam,
3608 5853 3681 5900 ut
3725 5850 3916 5907 vocat.
