3966 6326
472 310 580 368 ιιδ

471 528 636 585 fuerit
658 529 961 600 impensus,
984 529 1288 601 condignus
1308 543 1428 585 esse
1456 543 1563 584 non
1588 529 1808 598 poterit,
1831 528 1923 599 qui
1947 528 2064 584 haec

471 631 757 688 industriae
777 648 888 688 suae
905 635 1122 702 merito,
1139 633 1226 688 vel
1246 632 1468 699 laboris,
1481 632 1742 688 obtineat.
1761 631 2062 702 Numquam

474 734 618 788 enim
643 733 888 788 divinum
922 747 1119 794 munus
1145 733 1296 788 labor
1319 733 1572 804 proprius
1597 733 1900 788 humanave
1923 747 2064 788 com-

473 835 725 904 pensabit
752 832 1037 902 industria,
1062 833 1167 890 nisi
1193 829 1528 892 desideranti
1554 835 1737 892 divina
1763 834 1925 893 fuerit
1959 834 2066 890 mi-

469 936 741 992 seratione
761 950 1105 992 concessum.

1799 305 2011 363 JOANN
2018 304 2078 362 IS
2113 304 2427 362 CASSIANI

468 427 744 498 giliarum,
777 425 1031 482 lectionis
1060 432 1115 482 et
1142 424 1452 484 solitudinis
1473 438 1538 480 ac
1559 423 1882 480 remotionis
1910 424 2063 479 labor
2091 433 2142 489 Α

3642 299 3740 359 tu

2758 420 2986 479 CAPUT
3023 419 3164 477 XIV.

2315 494 2466 562 Quod
2491 493 2812 566 adjutoriunt
2839 493 2937 552 Dei
2963 491 3309 560 laborantibus
3338 489 3609 556 tribuetur.

2239 585 2346 642 Nec
2375 586 2480 642 hoc
2509 587 2649 656 dico,
2696 597 2755 646 ut
2781 587 3045 648 humanos
3088 595 3313 648 conatus
3358 597 3638 652 evacuans,
3683 583 3746 638 ab

2167 679 2430 736 industria
2470 689 2524 739 et
2569 680 2770 744 laboris
2813 680 3108 746 intentione
3152 676 3454 749 quempiam
3499 690 3745 744 revocare

2167 773 2511 831 contendam.
2561 772 2665 831 Sed
2712 773 2866 843 plane
2893 772 3328 840 constantissime
3354 784 3460 836 non
3487 783 3626 834 mea,
3658 768 3744 824 sed

2167 866 2438 922 seniorum
2489 865 2754 921 sententia
2802 863 2997 928 definio
3043 872 3072 901 ι
3109 863 3492 935 perfectionem
3540 858 3743 931 quidem

2166 958 2286 1015 sine
2311 958 2393 1013 his
2419 959 2638 1014 omnino
2664 958 2782 1030 capi
2812 973 2919 1018 non
2946 971 3136 1030 posse;
3166 957 3249 1014 his
3270 964 3452 1022 autem
3480 954 3613 1019 aliis
3636 955 3746 1014 sine

2164 1052 2336 1123 gratia
2359 1052 2454 1108 Dei
2475 1066 2636 1122 posse
2653 1067 2774 1108 eam
2793 1065 2825 1108 a
2847 1051 3060 1110 nomine
3072 1049 3458 1118 consummari.
3474 1047 3502 1095 b
3524 1045 3593 1112 Ut
3609 1047 3743 1106 enim
3783 1053 3791 1062 °

1543 1182 1802 1238 ALA-RDI
1839 1183 2075 1241 GAZIEI
2113 1185 2682 1245 COMMENTARIUS.

469 1271 708 1337 luntatis,
743 1271 890 1339 fidei,
929 1272 1336 1341 iustiﬁcationis
1359 1282 1414 1328 et
1458 1273 1652 1329 salutis
1697 1274 1803 1329 nisi
1845 1290 1875 1328 a
1921 1276 2053 1330 Deo.

469 1343 604 1399 Tum
633 1344 748 1411 ipse
787 1344 1023 1412 Prosper
1061 1347 1320 1413 peculiari
1363 1345 1499 1402 libro
1533 1344 1793 1400 adversus
1835 1347 2061 1402 collato-

472 1428 588 1468 rem
629 1415 777 1470 edito
817 1417 1138 1469 sententiam
1208 1418 1353 1470 illam
1392 1413 1638 1470 Cassiani
1670 1425 1724 1470 et
1761 1417 2064 1472 Massilien-

475 1488 612 1540 sium
642 1487 696 1540 in
743 1487 1031 1541 collatione
1061 1486 1269 1542 decima
1302 1486 1462 1540 tertia
1507 1488 1606 1541 sub
1637 1501 1868 1556 persona
1896 1490 2062 1543 abba-

473 1556 544 1611 tis
589 1557 964 1612 Cltatremonis
1021 1559 1223 1613 editam
1277 1567 1331 1611 et
1379 1572 1726 1623 expressam,
1766 1560 1965 1614 acriter
2007 1568 2063 1614 et

472 1637 633 1698 acute
668 1629 986 1683 confutavit.
1019 1629 1222 1685 Deinde
1252 1644 1381 1683 vero
1416 1629 1740 1684 leestinus
1770 1629 1793 1685 Ι
1821 1631 2060 1698 pontifex

473 1693 633 1765 hujus
663 1700 1049 1755 controversiae
1097 1701 1380 1762 occasione
1415 1711 1690 1766 permotus
1732 1693 1960 1766 epistola
1991 1702 2056 1756 ad

2167 1292 2322 1332 suum
2362 1279 2841 1354 sensum_trahens
2881 1281 3218 1354 Apostolum.
3267 1278 3338 1334 At
3377 1283 3567 1335 contra
3616 1277 3748 1333 hanc.

2169 1350 2490 1420 sententiam
2539 1350 2638 1406 SS.
2668 1353 2852 1406 Patres
2881 1353 3212 1407 validissime
3240 1359 3498 1420 pugnant,
3529 1353 3750 1419 eamque

2167 1429 2231 1492 _ut
2257 1419 2602 1492 Pelagianam
2635 1424 2950 1488 eXplodnnt.
3001 1424 3059 1481 S.
3100 1419 3430 1492 Augustinus
3471 1423 3563 1477 lib.
3605 1435 3642 1474 ιι
3686 1422 3748 1475 ad

2166 1489 2491 1564 Bonil'acium
2534 1507 2654 1562 cap.
2696 1494 2768 1548 8:
2820 1494 2880 1549 Si
2906 1495 3013 1549 sine
3055 1494 3148 1548 Dei
3189 1489 3368 1564 gratia
3395 1509 3484 1562 per
3509 1508 3601 1551 nos
3627 1493 3750 1564 inci:

2164 1562 2238 1631 pit
2263 1563 2519 1627 cupiditas
2550 1564 2694 1636 boni,
2739 1565 2907 1633 ipsum
2951 1577 3165 1636 coeptum
3203 1562 3302 1618 erit
3351 1565 3589 1617 meritum
3616 1604 3632 1626 ,
3669 1563 3748 1636 cui

2165 1640 2423 1700 tamquam
2454 1650 2516 1687 ex
2544 1635 2710 1688 debito
2750 1637 2915 1688 veniat
2961 1635 3317 1700 adiutorium,
3371 1651 3432 1688 ac
3471 1636 3547 1688 sic
3589 1635 3752 1705 gratia

2164 1719 2266 1775 non
2295 1705 2455 1775 gratis
2498 1705 2804 1771 donabitur,
2849 1706 2939 1760 sed
2983 1709 3165 1764 merito
3213 1715 3384 1761 nostra
3430 1701 3653 1761 dabitur.
3688 1701 3755 1758 Et

471 1761 759 1850 episcopos
786 1770 975 1826 Galliae
999 1772 1303 1850 conscripta
1335 1761 1607 1826 silentium
1633 1761 2059 1828 Massiliensibus
2087 1761 2136 1821 Β
2165 1773 2256 1850 lib.
2291 1761 2328 1836 ἶ.
2363 1790 2481 1850 cap.
2517 1777 2582 1831 19
2612 1777 2679 1850 ad
2709 1761 2954 1832 eumdem
2991 1761 3322 1850 Bonifacium
3352 1794 3364 1828 :
3398 1775 3630 1840 Dixisti,
3676 1775 3754 1829 in-

473 1841 748 1908 imposuit,
779 1857 1077 1911 eorumque
1103 1841 1438 1897 assertiones
1465 1851 1522 1894 nt
1550 1855 1808 1896 erroneas
1839 1853 1894 1898 et
1920 1859 1948 1897 a
1979 1860 2062 1898 ve-

473 1911 635 1974 ritate
669 1913 932 1968 catltolica
973 1914 1174 1966 alienas
1206 1912 1505 1967 declaravit
1532 1929 1546 1967 :
1570 1914 1901 1968 contrariam
1930 1929 2062 1970 vero

474 1981 538 2035 D.
573 1983 882 2053 Augustini,
932 1983 1208 2052 Prosperi,
1244 1984 1436 2053 Hilarii
1485 1992 1539 2037 et
1568 1984 1799 2044 aliorum
1843 1986 2061 2040 Patrum

472 2051 778 2128 doctrinam
807 2051 1325 2128 approbavit(Tomo
1351 2051 1372 2108 Ι
1399 2051 1599 2128 _C_oncil_._
1622 2056 1748 2111 edit.
1777 2053 2058 2127 Biniamr).

473 2122 756 2179 Postremo
785 2122 905 2181 cum
937 2142 1003 2179 ne
1031 2129 1106 2179 sic
1139 2122 1356 2194 quidem
1396 2123 1766 2178 Massilienses
1805 2122 2063 2196 conquie-

471 2197 827 2258 scerent,snb
855 2198 1164 2266 pontificatu
1194 2196 1390 2250 Felicis
1411 2211 1560 2264 papze
1586 2195 1677 2260 Ν,
1704 2204 1764 2249 ιιι
1787 2195 1943 2252 natat
1966 2199 2065 2255 Se-

470 2270 689 2338 verinus
719 2268 930 2333 Bittius,
966 2284 1107 2322 anno
1137 2268 1346 2321 Domini
1374 2269 1478 2322 429
1502 2278 1821 2333 congregata
1852 2271 2063 2338 synodo

474 2335 828 2409 Arausicana,
861 2356 957 2408 per
988 2340 1190 2406 aliquot
1219 2354 1457 2393 canones
1499 2338 1704 2392 diserte
1742 2349 1796 2392 et
1826 2335 1899 2393 ei
1941 2356 2066 2409 pro-

472 2406 617 2462 fesso
649 2406 873 2478 refutati
889 2418 1036 2474 sunt,
1068 2419 1122 2464 et
1147 2410 1358 2478 explosi
1380 2409 1796 2463 Massiliensium
1823 2406 2062 2475 articuli,

473 2486 530 2553 et
557 2479 822 2535 catholica
854 2482 1097 2536 doctrina
1136 2493 1346 2553 asserta
1397 2490 1452 2553 et
1480 2481 1720 2535 definita.
1774 2481 1909 2547 Quae
1948 2486 2067 2553 qui-

472 2547 595 2603 dem
645 2555 850 2620 omnia,
883 2553 996 2608 Deo
1028 2552 1351 2622 auxiliante,
1396 2552 1559 2622 latius
1589 2547 1983 2622 prosequemur
2012 2564 2066 2610 et

473 2624 865 2690 explicabimus
884 2626 935 2678 in
951 2623 1393 2679 annotationibus
1415 2621 1482 2677 ad
1505 2622 1701 2676 dictam
1721 2623 2064 2681 collationem

473 2690 737 2748 decimam
768 2696 1007 2750 tertiam.

546 2774 572 2802 α
603 2763 995 2822 Pet-fectionem
1022 2767 1129 2833 hic,
1160 2777 1221 2822 ut
1249 2763 1782 2837 iniprmcedentibus,
1819 2766 2068 2837 intelligit

473 2841 994 2908 consummationem
1025 2839 1151 2893 boni
1178 2836 1359 2908 operis
1382 2836 1437 2889 in
1463 2835 1654 2906 quovis
1680 2851 1877 2906 genere
1902 2835 2068 2892 virtu-

473 2914 608 2972 tum,
637 2906 737 2961 hoc
761 2918 849 2962 est
886 2910 1178 2978 perfectam
1217 2906 1805 2978 lidempcltaritatem,
1849 2912 2069 2964 castita-

474 2984 604 3043 tem,
636 2977 1072 3045 sanctimdniam,
1101 2990 1235 3045 etc.,
1289 2987 1347 3034 ut
1392 2977 1688 3047 distinguat
1733 2977 1803 3031 ab
1850 2979 2070 3035 inchoa—

474 3049 640 3122 tigne,
676 3066 772 3103 seu
801 3052 966 3106 initiis
994 3052 1258 3106 bonorum
1286 3064 1536 3119 operum,
1562 3064 1682 3118 quae
1701 3049 1826 3104 alibi
1853 3050 2065 3122 (Collat.

477 3118 546 3174 15
576 3136 622 3173 c.
652 3122 740 3189 1'2)
793 3131 948 3176 vocat
976 3123 1171 3176 semina
1200 3118 1448 3176 virtutum
1478 3135 1507 3173 a
1556 3130 1749 3174 natura
1792 3118 1946 3177 nobis
1986 3123 2068 3177 in-

474 3190 608 3256 sita;
658 3206 753 3260 per
793 3191 908 3247 hinc
952 3193 1258 3262 intelligens
1293 3192 1466 3245 bonas
1491 3191 1867 3258 cogitationes,
1903 3194 2069 3250 bonas

473 3262 803 3321 voluntates.
841 3265 924 3332 pia
953 3263 1217 3319 desideria
1252 3262 1459 3318 viribus
1489 3270 1726 3324 naturae,
1768 3278 1866 3316 seu
1911 3263 2070 3319 liberi

474 3333 682 3405 arbitrii
732 3345 988 3404 concepta
1037 3334 1178 3389 circa
1228 3348 1387 3405 omne
1436 3347 1606 3401 genus
1644 3335 2071 3405 virtutum:qui

475 3402 571 3457 fuit
594 3419 749 3460 error
774 3402 1209 3468 Massiliensium,
1233 3415 1292 3458 ιιι
1321 3404 1524 3458 dictum
1548 3411 1651 3458 est.
1678 3404 1884 3459 Sensus
1910 3402 2071 3474 igitur

475 3483 579 3540 est,
610 3476 1020 3545 perfectionem,
1053 3478 1257 3532 scilicet
1287 3475 1412 3530 boni
1441 3473 1641 3543 operis,
1672 3474 1775 3539 vel,
1796 3477 1841 3529 si
1871 3473 2067 3544 mavis,

476 3545 865 3615 perfectionem
910 3549 1304 3612 Christianam,
1349 3561 1443 3601 seu
1496 3546 1910 3617 Evangelicam,
1950 3566 2072 3617 quas

475 3618 734 3691 primario
764 3621 980 3691 quidem
1013 3631 1067 3674 et
1096 3617 1456 3691 essentialiter
1486 3617 1539 3670 in
1571 3616 1839 3691 charitate
1863 3616 2070 3691 _consi-

472 3689 603 3754 stit;
637 3687 958 3746 secundario
987 3699 1165 3746 autem
1208 3701 1300 3745 aut
1341 3687 1835 3743 instrumentaliter
1860 3689 1912 3743 in
1941 3693 2073 3746 alia-

474 3775 596 3814 rum
641 3763 896 3826 virtutum
942 3763 1232 3829 complexu
1263 3769 1319 3815 et
1346 3763 1718 3828 possessione,
1779 3777 1884 3814 non
1913 3776 2073 3830 posse

474 3831 706 3886 obtineri
738 3834 856 3888 sine
888 3835 992 3900 his,
1024 3834 1142 3887 scil.
1175 3832 1428 3886 humanis
1456 3831 1740 3885 conatibus
1761 3873 1775 3897 ,
1809 3833 2071 3888 industria

474 3909 530 3982 et
559 3901 746 3984 labore
775 3904 889 3975 (qui
921 3915 1099 3984 tamen
1131 3919 1229 3984 per
1251 3918 1314 3984 se
1331 3901 1600 3984 sufficiant
1624 3901 1690 3984 ad
1715 3903 1912 3984 bonum
1935 3919 2073 3970 opus

474 3970 866 4038 inchoandum,
881 3983 975 4030 aut
997 3970 1459 4042 concipiendum),
1474 3971 1570 4026 sed
1591 3973 1655 4025 ad
1680 3971 2070 4040 perfectionem

476 4057 612 4110 opus
643 4059 762 4100 esse
797 4045 890 4100 Dei
921 4046 1122 4099 auxilio
1153 4043 1554 4111 supernaturali
1583 4042 1746 4111 (Vide
1782 4042 1974 4098 Collat.
2005 4045 2069 4099 11

477 4111 538 4166 de
563 4114 931 4188 Perfectione).
957 4117 1105 4170 Hanc
1127 4129 1252 4188 esse
1272 4123 1508 4188 mentem
1532 4115 1789 4188 Auctoris
1805 4115 2074 4188 colligitur

477 4184 761 4240 manifeste
790 4203 853 4240 ex
885 4184 1009 4240 aliis
1038 4186 1170 4241 locis
1197 4200 1318 4240 cuni
1350 4187 1455 4238 hoc
1479 4184 1714 4238 collatis.
1747 4185 1877 4239 Nam
1905 4186 2074 4240 colla-

477 4256 639 4326 tionis
672 4258 740 4312 15
771 4272 890 4326 cap.
925 4259 958 4312 9
1017 4258 1138 4310 aliis
1188 4257 1370 4312 verbis
1414 4256 1556 4310 idem
1607 4257 1800 4309 astruit
1846 4253 2070 4312 dicens:

482 4325 550 4380 Ut
576 4338 748 4382 autem
776 4328 1060 4382 evidentius
1080 4328 1276 4382 clareat
1307 4329 1458 4382 etiam
1489 4342 1579 4397 per
1609 4335 1812 4381 natura
1845 4328 2032 4381 bonum
2054 4367 2070 4394 ,

476 4399 610 4468 quod
633 4401 876 4466 beneﬁcio
925 4398 1183 4454 Creatoris
1225 4400 1484 4452 indultum
1529 4407 1638 4462 est,
1687 4414 2073 4468 nonnumquam

477 4467 727 4541 bonarum
778 4470 1104 4524 voluntatum
1151 4471 1363 4541 prodire
1411 4470 1697 4538 principia,
1747 4486 1860 4539 quae
1899 4481 2072 4525 tamen

476 4540 573 4593 nisi
604 4559 636 4594 a
664 4542 885 4595 Domino
913 4540 1238 4611 dirigantur,
1266 4543 1334 4595 ad
1375 4541 1866 4594 consummationem
1908 4543 2070 4596 virtu-

479 4619 584 4684 tum
611 4613 873 4680 pervenire
899 4629 1000 4665 non
1026 4615 1240 4684 possint,
1273 4612 1552 4681 Apostolus
1578 4611 1722 4665 testis
1745 4624 1820 4684 est
1855 4613 2075 4684 dicens:

485 4679 630 4737 Velle
677 4685 879 4754 adjacet
928 4679 1093 4747 milii;
1139 4679 1379 4752 perﬁcere
1423 4695 1721 4754 autemnon
1749 4683 1972 4737 invenio.
2006 4683 2074 4738 Et

479 4749 820 4810 manifestius
852 4766 999 4822 patet
1026 4771 1094 4810 ex
1117 4749 1238 4821 cap;
1264 4749 1533 4822 sequenti,
1558 4753 1646 4807 ubi
1669 4755 1873 4822 profert
1897 4770 2076 4809 exem-

477 4824 562 4893 pla
595 4825 664 4881 de
705 4828 958 4882 omnibus
1005 4827 1265 4880 virtutum
1303 4825 1612 4895 generibus,
1643 4828 1808 4878 etiam
1850 4825 1922 4880 de
1969 4825 2073 4882 ﬁde

476 4897 528 4949 in
555 4895 834 4952 Christum
866 4907 919 4953 et
946 4898 1015 4950 de
1047 4895 1449 4965 perseverantia
1477 4897 1530 4949 in
1556 4898 1725 4961 bono;
1748 4909 1802 4951 et
1823 4897 2073 4953 dicitnos

476 4968 656 5021 omnia
681 4969 782 5023 ista
806 4969 968 5023 liberi
992 4968 1198 5022 arbitrii
1219 4967 1424 5021 viribus
1445 4979 1607 5035 posse
1628 4967 1799 5030 velle;
1822 4969 1920 5023 sed
1943 4969 2072 5023 illud

477 5041 616 5093 velle
638 5054 761 5095 esse
783 5039 1057 5094 infirmum
1075 5038 1142 5092 ad
1161 5038 1545 5104 perﬁciendum
1568 5052 1752 5106 opere,
1780 5041 1878 5092 nisi
1901 5041 2072 5103 gratia

477 5111 810 5165 subvenerit.
864 5110 1030 5164 Posse
1073 5122 1249 5164 tamen
1292 5125 1392 5163 nos
1435 5124 1532 5177 per
1569 5108 1703 5162 illud
1738 5108 2072 5164 desiderium

475 5185 701 5247 gratiam
734 5183 1025 5251 impetrare
1052 5182 1121 5234 ad
1152 5181 1561 5250 perficiendum.
1591 5179 1948 5251 Rursuscap.
1980 5181 2069 5235 il:

476 5251 606 5306 Cum
627 5250 830 5317 viderit,
851 5252 1042 5320 inquit,
1070 5269 1160 5306 nos
1185 5252 1320 5305 Deus
1344 5253 1411 5305 ad
1431 5251 1619 5304 bonum
1635 5251 1761 5304 velle
1781 5250 2069 5319 deﬂectere,

476 5325 726 5386 occurrit,
765 5324 946 5395 dirigit
980 5332 1132 5394 atque
1162 5324 1584 5395 confortat,retc.
1616 5321 1769 5395 Idem
1794 5324 2074 5395 prosequi-

479 5408 562 5449 tur
588 5411 709 5459 cap.
741 5397 827 5461 12,
861 5391 926 5449 ac
951 5391 1168 5450 demum
1194 5391 1269 5449 ita
1311 5393 1620 5448 concludit:
1664 5391 1906 5446 Dubitari
1949 5409 2070 5465 ergo

477 5483 580 5519 non
603 5476 766 5538 potest
791 5468 959 5522 inesse
983 5467 1201 5538 quidem
1219 5467 1356 5519 omni
1375 5466 1561 5538 animm
1583 5466 1886 5538 naturaliter
1911 5464 2073 5538 virtu-

474 5535 823 5592 tum'semina
870 5535 1117 5604 beneﬁcio
1162 5536 1419 5591 Creatoris
1461 5537 1686 5599 inserta;
1716 5537 1806 5589 sed
1831 5535 1932 5588 nisi
1961 5537 2073 5590 hac

476 5611 815 5679 apitulatioue
841 5609 937 5664 Dei
963 5611 1151 5678 fuerint
1177 5610 1416 5670 excitata,
1441 5609 1507 5661 ad
1535 5607 1913 5679 incrementum
1955 5622 2072 5679 per-

479 5677 714 5751 [ectionis
732 5698 840 5734 non
866 5677 1102 5754 poterunt
1132 5682 1391 5754 peruenire
1415 5695 1433 5733 :
1457 5677 1600 5748 quia,
1630 5677 1910 5754 secundum
1948 5677 2069 5731 bett-

481 5748 585 5807 tunt
613 5748 950 5824 Apostoluin,
978 5748 1253 5823 nequeqrzi
1285 5751 1489 5824 plantat
1523 5758 1597 5824 est
1629 5748 1858 5824 aliquid,
1909 5765 2070 5824 neque

481 5826 569 5896 qui
589 5821 744 5895 rigat,
771 5826 861 5880 sed
885 5826 974 5894 qui
1000 5821 1369 5881 incrementum
1397 5823 1484 5878 dat
1516 5821 1672 5884 Deus.
1718 5823 1807 5878 Sic
1844 5823 1960 5897 ipse
1999 5821 2069 5877 ad

2162 1846 2296 1920 quit,
2331 1861 2364 1897 a
2394 1845 2496 1920 Dei
2512 1849 2688 1920 gratia
2712 1863 2910 1920 semper
2937 1848 3196 1920 adjuvari,
3226 1856 3490 1916 tamquam
3524 1861 3622 1920 sua
3650 1862 3750 1920 _vo-

2162 1915 2378 1989 luntate,
2404 1915 2551 1970 nulla
2577 1917 2673 1971 Dei
2698 1918 2865 1988 gratia
2890 1915 3078 1972 bonum
3099 1935 3226 1989 opus
3250 1915 3540 1988 aggressus,
3566 1919 3624 1989 in
3643 1917 3754 1989 ipso

2153 1985 2271 2060 jam
2299 2003 2452 2060 opere
2481 1985 2740 2060 Δάίυξηξιιὶε
2783 1989 3057 2060 adjuvetur
3079 2029 3096 2056 ,
3131 1985 3243 2056 'pro
3286 1985 3481 2042 nieritis
3525 1985 3758 2060 videlicet

2161 2056 2442 2111 voluntatis
2472 2057 2634 2120 bonas,
2666 2069 2720 2112 ut
2747 2056 2995 2114 reddatur
3021 2061 3188 2113 debita
3216 2061 3406 2128 gratia,
3437 2075 3541 2128 non
3571 2059 3758 2112 redda-

2165 2136 2248 2181 tur
2264 2128 2509 2204 indebita,
2526 2146 2589 2204 ac
2608 2131 2680 2204 sic
2705 2133 2871 2204 gratia
2881 2134 2997 2204 jam
3020 2148 3119 2184 non
3139 2133 3200 2184 sit
3220 2127 3414 2204 gratia,
3435 2127 3606 2204 sedsit
3629 2128 3759 2204 illud

2163 2199 2302 2274 quod
2351 2199 2598 2270 Pelagius
2646 2199 2755 2271 ipse
2801 2203 2854 2254 in
2881 2199 3178 2274 'episcopafi
3215 2199 3443 2274 judicio,
3474 2199 3760 2274 Palaestino

2165 2269 2415 2323 damnare
2440 2269 2731 2343 compulsus
2760 2282 2852 2336 est,
2882 2269 3102 2343 gratiam
3130 2269 3231 2329 Dei
3257 2273 3535 2336 secundum
3575 2271 3762 2324 merita

2166 2351 2340 2394 nostra
2372 2343 2506 2395 dari.
2538 2343 2596 2396 S.
2637 2340 2967 2411 Prosper'in
3017 2345 3155 2398 libro
3200 2355 3389 2398 contra
3433 2343 3764 2396 Collatorem

2165 2425 2285 2478 cap.
2305 2411 2338 2466 6
2363 2429 2375 2465 :
2405 2413 2692 2478 Quomodo,
2724 2414 2915 2480 inquit,
2942 2431 3043 2467 non
3070 2415 3289 2468 advenis
3315 2425 3362 2467 te
3385 2415 3437 2466 in
3457 2413 3593 2465 illud
3621 2412 3764 2464 dam-

2169 2493 2344 2534 natum
2388 2484 2644 2550 incidere,
2682 2501 2780 2551 quo
2827 2484 2976 2547 velis,
3024 2487 3178 2549 nolis,
3222 2483 3538 2538 conrinceris
3570 2483 3764 2544 dicere,

2167 2554 2389 2624 gratiam
2419 2553 2517 2607 Dei
2545 2554 2823 2607 secundum
2847 2556 3027 2610 merita
3055 2565 3228 2608 nostra
3257 2555 3394 2621 dari,
3422 2570 3536 2608 cum
3561 2553 3765 2624 aliquid

2167 2622 2451 2698 pracedere
2478 2625 2594 2680 boni
2622 2628 2790 2695 operis
2815 2642 2878 2680 ea:
2903 2627 3026 2698 ipsis
3058 2625 3371 2692 hominibus,
3395 2636 3605 2697 propter
3627 2622 3764 2696 quod

2167 2697 2393 2769 gratiam
2407 2707 2814 2769 consequantur,
2844 2697 3102 2769 afﬁrmas.
3302 2731 3314 2742 ο

2241 2764 2269 2803 b
2300 2767 2381 2819 Ad
2405 2766 2520 2823 lucc
2548 2768 2710 2822 verba
2742 2764 3141 2839 Do.'Ctiycltius
3171 2783 3322 2824 suam
3349 2765 3610 2839 adhibuit
3634 2780 3768 2821 cen-

2171 2849 2548 2908 suram,quam
2573 2855 2716 2903 cum,
2732 2840 2848 2892 aliis
2871 2848 2929 2893 ut
2951 2838 3002 2893 in
3028 2839 3339 2908 praefatione
3358 2838 3768 2908 proposuimus,

2171 2905 2300 2961 huic
2349 2908 2500 2977 operi
2551 2909 2922 2977 subjiciemus,
2957 2905 3144 2966 lectori
3191 2905 3774 2966 studioso'videndam

2172 2976 2664 3050 etperlegendamj
2694 2996 2799 3050 qua
2831 2997 2935 3035 non
2974 2983 3147 3040 solum
3193 2980 3567 3038 difficultatem
3612 2979 3776 3048 hujus

2171 3047 2274 3104 loci
2303 3049 2575 3105 elucidare
2601 3047 2822 3116 studuit,
2853 3053 2944 3107 sed
2973 3062 3026 3107 et
3054 3053 3370 3110 Cassianum
3404 3050 3504 3105 hac
3530 3052 3586 3104 in
3620 3047 3780 3120 parte

2095 3119 2142 3184 C
2174 3135 2396 3194 prorsus
2425 3123 2492 3194 ab
2525 3126 2726 3177 erroris
2750 3132 2883 3194 nota
2915 3122 3192 3178 vindicare
3219 3131 3273 3178 et
3294 3137 3544 3194 purgare.
3573 3119 3780 3194 censet

2174 3192 2317 3262 enim
2343 3192 2431 3245 illa
2454 3192 2699 3248 Cassiani
2730 3192 2871 3248 dicta
2905 3194 2958 3248 in
2987 3195 3086 3249 hoc
3115 3192 3313 3262 capite,
3343 3193 3540 3262 quibus
3571 3193 3780 3247 asserit

2173 3261 2341 3316 Deum
2371 3263 2740 3319 laborantibus
2763 3275 2968 3320 tantum
2996 3280 3059 3322 ac
3102 3261 3489 3320 desudanttbus
3535 3263 3780 3334 gratiam

2173 3346 2325 3388 suam
2355 3334 2558 3404 largiri,
2589 3344 2837 3390 nostrum
2867 3351 2996 3396 vero
3023 3351 3143 3392 esse
3175 3337 3331 3390 boum
3359 3334 3660 3390 voluntatis
3686 3349 3784 3388 oc-

2172 3404 2463 3476 casionem
2497 3404 2611 3460 Deo
2655 3404 2887 3471 offerre,
2935 3423 3036 3476 qua
3075 3416 3395 3476 provocmus
3425 3419 3784 3476 munerasua

2173 3473 2228 3529 in
2261 3491 2361 3531 nos
2389 3474 2663 3542 effundat;
2692 3473 3038 3546 intelligenda
3067 3473 3209 3543 esse,
3234 3493 3342 3533 non
3367 3476 3436 3544 de
3458 3475 3786 3546 inﬁdelibus

2173 3555 2266 3602 aut
2295 3547 2474 3617 impiis
2501 3548 2833 3616 hominibus,
2865 3545 2962 3603 Sed
2987 3549 3056 3604 de
3085 3551 3289 3603 renatis
3327 3555 3384 3602 et
3418 3545 3785 3617 justificatisg,

2171 3619 2304 3690 sive,
2337 3615 2389 3672 in
2439 3627 2583 3690 statu
2633 3621 2823 3690 gratiae
2859 3621 3189 3685 constitutis,
3217 3621 3308 3688 qui
3336 3618 3529 3690 gratias
3558 3615 3789 3670 inhabi-

2174 3689 2338 3758 tantis
2379 3689 2613 3756 Spiritus
2640 3687 2834 3746 'sancti
2881 3687 3245 3758 conparantes
3280 3687 3790 3745 et‘collaborantes

2173 3757 2241 3832 de
2261 3761 2458 3832 virtute
2481 3763 2532 3814 in
2559 3763 2814 3817 virtutem
2839 3757 3278 3832 progrediuntur,
3299 3775 3464 3832 seque
3479 3759 3548 3832 ad
3571 3760 3790 3827 majora

2175 3830 2273 3902 Dei
2294 3830 2431 3885 dona
2453 3833 2798 3900 percipienda
2817 3830 3038 3888 idoneos
3054 3845 3108 3889 et
3123 3847 3350 3902 capaces
3372 3831 3631 3898 reddunt,
3658 3845 3794 3902 pro:

2174 3901 2299 3973 inde
2317 3917 2420 3973 non
2445 3903 2732 3957 excludere
2755 3903 2996 3957 divinum
3019 3901 3364 3973 adjuturinm,
3391 3903 3608 3972 quodin
3634 3901 3793 3956 omni

2175 3971 2532 4046 dispositione
2561 3982 2616 4028 et
2641 3975 3032 4046 prinparatione
3068 3971 3134 4029 ad
3157 3977 3386 4046 gratiam
3412 3971 3792 4042 supponitur,

2180 4041 2374 4117 Yerum
2407 4043 2526 4098 haec
2547 4044 2812 4117 expositio
2838 4043 2938 4117 Do.
2962 4041 3369 4117 ϐιιγοιιιῖεῌιοει
3394 4045 3483 4114 pia
3511 4053 3570 4098 et
3589 4049 3797 4117 catho—

2173 4113 2312 4183 lica)
2344 4125 2522 4169 tamen
2555 4131 2660 4168 non
2689 4115 2900 4170 videtur
2930 4113 3057 4171 huic
3083 4118 3202 4174 loco
3221 4113 3538 4179 convenire,
3571 4126 3629 4169 et
3663 4114 3796 4168 aliis

2175 4184 2440 4253 theologis
2466 4201 2573 4239 non
2597 4187 2884 4254 probatur,
2915 4189 3062 4256 quod
3089 4197 3241 4244 certo
3289 4185 3493 4244 certius
3535 4195 3795 4248 constet,

2175 4264 2286 4309 tum
2313 4271 2385 4310 ex
2417 4258 2534 4324 ipso
2562 4257 2816 4318 Auctore,
2844 4255 2958 4312 tum
2983 4274 3051 4313 ex
3081 4259 3204 4313 aliis
3225 4299 3240 4322 ,
3286 4272 3396 4312 non
3439 4255 3604 4314 aliam
3665 4259 3799 4324 ejus

2171 4325 2342 4382 fuisse
2372 4337 2612 4383 mentem
2645 4343 2708 4381 ac
2732 4329 3074 4396 sententiam,
3111 4344 3271 4397 quam
3301 4328 3450 4382 illam
3473 4325 3799 4397 Massilien-

2173 4399 2340 4463 sium,
2371 4399 2440 4454 de
2465 4416 2567 4469 qua
2597 4414 2776 4468 supra,
2810 4415 3079 4468 quamque
3110 4395 3337 4468 ipsemet
3359 4398 3543 4456 collat.
3577 4399 3659 4454 15
3688 4395 3801 4452 sub

2096 4500 2152 4562 ι)
2175 4470 2386 4562 alter}?
2404 4471 3064 4562 -9??£E‘P.2'.”i329.'31‘ﬂ°
3077 4469 3678 4562 ,ρξξιίξειεξξξνεῑξὲξξξ
3686 4484 3803 4562 εξς

2177 4544 2373 4610 pressit
2395 4553 2449 4596 et
2469 4540 2759 4613 evolgavit,
2786 4539 3056 4606 videlicet,
3075 4541 3284 4596 initium
3302 4539 3800 4613 bonae‘voluntatis

2175 4609 2296 4666 esse
2325 4628 2392 4667 ex
2424 4609 2689 4674 nobisfet
2717 4627 2875 4682 posse
2899 4613 3173 4668 hominem
3201 4613 3312 4666 suis
3334 4628 3396 4682 se
3423 4609 3639 4664 viribus
3675 4609 3805 4665 dis-

2177 4697 2379 4751 ponere
2399 4700 2461 4738 ac
2486 4685 2743 4738 idoneum
2769 4683 2998 4739 reddere
3028 4685 3093 4738 ad
3123 4683 3350 4752 gratiam
3383 4681 3477 4735 Dei
3508 4682 3804 4750 recipien-

2174 4757 2332 4817 dam;
2360 4756 2500 4824 quod
2528 4757 2628 4809 etsi
2651 4770 2758 4809 non
2784 4763 2891 4808 tam
2914 4764 3099 4823 aperte
3123 4754 3297 4808 tradat
3320 4753 3426 4807 hoc
3450 4752 3591 4818 loco,
3615 4767 3801 4820 quam

2175 4827 2230 4880 in
2264 4826 2355 4880 illa
2387 4825 2676 4880 collatione
2695 4840 2854 4895 quam
2878 4825 3077 4880 ideirco
3107 4825 3172 4878 D.
3197 4825 3432 4895 Prosper
3454 4824 3806 4893 impugnare

2175 4911 2463 4966 aggressus
2485 4906 2595 4962 est;
2620 4894 2727 4950 non
2751 4905 2928 4951 tamen
2953 4897 3023 4950 ita
3045 4897 3275 4950 obscure
3304 4894 3622 4966 insinuavit,
3651 4895 3804 4964 quin

2177 4965 2365 5022 lectori
2393 4968 2739 5023 mediocriter
2766 4975 2977 5022 attento
3009 4967 3166 5022 facile
3197 4976 3254 5021 et
3290 4981 3358 5021 ex
3397 4965 3579 5035 multis
3619 4979 3810 5035 argu-

2176 5040 2374 5093 mentis
2393 5040 2688 5095 elucescat:
2717 5037 2772 5093 1⁸
2805 5039 2949 5108 quod
2969 5052 2998 5092 a
3017 5054 3135 5108 cap.
3175 5039 3242 5103 10
3278 5033 3526 5108 usquead
3558 5033 3810 5106 capfl9

2176 5111 2310 5163 satis
2321 5111 2537 5181 quidem
2563 5107 2859 5164 honorifice
2880 5107 3125 5180 loquatur
3138 5110 3204 5181 ἀς
3217 5107 3524 5181 gratiaDei,
3540 5122 3607 5162 ea
3618 5123 3812 5177 usque

2174 5179 2506 5251 magnopere
2526 5181 2864 5236 commendet
2887 5179 3147 5236 adversus
3173 5180 3469 5251 Pelagium,
3494 5179 3566 5233 ita
3585 5189 3813 5251 tamen

2177 5261 2236 5305 ut
2268 5248 2653 5322 perfectionem
2688 5254 3056 5306 tantummodo
3091 5253 3140 5307 ei
3191 5248 3463 5314 ascribat,
3507 5248 3692 5322 nul_la__
3736 5251 3818 5303 de

2175 5317 2351 5377 initiis
2377 5324 2516 5379 facta
2540 5322 2840 5378 mentione:
2865 5323 2952 5377 ubi
2976 5325 3107 5377 latet
3127 5324 3443 5392 mysterium
3467 5317 3617 5392 quod
3647 5319 3818 5391 Guy-

2177 5396 2334 5449 chius
2361 5411 2470 5447 non
2502 5393 2902 5456 animadvertit,
2929 5395 3019 5464 qui
3046 5409 3112 5448 ex
3157 5389 3224 5447 eo
3269 5391 3411 5464 quod
3456 5389 3816 5464 Bassianus,

2175 5474 2291 5519 tum
2338 5467 2440 5520 hoc
2468 5467 2641 5525 libro,
2677 5474 2788 5518 tum
2835 5461 2966 5519 alibi
3010 5476 3120 5518 tam
3172 5462 3456 5532 magnifice
3491 5461 3558 5516 de
3599 5466 3820 5530 gratia

2175 5536 2406 5606 ejusque
2433 5537 2750 5591 necessitate
2779 5536 3048 5605 loquatur,
3079 5535 3408 5606 existimavit
3431 5547 3554 5588 eum
3585 5535 3673 5606 ab
3707 5549 3820 5588 er-

2176 5603 2301 5661 rore
2320 5603 2754 5662 illassiliensium
2790 5603 2956 5663 fuisse
2994 5610 3322 5671 immunem;
3365 5605 3431 5658 2°
3472 5603 3624 5673 quod
3671 5619 3826 5674 pas-

2176 5678 2277 5754 sim
2309 5679 2376 5733 ab
2405 5680 2498 5754 illo
2529 5693 2650 5748 cap.
2685 5678 2753 5734 10
2799 5689 2854 5733 et
2895 5679 3150 5754 deinceps
3186 5682 3470 5754 supponat
3507 5676 3591 5754 in_
3619 5677 3824 5754 nobis

2174 5749 2376 5804 bonam
2403 5743 2766 5814 voluntatem,
2809 5743 3104 5816 conatum,'
3130 5743 3394 5815 laborem,
3440 5743 3827 5804 desiderium

2174 5821 2365 5884 salutis
2409 5833 2536 5879 ante
2575 5835 2792 5890 omnem
2838 5825 3064 5893 gratiam
3107 5829 3164 5898 et
3199 5819 3460 5891 divinam,
3488 5826 3547 5873 ut
3591 5830 3826 5888 vocat,
