3966 6326
441 305 578 365 ω’

1781 322 2061 384 JOANNIS
2097 325 2411 386 CASSIANI

3611 332 3720 392 με

438 426 647 496 loquar,
673 429 977 488 volentibus
996 441 1048 488 et
1068 436 1408 493 currentibus
1429 437 2024 508 impartiri,secundum
2047 446 2103 506 Α
2128 443 2334 500 Praesto
2361 453 2445 502 est
2469 460 2701 517 namque
2726 448 3012 504 occasione
3039 447 3139 504 sibi
3168 448 3543 505 tantummodo
3566 463 3600 504 a
3622 465 3724 507 no-

435 520 568 576 illud
592 523 735 592 quod
759 526 917 581 etiam
941 527 994 582 in
1017 529 1223 598 psalmo
1246 533 1578 602 octogesimo
1600 544 1791 590 octavo
1811 551 1878 592 ex
1905 551 2028 607 per-

433 628 564 669 sona
597 616 691 672 Dei
717 627 999 674 cantatur:
1031 621 1195 677 Posui
1241 625 1563 698 adjutorium
1602 629 1656 682 in
1701 639 1932 698 potente,
1973 640 2026 687 et

433 712 654 765 exaltavi
694 712 906 768 electum
963 715 1025 771 de
1076 718 1221 787 plebe
1264 736 1378 774 mea
1424 721 1596 793 (Vide
1641 725 2026 781 annotationem

432 807 712 860 secundam
737 809 839 863 Do.
858 808 1050 881 Cuych.
1081 813 1134 866 in
1164 814 1304 868 calce
1329 815 1540 887 operis).
1567 825 1593 853 ⁸
1618 817 1852 874 Dicimus
1877 820 2027 876 enim

433 900 727 956 secundum
751 903 1049 960 Salvatoris
1071 910 1392 962 sententiam
1413 908 1528 964 dari
1554 911 1773 980 quidem
1798 913 2021 981 petenti-

435 992 552 1058 bus,
585 1004 641 1050 et
673 997 870 1066 aperiri
903 999 1257 1069 pulsantibus,
1282 1012 1337 1057 et
1355 1020 1386 1057 a
1408 1006 1772 1073 quaerentibus
1791 1007 2024 1063 inveniri

437 1083 650 1152 (.llatth.
664 1088 786 1159 vtt);
809 1089 903 1145 sed
923 1092 1261 1160 petitionem,
1277 1104 1334 1148 et
1355 1095 1781 1164 inquisitionem,
1798 1099 1891 1156 etb
1905 1103 2022 1171 pul-

432 1179 696 1234 sationem
726 1191 967 1236 nostram
997 1198 1102 1238 non
1132 1199 1252 1239 esse
1280 1186 1632 1257 condignam,
1664 1193 1767 1245 nisi
1814 1192 2024 1248 miseri-

433 1271 616 1326 cordia
634 1273 730 1328 Dei
745 1273 796 1328 id
809 1273 952 1343 quod
975 1277 1209 1345 petimus
1227 1276 1460 1346 dederit,
1482 1281 1563 1336 vel
1587 1283 1862 1351 aperuerit
1877 1284 2021 1354 quod

435 1365 738 1436 pulsamus,
784 1367 868 1423 vel
907 1368 1036 1424 illud
1061 1369 1207 1440 quod
1236 1373 1526 1441 quaerimus
1555 1374 1742 1432 fecerit
1764 1377 2016 1433 inveniri.

2129 537 2213 592 bis
2231 537 2386 592 bona:
2405 539 2697 595 voluntatis
2715 539 2916 606 oblata,
2939 541 3006 594 ad
3029 539 3147 596 haec
3165 542 3348 596 omnia
3366 540 3722 602 conferenda.

2129 631 2376 701 Amplius
2399 633 2543 687 enim
2571 633 2662 688 ille
2687 649 2848 704 quam
2878 648 2998 699 nos,
3023 632 3415 706 perfectionem
3459 636 3723 691 salutem-

2133 741 2237 795 que
2281 735 2522 781 nostram
2559 725 2837 782 desiderat
2883 735 2940 781 et
2984 735 3284 798 exspectat.
3334 726 3405 782 Et
3434 727 3486 782 in
3514 735 3722 782 tantum

2131 817 2319 874 beatus
2348 819 2517 874 David
2547 829 2866 889 proventum
2895 819 2979 874 sui
3017 818 3202 889 operis
3243 833 3308 874 ac
3349 818 3549 873 laboris
3595 833 3724 888 pro-

2132 913 2248 982 pria
2290 921 2494 968 tantum
2531 912 2792 969 industria
2824 928 2931 967 non
2965 926 3125 982 posse
3170 921 3402 968 noverat
3445 910 3720 966 obtineri:

2127 1014 2189 1060 ut
2216 1021 2246 1060 a
2273 1005 2502 1061 Domino
2533 1006 2830 1076 promereri
2864 1005 3218 1062 directionem
3243 1020 3466 1060 suorum
3494 1016 3724 1073 operum

2121 1099 2320 1155 iterata
2347 1114 2508 1170 prece
2534 1098 2877 1168 deposceret,
2913 1097 3141 1154 dicens:
3183 1096 3252 1152 Et
3281 1113 3439 1169 opera
3475 1111 3728 1150 manuum

2119 1203 2419 1247 nostrarum
2445 1193 2612 1264 dirige
2641 1209 2792 1264 super
2821 1208 2936 1258 nos,
2968 1202 3017 1247 et
3051 1207 3182 1259 opus
3224 1207 3477 1245 manuum
3518 1199 3729 1245 nostra-

2127 1301 2246 1338 rum
2271 1286 2435 1355 dirige
2463 1283 2634 1358 (Psal.
2669 1286 2910 1355 LXXXIX).
2946 1285 3014 1339 Et
3038 1299 3253 1339 rursum
3283 1302 3295 1338 :
3333 1283 3602 1354 Conﬁrma
3625 1281 3728 1339 hoc

2117 1377 2272 1456 Deus
2300 1379 2435 1447 quod
2460 1389 2699 1448 operatus
2727 1393 2779 1432 es
2809 1379 2861 1432 in
2891 1376 3039 1430 nobis
3069 1376 3246 1449 (Psal.
3272 1376 3465 1447 uvn).

1494 1577 1749 1634 ALARDI
1788 1577 2020 1636 GAZ/El
2055 1575 2626 1634 COMMENTARIUS.

433 1654 718 1772 autalterd
750 1717 894 1770 bono
921 1731 1088 1783 opere
1117 1720 1334 1784 morali,
1380 1719 1519 1782 quod
1556 1717 1784 1773 fortasse
1825 1717 2012 1780 faciet,

436 1789 662 1853 plurima
692 1796 911 1857 peccata
942 1789 1162 1845 lethalia
1185 1793 1302 1844 sine
1328 1789 1664 1845 dubitatione
1688 1790 2013 1843 committet.

435 1859 576 1915 Sane
600 1858 689 1927 qui
711 1859 908 1912 docent
939 1861 1210 1915 hominem
1262 1861 1510 1916 faciendo
1552 1861 1694 1929 quod
1746 1860 1797 1913 in
1829 1875 1888 1914 se
1934 1868 2022 1914 est

434 1931 565 1984 solis
606 1941 810 1984 natura:
838 1931 1043 1985 viribus
1073 1933 1137 1984 ad
1167 1933 1394 2001 gratiam
1426 1932 1742 2002 praeparari,
1774 1941 1867 1984 aut
1895 1931 2017 1999 Opi-

434 2012 630 2054 nantur
656 2016 779 2056 eum
804 2003 915 2056 suis
944 2002 1148 2057 viribus
1172 2018 1332 2072 posse
1361 2004 1674 2059 desiderare
1697 2012 1751 2056 et
1779 2013 1962 2071 petere
1989 2017 2017 2055 a

435 2072 546 2126 Deo
572 2072 824 2136 gratiam,
871 2080 926 2127 et
959 2073 1074 2128 haec
1128 2084 1213 2128 est
1261 2075 1483 2128 haeresis
1525 2075 1830 2143 Pelagiana,
1866 2082 1924 2126 ut
1952 2089 2017 2126 ex

434 2144 669 2218 concilio
697 2143 1027 2198 Arausicano
1054 2145 1284 2213 aliisque
1314 2146 1638 2201 testimoniis
1661 2160 1819 2218 supra
1841 2144 2053 2218 citatis.

435 2215 720 2282 probatum
752 2224 866 2277 est;
896 2223 991 2268 aut
1019 2228 1167 2270 certe
1195 2218 1508 2271 existimant
1545 2231 1704 2285 posse
1743 2215 2019 2269 hominem

435 2299 653 2339 servare
682 2287 914 2356 propriis
939 2285 1148 2341 viribus
1175 2289 1357 2343 omnia
1389 2298 1658 2356 praecepta
1688 2288 1932 2347 moralia,
1967 2293 2024 2340 et

434 2356 774 2410 innocentem
806 2355 968 2410 vitam
991 2372 1157 2427 agere
1194 2359 1490 2414 secundum
1516 2355 1806 2423 rationem,
1841 2368 1894 2411 et
1923 2357 2023 2410 hac

433 2427 716 2499 sanctitate
746 2428 939 2499 morali
986 2443 1289 2499 provocare
1313 2431 1479 2484 Deum
1509 2431 1575 2483 ad
1605 2429 1870 2482 auxilium
1890 2443 2025 2499 ispe-g

434 2498 569 2552 ciale
598 2498 698 2552 sibi
721 2498 1055 2564 donandum,
1080 2515 1188 2568 quo
1221 2501 1438 2556 tandem
1472 2501 1538 2554 ad
1576 2501 1732 2552 lidem
1763 2498 2023 2568 gratiam-

434 2584 539 2638 que
565 2568 874 2638 perveniat:
916 2571 1012 2626 sed
1055 2573 1168 2626 hinc
1212 2587 1427 2640 quoque
1477 2578 1562 2626 est
1594 2569 1818 2640 hterersis
1862 2569 2022 2623 Pela-

435 2641 592 2705 giana
625 2641 676 2694 in
707 2640 847 2694 libro
879 2643 1166 2709 superiore
1191 2645 1324 2696 satis
1346 2639 1634 2711 superque
1665 2639 1918 2703 refutata,
1966 2647 2024 2691 ut

435 2715 678 2766 omittam
734 2713 941 2766 nullum
1009 2713 1274 2780 ejusmodi
1334 2713 1614 2768 hominem
1666 2727 1734 2767 ex
1783 2711 2024 2764 historiis

439 2797 599 2846 posse
641 2783 956 2836 monstrari.
983 2783 1217 2838 Catooes
1249 2785 1418 2851 enim,
1451 2783 1728 2846 Socrates,
1778 2783 2024 2850 aliosque

434 2851 624 2907 horum
675 2853 903 2918 similes,
953 2856 1043 2920 qui
1082 2857 1225 2908 inter
1273 2857 1522 2909 ethnicos
1569 2855 1897 2908 sanctissimi
1931 2854 2025 2920 ju-

435 2925 796 2995 dicatisunt,
864 2926 1049 2979 multis
1114 2925 1258 2980 vitiis
1322 2937 1613 2995 coopertos
1657 2925 1818 2978 fuisse
1865 2923 2024 2976 facile

434 2994 797 3049 demonstrari
849 3005 1052 3064 posset.
1105 2997 1232 3052 Haec
1275 2994 1554 3052 illustriss.
1623 2995 2021 3059 Bellarminus,

432 3066 630 3132 quibus
661 3067 793 3120 nihil
817 3068 1124 3122 accuratius
1153 3085 1215 3123 ac
1247 3068 1540 3123 dilucidius
1585 3067 1767 3122 afferri
1824 3074 2022 3134 potest.

435 3143 505 3190 At
531 3136 598 3190 de
631 3139 714 3192 his
745 3154 844 3206 pro
884 3139 1095 3194 ratione
1149 3139 1379 3195 instituti
1429 3141 1550 3208 plus
1581 3141 1730 3192 satis.
1766 3138 1925 3192 Plura
1978 3137 2025 3208 si

431 3209 698 3277 requiris,
725 3210 951 3264 consule
996 3210 1255 3265 Didacum
1283 3207 1517 3266 Alvarez
1549 3211 1642 3265 lib.
1674 3223 1727 3262 vt
1759 3210 1828 3263 de
1860 3207 2027 3262 Auxi-

433 3278 521 3351 l_iis
546 3280 743 3334 divinae
771 3283 960 3350 gratia:
1014 3282 1211 3348 disput.
1247 3282 1336 3346 56,
1384 3282 1473 3335 ubi
1501 3283 1637 3335 hanc
1667 3281 2022 3351 quaestionem

433 3349 553 3404 fuse
577 3349 793 3421 tractat,
827 3361 882 3405 et
913 3354 1148 3421 priorem
1181 3353 1325 3408 illam
1360 3349 1753 3420 expositionem
1799 3351 2020 3405 refellit.

2120 1726 2321 1782 nostro,
2355 1726 2410 1770 ut
2452 1725 2696 1785 sequatur
2749 1715 2865 1779 illa,
2909 1731 3026 1768 cum
3073 1716 3358 1781 accipimus
3399 1725 3652 1782 petentes,
3684 1726 3734 1770 et

2118 1787 2405 1844 invenimus
2433 1798 2737 1857 querentes,
2763 1787 3092 1853 aperiturquc
3120 1786 3466 1853 pulsantibus.
3499 1785 3610 1840 Nec
3633 1803 3732 1841 vo-

2129 1861 2234 1914 lunt
2270 1861 2556 1928 intelligere
2587 1859 2740 1911 etiam
2781 1859 2877 1910 hoc
2919 1858 3078 1910 divini
3125 1858 3349 1910 muneris
3379 1875 3486 1910 esse
3523 1867 3577 1910 ut
3608 1875 3734 1912 ore.-

2119 1948 2258 1992 mus,
2305 1933 2400 1983 hoc
2439 1939 2533 1992 est,
2587 1939 2846 1995 petamus,
2898 1943 3192 1998 qutcrantus
3247 1939 3395 1993 atque
3440 1929 3730 1992 pulsemus.

2127 2003 2420 2072 Accipimus
2449 2003 2580 2054 enim
2611 1999 2869 2072 Spiritum
2897 2000 3194 2072 adeptiouis
3225 1999 3478 2072 (illorum,
3526 2002 3577 2053 in
3626 2017 3734 2069 quo

2127 2069 2412 2125 clamamus
2447 2071 2630 2124 :Abba
2658 2071 2814 2124 Pater
2849 2071 2900 2143 (Al
2925 2071 3046 2124 Cor.
3081 2069 3174 2143 ιι).
3207 2069 3358 2136 Quod
3393 2073 3515 2124 vidit
3545 2072 3735 2126 beatus

2127 2143 2470 2205 Ambrosius;
2500 2146 2572 2194 ait
2623 2143 2759 2194 enim
2785 2158 2801 2193 :
2836 2141 2904 2194 Et
2933 2157 3081 2195 orare
3122 2141 3308 2204 Deum,
3358 2143 3540 2210 gratiae
3563 2143 3734 2210 spiri—

2128 2215 2245 2267 talis
2286 2226 2379 2275 est,
2436 2215 2568 2266 sicut
2611 2214 2863 2283 scriptum
2894 2223 3010 2266 est:
3053 2210 3219 2265 Nemo
3276 2213 3423 2276 dicit,
3466 2211 3736 2268 Dominus

2126 2284 2300 2348 Iesus,
2335 2286 2431 2338 nisi
2468 2287 2519 2336 in
2556 2283 2758 2352 Spiritu
2786 2294 2961 2337 sancto
3011 2283 3054 2349 (l
3086 2283 3204 2336 Cor.
3233 2285 3320 2352 tt).
3356 2283 3632 2340 Hactenus
3670 2286 3730 2341 S.

2126 2357 2459 2424 Augustinus
2489 2355 2664 2408 citans
2700 2357 2867 2408 etiam
2899 2355 2957 2410 S.
2979 2355 3328 2408 Ambrosium
3360 2371 3470 2408 suae
3503 2366 3737 2410 senten-

2128 2425 2216 2478 tite
2248 2426 2651 2508 suffragantem:
2684 2424 2765 2480 Ex
2797 2427 2997 2508 quibus
3027 2435 3176 2508 patet
3205 2425 3480 2508 quomon
3525 2426 3737 2508 intelli-

2126 2497 2300 2566 genda
2325 2497 2396 2552 sit
2426 2495 2516 2551 illa
2547 2496 2848 2550 Salvatoris
2877 2498 3166 2562 sententia,
3201 2513 3267 2550 ex
3296 2513 3398 2566 qua
3431 2495 3737 2554 Cassianus

2128 2583 2278 2621 suam
2321 2569 2680 2622 assertionem
2733 2568 3068 2639 desumpsit:
3105 2566 3296 2630 Petite,
3350 2578 3398 2622 et
3427 2570 3738 2639 accipietis;

2126 2642 2340 2710 qua'rite
2362 2683 2376 2704 ,
2434 2650 2480 2692 et
2505 2639 2839 2710 iinveuietis;
2889 2638 3123 2710 pulsate,
3149 2709 3157 2710 ί
3183 2649 3228 2692 et
3269 2638 3548 2706 aperietur
3584 2643 3735 2694 vobis

2129 2709 2347 2777 (Matth.
2376 2726 2466 2774 vn,
2490 2709 2619 2763 Luc.
2653 2726 2704 2763 XI
2726 2711 2767 2778 ),
2799 2721 2903 2764 etc.
2931 2711 3048 2764 Non
3073 2709 3219 2764 enim
3250 2711 3320 2763 ita
3350 2710 3606 2778 jubemur
3639 2728 3740 2778 pe-

2131 2792 2268 2844 tere,
2294 2798 2561 2852 quazrere,
2591 2785 2832 2850 pulsare,
2862 2781 3017 2850 quasi
3048 2779 3165 2834 haec
3194 2795 3224 2833 a
3257 2782 3412 2836 nobis
3444 2783 3573 2850 ipsis
3601 2785 3737 2838 sine

2129 2854 2332 2906 auxilio
2361 2855 2547 2920 gratiae
2579 2861 2841 2920 praestare
2865 2853 3157 2920 possimus,
3182 2854 3278 2906 sed
3303 2864 3356 2906 ut
3387 2853 3740 2922 inSpirationi

2128 2933 2184 2976 et
2212 2926 2482 2978 vocationi
2513 2923 2713 2977 divinae
2743 2926 3177 2986 consentientes,
3218 2933 3274 2978 et
3325 2928 3515 2992 gratia:
3566 2927 3730 2980 auxi-

2129 2994 2322 3050 liatrici
2349 3005 2729 3060 coeperantes.
2765 2994 2945 3048 idonei
2981 2994 3272 3047 reddamur
3298 2996 3364 3048 ad
3411 2995 3737 3062 petendum,

2131 3065 2507 3130 quaerendum,
2540 3063 2888 3132 pulsandum,
2921 3065 3062 3118 sicut
3111 3075 3361 3132 oportet,
3387 3065 3541 3134 juxta
3593 3067 3738 3122 illud

2131 3135 2434 3190 Psalmista:
2462 3153 2478 3190 :
2507 3136 2732 3190 Audiam
2776 3136 2898 3203 quid
2944 3136 3186 3205 loquatur
3241 3137 3293 3189 in
3333 3153 3417 3190 me
3445 3136 3737 3204 Dominus,

2129 3211 2379 3278 quoniam
2419 3209 2661 3278 loquetur
2692 3223 2868 3273 pacem
2908 3208 2967 3278 in
3010 3223 3095 3260 eos
3120 3208 3206 3276 qui
3250 3219 3616 3262 convertuntur
3667 3210 3740 3263 ad

2131 3295 2220 3332 cor
2240 3277 2468 3343 (Psalm.
2496 3278 2742 3346 Lxxxtv).
2770 3277 3074 3333 Fatendum
3095 3278 3257 3346 igitur
3281 3280 3576 3333 secundum
3606 3280 3738 3335 Sal-

2131 3351 2335 3403 vatoris
2365 3352 2714 3413 sententiam,
2769 3353 3000 3418 gratiam
3033 3349 3148 3402 dari
3205 3350 3512 3416 petentibus
3533 3394 3548 3416 ,
3582 3367 3739 3419 qum-

507 3430 532 3458 ³
559 3411 786 3476 Contra
814 3411 950 3477 hanc
1000 3424 1357 3479 assertionem
1408 3411 1570 3478 nimis
1625 3423 1850 3476 liberam
1896 3411 2099 3475 editiC
2132 3421 2399 3485 rentibus,
2433 3411 2802 3484 pulsantibus}
2853 3419 2949 3474 sed
2993 3411 3265 3492 neminem
3318 3411 3546 3488 petere,
3574 3411 3740 3492 quaa-

434 3501 560 3548 sunt
605 3508 840 3548 canones
893 3494 1102 3562 aliquot
1157 3496 1209 3548 in
1263 3497 1352 3551 illo
1403 3494 1634 3548 concilio
1685 3495 2023 3547 Arausicano

436 3565 611 3632 (cujus
662 3579 822 3630 supra
855 3579 1186 3620 mentionem
1239 3567 1530 3635 fecimus),
1590 3565 1786 3634 quibus
1830 3565 2021 3617 eadem

338 3704 342 3709 _
433 3635 764 3709 exploditur,
798 3644 854 3690 et
890 3638 1161 3709 contraria
1189 3639 1401 3709 veritas
1425 3637 1708 3709 asseritur.
1745 3635 2024 3709 Inprimis

434 3722 609 3780 canon
643 3708 837 3780 tertius
857 3708 934 3761 sic
958 3707 1120 3780 habet
1146 3707 1302 3780 (Cap.
1331 3709 1417 3776 3):
1455 3708 1516 3762 Si
1536 3707 1651 3774 quis
1692 3722 1782 3770 per
1805 3707 2024 3780 invoca-

435 3778 623 3831 tionem
667 3778 947 3831 humanam
977 3779 995 3848 (
1023 3779 1073 3831 id
1107 3775 1224 3843 est,
1249 3775 1512 3833 "humanis
1541 3780 1746 3831 viribus
1800 3775 2020 3844 factam)

434 3850 652 3918 gratiam
681 3849 775 3901 Dei
814 3850 941 3902 dicit
971 3850 1221 3920 conferri,
1253 3867 1354 3902 non
1397 3858 1570 3920 autem
1607 3849 1773 3920 ipsam
1801 3848 2023 3917 gratiam

435 3924 601 3991 facere
653 3928 705 3971 ut
737 3921 996 3991 invocetur
1045 3917 1083 3972 av
1124 3921 1291 3986 nobis,
1339 3917 1645 3991 contradicit
1709 3917 1868 3970 Isaite
1902 3933 2024 3983 pro-

433 3989 635 4057 phetaz,
673 3989 748 4042 vel
797 3991 1043 4053 Apostolo
1096 3992 1236 4043 idem
1278 3987 1513 4043 (licenti:
1569 3987 1818 4042 Inventus
1849 4004 1962 4039 sum
1991 4004 2025 4040 a

436 4077 538 4113 non
569 4061 917 4131 querentibus
948 4077 1062 4114 me:
1090 4062 1261 4130 palam
1294 4063 1519 4131 apparui
1557 4061 1636 4112 his
1669 4060 1759 4130 qui
1796 4075 2023 4131 menon

434 4132 814 4200 interrogabant
840 4129 943 4197 (Is.
983 4129 1103 4194 va,
1126 4131 1280 4188 Rom.
1300 4129 1376 4200 x).
1403 4131 1628 4185 Canone
1651 4129 1846 4200 quarto
1869 4129 2021 4183 dam-

437 4211 635 4256 nantur
659 4205 748 4269 qui
785 4202 1021 4255 dicebant
1055 4202 1221 4256 Deum
1251 4210 1550 4268 exspectare
1579 4203 1894 4254 voluntatem
1928 4217 2024 4253 no-

434 4286 614 4337 stram,
644 4290 744 4345 qua
774 4273 987 4326 velimus
1017 4275 1268 4345 purgari;
1297 4291 1398 4326 non
1425 4282 1600 4345 autem
1627 4281 1683 4325 ut
1715 4275 1866 4325 etiam
1897 4287 2023 4342 pur-

434 4345 550 4413 gari
577 4343 812 4412 velimus,
836 4360 924 4416 per
942 4343 1263 4416 infusionem
1290 4346 1455 4398 sancti
1497 4343 1725 4410 Spiritus
1762 4355 1806 4397 et
1841 4360 2024 4412 opera-

435 4418 627 4468 tionem
659 4417 710 4468 in
741 4416 885 4468 nobis
917 4415 1051 4484 ﬁeri.
1116 4416 1356 4480 Denique
1409 4431 1618 4469 canone
1676 4428 1830 4469 sesto
1877 4416 2023 4468 idem

434 4486 755 4556 expressius
786 4486 1044 4540 delinitur
1101 4487 1182 4539 his
1212 4487 1421 4540 verbis:
1451 4485 1512 4541 Si
1543 4487 1656 4556 quis
1701 4487 1812 4540 sine
1857 4486 2025 4556 gratia

435 4554 535 4609 Dei
565 4558 915 4621 credentibus,
943 4557 1244 4621 volentibus,
1303 4554 1736 4620 desiderantibus,
1787 4554 2024 4610 conanti-

437 4628 551 4692 bus,
579 4627 1682 4698 laborantibus,vigilantibus,studentibus,
1709 4628 2022 4695 petentibus.

433 4701 808 4767 querentibus,
869 4699 1192 4764 pulsantibus
1243 4699 1390 4753 nobis
1446 4700 1854 4753 misericordiam
1897 4699 2025 4751 dicit

2129 3507 2278 3558 rere,
2300 3494 2536 3560 pulsare,
2566 3491 2665 3545 nisi
2692 3495 2840 3560 prius
2867 3507 2893 3544 a
2922 3493 3032 3544 Deo
3059 3491 3356 3545 excitatum
3377 3502 3430 3546 et
3453 3491 3736 3561 adiutum:

2127 3563 2361 3632 proinde
2391 3563 2733 3633 petitionem,
2767 3561 3198 3630 inquisitionem,
3233 3564 3593 3630 pulsationem
3629 3581 3738 3619 no-

2128 3645 2296 3688 stram
2357 3651 2461 3687 non
2519 3635 2694 3688 solum
2751 3649 2858 3686 non
2917 3648 3042 3687 esse
3097 3633 3466 3703 condignam,
3530 3646 3589 3689 ut
3660 3638 3741 3690 ait

2128 3705 2441 3777 Cassianus,
2491 3705 2840 3777 sed‘omnino
2869 3703 3067 3777 nullam
3115 3719 3145 3756 a
3191 3708 3346 3758 nobis
3371 3720 3494 3760 esse
3541 3721 3739 3777 posse,

2129 3776 2232 3830 nisi
2257 3791 2286 3830 a
2320 3778 2428 3830 Deo
2461 3775 2778 3844 inspiretur,
2813 3775 3101 3830 inclinetur
3128 3784 3184 3829 et
3215 3775 3558 3839 perficiatur;
3607 3779 3740 3832 llaec

2129 3848 2274 3901 enim
2299 3857 2418 3902 erat
2449 3846 2869 3901 Massdiensium
2895 3859 2949 3900 et
2985 3845 3546 3916 Semipelagianorum
3579 3863 3742 3903 com-

2130 3918 2314 3972 munis
2359 3919 2626 3972 sententia
2658 3928 2712 3969 ct
2736 3917 2987 3985 loquendi
3017 3918 3228 3982 modus,
3267 3929 3322 3969 ut
3350 3921 3604 3983 soporius
3639 3937 3741 3973 no-

2129 3991 2362 4042 tavimus
2398 4006 2410 4041 :
2443 3989 2672 4061 Conatus
2706 3991 2869 4061 nostri
2908 3989 3044 4041 irriti
3065 4057 3077 4061 Α
3100 3999 3236 4061 sunt,
3266 3989 3365 4061 nisi
3381 3989 3736 4061 adjuventur.

2127 4061 2327 4114 Contra
2350 4075 2486 4129 quos
2505 4060 2708 4126 Optime
2740 4062 2801 4114 D.
2838 4057 3150 4112 Bernardus
3183 4059 3235 4112 in
3268 4057 3546 4114 libello'de
3585 4062 3736 4116 Gra-

2129 4133 2202 4184 tia
2229 4141 2282 4186 et
2310 4131 2505 4185 Libero
2537 4131 2802 4186 Arbitrio.
2833 4129 3027 4192 Liberi,
3066 4129 3262 4198 inquit,
3291 4131 3494 4185 arbitrii
3517 4143 3740 4186 conatus

2129 4203 2197 4255 ad
2220 4203 2413 4254 bonum
2435 4204 2568 4254 cassi
2598 4213 2740 4262 sunt,
2762 4204 2806 4254 si
2833 4218 2934 4254 non
2963 4202 3303 4271 adjuvantur;
3325 4213 3371 4254 et
3403 4205 3534 4256 nulli
3557 4205 3602 4258 si
3634 4221 3743 4257 non

2129 4275 2456 4345 excitentur;
2486 4283 2545 4327 ttt
2568 4273 2940 4342 intelligamus
2968 4283 3075 4326 tam
3099 4274 3163 4324 ad
3188 4272 3551 4345 incipiendum
3573 4291 3741 4345 quam

2130 4343 2198 4397 ad
2233 4344 2621 4411 perliciendum
2646 4347 2873 4410 gratiam
2907 4357 3029 4396 esse
3059 4343 3445 4398 necessariam.

2203 4415 2229 4452 δ
2259 4415 2373 4469 Hac
2413 4419 2623 4469 ratione
2649 4414 2941 4469 Cassianus
2977 4424 3032 4469 et
3062 4415 3153 4467 alii
3180 4414 3547 4470 Massilienses
3579 4431 3742 4472 erro-

2107 4501 2246 4552 ,rem
2295 4486 2498 4556 Pelagii
2546 4487 2821 4541 declinare
2869 4501 2926 4539 sc
2974 4487 3383 4553 existimabant,
3431 4487 3572 4554 quod
3609 4504 3742 4543 cum

2130 4558 2384 4627 Pelagius
2418 4555 2606 4611 merita
2642 4557 2797 4612 liberi
2842 4557 3050 4627 arbitrii
3083 4555 3350 4625 condigna
3396 4573 3519 4612 esse
3561 4559 3745 4626 jacta-

2128 4639 2230 4692 ret,
2267 4626 2326 4682 ut
2353 4631 2526 4696 gratia
2556 4629 2715 4682 nobis
2742 4629 2805 4682 ad
2847 4626 3063 4682 facilius
3105 4627 3439 4694 aperandum
3463 4633 3746 4685 concede-

2131 4711 2307 4762 retur,
2361 4701 2521 4752 sicuti
2577 4699 2739 4752 etiam
2788 4699 3006 4769 dicebat
3061 4714 3162 4752 nos
3205 4713 3362 4767 posse
3403 4715 3466 4754 ex
3504 4702 3746 4769 pr0priis

433 4771 660 4860 gonferri
710 4771 974 4852 divinitus,
1026 4777 1074 4822 et
1113 4787 1238 4831 non,
1272 4779 1328 4823 ut
1361 4770 1654 4860 crpdamus,
1683 4772 1918 4860 velimus,
1946 4770 2025 4850 vel
2052 4802 2106 4860 Β
2131 4770 2337 4850 viribus
2385 4771 2658 4850 condigne
2681 4781 2735 4852 et
2769 4785 2835 4860 elx
2882 4768 3089 4860 iustitia
3147 4769 3376 4850 gloriam
3419 4768 3744 4860 ‘promjereri

435 4839 543 4893 hac
571 4848 742 4895 omnia
768 4843 899 4894 sicut
926 4851 1124 4910 oportet
1159 4857 1311 4912 agere
1341 4841 1627 4902 valeamus,
1662 4856 1753 4908 per
1790 4841 2026 4912 iinfrusio~

434 4928 551 4964 nem
579 4921 627 4963 et
656 4914 1042 4980 inspirationem
1063 4911 1228 4965 sancti
1251 4911 1482 4979 Spiritus
1511 4913 1567 4965 in
1597 4912 1740 4964 nobis
1765 4911 1878 4980 ﬁeri
1901 4926 2028 4963 cen-

437 4982 649 5050 fitetur;
682 4994 728 5035 et
759 4995 846 5036 aut
880 4982 1160 5035 humilitati
1191 4994 1281 5035 aut
1319 4983 1620 5036 obedientite
1648 4982 1888 5034 humana:
1908 4981 2027 5033 sub-

434 5055 607 5127 jungit
631 5057 812 5125 gratia:
831 5053 1189 5127 adjutorium;
1214 5069 1302 5106 nec
1327 5063 1383 5106 ut
1420 5054 1778 5127 obedientes_et
1805 5052 2028 5127 humiles

435 5124 642 5188 Simus,
679 5128 840 5194 ipsius
887 5125 1072 5192 gratia:
1120 5124 1314 5178 donum
1348 5141 1455 5178 esse
1501 5124 1784 5189 consentit,
1841 5125 2032 5185 resistit

435 5195 683 5264 Apostolo
715 5197 911 5251 dicenti
935 5212 953 5251 ε
979 5196 1116 5260 Quid
1140 5199 1316 5258 habes,
1347 5197 1484 5263 quod
1512 5212 1615 5248 non
1645 5195 1932 5262 accepisti?
1954 5207 2026 5260 et,

433 5265 617 5320 Gratia
645 5268 740 5321 Dei
770 5285 884 5321 sum
923 5267 979 5336 id
1006 5266 1144 5336 quod
1174 5284 1289 5320 sum
1319 5265 1363 5329 (l
1385 5265 1506 5320 Cor.
1536 5283 1584 5320 tv
1613 5277 1661 5319 et
1690 5269 1802 5336 xv).
1825 5266 2032 5331 Quibus

435 5339 763 5405 cauonihus,
792 5339 923 5405 ipsis
951 5335 1203 5390 Cassiani
1236 5337 1417 5391 verbis
1447 5335 2028 5406 usurpatis,excludi-

435 5419 521 5461 tur
580 5409 865 5464 manifeste
917 5409 1114 5461 modus
1167 5409 1425 5477 loquendi
1479 5417 1536 5464 et
1587 5409 1772 5476 opinio
1827 5409 2029 5476 ipsius:

435 5495 596 5547 quem
631 5485 796 5534 etiam
853 5480 1071 5533 modum
1121 5481 1374 5547 loquendi
1407 5479 1630 5534 damnat
1675 5479 2031 5548 Augustinus,

438 5563 712 5614 tamquam
745 5550 1186 5618 Pelagianorum,
1219 5560 1312 5604 aut
1339 5551 1418 5604 eis
1447 5554 1765 5613 faventium,
1799 5552 1936 5604 libro
1965 5551 2035 5605 de

438 5620 587 5673 Bono
633 5622 1054 5689 perSeverantiae
1109 5638 1228 5690 cap.
1259 5621 1330 5677 25
1359 5622 1410 5676 in
1441 5626 1557 5676 lucc
1607 5621 1806 5675 verba:
1856 5621 2039 5676 Atten-

437 5692 586 5764 dunt,
619 5693 829 5755 inquit,
887 5694 1136 5762 quomodo
1178 5695 1435 5763 falluntur
1482 5695 1566 5760 qui
1614 5703 1800 5764 putant
1855 5710 1964 5746 esse
2009 5711 2040 5748 a

441 5762 607 5826 nobis,
633 5779 736 5816 non
769 5765 880 5816 dari
918 5766 1063 5834 nobis
1102 5774 1156 5817 ut
1201 5774 1456 5832 petamus,
1511 5762 1824 5834 quieramus,
1869 5767 2042 5833 pulse-

441 5845 556 5888 ηαδ
580 5878 594 5897 ,
623 5847 668 5890 et
693 5835 790 5895 hoc
817 5850 925 5890 esse
952 5833 1153 5901 dicunt,
1179 5852 1282 5906 quo
1329 5839 1496 5908 gratia
1524 5833 1831 5905 prwdicetur
1860 5839 2044 5903 merito

2134 4841 2520 4907 sempiternam
2549 4839 2569 4905 ;“
2597 4840 2696 4909 ipsi
2730 4843 3075 4895 solummodo
3101 4839 3351 4894 meritum
3384 4841 3600 4910 aliquod
3629 4844 3742 4897 im-

2136 4912 2491 4983 petratorium
2533 4921 2588 4966 et
2617 4927 2915 4981 congruum
2965 4913 3167 4966 nostris
3206 4913 3489 4983 conatibus
3519 4927 3574 4968 et
3605 4929 3746 4983 ope-

2136 4983 2286 5036 ribus
2312 4982 2690 5046 attribuerent,
2725 4984 2866 5052 quod
2895 4999 2965 5036 ex
3001 4997 3060 5036 se
3090 4998 3197 5055 non
3222 4982 3499 5038 sufﬁceret
3521 4985 3586 5039 ad
3617 4982 3748 5055 gira-

2138 5055 2264 5107 tiam
2298 5065 2352 5106 et
2381 5056 2609 5108 salutem
2655 5070 2718 5108 ex
2749 5056 2930 5124 rigore
2957 5054 3184 5123 justitize
3219 5055 3600 5121 obtinendam,
3631 5054 3746 5110 nisi

2143 5125 2237 5179 Dei
2272 5124 2645 5179 misericordia
2678 5129 3010 5190 subveniret,
3041 5137 3094 5178 et
3114 5139 3329 5179 nosnos
3360 5135 3589 5180 conatus
3618 5143 3745 5196 per-

2141 5197 2347 5250 liceret.
2377 5196 2536 5265 Atqui
2571 5213 2637 5250 ex
2664 5196 2766 5250 hoc
2795 5197 2915 5264 ipso
2958 5197 3396 5252 conviceruntet
3427 5199 3748 5266 judicaruut

2142 5267 2351 5340 Patres,
2388 5269 2631 5340 ipsosin
2671 5268 2804 5321 illud
2853 5269 3195 5336 Pelagianum
3243 5268 3440 5340 dogma
3475 5270 3744 5332 incidere,

2143 5339 2398 5393 nimirum
2431 5339 2659 5408 gratiam
2684 5340 2982 5393 secundum
3012 5340 3202 5392 merita
3235 5339 3424 5394 noStra
3456 5341 3602 5406 dari,
3634 5342 3751 5395 Deo

2142 5409 2356 5463 scilicet
2379 5419 2561 5463 nostra
2597 5408 2812 5473 merita,
2843 5411 2892 5463 id
2922 5419 3024 5474 est,
3054 5424 3281 5464 conatus
3310 5421 3365 5466 et
3403 5413 3616 5468 labores
3652 5431 3752 5473 no-

2144 5490 2287 5534 stros
2319 5481 2550 5549 primum
2575 5479 2825 5534 intuente
2854 5489 2908 5534 et
2935 5481 3426 5546 considerante;et
3451 5500 3642 5544 eorum
3669 5486 3752 5540 itt-

2144 5555 2285 5605 tuitu
2309 5553 2835 5619 etcontemplatione
2857 5554 3085 5621 gratiam
3111 5569 3291 5622 suam,
3312 5571 3416 5608 non
3446 5557 3665 5622 quidem
3683 5574 3753 5611 ex

2147 5624 2419 5696 condigno
2435 5633 2568 5676 etex
2587 5623 2816 5690 iustitia,
2839 5624 2933 5678 sed
2957 5637 3135 5679 tamen
3161 5643 3227 5680 ex
3253 5629 3596 5694 congruitate
3618 5645 3755 5696 qua-

2121 5695 2270 5768 _dam
2306 5696 2462 5768 nobis
2489 5697 2804 5749 conferente
2833 5712 2850 5749 :
2877 5696 3021 5765 quod
3069 5709 3219 5752 certe
3267 5697 3474 5752 sufficit
3524 5700 3592 5753 ad
3627 5695 3758 5754 eva-

2151 5767 2415 5840 Cuandam
2447 5770 2708 5840 tationem
2739 5782 2903 5820 mera:
2933 5777 2988 5822 et
3028 5770 3281 5836 perfecta:
3305 5770 3526 5840 gratias,
3558 5771 3641 5825 uti
3683 5772 3755 5827 ad

2151 5838 2500 5911 collationem
2527 5837 2594 5894 1³5
2618 5838 2854 5918 plenius,
2887 5839 2993 5894 Deo
3022 5841 3262 5906 favente,
3292 5837 3756 5902 monstrabimus.
