3966 6326
261 297 370 363 449

857 418 1086 474 CAPUT
1121 417 1238 474 XV.

400 513 445 567 Α
463 513 650 583 quibus
678 514 1009 582 perfectionis
1029 515 1159 567 viam
1187 515 1382 570 discere
1409 516 1699 572 debeamus.

328 607 563 677 Ideoque
591 607 638 661 si
687 606 757 661 ad
804 621 988 662 veram
1034 607 1558 663 consummationem
1587 609 1844 666 virtutum

255 704 507 756 volumus
536 699 736 756 eﬂ‘ectu
781 709 839 755 et
887 715 1054 770 Opere
1108 702 1416 770 pervenire,
1452 701 1558 755 illis
1587 701 1847 756 debemus

253 797 608 863 acquiescere
637 792 913 862 magistris
942 807 1005 847 ac
1023 793 1250 848 ducibus
1274 794 1363 863 qui
1390 791 1528 847 hanc
1555 809 1660 847 non
1693 793 1846 847 vani-

256 904 418 958 ioqua
450 887 820 957 disputatione
848 887 1205 952 somniantes,
1248 886 1344 941 sed
1384 901 1442 941 re
1471 895 1632 955 atque
1681 900 1847 954 expe-

255 982 506 1037 rimentis
536 979 1012 1049 apprehendentes
1043 993 1142 1034 nos
1171 993 1387 1049 quoque
1443 979 1640 1035 docere
1683 989 1846 1048 atque

257 1073 328 1126 ad
358 1089 476 1127 eam
516 1072 758 1142 dirigere
787 1071 1040 1126 similiter
1070 1081 1322 1141 possunt,
1373 1083 1426 1127 et
1476 1073 1637 1138 viam,
1661 1087 1849 1142 quem-

258 1164 553 1218 admodum
587 1163 970 1233 perveniamus
997 1162 1065 1216 ad
1096 1178 1240 1226 eam,
1281 1165 1588 1218 certissimo
1636 1165 1850 1220 tramite

257 1256 669 1321 demonstrare;
717 1255 921 1326 quique
945 1254 1011 1308 ad
1046 1256 1184 1311 hanc
1214 1255 1322 1311 fide
1357 1270 1419 1310 se
1451 1256 1628 1325 potius
1661 1271 1851 1327 perve-

800 302 892 359 DE
931 301 1408 363 C(ENOBIORUM
1444 301 1690 362 lNSTIT.
1729 301 1860 362 LIB.
1901 303 2020 363 XII.
2045 337 2117 350 —
2141 305 2231 364 DE
2267 308 2540 367 SPIRITU
2577 306 2967 368 SUPERBUE.

3425 306 3533 373 450

1868 423 2094 485 Anisse
2143 439 2302 494 quam
2353 425 2597 480 laborum
2647 427 2843 481 merito
2908 426 3270 482 testabantur.
3327 427 3532 497 Quibus

1953 519 2120 572 etiam
2164 516 2268 572 hoc
2298 517 2626 590 prmcipuum
2676 520 2763 574 sui
2817 521 2996 576 cordis
3023 522 3284 592 acquisita
3324 524 3531 592 puritas

1952 609 2293 677 conferebat,
2327 619 2354 648 ι
2378 621 2436 666 ιιι
2461 613 2629 682 magis
2663 612 2942 684 magisque
2961 629 3022 670 se
3045 615 3270 685 deprimi
3296 620 3534 686 peccatis

1954 712 2339 774 agnoscerent.
2386 703 2413 742 δ
2463 703 2633 759 Tanta
2691 720 2924 775 namque
2971 706 3026 760 in
3085 708 3168 762 eis
3217 709 3534 766 delictorum

1953 797 2298 866 compunctio
2349 788 2446 864 per
2500 796 2618 850 dies
2677 797 2919 866 singulos
2962 798 3282 867 augebatur.
3338 812 3534 870 quanta

1955 888 2160 958 puritas
2187 889 2353 943 animi
2397 889 2742 957 profecisset,
2777 891 3163 961 traherentque
3205 891 3406 962 jugiter
3458 895 3541 948 in-

1952 980 2086 1035 timo
2107 980 2273 1035 corde
2299 981 2559 1050 suspiria,
2604 996 2671 1036 eo
2711 981 2856 1050 quod
2904 983 3230 1054 semetipsos
3273 987 3539 1041 sentirent

1951 1063 2290 1143 nequaquam
2320 1088 2480 1142 posse
2508 1072 2834 1129 delictorum
2878 1091 3062 1131 naevos
3083 1091 3145 1132 ac
3175 1080 3410 1134 maculas
3437 1080 3536 1136 de-

1953 1166 2152 1234 vitare,
2185 1182 2306 1236 quae
2339 1168 2418 1222 eis
2444 1183 2541 1238 per
2587 1170 2914 1239 multiplices
2937 1174 3320 1242 cogitationum
3361 1176 3538 1231 minu-

1952 1257 2056 1312 tias
2083 1259 2455 1314 inurebantur.
2486 1259 2553 1315 Et
2583 1271 2606 1298 ε
2635 1261 2842 1317 idcirco
2880 1261 3075 1321 futurae
3102 1267 3227 1321 vitae
3266 1268 3536 1338 stipendia

1324 1369 1575 1423 ALARDI
1617 1369 1847 1425 GAZrEl
1885 1369 2456 1429 COMMENTARIUS.

332 1473 357 1500 ι
381 1462 563 1518 Sancti
581 1472 636 1516 et
657 1477 783 1516 vere
811 1462 1066 1525 humiles,
1085 1477 1195 1528 quo
1212 1463 1381 1530 magis
1405 1463 1599 1516 interni
1633 1463 1850 1516 luminis

261 1535 418 1589 radio
450 1534 812 1597 illustrantur,
845 1549 910 1587 eo
941 1535 1112 1601 magis
1141 1549 1231 1584 sua
1260 1534 1423 1587 etiam
1458 1535 1732 1587 levissima
1755 1533 1851 1587 de-

259 1607 390 1661 licta
424 1617 480 1660 et
507 1605 768 1658 minimos
798 1619 1040 1672 quosque
1067 1602 1311 1657 defectus
1340 1613 1638 1673 agnoscunt
1667 1619 1729 1659 ac
1758 1605 1851 1658 de-

258 1679 510 1746 plorant;
533 1686 587 1729 et
618 1689 726 1743 quo
753 1676 922 1744 magis
953 1674 1262 1742 proficiunt,
1292 1689 1359 1728 eo
1389 1676 1568 1746 minus
1584 1691 1643 1731 se
1674 1677 1848 1744 profe-

257 1745 400 1803 cisse
427 1757 644 1815 putant.
680 1746 910 1814 ideoque
956 1747 1084 1798 dum
1115 1746 1239 1815 aliis
1269 1760 1328 1800 se
1373 1745 1690 1810 conferunt,
1721 1761 1850 1801 cen-

256 1817 380 1873 sent
399 1814 461 1872 se
491 1819 744 1871 omnibus
768 1817 989 1871 viliores
1019 1826 1074 1869 et
1110 1814 1415 1870 inferiores.
1452 1816 1563 1871 Iloc
1590 1817 1732 1870 enim
1764 1826 1849 1873 est

258 1891 537 1958 ingenium
592 1887 934 1972 lininiliutjs,
993 1888 1046 1940 in
1094 1902 1154 1940 se
1208 1887 1408 1969 intueri
1461 1903 1557 1972 sua
1589 1889 1846 1972 Inalanin
1877 1875 1925 1934 Β

257 1957 380 2015 aliis
403 1976 593 2015 eorum
622 1960 761 2011 bona
782 1957 837 2021 Γ
827 1959 965 2011 sicut
986 1972 1016 2011 e
1047 1957 1322 2012 contrario
1343 1958 1610 2025 superbire
1637 1959 1849 2014 indoles

256 2043 347 2086 est
376 2031 659 2086 attendere
691 2044 786 2081 sua
820 2028 981 2092 bona,
1022 2039 1077 2082 et
1123 2030 1349 2082 aliorum
1393 2029 1555 2082 mala.
1613 2029 1748 2084 Hinc
1781 2030 1844 2084 D.

258 2102 780 2172 Benedictusjnter
808 2100 1010 2172 gradus
1053 2099 1369 2172 humilitatis
1415 2100 1566 2172 p0nit
1611 2099 1783 2172 (Cap.
1815 2101 1848 2155 7

261 2174 500 2245 Regula)
533 2191 546 2224 :
585 2170 832 2225 Omnibus
860 2186 912 2245 se
938 2171 1237 2245 inferiorem
1285 2170 1597 2245 et_viliorem
1637 2170 1740 2245 non
1760 2189 1847 2225 so-

259 2241 370 2297 tum
402 2245 578 2314 lingua
623 2242 984 2314 pronuntiare,
1018 2243 1107 2314 sed
1144 2243 1294 2294 etiam
1337 2241 1520 2314 intimo
1549 2242 1719 2297 cordis
1767 2245 1850 2314 af-

257 2319 394 2384 fectu
424 2312 650 2366 credere.
685 2313 805 2384 Qua
825 2327 952 2366 vero
982 2313 1194 2366 ratione
1223 2312 1389 2379 possit
1415 2314 1630 2384 humilis
1664 2312 1851 2369 mona-

257 2381 395 2440 chus
426 2386 543 2439 sine
570 2383 948 2438 mendacioaut
969 2383 1210 2447 fictione,
1240 2383 1404 2436 immo
1419 2381 1537 2436 sine
1568 2385 1672 2438 ulla
1701 2385 1850 2439 falsi-

256 2468 370 2511 tate
401 2455 652 2510 omnibus
683 2471 741 2507 se
790 2455 1102 2508 interiorem
1148 2465 1202 2508 et
1242 2455 1484 2508 viliorem
1519 2457 1746 2511 credere
1794 2464 1851 2512 et

255 2527 642 2596 pronuntiare.
674 2526 914 2580 declarat
943 2526 1000 2580 S.
1047 2524 1282 2579 Thomas
1329 2524 1471 2593 (2-2,
1501 2541 1551 2594 q.
1591 2528 1712 2590 161,
1745 2538 1844 2580 art.

254 2601 292 2654 5
320 2601 338 2664 )
364 2618 377 2653 :
415 2597 478 2652 In
503 2599 727 2657 homine,
757 2597 952 2663 inquit,
976 2597 1078 2648 duo
1102 2606 1311 2664 possunt
1340 2598 1681 2658 considerari,
1707 2597 1850 2652 scili-

255 2681 336 2723 cet
357 2672 410 2722 id
441 2671 577 2739 quod
623 2678 695 2720 est
733 2667 847 2732 Dei,
896 2676 943 2720 et
974 2668 1037 2739 id
1063 2670 1198 2739 quod
1236 2676 1313 2720 est
1343 2667 1580 2721 hominis.
1609 2667 1851 2739 Hominis

256 2752 434 2794 autem
455 2738 529 2794 est
557 2739 807 2809 quidquid
848 2738 1067 2809 pertinet
1105 2738 1172 2791 ad
1217 2739 1508 2809 defectum;
1538 2738 1626 2792 sed
1658 2739 1748 2792 Dei
1777 2752 1851 2796 est

253 2813 510 2882 quidquid
540 2812 761 2882 pertinet
798 2808 866 2862 ad
897 2810 1134 2882 fatalem
1158 2817 1208 2861 et
1249 2808 1642 2882 perfectionem,
1669 2827 1854 2865 secun-

255 2877 549 2937 dum'illud
573 2881 688 2936 Ose.
728 2896 822 2935 xm
851 2899 863 2934 :
888 2878 1118 2934 Perditio
1150 2877 1258 2941 tua,
1287 2877 1473 2945 Israel,
1505 2897 1569 2934 ea:
1591 2891 1637 2932 te
1661 2891 1754 2946 est,
1785 2898 1852 2937 ea:

254 2971 340 3008 me
382 2963 583 3006 tantum
627 2953 880 3006 auxilium
915 2963 1079 3023 tuum.
1128 2949 1409 3023 Humilitas
1435 2961 1606 3006 autem
1641 2956 1852 3023 proprie

253 3027 465 3090 respicit
491 3026 825 3078 reverentiam
853 3040 956 3092 qua
990 3022 1142 3076 homo
1173 3021 1282 3075 Deo
1327 3021 1598 3089 subjicitur
1617 3021 1709 3084 ,et
1736 3027 1850 3080 ideo

252 3096 470 3165 quilibet
500 3097 674 3156 homo,
705 3095 988 3148 secundum
1027 3094 1082 3146 id
1129 3094 1265 3164 quod
1305 3109 1458 3165 suum
1490 3104 1584 3157 est,
1620 3094 1765 3148 debet
1798 3113 1852 3150 se

253 3163 468 3221 cuilibet
491 3167 728 3238 proximo
749 3167 1020 3238 subjicere,
1045 3174 1291 3238 quantum
1314 3164 1383 3217 ad
1404 3163 1458 3216 id
1477 3165 1618 3238 quod
1651 3165 1747 3238 _Dei
1777 3176 1852 3222 est

1953 1463 2131 1540 stabat
2158 1465 2304 1540 quod
2335 1477 2521 1540 essent
2551 1467 2604 1520 in
2638 1478 2780 1523 statu
2804 1471 3036 1540 gratiae),
3070 1481 3352 1539 propterea
3384 1489 3533 1530 sem-

1954 1549 2050 1602 per
2070 1535 2170 1588 sibi
2197 1537 2526 1602 metuebant,
2553 1548 2608 1591 et
2637 1542 2784 1607 quasi
2809 1535 3122 1608 peccatores
3152 1535 3531 1608 panitentiam

1953 1619 2138 1678 agere,
2172 1615 2227 1660 et
2255 1609 2466 1661 veniam
2509 1624 2537 1662 a
2567 1608 2677 1663 Deo
2723 1611 3013 1678 impetrare
3049 1608 3352 1669 studebant.
3381 1616 3535 1672 Scie-

1952 1675 2078 1728 bant
2103 1677 2247 1730 enim
2282 1678 2413 1732 illud
2447 1675 2819 1736 Ecclesiastici
2857 1685 3092 1736 salutare
3114 1683 3532 1742 documentum:

1950 1742 2143 1825 Beatus
2165 1749 2242 1799 vir
2270 1750 2358 1815 qui
2383 1766 2578 1820 semper
2612 1761 2686 1825 est
2716 1753 2933 1818 pavidus
2981 1751 3177 1820 (Eccle.
3216 1758 3304 1825 v);
3353 1768 3426 1822 et,
3458 1758 3536 1813 De

1950 1817 2498 1896 propitiato‘peecato'
2538 1822 2645 1896 noli
2688 1817 2793 1876 esse
2841 1817 3154 1896 siner'metu.
3196 1817 3359 1895 Urget
3394 1817 3536 1884 hanc

1953 1889 2297 1968 rationemD.
2329 1892 2635 1946 Bernardus
2666 1908 2830 1948 serm.
2864 1895 2932 1949 57
2967 1895 3019 1947 in
3046 1889 3304 1949 Cantica?
3340 1897 3423 1965 Si,
3449 1899 3532 1952 in-

1950 1959 2087 2035 quit,
2121 1959 2174 2035 in
2218 1977 2442 2035 quonam
2470 1972 2608 2016 statu
2639 1980 3044 2035 unumquemque
3071 1976 3300 2020 nostrum
3350 1959 3534 2024 habeat

1949 2025 2110 2109 Deus,
2135 2025 2330 2109 liquido
2352 2048 2798 2109 cognosceremus,
2812 2025 2914 2088 'nec
2936 2025 3093 2109 supra
3116 2054 3260 2099 sane,
3284 2055 3373 2091 nec
3395 2040 3536 2109 infra

1949 2103 2182 2178 secedere
2206 2103 2524 2178 deberemus,
2558 2107 2758 2178 ueritati
2783 2107 2838 2158 in
2869 2108 3103 2159 omnibus
3131 2103 3532 2178 acquiescentes.

1953 2167 2112 2246 Nunc.
2134 2183 2305 2225 autem
2333 2175 2455 2240 quia
2488 2177 2762 2228 consilium
2794 2178 2891 2228 hac
2929 2180 3097 2246 posuit
3127 2167 3365 2232 tenebras
3410 2181 3535 2234 lati-

1951 2241 2127 2293 bulum
2147 2259 2314 2308 suum,
2345 2254 2390 2296 et
2420 2261 2590 2298 sermo
2631 2241 2957 2299 absconditus
2985 2258 3056 2300 est
3093 2266 3126 2301 a
3154 2250 3322 2312 nobis,
3364 2253 3438 2303 ita
3478 2261 3532 2304 ut

1950 2326 2097 2390 nemo
2121 2316 2271 2367 sciat.
2314 2314 2376 2390 Si
2398 2318 2582 2390 dignus
2622 2320 2687 2368 sit
2717 2334 2892 2390 amore
2925 2319 3009 2390 _t'_el
3047 2320 3166 2371 odio
3186 2336 3206 2384 ;
3226 2322 3424 2390 justius
3453 2335 3536 2375 tu-

1951 2381 2150 2458 tiusque
2204 2381 2471 2453 profecto;
2491 2387 2654 2458 juxta
2704 2388 2866 2454 ipsius
2925 2381 3195 2442 Veritatis
3226 2381 3530 2458 consilium,

1951 2453 2283 2528 novissimum
2309 2458 2450 2509 nobis
2479 2453 2647 2510 locum
2677 2453 2945 2527 eligamtts,
2988 2460 3050 2512 de
3078 2478 3178 2526 quo
3210 2453 3533 2528 postmodum

1949 2538 2065 2598 cum
2110 2524 2306 2580 honore
2352 2529 2585 2593 superius
2622 2524 2925 2594 educamur,
2974 2524 3128 2596 quam
3165 2524 3534 2598 praesumamus

1949 2594 2204 2661 altiorem,
2249 2599 2382 2669 unde
2407 2601 2585 2652 cedere
2623 2617 2742 2653 mox
2770 2594 3002 2669 aporteat
3041 2594 3378 2655 cum'rubore.
3405 2602 3530 2657 Non

1949 2673 2022 2717 est
2047 2681 2168 2737 ergo
2195 2668 2495 2737 periculum,
2525 2668 2991 2741 quantumcumque
3007 2681 3054 2723 te
3076 2671 3338 2743 humilies,
3368 2691 3534 2743 quan-

1953 2744 2276 2814 tumcumque
2305 2751 2523 2814 reputes
2547 2743 2793 2794 minorem
2820 2759 2974 2808 quant
2999 2743 3090 2806 sis,
3131 2741 3228 2795 hoc
3256 2756 3348 2804 est,
3379 2741 3535 2814 quam

1953 2815 2001 2879 te
2021 2809 2201 2862 veritas
2231 2808 2434 2862 habeat.
2477 2809 2571 2864 Est
2621 2822 2790 2866 autem
2820 2815 3013 2879 grande
3056 2814 3270 2877 malum,
3317 2808 3531 2868 horren-

1952 2877 2175 2954 dumque
2203 2881 2505 2954 periculum,
2530 2883 2606 2936 vel
2636 2885 2679 2935 si
2709 2877 2905 2937 modice
2925 2885 3041 2954 plus
3069 2899 3184 2937 vero
3211 2896 3257 2938 te
3287 2885 3532 2944 extollas.

1951 2948 2030 3026 uel
2055 2953 2144 3002 uni
2191 2948 2422 3026 uidelicet
2462 2954 2866 3026 incoyitatione
2901 2948 2988 3007 tua
3011 2964 3057 3006 te
3086 2956 3348 3024 praeferas,
3383 2974 3533 3026 quem

1953 3023 2087 3095 [orte
2112 3037 2287 3095 parem
2320 3022 2410 3075 tibi
2441 3022 2870 3095 ueritas'judicat,
2901 3036 2991 3078 aut
3021 3029 3153 3094 forte
3194 3022 3530 3095 superiorem.

1954 3089 2082 3145 Haec
2112 3089 2175 3146 'et
2205 3093 2308 3147 alia
2345 3095 2406 3148 Ι).
2456 3089 2763 3150 Bernartius
2813 3112 2877 3152 eo
2921 3089 3059 3150 loco.
3112 3098 3192 3150 Ad
3222 3089 3532 3153 extremum

1955 3171 2273 3240 peccatores
2296 3180 2354 3219 se
2378 3166 2651 3233 appellant
2681 3170 2842 3240 etiam
2863 3167 3036 3240 sancti
3063 3177 3118 3222 et
3143 3169 3382 3236 perfecti,
3408 3186 3533 3240 pro—

255 3240 314 3291 in
354 3234 722 3306 ipsoJRnrsus
755 3234 935 3291 inalio
974 3234 1201 3290 articulo
1227 3236 1305 3305 (a.
1331 3241 1394 3308 t5,
1422 3234 1494 3288 ad
1525 3237 1610 3304 l):
1642 3235 1845 3302 Potest,
1873 3242 1919 3305 C
1955 3243 2073 3308 pter
2101 3234 2292 3308 crebra
2327 3249 2544 3304 peccata
2589 3238 2852 3300 venialia,
2887 3237 2941 3292 in
2983 3255 3102 3308 qua:
3137 3234 3424 3294 identidem
3458 3244 3534 3295 la-

255 3312 456 3377 inquit,
487 3311 670 3377 aliquis
688 3308 877 3379 absque
904 3309 1130 3379 falsitate
1143 3322 1198 3360 se
1218 3306 1422 3360 credere
1443 3315 1498 3379 et
1517 3309 1850 3377 pronuntiare

256 3382 494 3434 omnibus
524 3380 754 3434 viliorem
785 3377 1066 3434 secundum
1095 3377 1321 3446 defectus
1355 3378 1583 3431 occultos
1626 3395 1753 3447 quos
1796 3382 1849 3435 in

253 3469 314 3508 se
342 3453 626 3518 cognoscit,
668 3464 715 3505 et
745 3452 885 3504 dona
916 3450 1012 3505 Dei
1051 3465 1167 3517 qua
1209 3449 1262 3502 in
1303 3447 1422 3501 aliis
1475 3451 1654 3503 latent.
1698 3449 1850 3506 Unde

255 3523 581 3593 Augustinus
627 3523 753 3576 dicit
799 3524 852 3575 in
902 3523 992 3576 lib.
1025 3522 1087 3573 de
1141 3520 1448 3593 Virginitate
1489 3537 1508 3575 :
1542 3520 1850 3578 Ezistimate

254 3591 391 3647 alios
413 3597 467 3647 in
501 3595 705 3648 occulto
739 3595 1046 3661 superiores,
1074 3593 1255 3661 quibus
1304 3591 1425 3646 estis
1472 3593 1524 3644 in
1575 3593 1848 3661 manifesto

253 3665 517 3720 meliores.
545 3665 799 3720 Similiter
826 3666 979 3718 etiam
1008 3665 1198 3732 absque
1219 3662 1442 3733 falsitate
1466 3671 1626 3731 potest
1656 3662 1845 3726 aliquis

253 3737 492 3802 conﬁteri
521 3746 567 3787 et
594 3737 800 3790 credere
827 3735 895 3788 ad
940 3737 1115 3789 omnia
1142 3751 1195 3788 se
1231 3735 1463 3787 inutilem
1487 3749 1594 3786 esse
1635 3745 1680 3786 et
1709 3737 1847 3789 indi-

255 3822 420 3876 gnum
441 3809 535 3874 per
557 3811 793 3876 praprias
820 3809 968 3872 vires,
1000 3819 1054 3860 ut
1089 3806 1454 3875 sufﬁcientiam
1497 3821 1644 3858 suam
1686 3816 1845 3861 totam

254 3880 311 3931 in
335 3876 502 3931 Deum
524 3881 732 3946 referat,
763 3880 1046 3932 secundum
1072 3877 1204 3930 illud
1246 3876 1288 3930 ll
1316 3876 1548 3930 Corinth.
1594 3891 1648 3929 ιιι
1676 3893 1687 3927 :
1719 3877 1843 3932 Non

254 3949 394 4017 quod
416 3949 718 4018 suﬁcientes
746 3951 904 4002 simus
930 3949 1124 4017 aliquid
1151 3948 1374 4018 cogitare
1408 3965 1441 4001 a
1488 3946 1656 4010 nobis,
1695 3950 1844 4015 quasi

255 4037 324 4074 ex
349 4017 534 4091 nobis;
557 4021 645 4074 sed
673 4021 977 4091 sufﬁcientia
1003 4029 1178 4072 nostra
1199 4017 1264 4072 ea:
1292 4017 1398 4072 Deo
1427 4029 1520 4072 est.
1549 4019 1637 4072 Sic
1680 4020 1841 4073 nimi-

257 4107 379 4145 rum
405 4090 464 4147 S.
515 4090 842 4154 FrancisCus
871 4106 930 4146 se
957 4093 1195 4144 omnium
1236 4091 1622 4156 gravissimum
1651 4104 1844 4160 pecca-

258 4171 444 4216 torum
485 4163 790 4215 aflirmabat
830 4163 1032 4227 duplici
1076 4161 1324 4216 ratione:
1358 4162 1416 4214 1ο
1447 4161 1574 4227 quia
1620 4164 1663 4214 si
1701 4162 1841 4216 Deus

258 4243 463 4286 tantam
499 4236 726 4301 gratiam
752 4234 872 4286 aliis
903 4233 1242 4294 contulisset,
1277 4231 1472 4301 melius
1497 4230 1744 4285 fortassis
1777 4248 1839 4288 ea

259 4307 342 4358 usi
375 4300 625 4366 fuissent,
649 4315 705 4358 et
731 4303 1030 4358 sanctiores
1056 4305 1355 4358 evasissent
1379 4318 1395 4362 ;
1424 4300 1482 4354 ‘2'
1504 4303 1625 4370 quia
1658 4305 1703 4357 si
1726 4303 1840 4370 ipse

260 4391 290 4426 a
327 4376 437 4429 Deo
465 4378 829 4440 desereretur,
855 4385 947 4428 aut
973 4376 1072 4428 nisi
1105 4372 1174 4427 ab
1197 4387 1264 4428 eo
1297 4383 1690 4442 protegeretur,
1724 4375 1841 4439 pln-

259 4446 414 4500 ribus
445 4455 498 4500 et
543 4445 880 4515 gravioribus
935 4445 1168 4515 peccatis
1213 4443 1352 4498 foret
1390 4446 1678 4497 obnoxius.
1707 4443 1838 4498 Vide

261 4518 695 4571 Bonaventuram
722 4516 776 4570 in
803 4516 920 4585 eius
951 4516 1090 4571 Vita.
1116 4516 1386 4571 Praeterea
1413 4527 1602 4568 vocant
1624 4528 1683 4567 se
1712 4528 1838 4585 pec-

258 4599 474 4642 catores
500 4589 676 4642 sancti
720 4584 1156 4656 viri'spectantes
1184 4585 1446 4640 inlinitam
1503 4586 1590 4638 Dei
1636 4584 1836 4638 sancti-

259 4669 429 4711 tatem
456 4670 507 4714 et
536 4658 764 4724 justitia:
793 4658 1181 4723 perfectionem
1204 4701 1218 4722 ,
1253 4659 1408 4722 cujus
1439 4659 1840 4723 comparatione

259 4729 438 4781 omnis
493 4729 724 4784 humana
769 4728 983 4797 justitia
1032 4739 1115 4783 est
1145 4729 1528 4797 injustitia,et
1578 4726 1840 4797 munditia

257 4809 386 4852 sunt
411 4802 621 4866 sordes,
652 4796 816 4854 etlus
842 4801 1102 4853 tenebrm.
1134 4796 1267 4851 llinc
1291 4796 1451 4849 David
1486 4796 1630 4849 Psal.
1661 4811 1836 4852 csut:

259 4868 344 4922 Ne
373 4873 554 4928 intres.
587 4873 782 4938 inquit,
835 4872 888 4923 in
937 4871 1198 4940 judicium
1235 4882 1350 4920 cum
1386 4883 1529 4940 seruo
1571 4877 1695 4940 tuo,
1719 4869 1842 4937 quia

256 4958 362 4992 non
397 4943 772 5011 justiﬁcabitur
813 4945 867 4993 in
915 4939 1187 5007 conspectu
1237 4948 1322 5011 tuo
1349 4939 1512 4991 omnis
1536 4939 1743 5011 Avivens.
1777 4941 1842 4994 Et

252 5011 380 5065 Job.
397 5008 535 5084 'cap:
568 5029 671 5066 xxv
697 5031 712 5067 :
738 5011 1006 5080 Numquid
1017 5009 1301 5084 justi/icari
1319 5018 1501 5078 poterit
1525 5008 1676 5084 homo
1691 5027 1838 5084 Δ(ξοηιτ

253 5094 470 5153 paratus
503 5082 632 5149 Deo,
669 5094 757 5135 aut
794 5080 1044 5151 apparere
1068 5081 1299 5153 mundus
1326 5089 1474 5133 natus
1502 5080 1564 5132 de
1591 5081 1842 5135 muliere?

255 5150 372 5206 ecce
393 5153 518 5206 luna
541 5157 694 5207 etiam
720 5150 1095 5219 non'splendet,
1115 5165 1162 5208 et
1183 5150 1345 5206 stellte
1366 5166 1464 5202 non
1487 5161 1607 5204 sunt
1636 5153 1842 5206 mundte

251 5225 310 5276 in
341 5237 618 5284 conspectu
666 5229 814 5296 ejus;
843 5235 1045 5296 quanto
1086 5227 1249 5293 magis
1298 5221 1446 5274 homo
1496 5223 1734 5287 putredo,
1794 5232 1842 5277 et

251 5296 401 5362 ﬁlius
429 5299 646 5350 hominis
675 5297 900 5349 vermis?
926 5296 1006 5353 Ad
1036 5295 1153 5350 haec
1173 5296 1344 5348 sancti
1380 5303 1628 5358 reputant
1655 5307 1837 5348 secum

297 5369 489 5421 lurima
513 5377 566 5420 et
593 5369 779 5436 gravia
800 5367 1044 5437 quasdam
1077 5374 1295 5434 peccata
1329 5365 1621 5437 praeterita,
1647 5367 1697 5437 in
1720 5364 1840 5432 qui-

297 5383 489 5421 iurnna
513 5383 566 5420 et
593 5383 779 5436 gravra
800 5383 1044 5437 quaedam
1077 5383 1295 5434 peccata
1329 5383 1621 5431 praeterita,
1647 5383 1697 5417 ιιι
1720 5383 1839 5432 qut-

248 5383 356 5491 Kus
384 5452 633 5507 magnam
665 5439 788 5491 vita:
814 5453 926 5492 sum
962 5443 1172 5504 partem
1204 5435 1573 5505 perdiderunt.
1609 5436 1839 5505 ideoque

249 5523 316 5562 se
339 5519 654 5577 peccatores
683 5508 977 5578 appellant.
1003 5508 1094 5564 Sic
1120 5509 1334 5572 Paulus,
1359 5507 1480 5576 quia
1503 5518 1835 5578 persecutor,

246 5577 789 5645 contumeliosus,et
817 5580 1166 5645 blaSphemns
1201 5579 1396 5641 fuerat,
1434 5577 1761 5644 agnoscebat
1787 5589 1841 5634 et

246 5650 472 5704 dicebat
488 5666 546 5703 se
565 5653 798 5716 primum
820 5650 1059 5704 omnium
1087 5660 1429 5718 peccatorum
1455 5648 1499 5704 ll
1529 5649 1596 5700 ad
1618 5648 1755 5702 Tim.
1773 5650 1835 5718 ι).

253 5722 503 5791 Denique
526 5722 648 5790 quia
672 5722 874 5777 sanctis
903 5721 1112 5792 incerta
1138 5732 1254 5777 erat
1282 5721 1671 5792 praeteritorum
1712 5737 1842 5775 suo-

245 5808 377 5866 rum
411 5793 701 5854 criminum
730 5793 981 5854 remissio
1027 5791 1166 5870 (non
1195 5794 1338 5854 enim
1381 5792 1488 5850 illis
1527 5803 1679 5850 certo
1704 5807 1841 5852 con-

1954 3304 2186 3380 _b_untur._
2202 3305 2404 3374 Septies
2431 3309 2564 3380 enim
2592 3309 2647 3361 in
2672 3311 2754 3362 die
2772 3311 2910 3362 cadit
2931 3304 3108 3380 justus
3130 3308 3402 3380 (Prorerb.
3433 3317 3530 3380 tv),

1953 3374 2006 3428 id
2025 3385 2137 3449 est,
2165 3377 2492 3446 frequenter.
2528 3379 2603 3432 Ea
2631 3395 2760 3434 vero
2791 3380 2866 3434 illi
2918 3374 3023 3433 non
3076 3374 3238 3449 parva
3287 3392 3341 3436 et
3391 3374 3527 3438 levia

1951 3446 2303 3524 existimant,
2321 3449 2416 3503 sed
2460 3449 2616 3524 valde
2670 3451 2873 3524 gravia
2905 3461 2968 3524 et_
3005 3446 3211 3511 odiosa,
3249 3463 3306 3504 ut
3333 3454 3532 3524 quibus

1949 3520 2187 3594 sentiant
2207 3519 2462 3594 ardorem
2495 3521 3011 3594 charitatisumiriui,
3042 3532 3097 3594 et
3133 3519 3533 3594 cursum'spiri-

1951 3589 2412 3662 tualisprofectus
2432 3593 2717 3646 retardari.
2735 3592 2868 3646 Hinc
2891 3591 3301 3646 Ecclesiasticus
3321 3589 3440 3662 cap.
3460 3611 3531 3650 vlt

1951 3660 2026 3712 ait
2049 3676 2063 3712 :
2099 3660 2220 3713 Non
2250 3671 2323 3714 est
2344 3664 2495 3714 homo
2512 3665 2690 3733 justus
2715 3679 2869 3732 super
2897 3672 3109 3720 terram.
3136 3665 3221 3730 qui
3255 3660 3416 3732 faciat
3443 3667 3532 3718 bo-

1948 3742 2183 3804 num,‘°_et
2206 3747 2315 3804 non
2359 3743 2550 3804 peceet.
2602 3733 2670 3787 Et
2696 3733 2988 3804 Aposmlus
3016 3733 3249 3804 Joannes
3279 3735 3368 3788 ille
3398 3736 3531 3790 dile-

1946 3811 2066 3853 ctus
2084 3801 2380 3870 discipulus
2403 3822 2416 3856 :
2445 3803 2512 3858 In
2540 3801 2956 3872 multis,'inquit,
2984 3803 3295 3870 offendimus
3315 3822 3486 3859 omnes
3510 3849 3525 3872 ,

1946 3872 1991 3944 si
2015 3873 2299 3929 dixerimus
2324 3877 2447 3944 quia
2476 3885 2740 3944 peccatum
2771 3893 2873 3929 non
2897 3876 3162 3939 habemus,
3185 3877 3287 3944 ipsi
3313 3893 3406 3931 nos
3443 3895 3526 3931 se-

1947 3942 2207 4015 ducimus,
2234 3956 2282 4001 et
2301 3942 2488 4000 ueritas
2512 3950 2564 4000 in
2595 3950 2736 4000 nobis
2760 3964 2861 4000 non
2884 3954 2957 4001 est
2978 3946 3033 4015 (l
3059 3942 3218 4000 Joan.
3243 3946 3312 4010 ι).

2019 4013 2046 4052 ι’
2075 4017 2130 4069 ι).
2166 4016 2457 4086 Gregorius
2489 4019 2578 4072 lib.
2607 4033 2664 4072 ιιι
2689 4013 3032 4086 Dialogorum
3071 4032 3192 4086 cap.
3232 4016 3301 4073 54
3326 4034 3341 4072 :
3370 4016 3530 4072 Com-

1943 4089 2256 4160 punctionis,
2284 4085 2482 4158 inquit,
2512 4105 2697 4160 genera
2719 4090 2822 4141 duo
2850 4085 2992 4152 sunt,
3014 4090 3132 4155 quia
3157 4085 3322 4141 Deum
3350 4092 3531 4145 sitiens

1945 4158 2125 4211 anima
2161 4161 2304 4229 prius
2336 4158 2524 4213 timore
2561 4163 2946 4229 campungitur,
2979 4170 3092 4230 post
3118 4175 3310 4214 amore.
3371 4160 3528 4216 Prius

1943 4230 2080 4280 enim
2109 4245 2223 4300 sese
2241 4230 2293 4282 in
2317 4230 2560 4299 locrymis
2586 4230 2760 4300 afﬁcit,
2790 4233 2914 4296 quia
2951 4233 3072 4283 dum
3119 4231 3374 4283 malorum
3408 4250 3530 4286 suo-

1942 4315 2057 4350 rum
2084 4298 2288 4383 recelit,
2339 4298 2780 4383 pro’his‘perpeti
2819 4312 3008 4383 (eterna
3063 4303 3322 4383 supplicia
3362 4305 3530 4383 perti-

1942 4369 2136 4443 mescit.
2169 4371 2234 4422 At
2264 4369 2378 4424 vero
2401 4388 2518 4425 cum
2541 4369 2694 4443 longa
2715 4374 2943 4425 maeroris
2963 4373 3221 4424 anxietate
3242 4369 3393 4438 fuerit
3421 4376 3529 4442 for-

1940 4441 2433 4513 mido‘consumpta,
2469 4441 2707 4511 quoidam
2720 4445 2834 4513 jam
2857 4444 2919 4494 de
2943 4443 3343 4512 praesumptione
3373 4445 3530 4498 uenia:

1939 4510 2187 4562 securitas
2217 4510 2547 4572 nascitur.'et
2593 4514 2644 4565 in
2690 4510 2862 4564 amore
2901 4510 3182 4565 cuilestium
3213 4515 3530 4580 gaudiorum

1941 4582 2144 4653 animus
2167 4583 2543 4649 inflammatur,
2573 4593 2620 4636 et
2647 4584 2736 4652 qui
2762 4586 2907 4653 prius
2943 4584 3093 4652 ﬂebat
3146 4600 3208 4636 ne
3257 4584 3530 4639 duceretur

1948 4652 2386 4724 adsupplicium,
2430 4652 2770 4724 postmodum
2806 4654 3126 4724 amarissime
3179 4655 3304 4720 ﬂere
3348 4657 3529 4724 incipit

1947 4723 2069 4791 quia
2096 4721 2337 4794 dt/fertur
2361 4740 2393 4774 a
2419 4739 2598 4794 regno.
2623 4722 3022 4794 Similiahabet
3055 4723 3241 4794 inutili.
3270 4721 3528 4787 vigesima

1947 4792 2181 4865 secunda
2205 4807 2370 4862 super
2403 4792 2741 4848 Ezechielent
2776 4792 2938 4865 (Vide
2968 4793 3149 4865 collat.
3174 4794 3207 4849 9
3239 4812 3283 4846 c.
3315 4795 3430 4865 26).

2023 4875 2044 4899 ε
2074 4863 2189 4917 Νοιι
2220 4866 2297 4919 sic
2323 4865 2631 4934 accipienda
2657 4876 2781 4918 sunt
2808 4864 2923 4918 haec
2949 4864 3135 4928 verba,
3165 4879 3260 4918 seu
3290 4882 3355 4920 ex
3387 4863 3528 4919 men-

1948 4946 2000 4991 te
2017 4936 2292 4998 Anetoris,
2323 4952 2420 4990 seu
2450 4952 2514 4989 ex
2539 4937 2616 4990 rei
2647 4938 2901 5000 veritate,
2934 4936 3083 5005 quasi
3113 4936 3284 4988 sancti
3316 4938 3395 4990 illi
3429 4939 3495 4992 Ρ..

1949 5017 2056 5061 tres
2074 5019 2260 5061 merita
2283 5007 2541 5060 bonorum
2561 5022 2785 5077 operum
2810 5021 2916 5060 non
2949 5017 3326 5077 agnoscerent,
3346 5010 3529 5074 cisiiue

1947 5079 2114 5132 vitam
2143 5089 2424 5145 aeternam,
2459 5088 2516 5131 ut
2563 5076 2864 5132 mercedem
2909 5093 2972 5131 ac
3017 5076 3345 5144 Stipendium
3377 5079 3524 5134 labo-

1944 5165 2063 5202 rum
2111 5166 2137 5200 a
2191 5149 2301 5202 Deo
2342 5149 2643 5218 repromitti
2691 5165 2795 5202 non
2840 5149 3200 5215 intelligerent
3237 5165 3249 5198 :
3283 5150 3375 5218 sed
3405 5152 3526 5217 quia

1943 5221 2112 5288 magis
2142 5217 2496 5274 attendebant
2526 5230 2578 5274 et
2607 5220 3027 5275 considerabant
3050 5232 3175 5271 suos
3205 5217 3448 5274 defectus
3475 5235 3528 5274 et

1942 5291 2290 5345 infirmitates
2319 5307 2479 5358 «illam
2505 5289 2864 5360 perfectiones
2895 5301 2951 5344 et
2979 5292 3192 5350 merita,
3237 5289 3436 5343 idcirco
3460 5296 3527 5346 de

1943 5377 2003 5416 se
2034 5365 2102 5415 ita
2135 5363 2414 5417 humiliter
2440 5365 2744 5416 sentiebant
2773 5377 2835 5417 ac
2880 5360 3262 5427 pradicabant,
3312 5373 3372 5414 ut
3400 5363 3524 5416 vitae

1943 5433 2136 5488 futura:
2167 5435 2434 5500 stipendia
2468 5448 2572 5488 non
2595 5449 2659 5488 ex
2685 5433 2794 5488 suis
2827 5431 3055 5494 meritis,
3079 5431 3174 5484 sed
3212 5445 3278 5483 ex
3306 5430 3399 5486 Dei
3429 5433 3526 5486 nii-

1944 5505 2241 5559 sericordia
2265 5515 2318 5559 et
2341 5507 2514 5574 gratia
2537 5514 2918 5574 expectarent
2937 5543 2952 5567 ,
2981 5501 3526 5574 quomodo__Cliristus

1945 5578 2012 5631 de
2035 5579 2189 5630 nobis
2212 5589 2331 5644 post
2348 5571 2652 5630 wbenefacta
2673 5573 3010 5628 sentiendum
3041 5587 3103 5624 ac
3128 5571 3520 5638 praedicandum

1943 5649 2162 5712 docuit,
2187 5663 2254 5702 ne
2279 5663 2374 5716 per
2396 5647 2702 5715 superbiam
2726 5652 3150 5716 corrumpantur
3190 5657 3350 5711 opera
3387 5646 3521 5700 bona

1942 5736 2058 5789 qua!
2081 5714 2326 5776 fecimus.
2358 5714 2517 5773 Lucae
2535 5730 2641 5789 xvii
2663 5733 2675 5766 :
2701 5714 2825 5789 Cum
2846 5714 3321 5789 feceritis,_inquit,
3354 5719 3524 5770 omnia

1940 5785 2055 5864 qua:
2076 5799 2334 5866 praecepta
2361 5799 2482 5845 sunt
2506 5787 2673 5860 vobis,
2706 5786 2881 5860 dicite,
2908 5785 3056 5842 Servi
3085 5787 3291 5842 inutiles
3317 5804 3522 5864 sumus,-
