3966 6326
466 223 576 293 stis

1783 224 2063 292 IOANNIS
2101 225 2416 292 CASSIANI

3611 234 3708 297 ‘56
3776 306 3787 318 ι

464 356 554 411 vel
596 353 955 411 rationabiles
986 369 1088 412 nos
1112 354 1385 421 condidit,
1418 354 1503 410 vel
1534 352 1690 409 liberi
1720 354 1929 410 arbitrii
1961 370 2058 424 po-
2081 366 2137 421 Α
2160 355 2280 425 ejus
2309 352 2508 410 visitati
2557 351 2913 408 saluberrime
2936 352 3287 422 castigamur,
3330 348 3360 390 δ
3401 352 3539 423 quod
3564 354 3627 410 ab
3651 373 3711 414 eo

469 456 668 504 testate
696 446 937 517 donavit,
976 449 1075 509 ,vel
1121 447 1376 518 baptismi
1405 447 1630 518 largitus
1669 456 1752 503 est
1792 446 2054 517 gratiam,

2163 460 2564 515 nonnumquam
2587 444 2747 501 etiam
2773 444 2922 499 inviti
2954 443 3220 499 trahimur
3243 443 3308 497 ad
3336 444 3586 512 salutem,
3619 463 3709 518 po-

468 542 557 599 vel
605 542 889 597 scientiam
947 542 1083 611 legis
1128 540 1561 610 adjutoriumque
1613 537 1912 605 concessit;
1961 537 2058 594 sed
2098 551 2125 575 ο
2159 547 2366 615 stremo
2391 539 2516 608 quia
2548 542 2721 609 ipsum
2744 538 2968 593 liberum
2997 537 3280 592 arbitrium
3303 546 3562 604 nostrum,
3587 543 3714 610 quod

469 635 639 690 etiam
668 648 769 705 pro
798 634 884 689 his
913 648 1034 704 qua:
1066 647 1193 703 erga
1242 646 1343 687 nos
1372 631 1679 702 quotidiana
1709 631 1828 700 ejus
1868 631 2059 701 provi-

467 725 652 781 dentia
680 724 1047 781 conferuntur.
1069 742 1082 777 :
1106 722 1250 794 quod
1294 722 1502 778 scilicet
1525 714 1603 776 ab'
1622 722 2057 778 adversariorum

470 838 570 877 nos
597 821 808 877 insidiis
840 822 1060 897 liberat,
1084 820 1230 891 quod
1260 813 1581 890 cooperatui'
1618 820 1773 876 nobis
1799 829 1859 876 ut
1882 819 2062 876 carnis

467 916 599 970 vitia
623 929 882 983 superare
910 915 1204 985 possimus,
1240 914 1382 984 quod
1410 928 1441 968 a
1483 913 1740 985 periculis
1770 928 1869 969 nos
1897 915 2063 969 etiam

468 1007 786 1077 ignorantes
810 1007 1080 1077 protegit;
1103 1006 1249 1078 quod
1281 1021 1313 1060 a
1334 1009 1485 1077 lapsu
1514 1007 1725 1079 peccati
1744 1005 2063 1071 communit,

467 1098 612 1168 quod
646 1097 871 1168 adjuvat
894 1113 997 1154 nos
1029 1106 1085 1155 et
1115 1098 1417 1162 illuminat,
1444 1109 1501 1153 ut
1532 1100 1707 1169 ipsum
1737 1098 2065 1169 adjutorium

468 1191 797 1263 ῐιοειιυιηη(ι
819 1189 963 1259 quod
1010 1204 1119 1244 non
1152 1189 1300 1245 aliud
1348 1189 1566 1259 quidam
1592 1191 1938 1260 interpretari
1968 1203 2064 1245 vo-

467 1288 591 1343 lunt
617 1301 777 1357 quam
806 1282 1008 1358 legem)
1035 1283 1337 1354 intelligere
1359 1293 1414 1340 et
1436 1299 1734 1354 agnoscere
1759 1283 2062 1355 valeamus,

469 1381 615 1453 quod
641 1395 741 1450 pro
772 1378 1117 1448 negligentiis
1146 1376 1471 1448 deliciisque
1506 1376 1708 1432 nostris
1749 1376 1865 1448 ejus
1895 1377 2067 1448 inspi-

469 1475 683 1533 ratione
736 1474 970 1529 latenter
1005 1487 1133 1528 cum
1180 1471 1508 1543 pungimur,
1559 1470 1710 1541 quod
1750 1470 2063 1541 dignatione

2160 632 2456 704 proclivius
2479 633 2655 688 l‘ertur
2676 632 2741 687 ad
2757 632 2909 697 vitia,
2929 630 2997 686 ad
3017 630 3299 687 meliorem
3311 630 3486 701 dirigit
3501 632 3712 705 frugem,

2163 736 2218 782 et
2248 725 2314 781 ad
2340 726 2595 782 virtutum
2618 724 2758 780 viam
2777 723 3138 796 instigationis
3154 738 3268 781 sua
3282 724 3582 783 visitatione
3599 742 3719 784 con-

2165 827 2401 890 torquet.

2670 957 2697 987 ,
2752 908 2979 967 CAPUT
3007 909 3151 965 xxx.

2169 1002 2319 1070 Quod
2367 1002 2477 1058 lucc
2526 1003 2655 1072 ﬁdes
2700 1002 2762 1058 ab
2809 1004 3035 1074 antiquis
3066 1001 3311 1057 Patribus
3339 1002 3405 1057 sit
3439 1004 3624 1059 tradita
3669 1007 3726 1061 de

2158 1110 2159 1113 η
2782 1072 2952 1146 gratia
2982 1072 3102 1130 Dei.

2241 1201 2265 1230 ε
2304 1189 2432 1246 Haec
2458 1199 2541 1247 est
2564 1190 2784 1261 proprie
2824 1205 2953 1262 erga
2981 1191 3147 1246 Deum
3177 1191 3457 1248 humilitas
3474 1233 3490 1260 ,
3516 1192 3629 1249 haec
3650 1203 3727 1250 est

2171 1278 2677 1355 antiquissimorum
2708 1285 2927 1340 Patrum
2956 1286 3165 1342 sincera
3207 1286 3374 1354 ﬁdes,
3416 1303 3534 1357 qua;
3575 1302 3727 1357 penes

2171 1395 2526 1437 successores
2554 1396 2742 1437 eorum
2770 1380 3086 1437 intemerata
3113 1396 3257 1436 nunc
3277 1397 3445 1453 usque
3465 1381 3724 1453 perdurat.

2167 1470 2268 1528 Cui
2309 1473 2434 1529 ﬁdei
2463 1470 2491 1511 ά
2523 1475 2751 1530 virtutes
2798 1473 3147 1546 apostolicae,
3198 1488 3322 1545 quae
3373 1488 3729 1545 saepenumero

1550 1607 1810 1665 ALABDI
1848 1606 2082 1665 οΑΖλΕι
2118 1605 2687 1667 COMMENTARIUS.

471 1708 655 1778 utique
685 1705 877 1778 bonis,
910 1710 965 1759 et
992 1701 1175 1778 denhis
1202 1700 1343 1756 nihil
1370 1702 1546 1778 excipi
1594 1701 1880 1778 permittit.
1925 1702 2066 1778 Rur-

436 1800 451 1813 =
472 1772 660 1834 sus-ad
687 1775 903 1832 Coloss.
932 1790 990 1829 ιιι
1012 1773 1220 1835 :.0mne
1244 1773 1596 1844 quodcumque
1625 1774 1792 1844 facitis
1814 1774 1868 1827 in
1892 1772 2062 1844 verba,

472 1861 557 1920 aut
598 1853 653 1903 in
693 1862 880 1920 apere,
925 1846 1100 1900 omnia
1146 1845 1223 1920 in_
1240 1842 1448 1920 nomine
1491 1842 1703 1920 Domini
1745 1842 2067 1920 nostri_Jesu

2171 1704 2340 1776 boves
2368 1702 2505 1758 trahi
2537 1704 2750 1776 solent,
2783 1705 2879 1761 sed
2902 1751 2917 1775 ,
2949 1714 3010 1761 ut
3035 1707 3215 1762 statim
3247 1707 3507 1776 explicat,
3535 1704 3600 1761 In
3626 1708 3730 1761 vin-

2171 1774 2303 1829 culis
2345 1776 2634 1829 charitatis.
2685 1775 2850 1831 Trahi
2900 1778 3165 1846 siquidem
3207 1774 3460 1846 dicimur,
3496 1774 3759 1837 etiamin.

2171 1846 2447 1919 communi
2482 1860 2577 1900 usu
2606 1848 2860 1919 loquendi
2886 1888 2901 1908 .
2930 1865 3035 1902 non
3068 1850 3241 1903 solum
3274 1865 3396 1904 cum
3428 1850 3658 1919 cogimur
3685 1859 3733 1903 et

475 1918 706 1985 Christi,
726 1913 930 1987 'gratias
951 1923 1160 1987 agentes
1187 1915 1294 1969 Deo
1321 1925 1367 1970 et
1392 1913 1543 1969 Patri
1569 1931 1660 1987 per
1683 1919 1871 1987 ipsum.
1903 1915 2064 1987 Coin-
2093 1916 2141 1975 B
2171 1917 2520 1987 impellimur,
2553 1918 2645 1972 sed
2679 1913 2839 1973 etiam
2882 1933 3002 1972 cum
3051 1921 3301 1975 ducimur
3343 1930 3397 1974 et
3439 1913 3729 1987 invitamur,

472 1992 727 2047 mendaut
742 1985 1102 2057 idipsum‘SS.
1122 1988 1329 2040 Patres.
1345 1985 1766 2057 (IltrysOStontus
1787 1986 1975 2057 homil.
1990 1985 2061 2040 26

473 2064 527 2117 in
570 2062 917 2116 Matthieum:
952 2058 1225 2129 Apostolus
1264 2058 1428 2112 dicit:
1460 2056 1611 2129 Grati
1641 2066 1821 2129 estote,
1855 2056 2063 2122 Optima

472 2134 659 2204 quippe
688 2127 1050 2204 beneﬁciorum
1075 2141 1244 2183 custos
1275 2136 1350 2204 est
1384 2127 1631 2204 memoria
1662 2127 2053 2195 beneﬁciorum,

475 2198 522 2257 et
562 2198 824 2275 perpetua,
853 2202 1145 2275 gratiarum
1192 2201 1467 2275 confessio.
1514 2198 1801 2275 Propterea
1842 2209 1888 2252 et
1922 2215 2064 2275 reve-

396 2296 407 2300 ·
475 2269 637 2330 renda
657 2269 723 2328 'ac
749 2269 1001 2328 salutaria
1026 2269 1118 2324 illa
1147 2269 1389 2340 mysteria
1411 2286 1525 2340 quae
1551 2271 1604 2324 in
1633 2271 1772 2324 omni
1799 2282 1933 2324 certe
1963 2269 2063 2323 Ec-

476 2346 643 2399 clesia:
668 2344 1065 2417 congregatione
1099 2342 1408 2417 celebramus
1430 2385 1444 2407 ,
1487 2342 1801 2417 eucharistig
1824 2342 1924 2417 ,_i_d
1952 2351 2029 2417 est
2044 2382 2058 2406 ,

475 2411 933 2488 gratiarum'gct'io‘
950 2422 1300 2488 nuncupatur.
1325 2412 1663 2488 Augustinus
1684 2411 1739 2466 in
1767 2412 2063 2488 Soliloquis

475 2484 595 2556 cap.
635 2485 738 2541 18:
779 2484 1056 2549 Recolam,
1088 2486 1297 2556 inquit,
1329 2487 1643 2556 adgmentem
1686 2500 1850 2536 meam
1888 2486 2064 2538 omnia

478 2554 609 2612 bona
630 2602 644 2623 ,
689 2557 906 2610 Domine
932 2598 945 2619 ,
973 2571 1087 2621 qua
1126 2555 1290 2623 fecisti
1320 2554 1447 2609 mihi
1476 2572 1507 2607 a
1533 2556 1808 2624 juventute
1851 2570 1964 2607 mea
2006 2555 2061 2608 in

476 2632 615 2683 omni
641 2631 745 2682 vita
776 2644 906 2680 mea.
936 2626 1059 2679 Scio
1091 2643 1309 2692 namque
1336 2628 1472 2692 quod
1492 2626 1815 2697 ingratitudo
1839 2625 2063 2679 multum

481 2702 569 2755 tibi
602 2700 867 2769 displiceat
890 2743 903 2766 ,
931 2712 1045 2768 qua:
1072 2706 1144 2750 est
1170 2698 1323 2751 radix
1350 2698 1509 2750 totius
1539 2696 1665 2749 ntali
1692 2697 1946 2769 spiritalis
1965 2738 1979 2760 ,
2013 2705 2063 2769 et

477 2782 656 2825 ventus
685 2766 902 2841 quidam
931 2766 1195 2841 desiccans
1214 2809 1229 2833 ,
1250 2779 1302 2841 et
1334 2783 1488 2821 urens
1518 2783 1667 2841 omne
1710 2766 1930 2841 bonum,
1975 2768 2062 2820 ob-

478 2853 679 2896 struens
702 2840 897 2910 fontem
938 2840 1305 2892 misericordia:
1336 2850 1436 2892 tua:
1459 2856 1613 2910 super
1643 2840 1935 2904 hominem;
1961 2855 2063 2908 qua

481 2923 529 2967 et
556 2914 692 2967 mala
727 2915 844 2984 jam
876 2920 1086 2984 mortua
1125 2911 1384 2984 oriuntur2
1413 2919 1464 2984 et
1493 2913 1606 2964 viva
1626 2912 1923 2984 jamopera
1949 2926 2065 2984 mo-

484 2980 805 3038 riunturfEt
832 2983 927 3035 lib.
954 2982 1022 3034 de
1052 2981 1260 3048 Spiritu
1283 2993 1337 3035 et
1366 2981 1569 3036 Littera
1596 2995 1715 3048 cap.
1745 2981 1805 3034 ll
1835 2997 1851 3040 ;
1883 2980 2065 3034 Cultus

479 3050 574 3107 Dei
599 3055 652 3106 in
675 3053 773 3107 hoc
795 3054 1012 3106 maxime
1040 3057 1347 3106 constitutus
1374 3063 1448 3106 est
1470 3095 1484 3118 ,
1510 3064 1567 3105 ut
1597 3054 1772 3104 anima
1796 3053 1842 3105 ei
1865 3068 1967 3104 non
1998 3053 2071 3104 sit
2110 3090 2115 3095 .

479 3125 684 3197 ingrata
712 3124 895 3197 :_unde
920 3124 976 3176 in
1000 3123 1115 3191 ipso
1146 3124 1407 3197 verissimo
1438 3133 1483 3176 et
1510 3121 1768 3197 singulari
1807 3123 2063 3197 sacri/icio

483 3193 705 3250 Domino
734 3195 847 3250 Deo
890 3205 1065 3247 nostro
1104 3196 1300 3267 gratias
1339 3211 1493 3267 agere
1534 3196 1895 3248 admonemur.
1929 3193 2064 3249 Vide

483 3267 549 3322 D.
585 3267 913 3322 Bernardum
945 3280 1112 3320 serm.
1142 3264 1211 3318 52
1244 3267 1295 3319 in
1322 3264 1565 3320 Cantica.

555 3303 946 3408 “ui’lelialgianos
982 3337 1271 3408 haereticos
1317 3347 1467 3391 notat
1486 3377 1500 3398 ,
1530 3351 1760 3405 quorum
1789 3337 2064 3392 sententia
2090 3303 2138 3368 Ο

482 3408 615 3476 fuit,
648 3407 886 3464 non’alio
931 3424 1031 3463 nos
1075 3407 1168 3461 Dei
1211 3410 1415 3462 auxilio
1454 3408 1697 3473 indigere
1739 3423 1898 3477 quam
1942 3409 2062 3477 lege

481 3496 578 3534 seu
610 3482 741 3550 legis
770 3479 980 3534 notitia.
1012 3478 1252 3533 Meminit
1291 3478 1353 3532 D.
1390 3479 1755 3550 Hieronymus
1786 3478 1925 3532 libro
1952 3479 2066 3549 pri-

483 3567 572 3607 mo
592 3548 778 3606 contra
802 3550 1123 3621 Pelagianos
1146 3564 1265 3618 cap.
1286 3551 1341 3614 9,
1366 3560 1420 3604 et
1443 3551 1493 3621 in
1516 3548 1768 3605 Jeremia:
1788 3564 1911 3618 cap.
1931 3566 2063 3607 xxv.

485 3622 794 3699 D._quoqnp
826 3620 1158 3699 Augustinus
1200 3622 1299 3699 lib;
1326 3621 1393 3676 de
1431 3620 1615 3699 Gratia
1643 3620 1841 3699 Christi
1874 3632 2063 3699 contra

485 3690 805 3764 Pelagium,
858 3690 1003 3747 inter
1061 3693 1211 3764 alia:
1268 3690 1487 3763 Ipsum,
1532 3691 1760 3764 inquit,
1806 3691 2065 3764 auxilium

488 3762 713 3838 (graiia'.
732 3764 755 3838 )_
779 3780 883 3835 quo
910 3762 1624 3838 possibiiitatem'naturalem
1652 3762 2064 3838 perhibet‘adju-

483 3833 624 3903 vari,
655 3838 709 3889 in
734 3833 853 3907 lege
876 3833 1139 3907 constituit
1163 3836 1334 3907 atque:
1358 3834 1597 3888 doctrina
1627 3833 1780 3900 quam
1810 3833 2064 3907 nobisifa-

486 3916 617 3961 tetur
637 3905 1017 3976 etiam—Spiritu
1035 3906 1268 3959 revelari.
1301 3906 1365 3959 Et
1392 3920 1576 3959 rursus
1593 3906 2020 3959 contraveosdem
2047 3922 2061 3958 :

484 3977 698 4049 Legant,
729 3978 823 4040 ait,
849 3986 897 4031 et
922 3977 1241 4049 intelligant,
1273 3978 1572 4029 intueantur
1599 3984 1645 4028 et
1675 3976 1938 4049 fateantur
1961 3993 2064 4030 non

486 4048 594 4118 lege
618 4062 769 4116 atque
799 4049 1035 4100 doctrina
1060 4048 1332 4100 insonante
1371 4050 1652 4112 forinsecus
1674 4089 1686 4102 .
1733 4049 1824 4100 sed
1862 4048 2065 4100 interna

483 4131 632 4190 atque
661 4118 860 4172 occulta
884 4159 898 4183 ,
933 4118 1154 4190 mirabili
1182 4128 1332 4186 atque
1371 4118 1620 4181 ine/Iabili
1659 4126 1904 4187 potestate
1943 4134 2067 4186 ope-

483 4187 592 4243 rari
624 4190 786 4242 Deum
815 4190 868 4243 in
897 4187 1135 4241 cordibus
1166 4190 1464 4252 hominum,
1496 4204 1598 4241 non
1622 4189 1788 4242 solum
1812 4204 1957 4243 veras
1985 4205 2067 4242 re-

484 4258 801 4325 velationes,
834 4260 922 4314 sed
950 4261 1101 4312 etiam
1134 4259 1292 4312 bonas
1320 4259 1629 4314 vo‘luntates'.

558 4330 587 4370 ι’
628 4331 784 4385 Inviti
825 4330 1091 4384 trahimur
1113 4372 1128 4393 ,
1169 4345 1274 4383 non
1305 4332 1444 4399 qttod
1489 4332 1739 4386 nolentes
1769 4342 1861 4385 aut
1889 4332 2061 4387 coacti

482 4402 794 4467 credamus,
823 4411 917 4455 aut
943 4401 1234 4474 diligamus
1254 4401 1422 4455 Deum
1452 4402 1603 4474 (haec
1618 4404 1763 4458 enim
1784 4403 2064 4472 implicant

474 4472 1048 4537 tbutradictionem),
1082 4473 1177 4527 sed
1226 4475 1348 4541 quia
1410 4472 1551 4528 Deus
1597 4490 1663 4528 ex
1721 4474 2059 4540 nolentibus,

485 4545 779 4599 rebellibus
819 4556 874 4599 et
900 4544 1312 4598 contumacibus
1333 4585 1347 4607 ,
1377 4548 1623 4599 volentes
1663 4556 1718 4600 et
1747 4545 2064 4600 obedientes

485 4615 679 4670 reddit.
693 4624 803 4669 tum
834 4616 1081 4670 eXIernis
1108 4616 1335 4683 objectis
1356 4658 1369 4677 ,
1399 4616 1702 4671 terroribus
1722 4662 1736 4684 ,
1770 4616 2024 4685 periculis
2043 4657 2060 4683 ,

2169 1987 2339 2059 immo
2361 1999 2416 2044 et
2439 2003 2559 2043 cum
2582 1989 2864 2059 voluptate
2886 1991 3176 2046 allicimur.
3203 1990 3257 2045 Id
3281 1990 3631 2057 pulcherrime
3647 1990 3739 2044 do-

2166 2070 2256 2114 cet
2286 2058 2349 2113 D.
2387 2058 2727 2131 Augustinus
2763 2070 2919 2114 tract.
2947 2060 3017 2115 26
3046 2062 3098 2116 in
3143 2062 3409 2118 Joannem
3432 2107 3447 2131 ,
3479 2062 3734 2131 explicans

2166 2076 2256 2114 cet
2286 2076 2349 2113 υ.
2387 2076 2719 2184 angusunns
2763 2076 2919 2114 tract.
2947 2076 3017 2115 zu
3046 2078 3098 2116 tn
3143 2076 3409 2118 Joannem
3432 2107 3447 2131 ,
3479 2076 3733 2131 explicans

2164 2130 2438 2201 quomodo
2506 2142 2623 2185 ater
2645 2132 2825 2185 trahat
2849 2131 3095 2187 hOIIlilleS
3122 2134 3188 2186 ad
3216 2132 3526 2188 Christum:
3557 2132 3733 2201 Magna

2163 2204 2347 2272 gratim
2367 2202 2745 2256 commendatio
2767 2249 2780 2265 ,
2808 2205 2981 2272 inquit
3003 2245 3017 2263 .
3042 2221 3189 2258 nemo
3212 2206 3384 2270 venit,
3412 2205 3509 2258 nisi
3535 2212 3729 2255 tractus.

2171 2271 2312 2339 Quid
2338 2273 2421 2326 hic
2448 2272 2697 2335 dicimus,
2732 2271 2958 2343 fratres?
2989 2275 3051 2331 Si
3081 2277 3339 2328 trahimur
3364 2276 3434 2327 ad
3461 2274 3730 2337 Christum,

2165 2360 2283 2416 ergo
2336 2344 2483 2397 inviti
2532 2345 2830 2416 credimus_,
2860 2362 2982 2416 ergo
3021 2347 3266 2400 violentia
3308 2345 3595 2410 adhibetur,
3639 2358 3730 2396 nou

2165 2413 2403 2486 voluntas
2445 2416 2719 2468 excitatur.
2776 2413 2984 2473 Intrare
3024 2418 3299 2484 quisquam
3347 2416 3608 2472 ecclesiam
3649 2430 3733 2486 po-

2165 2494 2263 2538 test
2305 2484 2484 2539 nolens
2507 2527 2520 2544 .
2552 2486 2807 2555 accedere
2848 2489 2916 2539 ad
2953 2487 3117 2541 altare
3160 2498 3327 2557 potest
3369 2489 3574 2554 nolens,
3613 2484 3733 2537 arci-

2165 2572 2283 2626 pere
2313 2557 2702 2612 Sacramentum
2733 2565 2898 2627 potest
2936 2559 3149 2619 nolens,
3193 2559 3403 2612 credere
3441 2574 3541 2610 non
3580 2562 3730 2627 potest

2164 2627 2266 2681 nisi
2294 2627 2487 2682 volens.
2527 2628 2594 2681 Et
2635 2629 2809 2683 infra:
2843 2626 3022 2683 Nolite
3051 2630 3279 2699 cogitare
3316 2629 3528 2682 invitum
3567 2626 3694 2681 trahi
3714 2642 3750 2699 ςΔ

2165 2698 2391 2752 trahitur
2418 2700 2619 2753 animus
2651 2712 2698 2752 et
2729 2715 2940 2765 amore;
2972 2716 3065 2753 nec
3095 2696 3276 2754 timere
3307 2700 3565 2761 debemus,
3597 2712 3656 2751 ne
3678 2696 3732 2749 ab

2165 2767 2461 2823 hominibus
2479 2812 2491 2830 .
2521 2771 2608 2840 qui
2633 2769 2785 2824 verba
2814 2768 3137 2840 perpendunt
3158 2812 3172 2834 ,
3210 2782 3259 2824 et
3292 2788 3325 2824 a
3354 2770 3501 2824 rebus
3529 2768 3730 2821 maxime

2166 2840 2579 2913 divinisremoti
2618 2850 2771 2908 sunt,
2817 2842 2873 2913 in
2919 2842 3014 2895 hoc
3043 2843 3435 2913 Scripturarum
3460 2849 3733 2913 sanctarum

2166 2912 2459 2984 evangelica
2501 2912 2651 2965 verbo
2690 2910 3169 2984 reprehendamur.'
3208 2922 3255 2967 et
3311 2913 3521 2984 dicatur
3562 2910 3731 2963 nobis:

2170 2980 2437 3047 Quomodo
2463 2984 2727 3054 voluntate
2750 2980 2909 3036 credo
2928 3026 2941 3047 ,
2974 2985 3020 3036 si
3063 2984 3241 3037 trahor
3264 2984 3290 3037 ?
3319 2983 3432 3054 Ego
3471 2982 3584 3035 dico
3605 2994 3734 3054 ,_pt_tf

2165 3068 2285 3106 rum
2309 3066 2384 3108 est
2409 3052 2669 3107 voluntate
2698 3057 2805 3117 ire,
2834 3056 2989 3108 etiam
3030 3057 3294 3122 voluptate
3336 3051 3571 3108 traheris.
3608 3051 3732 3122 Quid

2166 3125 2303 3177 enim
2335 3134 2409 3178 est
2440 3123 2575 3178 trahi
2604 3126 2908 3193 voluptate?
2935 3120 3202 3180 Delectare
3230 3128 3281 3178 in
3316 3125 3551 3185 Domino,
3583 3131 3626 3175 et
3650 3120 3734 3173 da-

2170 3194 2241 3248 bit
2274 3196 2367 3248 tibi
2398 3196 2668 3264 petitiones
2697 3197 2867 3250 cordis
2897 3199 2993 3250 tui.
3026 3196 3092 3250 Et
3116 3198 3353 3266 quietiam
3375 3198 3603 3262 veluptas
3626 3207 3728 3244 cor-

2167 3266 2279 3331 dis,
2307 3269 2387 3319 cui
2421 3268 2570 3332 panis
2597 3267 2764 3320 dulcis
2791 3278 2866 3321 est
2896 3268 2984 3320 ille
3010 3270 3250 3321 caelestis.
3302 3268 3466 3321 Porro
3503 3266 3543 3319 si
3588 3272 3734 3331 poetic

2169 3337 2339 3391 dicere
2366 3337 2510 3391 licuit
2534 3356 2554 3392 .·
2584 3336 2770 3410 Trahit
2798 3355 2896 3392 sua
2936 3355 3181 3407 quemque
3208 3340 3442 3410 voluptas
3466 3353 3484 3403 ;
3513 3350 3618 3410 non
3654 3347 3732 3410 ite-

2169 3411 2409 3474 cessitas,
2440 3411 2529 3462 sed
2560 3408 2836 3476 voluptas;
2866 3404 2965 3463 non
2997 3404 3241 3478 obligatio
3260 3451 3273 3470 ,
3308 3404 3399 3462 sed
3438 3404 3733 3478 delectatio;

2168 3490 2360 3550 quanto
2398 3473 2590 3550 fortius
2616 3473 2709 3533 nos
2739 3481 2907 3533 dicere
2945 3473 3183 3534 debemus
3222 3481 3359 3533 trahi
3398 3478 3643 3532 hominem
3662 3473 3731 3550 ad

2168 3544 2429 3622 Christum
2451 3592 2466 3615 ,
2494 3555 2582 3622 qui
2611 3551 2895 3605 delectatur
2918 3553 3233 3621 sempiterna
3262 3552 3409 3621 vita?
3437 3552 3634 3622 Rursus
3661 3544 3734 3598 in-

2170 3620 2290 3678 fra:
2326 3616 2548 3676 Ramum
2595 3621 2807 3675 viridem
2848 3616 3078 3676 ostendis
3119 3623 3233 3685 ovi,
3267 3632 3317 3675 et
3363 3616 3520 3674 trahis
3559 3616 3733 3680 illam;

2168 3710 2323 3747 nuces
2353 3710 2513 3761 puero
2542 3694 2980 3760 demonstrantur,
3013 3702 3062 3745 et
3093 3693 3338 3746 trahitur.
3374 3691 3442 3746 Et
3469 3700 3585 3760 post
3616 3700 3733 3756 pan-

2168 3778 2233 3819 ca
2259 3783 2272 3817 :
2305 3762 2367 3819 Si
2391 3781 2511 3837 ergo
2537 3767 2634 3817 ista
2653 3805 2669 3830 ,
2694 3779 2811 3833 quia
2837 3766 2969 3837 inter
2996 3763 3210 3837 delicias
3240 3775 3285 3817 et
3318 3764 3599 3837 voluptates
3642 3766 3735 3810 ter-

2168 3851 2321 3889 renas
2349 3833 2641 3888 revelantur
2663 3836 2988 3900 amantibus,
3018 3836 3262 3901 trahunt,
3294 3851 3397 3888 non
3427 3833 3582 3885 trahit
3606 3842 3732 3902 reve-
3766 3896 3775 3902 _

2169 3907 2303 3959 latus
2330 3904 2566 3960 Christus
2594 3922 2626 3958 a
2666 3905 2869 3960 Patre?
2911 3906 3049 3972 Quid
3089 3908 3223 3959 enim
3263 3906 3450 3976 fortius
3490 3901 3763 3956 desiderat'

2167 3979 2341 4030 anima
2372 3993 2525 4043 quam
2554 3977 2823 4031 veritatem
2843 3978 2869 4031 .9
2894 3978 3165 4031 Hactenus
3195 3977 3545 4045 AuguStinus.

2246 4059 2268 4086 ο
2313 4048 2601 4117 Humilitas
2630 4062 2754 4116 erga
2795 4048 2960 4103 Deum
2994 4059 3074 4101 est
3097 4091 3111 4114 ,
3144 4047 3237 4101 Dei
3281 4045 3539 4102 beneﬁcia
3581 4055 3733 4117 agno-

2169 4133 2345 4192 scere,
2377 4129 2431 4172 et
2461 4134 2561 4186 pro
2586 4119 2666 4192 eis
2691 4122 2911 4192 gratias,
2930 4134 3112 4189 agere,
3156 4119 3361 4192 divian
3396 4116 3657 4192 vol_i_mta_ti_
3676 4125 3732 4192 se

2168 4190 2479 4258 subjicere;
2522 4190 2663 4260 quod
2700 4186 2984 4260 apostolus
3028 4186 3225 4244 Petrus
3258 4191 3384 4244 dicit
3413 4205 3427 4242 :
3461 4186 3730 4260 Humiliari

2166 4257 2666 4335 sub'potentimanu
2692 4258 2835 4335 Dei_(
2864 4260 2897 4314 l,
2916 4259 3057 4314 Petri
3086 4276 3101 4314 ι
3130 4260 3183 4335 )‘.
3225 4270 3279 4335 et
3325 4270 3552 4335 proritet:
3570 4257 3729 4335 Deum

2168 4328 2328 4387 eiiam
2361 4331 2672 4386 hominibus
2691 4373 2705 4397 ,
2744 4332 2797 4385 id
2826 4328 3365 4400 'estsuperioribus
3388 4336 3411 4399 ,‘
3438 4341 3495 4383 ut
3524 4328 3732 4400 Dei_mi—

2171 4402 2355 4476 nistris
2383 4412 2438 4457 et
2481 4404 2851 4476 instrumentis
2874 4445 2888 4466 ,
2933 4396 3113 4476 capliL
3136 4396 3482 4476 submittere.
3523 4396 3731 4476 D._Ber-

2167 4474 2374 4528 nardus
2406 4476 2457 4528 in
2484 4475 2712 4543 quodam
2745 4471 3038 4529 sermone:
3070 4472 3250 4526 Totius
3273 4514 3287 4535 ,
3337 4474 3546 4541 inquit,
3573 4471 3730 4543 humi-

2168 4546 2330 4599 litatis
2370 4541 2570 4599 summa
2612 4545 2668 4598 in
2717 4560 2775 4597 eo
2817 4547 3016 4598 videtur
3056 4547 3366 4608 consistere,
3413 4544 3457 4596 si
3507 4541 3732 4595 voluntas

2168 4625 2344 4671 nostra
2375 4618 2562 4670 divinis
2591 4616 2685 4685 (ut
2713 4615 2927 4686 dignum
2957 4614 3050 4682 est)
3101 4615 3330 4684 subjecta
3358 4616 3424 4668 sit
3454 4609 3726 4686 voluntati.

484 4687 991 4758 exhortationibus;
1026 4697 1138 4740 tum
1182 4682 1458 4755 prarcipue
1496 4687 1702 4742 interna
1725 4682 1983 4741 motione
2008 4682 2141 4755 et'D
2163 4690 2295 4742 sicut
2334 4690 2406 4741 ait
2461 4682 2723 4758 Propheta
2748 4682 2983 4758 :‘iNonne
3016 4686 3121 4740 Deo
3160 4682 3396 4758 subjecta
3437 4685 3533 4738 erit
3570 4682 3730 4734 anima

481 4759 650 4841 gratia
683 4775 777 4812 sua
810 4757 1182 4851 eli‘i‘ca'civqua
1211 4761 1368 4851 corda
1388 4758 1660 4851 hominm
1676 4760 1749 4839 sic
1770 4774 2057 4851 congruen-
2116 4762 2277 4851 "mea
2308 4757 2532 4851 (Psolm.
2563 4759 2670 4851 Li!)
2700 4756 2724 4810 ?
2758 4757 2880 4812 Scio
2919 4759 3122 4851 quidem
3167 4756 3463 4851 creat‘urJam
3505 4766 3727 4851 omnem

481 4839 558 4903 ter
581 4831 811 4903 ipsorum
834 4828 1113 4903 affectibus
1126 4836 1286 4903 movet
1308 4846 1367 4903 ac
1395 4828 1577 4903 suadet
1593 4828 2056 4903 ,F‘ut'persuadeat,

484 4902 560 4953 ait
590 4900 653 4955 D.
687 4900 1019 4970 Augustinus
1050 4899 1154 4967 (De
1176 4898 1769 4967 Prwdestin."Sanc'r.'c.
1795 4902 1884 4969 8).
1915 4900 2055 4955 Tra-

440 4978 443 4981 '
488 4973 666 5026 Itimur
706 4988 835 5042 ergo
876 4971 1030 5025 inviti
1079 4986 1182 5023 non
1216 4973 1265 5023 iu
1294 4986 1457 5025 sensu
1486 4973 1823 5042 composito,
1852 4974 1943 5026 sed
1975 4971 2060 5026 di-

482 5047 600 5098 viso
623 5085 638 5109 ,
673 5054 729 5096 nt
759 5045 1053 5113 loquuntur
1083 5042 1377 5097 dialectici.
1406 5043 1527 5106 Quo
1556 5046 1715 5097 etiam
1749 5058 1909 5096 sensu
1938 5053 2060 5097 orat

483 5115 720 5169 Ecclesia
770 5117 821 5168 in
867 5116 1093 5181 quadam
1138 5123 1346 5168 secreta
1371 5155 1385 5176 ,
1411 5122 1468 5166 nt.
1500 5114 1635 5167 Deus
1664 5124 1870 5167 nostras
1902 5114 2058 5166 etiam

478 5186 687 5239 rebelles
718 5184 785 5238 ad
810 5202 865 5239 se
892 5184 1164 5251 compellat
1194 5185 1446 5252 propitius
1476 5186 1783 5249 voluntates,
1816 5194 1872 5238 et
1899 5184 2056 5238 Luca:

480 5272 567 5309 xw
590 5258 722 5311 dixit
747 5256 1001 5311 Dominus
1023 5270 1215 5310 servo:
1241 5253 1732 5323 Compelleintrare.
1758 5257 1886 5323 Qua:
1908 5270 2059 5309 com-

481 5327 690 5397 pulsio,
738 5344 841 5381 non
883 5328 1197 5381 violentiam
1232 5339 1321 5380 aut
1353 5328 1728 5381 necessitatem
1751 5369 1764 5391 ,
1799 5327 2057 5397 sedgdili-

478 5395 695 5467 gentem
743 5400 1233 5466 vehementemque
1281 5398 1713 5452 adhortationem
1755 5395 2054 5467 signiﬁcat,

480 5468 688 5538 vulgari
729 5468 892 5522 modo
919 5470 1210 5539 loquendi,
1240 5483 1347 5539 quo
1376 5468 1629 5536 compelli
1660 5484 1757 5523 nos
1784 5470 2016 5523 uicimus
2038 5510 2053 5535 ,

477 5553 602 5593 cum
628 5541 982 5593 vehementer
1007 5555 1257 5608 rogamur
1283 5550 1336 5595 et
1380 5541 1687 5595 invitamur.
1720 5541 1809 5596 Sic
1843 5542 2054 5608 Sponsa

483 5610 536 5661 in
568 5608 805 5661 Canticis
834 5618 953 5661 orat
983 5605 1171 5675 (Cant.
1194 5612 1244 5679 ι)
1271 5629 1283 5663 :
1317 5609 1487 5663 Truhe
1514 5626 1596 5664 me
1623 5620 1737 5680 post
1766 5621 1813 5665 te
1833 5653 1848 5675 ,
1881 5605 2058 5665 curre-

483 5698 596 5733 mus
626 5682 679 5732 in
709 5679 920 5733 odorem
948 5690 1320 5748 unguentorum
1348 5694 1557 5735 tuorum
1582 5697 1600 5738 ;
1625 5679 1678 5735 et
1704 5684 1832 5737 ωδε.
1864 5695 1918 5735 x1
1943 5698 1957 5732 ε
1987 5681 2055 5736 In

480 5750 699 5809 vinculis
722 5750 892 5806 Adam
915 5760 1118 5805 traham
1142 5764 1261 5817 eos,
1292 5748 1347 5805 id
1374 5761 1457 5806 est
1475 5792 1491 5819 ,
1523 5766 1632 5808 non
1663 5751 1752 5822 vi,
1782 5754 2056 5825 quomodo

2161 4830 2281 4883 velit
2300 4828 2327 4893 ,ί
2345 4828 2506 4893 nolit,
2538 4831 2822 4897 subjectum
2853 4828 2960 4883 esse
2989 4828 3240 4882 Creatori.
3288 4828 3393 4882 Sed
3435 4844 3467 4879 a
3510 4832 3730 4897 creatura

2162 4891 2409 4955 rationali
2438 4891 2732 4971 voluntaria
2762 4900 3009 4971 subjectio
3042 4902 3310 4970 quaeritur,
3355 4907 3410 4951 ut
3455 4891 3732 4950 voluntarie

2163 4972 2416 5041 sacriﬁcet
2463 4970 2721 5035 Domino,
2767 4981 2814 5025 et
2851 4970 3160 5040 conﬁteatur
3203 4970 3402 5023 nomini
3444 4971 3591 5039 ejus,
3634 4977 3729 5041 non

2163 5045 2286 5112 quia
2300 5032 2544 5097 'terribile
2572 5055 2620 5096 et
2650 5032 2917 5108 sanctum,
2951 5032 3052 5095 non
3093 5042 3219 5109 quia
3260 5032 3577 5112 omnipotens
3600 5050 3628 5112 ςΔ
3649 5032 3730 5088 sed

2164 5107 2287 5185 quia
2314 5116 2504 5168 bonum
2529 5123 2624 5169 est.
2657 5117 2721 5166 At
2747 5130 2863 5167 vero
2890 5107 3257 5179 subiectionem
3294 5107 3445 5185 istam
3488 5107 3730 5185 triplicem

2163 5175 2275 5239 esse
2318 5201 2522 5238 necesse
2560 5194 2668 5249 est,
2712 5197 2765 5237 ut
2805 5186 2941 5254 quod
2981 5175 3172 5237 certum
3201 5194 3273 5235 est
3302 5181 3469 5235 Deum
3495 5175 3733 5254 velle,_id

2164 5271 2258 5309 nos
2295 5258 2508 5309 velimus
2537 5248 2785 5322 omnino;
2815 5248 2859 5309 et
2890 5255 3026 5321 quod
3069 5265 3263 5307 certum
3302 5263 3375 5306 est
3415 5268 3530 5305 eum
3567 5248 3729 5310 nolle.

2164 5327 2399 5380 similiter
2425 5343 2748 5381 exsecremur
2773 5337 2818 5378 et
2844 5343 2934 5378 nos
2958 5342 2977 5379 :
3002 5326 3138 5394 quod
3166 5336 3338 5378 autem
3379 5324 3626 5375 incertum
3665 5327 3731 5371 est

2164 5394 2337 5450 utrum
2365 5400 2519 5464 velit,
2551 5406 2638 5448 aut
2671 5398 2837 5460 nolit,
2870 5413 3031 5465 neque
3057 5396 3270 5450 velimus
3309 5410 3369 5449 ex
3413 5402 3549 5458 toto,
3583 5402 3734 5459 neque

2162 5469 2367 5541 penitus
2398 5484 2499 5521 non
2525 5467 2759 5541 velimus.
2794 5467 2964 5541 Ita_D.
2993 5467 3320 5541 Bernartius.

2238 5536 2266 5577 ἀ
2298 5539 2355 5596 ld
2386 5549 2471 5593 est
2491 5536 2760 5591 .miracula
2792 5538 2925 5590 viris
2956 5538 3269 5603 apostolicis
3307 5532 3469 5603 digna
3490 5576 3504 5595 ,
3534 5542 3589 5588 et
3613 5542 3731 5599 apo—

2164 5612 2428 5667 stolorum
2452 5608 2742 5663 virtutibus
2769 5621 2831 5661 ac
2852 5608 3129 5663 miraculis
3155 5617 3544 5663 consentanea.
3574 5604 3729 5658 Para-

2165 5684 2416 5750 phrastes
2443 5680 2601 5749 paulo
2627 5680 2909 5734 dilucidius
2934 5697 2948 5732 :
2980 5677 3109 5733 Cum
3136 5679 3259 5745 ﬁdei
3285 5686 3482 5750 certum
3514 5676 3730 5728 testimo-

2161 5747 2305 5809 nium
2330 5747 2593 5826 perhibent
2617 5750 2907 5849 apostolica
2932 5758 3079 5824 signa
3105 5768 3196 5822 per
3219 5757 3425 5805 sanctos
3454 5747 3731 5819 frequenter
