3966 6326
241 339 326 398 457

765 337 857 396 DE
895 331 1378 396 C(ENOBIORUM
1415 323 1660 394 INSTIT.
1701 329 1836 390 LIB.
1873 327 1988 390 XII.
2017 363 2078 374 —
2109 331 2196 388 DE
2236 333 2508 391 SPIRITU
2554 335 2942 394 SUPERBIIE.

3373 346 3481 407 458

243 471 320 528 per
346 469 438 510 eos
465 453 822 510 manifestatie
853 463 1012 522 sunt,
1039 470 1148 510 non
1173 435 1524 524 solunfapud
1551 467 1670 518 nos,
1699 449 1792 506 sed
1821 451 1872 512 Α
1899 447 2092 504 Filium
2133 451 2457 520 cogitatione
2497 453 2658 522 impia
2703 453 3135 526 blasphemasse.
3167 461 3322 520 Unde
3355 481 3486 535 per-

244 549 378 604 etiam
408 547 547 616 apud
577 545 824 602 infideles
848 556 904 602 et
931 546 1270 614 incredulos,
1304 545 1660 602 indubitatum
1691 553 1800 598 tes-

244 641 501 697 timonium
527 639 782 696 reddunt.
815 639 918 708 Qui
944 639 1244 710 simplicem
1271 639 1604 710 piscatorum
1636 635 1799 691 Iidem

243 733 288 790 in
309 731 466 788 corde
505 731 736 802 simplici
777 733 1109 800 retinentes,
1157 745 1264 786 non
1310 745 1430 787 eam
1473 728 1800 801 syllogismis

243 827 518 884 dialecticis
561 837 616 882 et
655 827 904 883 Tulliana
958 827 1204 884 facundia
1251 827 1443 898 spiritu
1493 839 1802 896 concepere

243 919 524 985 mundano,
557 918 653 974 sed
681 921 1060 990 experimento
1095 921 1220 976 vita.-
1260 921 1491 974 sincerae
1513 963 1528 988 ,
1572 925 1804 988 actaque

243 1013 532 1084 purissimo,
565 1015 910 1070 correctione
936 1029 1154 1086 quoque
1183 1013 1438 1070 vitiorum
1457 1054 1472 1080 ,
1503 1021 1558 1070 et
1584 1013 1678 1082 (ut
1707 1025 1803 1066 ve-

243 1109 334 1162 rius
357 1107 616 1180 dixerim)
665 1109 720 1163 in
769 1109 884 1180 ipsa
933 1109 1285 1180 perfectionis
1325 1111 1506 1164 inesse
1545 1115 1792 1162 naturam

244 1201 448 1256 oculatis
475 1201 690 1257 indiciis
715 1201 1194 1272 deprehenderunt
1219 1221 1230 1256 :
1261 1203 1378 1258 sine
1407 1217 1512 1272 qua
1555 1216 1655 1256 nec
1695 1201 1806 1270 pie-

247 1305 313 1348 tas
337 1296 384 1349 in
415 1297 580 1351 Deum
603 1338 616 1362 ,
647 1311 749 1352 nec
775 1297 1024 1368 purgatio
1049 1297 1302 1352 vitiorum
1323 1336 1338 1363 ,
1377 1313 1474 1352 nec
1500 1296 1808 1352 emendatio

245 1403 470 1458 morum,
493 1405 604 1468 nec
633 1391 892 1444 virtutum
932 1389 1330 1446 consummatio
1369 1389 1574 1462 poterit
1617 1403 1810 1459 appre-

247 1479 409 1537 bendi.

819 1573 1046 1631 CAPUT
1085 1575 1206 1631 XX.

349 1663 432 1722 De
457 1683 514 1721 eo
539 1667 628 1735 qui
653 1677 860 1740 prapter
887 1667 1254 1740 blasphemiam
1280 1667 1694 1722 immundissimo

725 1737 934 1808 spiritui
965 1737 1186 1792 traditus
1214 1747 1308 1794 est.

303 1851 432 1906 Novi
462 1851 752 1922 quemdam
775 1851 841 1908 de
865 1851 1089 1907 fratrum
1117 1867 1382 1919 numero,
1415 1867 1574 1924 quem
1605 1854 1810 1908 utinam
1843 1847 1891 1908 B
1919 1854 2296 1924 ignominiosae
2361 1855 2528 1912 fuerit
2581 1857 2814 1913 traditus
2871 1861 3109 1930 passioni

247 1945 456 1999 minime
483 1947 710 2000 scissem
735 1987 750 2014 ,
783 1943 1050 2016 siquidem
1085 1956 1204 2016 post
1234 1942 1352 2000 haec
1395 1953 1420 1981 η
1465 1944 1678 2000 ordinis
1708 1945 1813 2000 mei

245 2037 395 2106 gradu
425 2052 486 2092 se
515 2053 706 2104 passus
741 2047 822 2093 est
868 2037 1238 2108 praigravari;
1284 2037 1378 2108 qui
1426 2037 1816 2108 probatissimo

243 2131 446 2186 cuidam
477 2145 666 2187 senum
699 2131 834 2188 vitio
869 2131 1050 2187 carnis
1093 2133 1446 2203 semetipsum
1491 2133 1815 2205 gravissimo

245 2224 512 2279 confessus
541 2232 626 2279 est
653 2224 959 2294 impugnari
985 2241 1000 2291 ;
1037 2239 1163 2280 nam
1195 2233 1388 2280 contra
1419 2239 1576 2280 usum
1609 2237 1818 2282 natura;

243 2315 504 2372 desiderio
531 2315 768 2386 patiendi
799 2318 968 2388 magis
989 2333 1150 2389 quam
1176 2318 1436 2374 inferendi
1465 2319 1816 2390 ignominiam

243 2406 561 2464 intolerabili
601 2419 736 2464 testu
766 2409 1008 2466 libidinis
1040 2411 1296 2466 urebatur
1323 2428 1337 2466 :
1371 2421 1482 2466 tum
1513 2412 1668 2468 illum
1699 2411 1728 2452 δ
1759 2423 1821 2468 ut

241 2503 528 2572 spiritalem
571 2517 876 2574 verumque
923 2503 1230 2571 medicum,
1279 2503 1594 2561 interiorem
1629 2517 1650 2544 ε
1693 2521 1824 2562 cau-

243 2607 348 2648 sam
375 2595 554 2650 morbi
595 2593 756 2666 hujus
795 2605 852 2650 et
891 2596 1156 2666 originem
1204 2599 1452 2666 protinus
1493 2600 1820 2668 pervidisse.

243 2685 333 2754 Qui
363 2689 604 2759 graviter
646 2689 967 2759 suspirans:
993 2690 1344 2762 Nequaquam
1370 2733 1387 2760 ,
1437 2693 1542 2760 ait,
1578 2701 1686 2747 tam
1727 2709 1824 2749 ne-

241 2795 390 2850 quam
405 2781 776 2851 spirituitradi
799 2790 854 2838 te
885 2781 1148 2838 Dominus
1179 2784 1556 2854 permisisset,
1587 2785 1692 2840 nisi
1720 2785 1822 2840 alio

239 2875 360 2945 quid
388 2877 832 2947 blasphemasses
855 2879 908 2932 in
929 2893 1072 2934 eum.
1097 2878 1216 2946 Quo
1245 2879 1338 2934 ille
1363 2889 1666 2950 comperto,
1697 2894 1826 2936 con-

241 2966 414 3025 festim
446 2971 678 3040 procidit
703 2971 772 3026 ad
803 2971 970 3041 pedes
1001 2975 1120 3042 ejus
1147 2973 1200 3027 in
1235 2981 1434 3028 terram
1459 3017 1474 3042 ,
1505 2987 1828 3043 summaque

237 3063 590 3120 admiratione
620 3064 904 3134 perculsus
925 3109 940 3132 ,
971 3072 1244 3136 tamquam
1277 3080 1306 3119 a
1339 3063 1451 3120 Deo
1479 3079 1712 3122 cernens
1741 3081 1828 3122 ar-

238 3169 366 3210 cana
395 3155 482 3210 sui
517 3157 752 3227 pectoris
795 3155 1060 3226 patefacta
1085 3197 1100 3224 ,
1130 3155 1412 3212 confessus
1440 3166 1526 3212 est
1557 3155 1612 3212 in
1646 3155 1742 3212 Dei
1768 3171 1828 3214 se

1901 543 2140 612 spicuum
2183 555 2266 598 est
2307 560 2428 599 eum
2475 547 2564 614 qui
2605 549 2874 616 superbiai
2916 552 3112 620 spiritu
3153 556 3484 628 possidetur,

1901 637 1986 692 vel
2017 637 2106 708 qui
2137 636 2190 692 in
2233 637 2400 692 Deum
2440 637 2793 709 blasphemus
2823 645 3043 712 existit,
3091 655 3362 718 tamquam
3393 651 3488 721 qui

1903 731 2108 802 irroget
2135 731 2210 786 illi
2245 731 2498 800 iniuriam
2541 749 2570 786 ιι
2613 750 2721 801 quo
2761 738 3008 806 puritatis
3046 742 3317 809 speranda
3359 755 3490 800 sunt

1906 827 2048 882 dona
2069 867 2084 891 ,
2117 825 2468 896 perfectionis
2493 827 2802 900 integritate
2829 833 3032 902 privari
3053 875 3066 900 ,
3097 843 3154 890 et
3181 837 3490 896 sanctiﬁca-

1907 921 2106 976 tionein
2133 920 2466 976 castinmniae
2495 937 2604 978 non
2632 926 2849 980 mereri.

2494 1035 2718 1094 CAPUT
2755 1039 2898 1096 XXI.

2055 1129 2366 1207 Exemplum
2389 1128 2517 1184 Joas
2541 1133 2674 1200 regis
2703 1131 2860 1207 Julia:
2883 1177 2895 1198 ,
2925 1153 3028 1207 quo
3059 1139 3353 1199 ostenditur

2213 1201 2336 1270 quid
2365 1211 2575 1272 propter
2601 1205 2895 1274 superbiam
2925 1201 3189 1267 meruerit.

1980 1291 2234 1362 Legimus
2265 1293 2372 1348 tale
2395 1293 2594 1364 aliquid
2622 1294 3072 1366 Paralipomenon
3099 1303 3278 1362 libro:
3310 1306 3338 1346 δ
3367 1311 3499 1370 Joas

1912 1385 2056 1441 enim
2097 1399 2194 1440 rex
2221 1384 2356 1441 Juda
2387 1395 2594 1456 septem
2627 1403 2890 1444 annorum
2917 1393 2984 1446 ab
3015 1393 3202 1452 Joiada
3234 1403 3494 1468 pontiﬁce

1914 1480 2112 1534 ascitus
2151 1480 2202 1533 in
2249 1495 2508 1550 regnum,
2553 1491 2714 1551 atque
2751 1481 2804 1536 in
2833 1485 3118 1554 omnibus,
3164 1493 3340 1560 quoad
3368 1495 3500 1551 vixit

1917 1581 2250 1626 memoratus
2277 1571 2522 1640 pontifex
2545 1613 2558 1638 ,
2590 1574 2900 1630 testimonio
2927 1577 3222 1648 Scriptum
3253 1584 3504 1642 laudatus

1917 1674 2022 1720 est.
2057 1666 2129 1720 De
2159 1677 2266 1734 quo
2293 1673 2413 1735 post
2441 1665 2646 1720 obitum
2677 1665 2884 1720 Joiadae
2915 1669 3040 1724 audi
3071 1671 3196 1740 quid
3223 1675 3500 1744 Scriptura

1917 1769 2352 1830 commemorat,
2405 1769 2460 1814 et
2509 1761 2964 1830 quemadmodum
3016 1767 3191 1824 elatus
3243 1773 3503 1842 superbia

3151 1883 3162 1916 :
3221 1865 3506 1938 Pastquam

1919 1959 2090 2002 autem
2119 1948 2245 2002 abiit
2271 1947 2462 2002 Joiada
2485 1990 2500 2016 ,
2541 1951 2759 2022 ingrcssi
2807 1965 2928 2008 sunt
2969 1957 3224 2026 principes
3263 1958 3404 2013 Juda
3457 1971 3506 2016 et

1924 2042 2302 2096 eadoraverunt
2345 2059 2536 2114 regem.
2573 2045 2674 2109 Qui
2725 2045 2968 2102 delinitus
3023 2050 3277 2120 obsequiis
3333 2069 3510 2107 eorum

1920 2137 2207 2206 acquievit,
2249 2145 2296 2190 et
2337 2136 2716 2205 dereliquerunt
2758 2139 3002 2206 templum
3045 2140 3256 2195 Domini
3287 2143 3384 2198 Dei
3411 2161 3510 2214 pa-

1921 2235 2056 2282 trum
2087 2244 2298 2282 suorum
2321 2268 2336 2294 ,
2368 2229 2747 2299 seruieruntque
2775 2231 2906 2283 lueis
2935 2243 2980 2284 et
3013 2235 3394 2303 sculptibitibus
3416 2279 3428 2302 ,
3459 2247 3508 2294 et

1921 2322 2062 2391 facta
2089 2332 2160 2376 est
2191 2321 2268 2374 ira
2297 2336 2486 2385 magna
2511 2330 2693 2374 contra
2719 2321 2917 2374 Judam
2949 2331 2994 2376 et
3025 2322 3320 2379 Jerusalem
3351 2345 3510 2399 prop—

1923 2421 1999 2468 ter
2025 2413 2118 2468 hoc
2143 2422 2403 2484 peccatum
2428 2411 2494 2484 (II
2519 2411 2646 2466 Par.
2673 2413 2841 2484 χχιι).
2873 2413 2944 2468 Ει
2970 2425 3088 2484 post
3116 2433 3280 2484 pauca
3312 2435 3324 2470 :
3353 2419 3512 2472 Cum-

1921 2523 2019 2578 que
2049 2505 2282 2560 euolutus
2310 2515 2436 2560 esset
2465 2521 2636 2558 annus
2655 2545 2668 2568 ,
2701 2507 2930 2558 ascendit
2959 2517 3136 2561 contra
3163 2524 3275 2562 eum
3302 2512 3504 2564 exerci-

1924 2611 2006 2656 tus
2045 2601 2246 2672 Syriaz,
2281 2603 2514 2671 venitque
2543 2602 2597 2652 in
2627 2597 2820 2654 ludam
2847 2611 2894 2654 et
2922 2600 3242 2670 Jerusalem,
3275 2615 3319 2658 et
3344 2605 3510 2660 inter-

1925 2693 2042 2764 fecit
2074 2703 2282 2746 cunctos
2325 2693 2584 2764 principes
2616 2692 2828 2762 pepuli,
2861 2705 3011 2764 atque
3043 2697 3335 2750 universam
3377 2715 3514 2766 pra:-

1925 2787 2046 2840 dam
2075 2787 2322 2840 miserunt
2353 2787 2460 2856 regi
2491 2784 2824 2838 Damascum.
2871 2783 2938 2838 Et
2982 2797 3114 2841 certe
3151 2805 3266 2840 cum
3307 2805 3518 2858 permo—

1926 2881 2074 2934 dicus
2095 2879 2310 2934 uenisset
2339 2895 2579 2932 numerus
2613 2877 2866 2948 Syrorum
2890 2919 2904 2942 ,
2937 2879 3152 2932 tradidit
3181 2879 3434 2936 Dominus
3461 2884 3517 2937 in

1927 2989 2108 3028 manus
2136 2989 2315 3027 eorum
2345 2972 2606 3040 inﬁnitain
2633 2971 3020 3025 multitudinem
3041 3012 3055 3034 ,
3099 2988 3156 3026 eo
3195 2973 3336 3042 quod
3373 2975 3522 3028 dere~

1929 3067 2196 3138 liquissent
2223 3063 2507 3120 Dominum
2537 3063 2700 3116 Deum
2726 3071 2932 3133 patrum
2959 3079 3195 3118 suorum.
3229 3063 3296 3117 In
3333 3063 3353 3102 τ
3387 3065 3520 3121 Joas

1929 3174 2128 3228 quoque
2157 3157 2506 3228 ignominiosa
2533 3169 2800 3208 exercuere
2819 3153 3056 3224 judicia,
3085 3163 3134 3210 et
3165 3155 3412 3210 abeuntes
3441 3159 3522 3212 di-

1315 3288 1572 3345 ALARDI
1611 3289 1842 3346 GAZEI
1879 3287 2446 3356 COMMENTARIUS.

239 3383 495 3456 egrltibita,
520 3399 623 3438 non
653 3383 822 3438 solum
850 3381 990 3453 apud
1017 3399 1138 3448 nos,
1165 3381 1256 3437 sed
1295 3383 1452 3436 etiam
1491 3383 1632 3450 apud
1659 3385 1826 3438 incre-
1851 3384 1896 3446 C
1929 3395 2190 3454 peccatum
2224 3384 2449 3456 incipiat
2487 3391 2696 3454 peccato
2735 3385 3024 3456 cumulare.
3075 3382 3356 3439 Peccatum
3397 3405 3524 3456 ergo

238 3453 406 3510 datos.

307 3535 332 3562 ⁸
385 3527 592 3596 Nempe
639 3526 968 3592 sacerdotii,
1022 3540 1130 3596 quo
1176 3524 1498 3580 Cassianum
1553 3527 1824 3580 initiatum

240 3599 376 3661 apud
417 3595 712 3652 Massiliam
755 3598 1000 3654 scribunt
1043 3595 1362 3652 Gennadius
1407 3606 1461 3650 et
1491 3596 1826 3651 Trithemius

239 3665 374 3736 (Lib.
397 3669 500 3740 xi),
525 3670 668 3726 unde
689 3679 743 3724 et
767 3671 1025 3740 superius
1039 3667 1188 3738 (Cap.
1209 3665 1297 3738 I7)
1327 3667 1466 3740 dixit
1494 3681 1556 3724 se
1581 3667 1826 3736 episcopi

239 3753 432 3810 manus
457 3737 580 3794 ’non
625 3741 868 3810 potuisse
897 3737 1164 3802 evadere,
1198 3737 1512 3810 ne'scilicet
1534 3741 1608 3810 ab
1641 3753 1707 3792 eo
1740 3753 1830 3792 or-

241 3809 538 3880 dinaretur.
569 3809 724 3867 unde
751 3809 1027 3880 colligitur
1057 3825 1180 3862 eum
1215 3823 1327 3876 prie
1357 3809 1664 3864 humilitate
1691 3823 1826 3878 quo—-

239 3879 532 3937 dammodo
553 3883 782 3936 invitum
811 3879 974 3935 fuisse
999 3879 1306 3934 ordinatum
1333 3897 1346 3932 :
1372 3881 1828 3949 quemadmodum

239 3951 304 4034 de
326 3953 658 4034 Pauliniano
683 3954 742 4034 SI.
777 3951 1296 4034 llieronyniifrati-e
1311 3965 1338 4004 a
1372 3967 1432 4006 se
1461 3951 1712 4034 ordinato
1745 3966 1829 4006 re-

240 4023 336 4094 fert
369 4027 434 4080 S.
471 4025 802 4094 Epiphanius
835 4025 886 4078 in
916 4020 1147 4094 epistola
1173 4021 1242 4094 ad
1270 4020 1538 4094 Joannem
1569 4021 1830 4094 Hieroso-

241 4091 586 4164 Lymitanum,
603 4106 658 4150 et
684 4095 752 4148 de
773 4094 832 4150 S.
853 4091 1153 4162 Augustino
1172 4093 1450 4148 Possidius
1473 4095 1524 4148 in
1549 4093 1666 4164 ejus
1687 4093 1826 4147 Vita.

283 4179 538 4234 erperam
565 4181 696 4220 vero
733 4164 1046 4236 Dionysius,
1071 4173 1126 4218 et
1145 4178 1217 4236 es
1237 4179 1336 4218 suo
1363 4179 1526 4236 sensu
1545 4205 1560 4228 ,
1586 4179 1692 4236 non
1721 4164 1832 4219 Au-

239 4237 410 4292 ctoris
433 4277 450 4296 .
485 4237 586 4292 nisi
629 4234 888 4290 mendum
919 4237 990 4290 sit
1016 4237 1068 4288 in
1101 4234 1324 4290 codice:
1354 4235 1680 4306 Prwgrauari
1703 4277 1717 4300 ,
1747 4235 1834 4290 in-

241 4307 398 4375 quit‘,
433 4324 488 4360 se
517 4323 699 4376 passus
725 4315 798 4359 est
831 4307 1098 4373 posteriori
1126 4305 1324 4360 ordinis
1344 4305 1538 4376 gradu.
1585 4308 1830 4376 Praegra-

243 4380 354 4432 v:iri
387 4375 606 4444 autem,
646 4378 696 4432 id
741 4385 852 4442 est,
898 4379 1112 4432 onerari
1155 4378 1288 4431 dicit
1327 4375 1622 4432 Cassianus
1661 4375 1830 4446 gradu

239 4450 574 4514 sacerdotii,
607 4451 747 4503 forte
777 4449 905 4502 illud
944 4459 1196 4510 spectans
1223 4448 1410 4504 Jacobi
1457 4451 1694 4516 apostoli
1726 4463 1824 4502 ut:

241 4517 430 4592 Nolite
469 4523 639 4590 plures
683 4521 913 4592 magistri
948 4519 1062 4592 ﬁeri
1085 4560 1100 4584 ,
1138 4523 1351 4592 scientes
1387 4521 1633 4592 quoniam
1665 4522 1832 4590 majus

241 4591 504 4654 iudicium
531 4591 752 4646 sumitis.
785 4591 876 4648 Sic
904 4603 962 4647 et
991 4591 1056 4662 D.
1091 4591 1448 4662 Hieronymus
1475 4592 1792 4645 clericatum
1813 4629 1828 4656 ,

241 4677 348 4716 non
387 4663 652 4718 honorem
677 4701 692 4728 ,
726 4663 819 4716 sed
851 4677 988 4732 opus
1015 4661 1403 4732 interpretatur
1435 4663 1597 4730 epist.
1631 4661 1722 4716 δὲ.

1930 3453 2068 3527 quod
2099 3455 2410 3526 poenitentia:
2432 3453 2657 3527 lamenta
2679 3469 2778 3508 non
2808 3453 3045 3527 diluitur,
3073 3465 3340 3523 peccatum
3365 3458 3412 3512 si
3425 3453 3526 3514 nul

1930 3525 2003 3581 est
2033 3535 2082 3580 et
2100 3525 2268 3580 causa
2296 3527 2528 3596 peccati.
2561 3525 2685 3595 quia
2727 3541 2805 3596 ex,
2827 3525 2919 3596 illo
2961 3527 3304 3596 oriturunde
3350 3531 3526 3582 adhuc

1929 3598 2215 3668 peccatoris
2261 3593 2462 3649 animus
2509 3593 2706 3648 arctius
2755 3594 3044 3668 obligetur.
3085 3593 3364 3650 Peccatum
3406 3615 3528 3654 vero

1929 3667 2068 3739 quod
2093 3684 2156 3721 ea:
2185 3675 2392 3739 peccato
2420 3668 2676 3736 sequitur,
2709 3675 2974 3739 peccatum
3005 3667 3161 3720 simul
3189 3679 3262 3720 est
3293 3679 3340 3722 et
3374 3685 3526 3736 ptBlta

1931 3737 2132 3808 peccati
2154 3737 2193 3804 ,7
2221 3737 2346 3808 quia
2371 3781 2384 3804 ,
2421 3746 2741 3791 exerescente
2789 3737 3016 3790 creeitate
3037 3779 3052 3804 ,
3084 3753 3148 3790 ex
3189 3739 3526 3794 retributione

1929 3810 2118 3881 prioris
2147 3810 2316 3875 culpa:
2335 3815 2636 3881 generatur,
2661 3817 2715 3860 ut
2743 3808 2889 3881 quasi
2905 3811 3022 3880 jam
3043 3809 3147 3881 sint
3174 3810 3228 3881 in
3260 3821 3528 3878 peccatore

1929 3878 2194 3950 supplicia
2217 3878 2350 3950 ipsa'
2373 3880 2690 3932 incrementa
2729 3878 2986 3932 uitiorum.
3035 3879 3160 3934 llam
3199 3879 3525 3950 Gregorius.

1932 3953 2012 4006 Ac
2055 3951 2253 4006 deinde
2293 3951 2452 4004 docet
2495 3965 2906 4020 nonnumquam
2953 3951 3108 4015 ﬁeri,
3159 3961 3218 4006 ut
3259 3967 3424 4005 unum
3470 3963 3528 4008 et

1933 4023 2074 4078 idem
2101 4031 2384 4092 peccatum
2409 4063 2423 4088 ,
2455 4031 2510 4076 et
2539 4031 2820 4092 peccatum
2840 4021 2926 4092 sit
2949 4063 2962 4086 ,
2996 4029 3050 4076 et
3081 4037 3240 4090 pinna
3273 4025 3523 4092 peccati,

1933 4091 2182 4148 simul’et
2220 4108 2381 4148 causa
2424 4093 2653 4162 peccati.
2699 4091 2854 4164 Quod
2904 4103 2958 4148 et
2999 4093 3185 4148 multis
3223 4093 3527 4164 Scripturm

1935 4165 2259 4220 testimoniis
2291 4174 2346 4234 et
2375 4165 2643 4234 exemplis
2674 4163 2982 4219 conﬁrmat.

2007 4235 2034 4273 ἀ
2075 4235 2244 4291 Filius
2284 4233 2569 4307 Ocltosize,
2615 4233 2708 4288 lilii
2753 4234 2974 4307 Iuram,
3017 4235 3110 4290 ﬁlii
3142 4234 3422 4307 Josaphat.
3459 4235 3530 4292 Ν

1935 4307 2070 4378 Reg.
2100 4323 2154 4362 ιιι
2175 4349 2189 4370 ,
2223 4315 2279 4360 et
2309 4307 2348 4360 Il
2373 4305 2607 4378 Paralip.
2633 4305 2932 4378 xxiv.i_‘ttit
2963 4307 3101 4361 alter
3123 4307 3254 4362 Joas
3278 4305 3530 4378 tempore

1937 4375 2096 4448 paulo
2127 4379 2400 4447 posterior
2431 4391 2525 4430 rex
2557 4375 2720 4448 Israel
2748 4417 2762 4436 ,
2797 4376 2846 4428 id
2877 4387 2958 4432 est
2981 4418 2994 4438 ,
3025 4377 3213 4448 decem
3242 4375 3529 4448 tribuum,

1937 4445 2026 4520 qui
2045 4445 2146 4520 hoc
2159 4449 2336 4503 adhuc
2363 4445 2656 4514 superstite
2679 4461 2910 4516 regnare
2939 4448 3123 4516 coepit,
3151 4447 3215 4502 IV
3239 4447 3376 4519 Reg.
3405 4463 3528 4518 xm,

1937 4519 1990 4576 et
2021 4521 2064 4574 Il
2089 4519 2321 4588 Paralip.
2349 4531 2474 4572 xxv.

2013 4603 2036 4627 υ
2067 4591 2128 4644 D.
2163 4586 2528 4656 Hieronymus
2583 4589 2634 4640 in
2691 4586 3102 4652 Quiestionibus
3148 4587 3431 4644 Hebraicis
3461 4589 3534 4644 ad

1939 4662 2082 4717 hunc
2111 4661 2288 4714 locum
2318 4658 2603 4712 annotavit
2629 4676 2640 4710 :
2674 4657 3033 4710 Adoraverunt
3065 4675 3185 4711 eum
3231 4669 3288 4712 ut
3325 4661 3534 4726 Deum;

311 4733 340 4771 δ
371 4734 732 4822 Mantiscripti
763 4729 1010 4816 nonnulli
1042 4729 1226 4802 legunt
1251 4751 1266 4787 :
1305 4731 1374 4788 Ut
1395 4729 1724 4804 spiritualem
1759 4733 1832 4786 vi-
1861 4759 1913 4822 ι)
1938 4743 1986 4787 et
2009 4731 2288 4822 'acquieuit,
2335 4745 2510 4822 eorilt‘m
2534 4729 2786 4822 obsequiis
2813 4729 3092 4822 definitus,
3123 4739 3176 4781 ut
3203 4747 3256 4784 se
3279 4743 3335 4812 ut
3365 4729 3538 4784 Deum

237 4819 352 4856 rum
375 4847 393 4876 ,
410 4807 786 4876 _medicumque
827 4805 1146 4859 interiorem.

315 4885 338 4910 ε
377 4873 662 4932 Monemur
687 4873 790 4930 hoc
815 4875 936 4931 loco
961 4883 1238 4946 peccatum
1261 4891 1426 4930 unum
1453 4889 1832 4946 sarpenumero

240 4957 475 5018 causam
504 4961 622 4999 esse
651 4949 878 5018 alterius
908 4945 1116 5017 peccati
1148 4947 1250 5014 (S.
1279 4945 1462 5002 Thom.
1497 4945 1624 5014 με,
1654 4965 1707 5018 q.
1737 4949 1830 5013 87,

237 5031 290 5067 α.
315 5014 396 5086 2)
421 5031 438 5080 ;
477 5027 526 5070 et
553 5015 696 5096 quod
731 5016 856 5096 inde
882 5014 1148 5086 setiuitur,
1172 5019 1418 5087 quaedam
1445 5019 1526 5073 sic
1557 5014 1680 5074 esse
1709 5035 1833 5087 pec-

239 5097 386 5152 cata,
431 5089 684 5160 utetiam
721 5089 832 5140 sint
871 5100 1046 5160 paena:
1077 5099 1420 5160 peccatorum
1441 5132 1458 5160 ,ί
1487 5104 1609 5144 cum
1643 5105 1836 5160 pecca-

241 5167 360 5210 tum
387 5158 737 5226 subsequens
761 5157 1390 5226 puznasitpraecedentis.
1418 5159 1552 5212 Nam
1579 5157 1838 5228 quemad—

239 5229 482 5282 modum
507 5229 592 5284 hic
614 5229 952 5298 blasphemia
976 5229 1063 5283 vel
1085 5227 1334 5294 superbia
1359 5245 1520 5283 causa
1553 5227 1655 5284 fuit
1681 5231 1839 5286 luxu-

241 5302 378 5364 riae,
429 5301 504 5354 iti
551 5303 762 5355 luxuria
807 5315 960 5368 pruna
1005 5299 1354 5368 blasphemia:
1403 5311 1496 5353 aut
1545 5303 1836 5369 superbiat.

239 5369 386 5426 Iliuc
423 5369 494 5424 Ι).
521 5371 816 5440 Gregorius
843 5371 988 5424 hom.
1026 5371 1304 5426 undecima
1352 5372 1406 5424 in
1451 5371 1794 5428 Ezecliielem
1827 5391 1839 5427 :

241 5441 580 5506 Peccatum,
611 5443 820 5512 inqttit,
851 5443 986 5511 quod
1026 5459 1114 5512 per
1154 5443 1502 5509 ptenitcntiam
1541 5443 1694 5498 citius
1739 5461 1842 5497 non

237 5513 488 5574 deletur,
529 5525 618 5566 aut
657 5523 924 5586 peccatum
965 5523 1076 5586 est,
1106 5523 1194 5566 aut
1240 5531 1396 5586 causa
1427 5516 1654 5584 peccati,
1691 5515 1848 5567 simul

237 5591 284 5632 ct
317 5599 496 5648 prima
517 5584 730 5654 peccati.
765 5584 930 5638 Omne
959 5585 1096 5637 enim
1123 5585 1259 5654 quod
1301 5587 1445 5656 prius
1487 5585 1844 5652 committitur,

241 5662 532 5725 peccatum
571 5667 684 5710 est:
724 5657 812 5708 sed
861 5656 906 5710 si
939 5656 1092 5708 citius
1122 5657 1415 5718 pteuiteudo
1462 5672 1566 5708 non
1609 5657 1846 5725 tergitar,

229 5723 386 5793 justo
443 5721 654 5798 judicio
714 5729 1065 5798 omnipotens
1095 5725 1236 5781 Deus
1287 5725 1570 5796 obligatam
1622 5721 1844 5797 peccatis

235 5805 486 5870 utentem
519 5795 667 5870 etiam
691 5799 744 5844 in
776 5795 984 5870 culpam
1013 5797 1230 5851 alteram
1260 5795 1506 5870 permittit
1538 5795 1726 5852 cadere
1747 5841 1761 5864 ,
1791 5809 1844 5851 ut

234 5866 336 5938 qui
369 5863 564 5936 ﬂendo
593 5873 640 5916 et
667 5863 972 5932 corrigendo
1010 5871 1176 5924 noluit
1222 5863 1476 5924 mundare
1513 5871 1650 5940 quod
1691 5863 1846 5940 fecit,

557 5956 828 6018 Ps'ruou.
878 5954 1110 6018 XLIX.

1941 4805 2040 4857 coli
2063 4805 2392 4873 permitteret.
2427 4799 2830 4873 Qumliassiani
2862 4799 3024 4873 dictis
3067 4802 3422 4873 conveniunt.

2013 4871 2202 4952 fillaec
2247 4873 2532 4952 itidcﬂti.
2568 4871 2940 4952 Hieronymus
2979 4871 3055 4952 ita
3091 4871 3528 4952 interpretatur:

1939 4943 2214 5000 Facientes
2241 4947 2292 4998 in
2321 4943 2442 4997 eui—ti
2459 4943 2798 5010 ignominiosa
2813 4943 3046 5013 judicia,
3078 4945 3180 4995 sive
3209 4945 3330 5013 quia
3355 4953 3534 5009 turpes

1938 5017 1992 5070 in
2020 5033 2136 5069 eum
2165 5031 2244 5070 res
2271 5023 2506 5086 egerunt,
2538 5015 2642 5068 sive
2679 5012 3201 5086 quia’interﬁcicntes
3232 5012 3368 5082 ﬁlios
3398 5017 3536 5081 ejus,

1936 5084 2411 5158 improperabantei
2444 5087 2605 5158 scelus
2628 5085 2764 5158 ipsud
2787 5087 2838 5138 in
2869 5084 3187 5158 Zachariam
3211 5091 3542 5152 perpetrave-

1938 5104 2102 5158 tmpro
2142 5104 2410 5140 eraoantet
2444 5104 2605 5138 sectus
2628 5104 2762 5154 quoa
2787 5104 2838 5138 ιη
2869 5104 3187 5138 ιασητινιαηι
3211 5104 3536 5152 perpetrave-

1938 5169 2020 5212 rat
2051 5159 2070 5226 (
2099 5104 2164 5211 Fu
2201 5157 2394 5222 Quwst.
2433 5155 2597 5210 Hebr.
2629 5157 2714 5209 ubi
2770 5155 2997 5228 supra).
3033 5155 3276 5228 Priorem
3315 5169 3536 5228 sensum

1943 5225 2164 5285 secutus
2194 5228 2282 5282 hic
2311 5227 2606 5282 Cassianus
2640 5225 2912 5296 signilii-at
2941 5225 3126 5296 regem
3155 5225 3309 5280 Joam
3351 5227 3419 5280 ob
3447 5241 3542 5279 su-

1943 5301 2186 5370 perbiam
2215 5309 2271 5354 et
2298 5301 2756 5370 arrogantiatneo
2789 5299 3023 5370 miserita
3046 5298 3333 5370 devenisse
3359 5337 3372 5361 ,
3409 5307 3466 5370 ut
3491 5311 3540 5370 _a

1946 5367 2099 5454 Syris
2133 5367 2444 5454 horninibus
2491 5369 2718 5454 impuris
2769 5369 2908 5424 fmdn
2935 5379 2989 5422 et
3017 5367 3541 5454 igiioiniiiiosa'lilii-

1947 5439 2076 5498 dine
2111 5442 2468 5510 pollueretur.
2501 5441 2774 5508 Josephus
2814 5449 2994 5493 tamen
3029 5449 3083 5492 et
3118 5439 3208 5492 alii
3263 5439 3394 5494 nihil
3433 5439 3542 5494 tale

1947 5519 2398 5572 commemorant,
2435 5513 2532 5566 sed
2567 5511 2941 5566 tantummodo
2973 5511 3129 5564 Joam
3157 5511 3541 5578 gravissimum

1926 5585 2248 5639 'incurrisse
2270 5585 2609 5653 languorem,
2635 5595 2688 5637 et
2709 5599 2738 5636 a
2771 5583 2885 5635 suis
2913 5582 3077 5634 fuisse
3107 5581 3494 5653 interemptum
3527 5597 3544 5645 ;

1951 5671 2056 5710 nec
2105 5657 2247 5710 aliud
2279 5651 2450 5709 Grai-ci
2489 5655 2836 5732 interpretes
2861 5693 2875 5717 ,
2901 5667 3104 5732 quam:
3130 5655 3212 5732 κριὲ
3241 5655 3371 5732 με·ιρ
3401 5651 3548 5732 ’[ωόις

1955 5723 2718 5864 ἓποίηῧανὲχρῗιίῗτῗυοδερή.
2748 5723 2838 5776 lib.
2870 5739 2924 5777 tx
2955 5721 3210 5792 Antiquit.
3234 5721 3282 5776 ὲ.
3327 5723 3380 5776 8.
3417 5721 3549 5776 Sui-

1991 5815 2048 5852 as
2133 5815 2186 5852 er
2223 5815 2252 5850 ο
2321 5815 2409 5849 ors
2461 5835 2471 5848 .

2959 5951 3036 6012 15
