3966 6326
344 370 440 430 ι69

873 373 962 428 DE
994 372 1475 432 C(ENOBIORUM
1513 373 1756 431 INSTI'I‘.
1799 372 1927 428 LIB.
1971 367 2152 425 χιι-
2184 368 2272 423 DE
2314 367 2584 426 SPIBITU
2627 366 3018 426 SUPERBIE.

3483 369 3594 424 «ΠΟ

341 487 447 546 tus;
477 439 572 536 sed
587 481 693 538 huc
714 435 1207 555 illucquestupidus
1227 485 1636 542 circumferetur
1658 477 1904 547 intuitus,
1935 483 1988 546 Ᾱ
2010 483 2107 538 etii-
2132 482 2199 536 ab
2229 481 2294 537 eo
2318 482 2388 536 sit
2416 481 2468 536 in
2500 477 2805 537 humilitate
2835 469 3169 552 praeventas,
3201 450 3421 552 amittit
3455 463 3591 538 lb'di-

337 569 590 625 aliorsum
618 583 677 638 et
703 572 757 628 in
783 573 1080 644 obliquum,
1113 591 1274 645 quam
1306 579 1474 632 muris
1503 587 1606 643 est,
1635 577 1776 633 oculi
1807 576 1907 632 de-

335 660 582 731 ligantur.
620 663 730 720 Pro
778 665 1029 736 suspiriis
1079 668 1225 722 enim
1270 669 1621 737 salutaribus,
1649 680 1805 740 sputa
1836 669 1905 726 de

332 752 474 808 sicco
530 763 753 824 gutture
797 757 1216 823 contrahuntur,
1268 763 1680 817 exscreationes
1741 761 1906 818 etiam

331 847 446 902 sine
500 848 610 903 ulla
658 849 1101 921 interpellatione
1145 854 1468 925 phlegmatis
1517 867 1904 925 provocantur,

330 937 478 1008 digiti
499 939 717 1008 ludunt,
744 952 796 999 et
819 944 873 1000 in
902 945 1119 1000 modum
1153 947 1414 1018 quiddam
1453 951 1741 1006 scribentis
1765 951 1906 1006 voli-

331 1038 444 1084 tant
471 1041 638 1102 atque
663 1033 961 1106 depingunt
991 1055 1004 1090 :
1035 1047 1090 1093 et
1118 1039 1188 1093 ita
1212 1039 1315 1095 huc
1345 1050 1508 1112 atque
1539 1043 1665 1098 illuc
1686 1043 1908 1099 univer-

327 1135 386 1176 sa
412 1123 659 1180 membra
680 1128 925 1197 corporis
945 1141 1374 1200 commoventur,
1399 1142 1454 1187 ut
1481 1134 1606 1188 dum
1639 1135 1902 1204 spiritalis

326 1213 561 1284 agitatur
590 1219 834 1288 collatio,
852 1229 1022 1277 totum
1046 1238 1106 1280 se
1129 1227 1212 1281 vel
1238 1227 1573 1283 scatentibus
1601 1231 1902 1297 vermibus,

330 1309 414 1364 vel
445 1313 784 1370 acutissimis
822 1317 1068 1387 sudibus,
1118 1322 1309 1377 credat
1361 1323 1622 1393 insidere,
1655 1335 1709 1381 et
1747 1326 1905 1398 quid-

325 1401 451 1470 quid
482 1403 722 1474 simplex
762 1409 983 1465 collatio
1026 1411 1094 1467 ad
1148 1414 1566 1472 aedificationem
1618 1417 1904 1487 protulerit

323 1492 682 1561 audientium,
711 1498 782 1553 ob
824 1516 977 1556 suam
1025 1504 1456 1574 suggillationem
1500 1510 1734 1565 aestimet
1781 1525 1904 1567 esse

322 1584 614 1653 prolatum.
649 1587 897 1661 Totoque
924 1601 1168 1664 tempore
1191 1612 1300 1667 quo
1328 1601 1589 1667 spiritalis
1614 1603 1738 1658 vitae
1774 1618 1902 1659 exa-

269 1719 292 1738 ,
321 1675 551 1731 minatio
599 1681 915 1752 ventilatur,
954 1685 1069 1739 suis
1115 1690 1521 1757 suspicionibus
1581 1703 1896 1764 occupatus,

323 1779 434 1820 non
463 1767 589 1836 quid
627 1770 822 1828 exinde
852 1775 918 1828 ad
948 1775 1248 1844 profectum
1279 1791 1434 1835 suum
1457 1797 1652 1853 capere
1681 1785 1898 1851 debeat,

2016 582 2233 646 gnatur.
2274 573 2466 644 Fitque
2495 557 2543 628 ei
2579 567 2831 630 salutaris
2861 557 3139 628 humilitas
3176 563 3240 629 'ac
3270 555 3590 643 sati'sl‘a'tillo,

2011 679 2131 738 quae
2180 665 2338 721 tinem
2380 665 2662 724 diabolléis
2711 666 3098 724 tentationibus
3124 661 3296 741 [Lips.
3320 659 3375 722 in
3423 655 3589 740 iam.

2010 755 2430 832 intentionibus]
2474 760 2613 816 so’let
2667 758 2900 828 inferre,
2949 759 3114 816 caiisa
3169 745 3592 818 beliemetitioris

2009 846 2268 906 ibcendii.
2557 875 2562 886 ε
2870 871 2880 880 ·

2389 971 2394 976 .
2508 921 2512 956 '-
2545 918 2776 979 GAPU'I'
2813 919 3054 978 XXVIII.

2367 1012 2447 1070 De
2473 1014 2650 1086 {nuis
2672 1013 2944 1085 cujusdam
2963 1013 3224 1085 superbia.

2079 1130 2277 1190 Audivi
2316 1130 2372 1186 in
2414 1129 2516 1186 hac
2565 1129 2843 1186 dumtaxat
2888 1130 3107 1202 regione
3149 1123 3334 1202 (quod
3405 1121 3591 1188 horret

2009 1225 2284 1298 pudetque
2349 1225 2676 1294 resolvere)
2726 1221 3022 1295 'quemdam
3090 1217 3398 1293 iuniorum,
3465 1211 3589 1280 cum

2006 1333 2038 1374 a
2068 1333 2166 1374 suo
2218 1319 2588 1388 increparetur
2629 1317 2844 1383 abbate,
2891 1330 2988 1372 cur
3021 1307 3404 1384 humilitatem,
3429 1309 3592 1387 quam

2004 1411 2318 1467 renuntians
2347 1409 2660 1481 permodico
2699 1421 2944 1479 tempore
2973 1403 3293 1474 retentarat,
3331 1395 3586 1482 coepisset

2004 1503 2296 1574 excedere,
2320 1517 2384 1559 ac
2412 1503 2674 1560 diabolica
2717 1503 2891 1558 inflari
2922 1495 3206 1572 superbia?
3227 1495 3438 1560 summa
3461 1493 3590 1560 con-

2003 1596 2233 1652 tumacia
2261 1595 2642 1666 respondisse:
2668 1594 2939 1666 Numquid
2967 1596 3037 1651 ob
3059 1596 3161 1652 hoc
3211 1577 3586 1667 m'emetipsum

2005 1688 2279 1744 humiliavi
2311 1703 2408 1758 pro
2441 1698 2718 1757 tempore,
2750 1679 2807 1742 ut
2835 1703 3051 1757 semper
3071 1681 3314 1743 subditus
3343 1687 3479 1742 sim?
3507 1677 3590 1742 Ad

2002 1781 2143 1852 quod
2176 1783 2294 1852 ejus
2333 1790 2441 1836 tam
2473 1780 2795 1836 eﬂrenatum
2831 1777 3222 1850 scelestumque
3271 1769 3589 1850 responsum

321 1869 644 1944 aucupatur,
677 1864 772 1920 sed
789 1879 980 1922 causas
1003 1883 1102 1923 cur
1132 1873 1549 1946 unumquodque
1575 1877 1645 1934 sit
1666 1877 1890 1946 dictum,
1925 1871 1971 1933 Β
1998 1875 2073 1932 ita
2135 1880 2220 1927 est
2247 1872 2428 1928 senior
2474 1871 2896 1943 obstupefactus,
2929 1873 3207 1943 omnisque
3253 1873 3380 1942 ejus,
3421 1871 3592 1932 inter-

319 1955 555 2012 sollicita
585 1969 773 2017 mente
803 1965 1099 2034 perquirit;
1127 1966 1208 2021 vel
1239 1968 1368 2038 quid
1395 1970 1474 2024 eis
1506 1970 1677 2039 possit
1695 1971 1900 2041 objice-

2018 1976 2190 2036 :eptus
2245 1973 2330 2022 est
2379 1979 2580 2031 sermo,
2640 1965 2806 2021 veluti
2849 1965 2939 2034 qui
2992 1961 3183 2020 abillo
3226 1964 3342 2034 ipso
3371 1955 3593 2035 antiquo

325 2061 413 2144 re,
451 2050 612 2105 tacita
644 2053 781 2108 intra
810 2067 869 2110 se
908 2057 1086 2113 cordis
1134 2059 1467 2115 volutatione
1515 2062 1820 2132 conjectat;
1845 2073 1904 2119 ut
2002 2060 2251 2116 Lucifero
2284 2060 2449 2116 verba
2479 2058 2599 2115 haec
2641 2060 2867 2129 prolata,
2918 2074 3024 2113 non
3063 2059 3131 2113 ab
3159 2059 3376 2144 homine
3397 2073 3592 2134 perce-

319 2137 463 2194 hibil
495 2155 562 2197 ex
611 2139 696 2198 his
727 2138 845 2215 qua:
875 2146 1230 2206 saluberrime
1260 2161 1386 2207 sunt
1427 2145 1657 2224 digesta,
1689 2157 1903 2225 penitus
2002 2155 2189 2224 pisset,
2217 2145 2275 2208 ut
2297 2153 2497 2208 nullam
2528 2167 2718 2207 vocem
2742 2153 3000 2208 adversus
3023 2141 3222 2206 tantam
3263 2137 3589 2221 proterviam

317 2235 734 2304 apprehendere
761 2250 852 2296 aut
891 2241 943 2296 in
975 2243 1157 2314 aliquo
1187 2247 1365 2304 valeat
1391 2248 1689 2304 emendari.
1727 2249 1794 2304 Et
1825 2250 1901 2304 ita
2004 2245 2074 2302 de
2101 2260 2197 2300 ore
2246 2259 2344 2299 suo
2374 2258 2596 2315 prorsus
2625 2245 2897 2309 emittere,
2939 2243 3044 2297 nisi
3072 2242 3304 2312 gemitus
3329 2241 3397 2297 de
3424 2241 3591 2297 corde

321 2327 378 2400 ﬁt
407 2337 465 2408 ut
492 2345 601 2404 non
633 2333 825 2406 solum
857 2334 1088 2402 innullo
1135 2338 1182 2393 ei
1216 2338 1467 2408 proficiat
1492 2340 1714 2396 collatio
1745 2340 1905 2412 apiri-
2005 2336 2376 2408 tantummodo
2398 2349 2462 2391 ac
2482 2335 2715 2405 suspiria
2740 2334 3000 2404 potuerit,
3029 2334 3160 2394 illud
3181 2334 3354 2389 solum
3396 2333 3595 2389 tacitus

320 2419 468 2487 talis,
492 2437 683 2479 verum
711 2428 876 2480 etiam
899 2427 1155 2485 damnosa
1179 2432 1349 2502 magis
1376 2432 1905 2499 existat,efficiatur-
2006 2430 2145 2486 intra
2171 2428 2523 2498 semetipsum
2550 2427 2797 2490 volvens,
2819 2425 2962 2496 quod
2983 2424 3052 2480 de
3091 2424 3378 2481 Salvatore
3400 2432 3592 2480 nostro

321 2528 428 2584 que
467 2515 516 2568 ei
560 2527 722 2570 causa
777 2519 995 2588 majoris
1025 2523 1254 2591 peccati.
1288 2524 1422 2579 Dum
1463 2527 1608 2580 enim
1653 2539 1752 2596 pro
1772 2541 1905 2581 cou-

2018 2537 2371 2620 licitur:Qui
2415 2555 2531 2592 cum
2567 2537 2621 2592 in
2672 2536 2840 2608 [arma
2884 2535 2979 2591 Dei
3015 2545 3166 2603 esset,
3216 2531 3507 2590 humiliauit
3534 2551 3590 2590 se

322 2608 548 2705 scientia
568 2623 679 2705 sua
708 2608 885 2705 totum
908 2624 1093 2705 contra
1124 2632 1184 2672 se
1214 2618 1521 2688 suSpicatur
1558 2635 1678 2676 esse
1719 2617 1902 2691 prola-
2007 2609 2176 2705 factus
2201 2631 2461 2698 obeamus,
2493 2645 2600 2684 non
2629 2630 2727 2701 (ut
2748 2629 2839 2685 ille
2867 2629 2967 2693 ait,
2997 2626 3268 2684 diabolico
3294 2626 3487 2695 spiritu
3529 2639 3595 2680 lc

324 2701 470 2776 tum,
499 2693 890 2755 vehementiori
938 2703 1116 2758 cordis
1163 2706 1533 2763 obstinatione
1576 2683 1901 2779 obduratur,

2238 2683 2755 2796 ipossessus)b‘pro
2779 2683 3040 2793 tempore,
3064 2683 3160 2777 sed
3181 2683 3340 2793 usque
3364 2713 3432 2775 ad
3451 2736 3594 2775 mor-

323 2785 422 2892 lrae
453 2803 669 2892 quoque
696 2792 926 2849 stimulis
952 2798 1130 2854 acrius
1174 2800 1462 2892 instigatur
1491 2819 1513 2892 :7
1534 2803 1734 2858 deinde
1785 2814 1908 2876 post
2012 2829 2112 2876 rem
2140 2785 2407 2892 (Philipp.
2439 2833 2477 2873 tt
2504 2815 2545 2887 ).

327 2877 471 2963 haec,
515 2883 727 2938 excelsa
760 2900 886 2954 vox,
920 2903 1098 2944 sermo
1141 2890 1366 2963 rigidus,
1400 2891 1580 2950 amara
1620 2905 1675 2952 et
1718 2900 1906 2955 turbu-

325 2961 473 3028 lenta
500 2975 808 3044 responsio,
844 2965 1090 3038 incessus
1120 2993 1339 3040 erectus
1366 2989 1695 3060 acmobilis,
1726 2989 1907 3062 lingua

335 3063 537 3133 facilis,
570 3082 773 3137 procax
821 3071 1060 3143 loquela,
1094 3092 1192 3132 nec
1231 3093 1484 3148 umquam
1529 3084 1912 3141 taciturnitatis

324 3158 522 3259 .Imica,
562 3161 667 3259 nisi
690 3157 813 3218 cum
842 3175 1029 3222 contra
1056 3167 1276 3225 fratrem
1311 3188 1590 3230 rancorem
1611 3175 1909 3250 [quemdam
1956 3257 1972 3259 Α
2088 3179 2151 3246 Et
2182 3195 2240 3244 ιιι
2269 3187 2485 3247 brevius
2514 3204 2575 3245 ea
2603 3169 2722 3259 quae
2751 3161 2893 3244 dicta
2935 3195 3062 3243 sunt
3083 3186 3150 3243 de
3183 3147 3288 3242 hoc
3331 3187 3599 3257 superbiai

327 3246 380 3303 ln
411 3263 510 3306 suo
533 3252 696 3354 corde
722 3259 1056 3354 conceperit,
1087 3262 1252 3330 fitque
1283 3273 1309 3300 ει
1338 3266 1617 3322 silentium
1643 3269 1764 3339 ejus
1799 3285 1906 3328 non
1937 3257 1983 3322 C
2011 3297 2212 3354 genere
2245 3246 2690 3353 perstringamus,
2722 3282 2968 3350 quaedam
3000 3282 3151 3351 signa
3183 3282 3302 3350 ejus
3340 3246 3593 3351 in.quan.

329 3347 791 3445 comptinctionis.
824 3365 924 3408 nec
947 3352 1266 3411 humilitatis
1298 3358 1481 3426 ullius,
1515 3360 1611 3416 sed
1641 3363 1911 3432 superbiae
2010 3347 2122 3429 [um
2151 3347 2437 3444 possumus
2465 3347 2802 3445 colligentes,
2837 3381 2895 3428 ut
2921 3371 3006 3426 his
3050 3347 3142 3443 ἷιυῑ
3169 3347 3236 3428 δὲ
3268 3347 3599 3442 perfectione

328 3439 804 3538 f!__‘“dil_i“ali°"‘s
833 3447 1113 3538 indicum»
1149 3451 1219 3506 Ῐ¹²
1253 3461 1312 3508 ιη
1339 3455 1465 3524 qum
1497 3457 1550 3511 ίη
1579 3471 1643 3512 e0
1670 3457 1909 3513 deleSla-
2012 3439 2441 3538 sitiunterudiri,
2465 3439 2861 3536 quodammodo
2900 3439 3243 3519 characteres
3269 3439 3390 3538 ejus
3414 3465 3482 3520 de
3506 3481 3600 3520 ex-

327 3527 491 3589 bilius
512 3533 605 3604 sit,
635 3535 778 3595 haud
807 3537 966 3601 facile
1010 3543 1374 3616 discernatur,
1405 3563 1581 3607 utrum
1608 3553 1801 3610 diffusa
1823 3551 1910 3610 illa
2015 3536 2230 3614 terioris
2259 3559 2492 3613 hominis
2520 3558 2756 3613 mmibus
2776 3557 3152 3626 exprimamus
3177 3572 3194 3622 ;
3222 3527 3596 3612 necessarium

2580 2906 2809 2966 CAPUT
2846 2906 3040 2965 XXIX.

2016 3002 2240 3070 Indicia,
2271 3004 2455 3074 quibus
2475 3001 2719 3073 superbia
2748 3001 2976 3124 crtarnalis
3005 3000 3192 3056 anima!
3219 3000 3385 3056 inesse
3405 3016 3595 3073 cogno-

2707 3089 2781 3124 ICt
2808 3089 2893 3124 ur.

2707 3089 2893 3128 σοιηιτ.

326 3625 691 3700 petulansque
719 3631 924 3702 latitia,
951 3651 1018 3694 an
1060 3639 1178 3696 dira
1213 3642 1327 3697 haec
1374 3644 1750 3716 virulentaque
1781 3649 1913 3703 taci-

330 3716 592 3808 turnitas.
654 3721 712 3778 In
755 3725 846 3780 illa
887 3742 1122 3799 namque
1170 3746 1352 3788 sermo
1398 3750 1504 3790 non
1554 3749 1912 3808 opportunus,

330 3807 646 3910 risus-levis
683 3830 746 3870 ac
769 3808 980 3886 fatuus,
1005 3823 1268 3910 effrenata
1313 3837 1473 3900 atque
1501 3829 1909 3902 indisciplinata

331 3902 517 3958 cordis
544 3905 710 3964 elatio
743 3926 757 3967 :
783 3911 836 3966 in
866 3914 964 3969 ista
1003 3902 1155 3981 vero,
1184 3902 1264 3975 ira
1288 3921 1533 3991 plenum,
1559 3925 1916 3982 virulentum-

332 4005 442 4060 que
475 3995 784 4087 silentium,
817 4012 871 4058 et
907 4007 1049 4076 quod
1079 4009 1150 4063 ob
1189 4009 1291 4067 hoc
1332 4021 1542 4070 tantum
1588 4017 1913 4087 concipitur,

335 4089 398 4134 ut
434 4085 694 4144 adversus
739 4089 958 4150 fratrem
1004 4113 1200 4156 rancor
1255 4097 1623 4162 taciturnitate
1672 4085 1917 4166 servatus

339 4178 606 4244 protelari
641 4181 842 4264 diutius
867 4194 1058 4260 possit,
1087 4210 1194 4250 non
1223 4204 1281 4251 ut
1306 4213 1375 4254 ex
1397 4215 1464 4254 eo
1495 4187 1673 4259 virtus
1701 4204 1920 4261 humili-

318 4269 464 4352 tatis
495 4286 559 4327 ac
605 4277 876 4344 patientiae
916 4285 1239 4352 praabeatur.
1270 4289 1336 4344 Et
1380 4306 1499 4348 eum
1541 4296 1658 4362 ipse
1703 4306 1912 4356 tumore

333 4371 657 4460 possessus,
693 4368 851 4427 facile
889 4377 1098 4432 cunctis
1128 4379 1368 4436 tristitias
1401 4384 1622 4452 inferat,
1648 4398 1808 4460 atque
1851 4391 1918 4446 ad

334 4449 916 4546 satisfactionemqlzesi
949 4467 1132 4528 fratris
1180 4461 1528 4546 semetipsum
1595 4449 1917 4541 submittere

2012 3661 2146 3722 puto
2168 3651 2354 3721 paucis
2371 3650 2558 3706 eadem
2579 3649 2852 3726 replicari,
2883 3655 2940 3702 ut
2961 3647 3400 3720 compendiosius
3431 3664 3599 3720 agno-

2012 3743 2264 3812 scamus,
2312 3743 2507 3813 quibus
2550 3757 2668 3798 eam
2717 3741 3028 3796 discernere
3071 3754 3136 3795 ac
3179 3740 3596 3808 deprehendere

2015 3837 2291 3905 valeamus
2321 3835 2566 3904 indiciis;
2597 3849 2705 3906 quo
2731 3817 2949 3890 nudata:
2972 3843 3135 3904 atque
3165 3833 3220 3889 in
3248 3833 3590 3903 superficiem

2015 3929 2300 4001 productas
2347 3929 2624 4000 passionis
2663 3928 2826 3998 hujus
2854 3927 3086 3996 radices,
3115 3936 3184 4000 ,et
3215 3919 3470 4002 oculatim
3501 3925 3600 3982 de-

2017 4019 2299 4094 prehensa:
2328 4032 2494 4090 atque
2521 4029 2839 4090 perspectas,
2869 4019 2950 4073 vel
2989 4017 3221 4074 convelli
3258 4017 3471 4074 facilius
3498 4033 3597 4074 va-

2017 4111 2186 4184 leant,
2216 4111 2300 4168 vel
2332 4113 2512 4168 vitari.
2538 4109 2690 4166 Tunc
2715 4111 2860 4166 enim
2885 4111 3084 4180 poterit
3123 4110 3348 4180 pestifer
3379 4111 3601 4167 morbus

2018 4205 2085 4262 ad
2107 4205 2374 4275 integrum
2401 4204 2683 4270 declinari,
2705 4218 2829 4259 cum
2858 4211 3049 4258 contra
3070 4202 3238 4272 ipsius
3263 4189 3600 4272 perniciosos

2019 4309 2182 4356 aestus
2202 4303 2257 4354 et
2281 4297 2510 4370 impetus
2540 4291 2750 4363 noxios,
2779 4310 2886 4351 non
2917 4311 3038 4351 sera
3069 4293 3435 4366 observantia,
3474 4311 3600 4352 cum

2016 4385 2127 4462 iam
2154 4387 2532 4456 dominantur,
2578 4375 2902 4454 assumitur;
2943 4383 3039 4441 sed
3067 4401 3191 4442 cum
3236 4387 3603 4456 praecedentes

2020 4484 2137 4555 ejus
2166 4484 2258 4555 (ut
2298 4485 2371 4539 ita
2415 4479 2684 4550 dixerim)
2732 4479 2903 4534 lineas
2945 4488 3327 4550 agnoscentes,
3373 4477 3601 4554 provida

338 4545 669 4619 dedignetur
701 4570 715 4607 :
756 4543 916 4613 etiam
961 4561 1030 4615 ab
1059 4563 1150 4618 illo
1179 4543 1394 4622 sibimet
1425 4569 1666 4626 oblatam
1711 4575 1921 4644 respuit
1967 4641 1972 4646 _
2022 4543 2142 4633 eum
2170 4543 2457 4646 sagacique
2483 4543 2809 4630 discretione
2831 4543 3239 4642 praecurrimus.
3269 4543 3343 4629 De
3365 4543 3603 4630 exterio-

335 4649 502 4738 :tque
529 4647 849 4738 contemnit.
881 4651 948 4738 Et
972 4665 1085 4738 non
1123 4656 1296 4738 solum
1339 4659 1487 4714 nulla
1533 4659 1716 4719 fratris
1759 4641 1918 4721 satis-
1942 4641 1998 4710 Ῐ)
2021 4667 2098 4724 ris
2126 4641 2386 4738 namque,
2405 4653 2543 4721 sicut
2575 4641 2921 4736 praediximus
2941 4705 2956 4730 ,
2984 4661 3224 4720 hominis
3255 4674 3427 4732 motu,
3459 4665 3599 4719 inte-

335 4721 572 4792 ﬁctione
606 4733 985 4812 compungittir
1020 4757 1190 4817 neque
1220 4735 1487 4819 mollitur,
1521 4769 1708 4809 verum
1749 4755 1913 4813 etiam

2023 4760 2185 4818 rioris
2203 4767 2378 4815 status
2402 4757 2730 4828 agnoscitur.
2758 4767 2781 4795 °
2814 4755 2910 4811 His
2934 4755 3097 4826 igitur
3124 4755 3334 4813 indiciis
3368 4754 3602 4814 carnalis

1413 4875 1669 4950 ALsnnt
1706 4875 1942 4955 eam
1975 4871 2542 4958 COMMENTARIUS.

409 5001 436 5030 ⁸
562 4993 856 5079 Gregorius
883 4999 976 5054 lib.
1010 5016 1172 5057 xxxiv
1200 5001 1478 5062 Moralium
1511 5022 1629 5079 cap.
1659 5009 1732 5067 20
1755 5030 1767 5063 :
1793 5011 1906 5066 Ali-

335 5064 792 5153 quanao‘supet-‘bi
834 5081 1092 5153 proterpa,
1133 5089 1250 5153 quia
1292 5079 1536 5153 sentiunt,
1579 5064 1910 5153 'nequaquiam

333 5135 584 5226 pretium,
611 5135 661 5191 et
686 5139 739 5192 Iri
757 5135 975 5226 quorum
999 5135 1280 5226 loquacitas
1297 5147 1385 5226 vix
1398 5135 1913 5226 cmpescit'ur,'non;

332 5218 618 5275 numquam
646 5224 711 5264 ea:
735 5209 848 5265 sola
868 5215 1218 5269 macritudine
1239 5218 1409 5272 intimi
1430 5209 1659 5275 rancoris
1686 5209 1915 5279 obmute-

333 5287 486 5360 scunt
513 5293 536 5360 ί
563 5279 668 5345 Qui
697 5297 786 5350 per
811 5281 1044 5360 dolerent
1068 5288 1252 5360 mentis
1278 5293 1608 5360 procacitatis
1633 5308 1741 5346 suae
1763 5294 1916 5350 verba

334 5346 724 5435 subtrahentes.
765 5369 880 5435 cum
923 5357 1072 5435 inple
1095 5358 1234 5435 (equi
1270 5346 1494 5435 s'oleant,
1530 5366 1684 5435 pejus
1716 5346 1918 5432 tacent;

335 5426 458 5499 quia
477 5434 598 5473 eum
625 5433 891 5499 peccantes
913 5426 1110 5497 aliquid
1129 5426 1194 5483 de
1223 5426 1540 5485 correctione
1565 5426 1801 5499 a'udiunt,
1832 5426 1914 5488 in;

334 5486 609 5578 ignotum
627 5486 1342 5578 'etiatngrespgn'sionis‘uerba
1371 5486 1693 5573 suspendunt
1719 5486 1910 5578 (Cragi.

331 5554 534 5640 lenti.
558 5563 597 5616 ι.
621 5578 655 5617 v
676 5579 722 5618 ο.
754 5565 826 5640 29
855 5554 909 5620 et
929 5566 1018 5633 5i,
1054 5579 1101 5623 et
1130 5570 1311 5640 alibi).

413 5628 534 5716 δ’.ῐά
573 5642 687 5716 est,
728 5635 794 5716 ad
820 5628 1056 5716 tempus,
1086 5649 1151 5716 ut_
1169 5628 1456 5716 Dionysius
1487 5645 1736 5713 exposuit
1759 5645 1913 5716 (Lib.

337 5699 705 5785 deifrcc'cepto
733 5714 782 5785 et
812 5699 1023 5785 Qispcn.
1043 5699 1103 5764 ὀ.
1127 5710 1254 5782 24),
1285 5699 1435 5781 quasi
1462 5699 1595 5770 vero
1622 5699 1915 5772 monastica

337 5773 607 5854 professi-9
626 5773 1006 5854 etobedientia
1033 5773 1354 5851 temporaria
1385 5795 1549 5853 esset,
1577 5797 1631 5840 et
1662 5803 1768 5839 non
1797 5803 1916 5854 per-

336 5849 523 5904 petua.
560 5843 625 5898 D.
659 5845 964 5906 Bernardus
993 5851 1048 5908 in
1072 5843 1238 5910 simili
1264 5843 1586 5924 argumento
1617 5843 1916 5929 interroga-

2017 5022 2106 5070 tus
2141 5015 2257 5069 :An
2299 5013 2497 5070 abbatis
2543 5017 2759 5072 mutatio
2800 5017 3164 5073 monasterium
3206 5032 3362 5074 suum
3398 5025 3594 5074 mutare

2015 5085 2298 5140 volentibus
2327 5088 2378 5156 in
2406 5086 2581 5156 aliquo
2604 5085 2992 5156 patrocinetur?
3012 5086 3115 5142 hoc
3143 5094 3330 5152 est,an
3353 5088 3405 5144 in
3428 5099 3603 5148 morte

2017 5157 2105 5228 vel
2131 5153 2718 5228 translatione'przclati
2748 5153 2864 5227 plus
2891 5157 3089 5228 aliquid
3123 5158 3387 5214 libertatis
3415 5159 3599 5216 subdi-

2019 5225 2089 5282 tis
2107 5229 2132 5300 _(
2150 5228 2466 5300 monachis)
2492 5225 2842 5300 concedatur,
2874 5225 2993 5298 quo'
3016 5228 3270 5300 licentius
3283 5229 3509 5299 .possint
3537 5247 3604 5285 eo

2019 5296 2247 5370 articulo
2269 5296 2533 5370 temporis
2555 5298 2795 5368 migrare
2821 5296 2926 5370 quo
2953 5296 3252 5370 voluerint,
3276 5296 3451 5355 altero
3474 5315 3604 5356 nec-

2020 5368 2149 5423 dum
2183 5367 2518 5424 subSIituto‘l
2554 5367 2850 5437 respondet
2888 5370 3158 5437 negative.
3201 5368 3341 5426 Nam
3385 5372 3603 5439 sponsio

2021 5441 2376 5510 professionis,
2406 5440 2598 5509 inquit,
2632 5440 2700 5493 de
2723 5441 2922 5495 abbatis
2963 5439 3064 5492 vita
3103 5455 3205 5510 non
3237 5441 3392 5498 sumit
3420 5442 3600 5494 termi—

2019 5507 2178 5582 ttunt;
2205 5512 2292 5563 sed
2321 5507 2388 5564 de
2415 5507 2688 5582 praesentia
2710 5511 3077 5582 testimonium.
3112 5508 3394 5579 Proﬁtenti
3424 5510 3600 5582 itaque

2016 5581 2200 5634 modus
2227 5582 2290 5634 sit
2313 5579 2550 5647 suavita,
2580 5597 2679 5634 non
2706 5579 2897 5636 aliena.

2092 5661 2115 5690 ο
2158 5651 2384 5719 Similia,
2416 5653 2580 5706 immo
2606 5652 2794 5707 eadem
2827 5652 2938 5706 fere
2969 5651 3234 5718 superbiae
3265 5651 3462 5708 indicia
3492 5658 3601 5706 tra-

2018 5721 2100 5775 dit
2122 5721 2187 5776 Ι).
2212 5721 2513 5792 Gregorius
2543 5720 2861 5777 Cassianum
2896 5721 3134 5778 imitatus
3175 5723 3294 5778 loco
3325 5737 3486 5792 supra
3518 5722 3597 5790 ci-

2018 5790 2425 5864 tato.i_Cunctis,
2472 5793 2661 5862 inquit,
2690 5793 2908 5863 superba
2933 5793 3070 5864 apud
3100 5809 3156 5848 se
3184 5790 3598 5864 cogitationein-

2017 5862 2272 5918 mentibus
2299 5863 2429 5919 inest
2452 5861 2649 5920 clamor
2675 5864 2726 5918 in
2755 5861 3030 5932 locutione,
3058 5861 3348 5920 amaritudo
3367 5863 3423 5917 in
3442 5861 3597 5916 sileat-
