3966 6326
237 337 318 394 173
713 333 802 390 DE
841 332 1325 393 C(ENOBIORUM
1365 333 1609 392 INSTIT.
1652 334 1780 390 LIB.
1825 335 1939 391 XII.
1970 364 2040 378 —-
2071 336 2159 391 DE
2199 334 2469 393 SPlIllTU
2511 335 2894 394 SUPERBIIE.

235 455 437 510 volumus
467 467 525 508 ac
567 453 835 522 placentia
867 453 979 509 Deo
1015 469 1367 525 consurgere,
1412 455 1758 512 fundamenta
1784 472 1839 533 Α

232 551 323 620 ejus
342 562 434 601 non
460 545 750 600 secundum
785 559 982 600 nostra:
1014 545 1251 601 libidinis
1279 549 1635 618 voluntatem,
1659 547 1758 604 sed

233 639 474 698 secundum
515 637 870 692 districtionis
904 639 1240 708 Evangeliczc
1278 640 1624 711 disciplinam
1667 642 1755 710 ja-

231 748 329 788 cere
351 731 652 784 festinemus
686 747 698 781 :
728 745 848 799 quae
879 730 982 784 alia
1011 745 1132 786 esse
1162 747 1269 786 non
1303 741 1550 802 possunt,
1595 748 1756 804 quam

231 826 358 877 timor
382 822 468 875 Dei
495 830 655 892 atque
677 821 975 889 humilitas,
1000 839 1121 895 quae
1149 824 1217 880 de
1247 827 1663 883 mansuetudine
1692 836 1749 883 et

230 915 376 970 cordis
400 915 738 983 simplicitate
768 915 1066 972 descendit.
1103 918 1391 975 Humilitas
1420 936 1550 976 vero
1576 923 1754 978 nulla-

233 1017 355 1061 lenus
375 1007 565 1076 poterit
595 1007 800 1077 absque
832 1018 857 1045 λ
887 1009 1130 1066 nuditate
1156 1013 1420 1081 conquiri.
1455 1014 1569 1081 Qua
1605 1030 1762 1086 pere-

229 1102 451 1169 grinante,
479 1115 575 1154 nec
605 1101 928 1156 obedientize
961 1104 1182 1170 bonum,
1227 1121 1327 1161 nec
1350 1107 1629 1176 patientiae
1669 1124 1758 1166 ro-

232 1193 322 1256 bur,
350 1206 435 1246 nec
462 1194 895 1247 mansuetudinis
931 1196 1316 1265 tranquillitas,
1365 1214 1465 1255 nec
1501 1192 1759 1257 consum;

230 1284 360 1337 matio
384 1283 656 1339 charitatis
699 1286 966 1341 ullatenus
1005 1289 1203 1356 poterit
1227 1291 1558 1361 apprehendi
1592 1309 1608 1350 :
1641 1295 1761 1350 sine

228 1375 382 1442 quibus
405 1389 494 1429 cor
532 1385 774 1430 nostrum
802 1377 1166 1434 habitaculum
1209 1380 1443 1449 Spiritus
1471 1384 1644 1440 sancti
1666 1399 1760 1456 pe-

229 1469 342 1521 nitus
365 1481 471 1522 esse
497 1484 608 1522 non
641 1470 856 1538 poterit,
891 1472 960 1525 ita
988 1474 1368 1539 pronuntiante
1402 1477 1628 1532 Domino
1661 1494 1757 1548 per

228 1563 494 1631 prophetam
537 1562 732 1635 (Isaia:
771 1565 962 1636 LXVI),
995 1564 1021 1604 δ
1061 1567 1232 1639 Super
1291 1585 1441 1636 quem
1485 1571 1763 1640 requiescet

228 1657 412 1724 Spiritus
438 1674 600 1720 meus,
629 1659 731 1711 nisi
756 1676 908 1728 super
939 1660 1201 1727 humilem,
1229 1670 1275 1715 et
1296 1663 1544 1729 quietum,
1577 1673 1624 1718 et
1654 1674 1761 1720 tre-

223 1761 399 1804 mentem
423 1751 576 1805 verba
607 1754 757 1806 mea?
786 1753 899 1807 sive
937 1754 1233 1808 secundum
1275 1757 1608 1827 exemplaria
1641 1771 1762 1827 qum

3340 335 3444 396 474

2403 456 2634 516 CAPUT
2673 457 2891 516 XXXII.

1864 656 2131 724 Quomodo
2160 658 2524 732 depOpulatrix
2552 660 2778 714 omnium
2803 662 3048 715 uirtutum
3081 662 3322 731 superbia
3354 679 3444 732 per

2131 745 2304 783 ueram
2334 731 2676 786 humilitatem
2705 733 2867 803 possit
2896 735 3171 806 exstingui.

1935 931 2275 1000 Quapropter
2291 931 2494 986 athleta
2517 930 2743 998 Christi,
2771 933 2862 1003 qui
2885 933 3186 1002 spiritalem
3213 948 3438 1003 agonem

1863 1025 2098 1096 legitime
2126 1033 2344 1080 certans
2368 1039 2399 1079 a
2431 1024 2664 1080 Domino
2694 1026 2968 1082 desiderat
2991 1027 3269 1091 coronari,
3301 1026 3440 1082 hanc

1862 1133 2071 1190 quoque
2104 1117 2494 1173 ferocissimam
2518 1118 2768 1183 bestiam,
2798 1127 2856 1172 ut
2886 1119 3281 1174 devoratricem
3311 1134 3442 1174 cun-

1862 1221 2068 1267 clarum
2083 1213 2365 1277 virtutum,
2395 1211 2721 1266 omnimodis
2746 1211 2964 1266 festinet
2994 1222 3016 1250 °
3042 1213 3393 1282 exstinguere
3426 1227 3438 1262 :

1864 1312 2046 1358 certus
2075 1302 2216 1372 quod
2269 1302 2369 1357 hac
2411 1302 2465 1356 in
2496 1317 2595 1356 suo
2641 1311 2865 1370 pectore
2891 1307 3290 1365 coinmorante,
3338 1316 3443 1355 non

1865 1394 2040 1449 solum
2068 1393 2379 1463 omnigenis
2417 1393 2564 1447 vitiis
2607 1408 2794 1448 carere
2842 1407 2948 1448 non
2997 1394 3202 1460 possit,
3255 1406 3444 1446 verum

1865 1487 2046 1551 etiam,
2069 1486 2111 1540 si
2135 1486 2267 1555 quid
2289 1484 2506 1539 virtutis
2530 1485 2734 1540 habere
2757 1484 3026 1554 videatur,
3051 1484 3211 1554 hujus
3232 1497 3443 1538 veneno

1867 1576 2147 1645 depereat.
2179 1575 2344 1631 Nullo
2372 1576 2516 1630 enim
2551 1575 2710 1631 modo
2739 1577 2940 1646 poterit
2968 1576 3019 1630 in
3053 1577 3229 1630 anima
3261 1583 3445 1629 nostra

1865 1667 2124 1723 virtutum
2168 1676 2437 1722 structura
2488 1681 2854 1738 consurgere,
2891 1664 2918 1705 ά
2963 1667 3064 1722 nisi
3110 1668 3260 1736 prius
3303 1665 3447 1735 jacta

1869 1759 2068 1815 fuerint
2090 1774 2233 1815 vera:
2260 1758 2578 1813 humilitatis
2599 1757 2652 1812 in
2675 1759 2843 1813 corde
2868 1765 3050 1812 nostro
3075 1757 3444 1821 fundamenta,

225 1842 494 1898 Hebraicam
520 1845 1136 1914 exprimuntveritatem
1165 1866 1176 1900 :
1202 1849 1270 1901 ad
1291 1865 1443 1918 quem
1463 1851 1759 1920 respiciam,
1792 1871 1840 1931 Β
1866 1869 1985 1923 qua:
2019 1851 2332 1907 ﬁrmissime
2378 1851 2646 1907 collocata
2698 1849 3046 1920 perfectionis
3081 1859 3138 1905 et
3165 1846 3447 1903 charitatis
3489 1883 3504 1896 .

224 1935 298 1987 nisi
318 1937 378 1988 ad
393 1937 780 2007 pauperculam,
810 1949 859 1994 et
886 1941 1166 1995 contritum
1195 1943 1408 2012 spiritu,
1454 1953 1501 2000 et
1542 1955 1762 2000 tremen-

224 2035 300 2079 tem
321 2028 453 2081 verba
478 2045 596 2083 mea
617 2031 643 2083 ?
905 2037 912 2048 '

1867 1946 2083 2002 culmen
2113 1947 2330 2002 valeant
2361 1945 2638 2000 sustinere
2674 1963 2685 1997 :
2719 1946 2790 2000 ita
2819 1944 3046 2009 scilicet,
3074 1952 3154 2009 ut,
3185 1939 3446 2011 quemad-

1869 2037 2086 2092 modum
2112 2037 2368 2101 diximus,
2397 2047 2421 2074 θ
2446 2037 2682 2107 primum
2711 2034 2970 2090 fratribus
3003 2035 3202 2088 nostris
3234 2029 3450 2086 humili-

1254 2147 1511 2204 ALARDI
1548 2148 1776 2204 GAZIEI
1813 2147 2383 2206 COMMENTARIUS.

222 2231 340 2312 fili'ali
367 2247 518 2312 posse
546 2234 795 2312 intelligi,
825 2236 1038 2312 diversa
1072 2245 1251 2293 tamen
1279 2239 1510 2294 ratione.
1543 2241 1760 2296 Servilis

219 2304 324 2355 enim
351 2304 492 2380 timor
544 2307 658 2359 ideo
681 2309 879 2380 dicitur
909 2308 1113 2362 initium
1144 2313 1438 2377 sapientite,
1470 2312 1591 2379 quia
1629 2328 1762 2380 prae-

219 2384 337 2440 parat
373 2377 534 2426 locum
570 2379 872 2451 sapientite,
919 2389 964 2431 et
990 2381 1130 2433 ducit
1170 2380 1237 2432 ad
1281 2377 1638 2451 sapientiam,“
1669 2383 1760 2436 sed

220 2459 298 2522 non
321 2457 534 2523 remanet
563 2448 616 2500 in
645 2463 727 2501 ea.
762 2449 914 2523 saepe
941 2466 1170 2523 namque
1204 2448 1408 2504 initium
1429 2452 1656 2523 alicujus
1682 2454 1762 2506 di-

218 2515 324 2565 citur
338 2515 550 2583 aliquid,
577 2535 681 2570 non
703 2521 839 2586 quod
853 2515 1140 2588 quidquam
1160 2522 1338 2575 habeat
1363 2515 1625 2575 commune
1646 2539 1762 2576 cum

219 2599 271 2664 eo.
289 2587 419 2654 cujus
449 2587 657 2664 initium
695 2591 908 2664 dicitur,
948 2587 1038 2646 sed
1081 2593 1203 2662 quia
1231 2609 1386 2664 causa
1413 2595 1481 2646 sit
1515 2596 1630 2664 ejus
1675 2611 1763 2647 ea:-

219 2655 524 2736 trinsecarvel
540 2661 887 2736 inductipum,
907 2679 1009 2732 quo
1034 2655 1290 2736 mediante
1312 2663 1448 2716 illud
1473 2655 1756 2732 perﬁcitur,

221 2728 342 2805 cujus
366 2728 566 2782 initium
592 2741 684 2783 est.
704 2731 813 2805 Sic
842 2728 1014 2786 vinum
1045 2733 1278 2786 libidinis
1305 2728 1532 2800 fomes'et
1557 2728 1761 2789 initium

221 2796 394 2876 dicitur,
428 2816 531 2852 non
571 2803 711 2876 quod
730 2804 908 2876 ipsum
947 2805 1014 2858 sit
1042 2804 1237 2876 aliquid
1268 2796 1331 2857 de
1360 2806 1576 2876 libidine
1601 2851 1615 2872 ,
1672 2809 1763 2860 sed

219 2873 316 2930 quia
356 2884 588 2939 provocat
625 2873 692 2925 ad
720 2873 1007 2927 libidinem.
1059 2873 1215 2930 Unde
1246 2885 1299 2929 et
1339 2875 1407 2930 de
1439 2875 1538 2929 huc
1570 2877 1762 2932 timore

219 2941 499 3016 sententiam
539 2942 686 3016 illam
722 2944 1134 3000 Proverhiorum
1182 2947 1405 3015 exponit
1437 2947 1497 2999 D.
1534 2947 1762 3001 Basiltus

221 3011 260 3086 in
293 3011 463 3086 psalm.
517 3013 664 3086 xsxu
708 3022 763 3068 et
794 3017 1127 3084 Augustinus
1173 3011 1382 3070 tractat.
1431 3018 1464 3071 9
1497 3020 1546 3070 in
1591 3018 1758 3086 Epist.

218 3077 382 3157 inanti.
425 3083 510 3157 De
526 3085 718 3157 eodem
741 3077 968 3157 quoque
994 3088 1195 3142 dictum
1232 3096 1316 3141 est
1350 3088 1418 3140 ub
1450 3077 1760 3142 Ecclesiast.

217 3155 336 3227 juxta
365 3155 579 3227 concilii
625 3156 926 3227 Tridgntmi
959 3158 1125 3227 (Sess.
1158 3175 1240 3224 Vl,
1270 3175 1387 3226 cap.
1419 3159 1451 3211 6
1489 3169 1535 3212 et
1563 3175 1678 3225 cap.
1707 3161 1763 3226 8)

219 3222 603 3297 t'lgclarationem
669 3243 683 3280 :
737 3225 914 3280 Timor
967 3222 1182 3281 "Domini
1229 3222 1439 3296 expellit
1497 3222 1764 3297 peccatum

223 3289 415 3367 (flectes.
443 3297 505 3363 ι).
545 3297 608 3350 Et
627 3297 818 3367 eodem
851 3300 1010 3351 etiam
1035 3309 1242 3367 spectat
1268 3289 1396 3353 illud
1422 3289 1568 3352 lsa'ize
1593 3315 1717 3353 ην(
1746 3317 1759 3353 :

275 3365 445 3440 timore
461 3362 574 3440 tuo,
611 3365 834 3440 Domine
854 3407 869 3432 ,
891 3362 1219 3438 concepimus
1237 3415 1250 3437 ,
1277 3381 1324 3423 et
1346 3371 1632 3438 peperimus
1657 3371 1765 3438 spi-

220 3435 347 3513 ritum
369 3435 570 3513 salutis.
605 3437 777 3513 Porro,
793 3439 946 3493 timor
971 3435 1198 3513 sanctus,
1229 3435 1318 3494 seu
1342 3435 1538 3513 ﬁlictis,
1559 3435 1763 3493 initium

221 3503 377 3586 dicitur
401 3510 693 3586 sapientiae,
737 3511 868 3586 sicut
907 3503 1400 3586 printus‘sa'pientite
1424 3503 1655 3586 effectus,
1690 3513 1766 3586 ait

295 3574 535 3631 Thomas.
577 3580 713 3651 Cum
739 3582 872 3632 enim
907 3574 976 3634 ad
1007 3574 1314 3651 sapientiam
1352 3583 1598 3648 pertineat
1625 3574 1766 3649 quod

220 3640 414 3699 humana
440 3651 545 3700 z'ita
567 3649 831 3718 reguletur
853 3640 1132 3704 secundum
1148 3640 1373 3704 rationes
1394 3652 1613 3713 divinas,
1638 3640 1765 3704 'ltinc

223 3726 386 3782 oportet
414 3735 614 3773 sumere
641 3722 974 3789 principium,
1006 3733 1060 3775 ut
1088 3721 1239 3775 homo
1265 3722 1428 3776 Deum
1453 3731 1762 3787 revereatur,

221 3794 256 3834 ct
296 3803 343 3839 se
368 3789 412 3862 ei
441 3792 706 3862 subjiciat.
749 3792 837 3845 Sic
863 3794 1000 3845 enim
1038 3802 1403 3862 consequenter
1439 3793 1503 3862 in
1536 3792 1766 3846 omnibus

221 3860 468 3932 secundum
501 3860 668 3914 Deum
716 3862 1059 3930 regulubitur.
1093 3860 1283 3918 Merito
1320 3878 1449 3930 ergo
1479 3860 1766 3917 Cassianus

222 3922 299 4005 lib:
346 3929 632 4005 tvharum
683 3922 1078 4005 lusiitutionum
1127 3935 1303 4003 capite
1352 3922 1537 3987 ultimo
1580 3933 1764 3986 dixit:

221 3991 514 4075 friucipium
571 4013 762 4075 nostra;
827 4003 1012 4057 salutis
1067 3991 1430 4075 sapientiwque
1488 4005 1768 4075 secundum

222 4063 520 4144 Scripturas,
549 4075 703 4127 timor
731 4073 941 4126 Domini
967 4087 1039 4128 est
1063 4063 1455 4144 (P'rorerbxts).
1489 4074 1565 4128 De
1586 4076 1768 4129 timore

222 4131 404 4216 Domini
447 4131 684 4216 nascitur
721 4131 1362 4211 compunctio‘salutaris.
1403 4131 1479 4198 De
1517 4161 1769 4213 compun-

221 4214 358 4262 ctione
377 4214 546 4266 cordis
579 4216 806 4281 procedit
829 4216 1233 4283 abrenuntiatio,
1275 4217 1326 4269 id
1358 4225 1456 4282 est,
1492 4217 1700 4270 nuditas
1722 4226 1769 4270 et

221 4289 514 4348 contemptus
541 4286 770 4337 omnium
793 4287 1118 4353 facultatum,
1147 4298 1252 4342 etc.
1283 4290 1354 4341 De
1381 4288 1555 4341 altero
1578 4288 1770 4340 funda-

222 4361 407 4426 mento,
451 4369 650 4423 nempe
682 4355 1004 4419 humilitate,
1033 4359 1093 4410 ι).
1128 4358 1430 4412 Bcrnardus
1461 4359 1596 4426 (Lib.
1628 4374 1657 4410 v
1706 4360 1770 4411 de

219 4415 430 4498 Considi,
451 4415 657 4498 iit/ine)
685 4444 695 4477 ε
736 4415 1023 4492 Virtutum,
1053 4430 1245 4497 inquit,
1270 4415 1764 4498 bonum‘quoddam,

219 4502 267 4539 ac
291 4494 459 4568 stabile
487 4497 886 4568 fundamentum
914 4509 988 4550 est
1019 4494 1300 4552 humilitas.
1339 4499 1403 4552 Et
1434 4494 1500 4551 ll.
1524 4501 1770 4568 Augusti-

219 4572 302 4612 nus
321 4562 409 4616 lib.
444 4562 623 4640 primo
650 4568 717 4620 de
745 4568 934 4622 Verbis
963 4568 1194 4628 Domini.
1225 4585 1392 4622 serm.
1424 4568 1492 4640 1Q
1517 4585 1531 4622 :
1567 4562 1771 4640 Cogitas

218 4643 430 4698 Magnam
463 4639 718 4702 fabricam
755 4646 1049 4692 construere
1077 4640 1436 4693 celsitudinis?
1467 4639 1541 4691 De
1581 4639 1773 4706 funda-

217 4713 366 4778 ζιιεξιιοΔ
397 4709 544 4773 prius
593 4711 765 4778 cogita
808 4710 1143 4770 humilitatis:
1170 4720 1224 4764 et
1268 4709 1402 4763 infra
1444 4727 1456 4761 :
1495 4708 1603 4761 Hoc
1632 4714 1684 4763 in
1725 4721 1772 4764 te

216 4771 316 4849 {ode
341 4771 737 4849 fundamentum
774 4780 1101 4843 humilitatis,
1142 4792 1189 4834 et
1213 4781 1470 4849 peruenies
1506 4781 1574 4832 ad
1620 4782 1772 4848 fasti-

216 4798 316 4835 Ιυυσ
341 4798 737 4843 ιυηαατηεηιωπ
774 4798 1101 4843 numuttatts,
1142 4798 1189 4834 ει
1251 4798 1470 4832 eruentes
1506 4798 1573 4832 aa
1620 4798 1768 4848 ιαδιι-

216 4841 336 4918 giuin
361 4848 650 4902 charitatis.
685 4851 890 4904 Dicitur
908 4851 1191 4918 autemlS.
1213 4798 1404 4904 {l‘honu
1425 4851 1540 4913 Μ,
1567 4867 1618 4918 q.
1646 4851 1768 4918 161,

1865 2241 2070 2306 nequit.
2113 2240 2400 2294 llumilitas
2423 2255 2553 2296 vero
2582 2239 2839 2294 inﬂuxum
2889 2238 3037 2293 illum
3065 2237 3312 2300 attrahit,
3355 2252 3449 2292 ex-

1863 2309 1993 2379 cipit
2022 2319 2077 2364 et
2123 2311 2347 2379 colligit.
2383 2311 2537 2380 Unde
2586 2311 2646 2364 D.
2695 2310 3025 2380 Augustinus
3075 2323 3238 2363 serm.
3269 2306 3448 2380 27ﬂde

1868 2378 2060 2435 verbis
2090 2378 2296 2434 Domini
2330 2398 2344 2436 :
2378 2379 2608 2451 Conﬂuit
2638 2397 2770 2451 aqua
2789 2378 2871 2434 'ad
2896 2380 3234 2451 humilitatem
3264 2378 3448 2442 uallis;

1864 2452 2069 2505 denatat
2085 2453 2149 2505 de
2171 2454 2454 2506 tumoribus
2467 2450 2644 2516 collis;
2667 2450 2717 2504 et
2736 2465 2900 2504 serm.
2919 2451 3018 2504 157
3041 2450 3108 2504 de
3137 2450 3406 2513 Tempore
3430 2466 3444 2502 :

1875 2521 2076 2589 Videte,
2109 2523 2298 2592 inquit,
2333 2540 2577 2594 magnum
2605 2521 2912 2594 miraculum
2946 2535 2964 2574 :
2998 2521 3135 2594 altus
3162 2531 3234 2594 est
3261 2518 3397 2594 Deus
3429 2535 3447 2572 :

1864 2594 2018 2663 erigis
2045 2604 2112 2677 te.
2141 2590 2193 2677 et
2221 2595 2353 2677 fugit
2380 2590 2517 2677 a'te‘;
2545 2592 2790 2677 [tu-militis
2821 2602 2888 2657 te,
2915 2600 2960 2644 et
2976 2591 3244 2677 descendit
3271 2590 3446 2677 adde:

1863 2660 2021 2734 quare
2048 2663 2181 2717 hoc?
2201 2660 2322 2733 quia
2347 2668 2580 2718 excelsus
2604 2664 2874 2725 Dominus,
2901 2672 2946 2734 et
2969 2661 3187 2734 humilia
3215 2660 3442 2734 respicit,

1864 2730 1922 2804 ut
1951 2736 2192 2799 attollat;
2214 2730 2369 2798 ’afta,
2423 2736 2477 2788 id
2502 2745 2597 2797 est,
2648 2735 2871 2804 superba
2897 2733 2959 2784 de
2991 2732 3142 2802 longe
3187 2730 3447 2800 cognoscit

1867 2803 2042 2874 (Psal.
2068 2820 2172 2859 cxx
2185 2821 2288 2859 xvn
2301 2811 2338 2873 ),
2369 2815 2424 2859 ut
2448 2803 2724 2873 deprimat.

1936 2884 1961 2912 ⁸
1993 2875 2047 2930 ld
2076 2885 2192 2940 est,
2221 2877 2586 2943 abdicatione,
2621 2873 3019 2930 renuntiatione
3048 2883 3101 2926 et
3132 2879 3444 2938 contemptu

1865 2961 2047 3088 ξ’ῗιςὶιῐη
2099 2949 2339 3088 omnium
2388 2948 2795 3018 temporalium,
2844 2954 2900 3000 ut
2947 2944 3082 2998 alias
3119 2943 3318 2997 dictum
3367 2949 3451 2995 est

1936 3033 1950 3068 t
1987 3055 2002 3070 .
2037 3032 2130 3071 vn.
2197 3028 2295 3072 nst.
2331 3057 2345 3072 .

1936 3017 2002 3070 ib.
2037 3032 2130 3071 vn.
2164 3017 2295 3072 Inst.
2311 3018 2345 3072 l.

1937 3018 2682 3158 Lbnplidlgft.l)lieronymum
2724 3102 2787 3142 ex
2823 3086 3082 3158 lIebraica
3125 3085 3345 3158 veritate
3378 3082 3446 3135 ita

1866 3157 2060 3228 legitur
2091 3178 2105 3215 :
2137 3160 2214 3212 Ad
2240 3176 2389 3229 quem
2420 3157 2690 3228 respiciam
2709 3200 2722 3220 ,
2756 3158 2852 3212 nisi
2881 3157 2950 3209 ad
2982 3157 3366 3229 pauperculam,
3403 3161 3451 3205 et

1866 3223 2138 3282 contritum
2165 3223 2381 3297 spiritu,
2426 3241 2474 3286 et
2501 3223 2794 3285 lrementem
2838 3223 3095 3283 sermones
3124 3241 3262 3297 meos
3313 3223 3447 3297 (Isti.

1868 3299 2055 3374 parvi)?
2100 3294 2376 3367 quomodo
2398 3303 2568 3374 etiam,
2593 3303 2644 3374 in
2687 3300 2907 3374 vulgata
2948 3299 3184 3374 editione
3228 3294 3446 3374 legitur.

1871 3371 1946 3423 Ex
1982 3371 2334 3440 Septuaginta
2380 3387 2510 3426 vero
2558 3371 2697 3425 idem
2730 3368 3093 3434 Hieronymus
3139 3368 3206 3440 ita
3236 3368 3399 3418 vertit
3432 3380 3446 3416 :

1869 3439 1934 3493 Et
1953 3438 2108 3507 super
2135 3438 2284 3511 quem
2311 3443 2598 3510 respiciam,
2627 3441 2726 3494 nisi
2742 3441 3016 3504 humilem,
3047 3447 3091 3491 et
3119 3438 3378 3511 quietum,
3401 3442 3450 3487 et

1869 3508 2163 3564 trementem
2207 3508 2461 3564 sermones
2486 3513 2658 3566 meos?
2688 3511 2897 3564 Citatur
2929 3519 3104 3563 tamen
3139 3508 3450 3575 frequenter

1870 3597 1896 3632 a
1928 3581 2177 3634 Patribus
2224 3584 2325 3636 sub
2357 3583 2462 3636 illis
2492 3583 2670 3636 verbis
2705 3597 2719 3633 :
2771 3581 2944 3644 Super
2986 3594 3131 3649 quem
3175 3576 3452 3649 requiescet

1867 3653 2257 3724 s_piritus_meus.
2278 3663 2385 3724 etc.
2407 3653 2584 3724 μὶν-ες.
2605 3653 2694 3705 lib.
2718 3666 2770 3705 ν.
2795 3645 3054 3705 Merulae.
3075 3651 3165 3712 '51;
3188 3645 3448 3700 Bernard.

1867 3721 2047 3796 homil.
2077 3721 2500 3796 [superAMiss‘us
2521 3721 2697 3796 est).__
2805 3792 2838 3796 __
3102 3789 3112 3796 _
3249 3787 3260 3796 ,
3381 3784 3396 3796 .

1945 3803 1966 3830 ο
1997 3794 2057 3846 D.
2081 3793 2372 3861 Gregorius
2395 3793 2490 3846 lib.
2508 3787 2629 3847 xxiv
2653 3792 2936 3846 Moralium
2962 3807 2975 3846 :
3012 3789 3223 3852 Vitium,
3249 3787 3444 3854 inquit,

1870 3865 2116 3934 superbite
2152 3866 2216 3915 ab
2246 3865 2360 3934 ipsa
2399 3880 2520 3916 mox
2565 3865 2738 3916 radice
2774 3862 3053 3934 secundum
3089 3871 3192 3923 est;
3239 3865 3294 3910 ut
3330 3872 3450 3908 cum

1870 3933 2088 3988 latenter
2109 3932 2292 3993 oritur.
2317 3944 2438 3986 tunc
2460 3935 2727 4003 vigilanter
2753 3932 3102 4003 abscindatur,
3130 3945 3190 3982 ne
3211 3934 3452 4003 prouectu

1869 4006 2058 4075 uigeat,
2094 4021 2155 4057 ne
2184 4021 2281 4058 usu
2305 3999 2593 4058 roboretur.
2635 4003 2858 4073 Difﬁcile
2893 4004 3026 4057 enim
3067 4002 3126 4075 in»
3153 4016 3205 4075 se
3235 3999 3451 4075 quisque

1869 4067 2200 4128 inueteratam
2220 4078 2508 4142 superbiam
2531 4067 2865 4146 deprehendit
2887 4117 2902 4141 ,
2927 4075 3048 4146 quia
3076 4067 3318 4146 nimirum
3353 4067 3453 4146 hoc

1868 4147 2042 4199 vitium
2067 4157 2256 4215 quanto
2277 4137 2439 4216 magis
2456 4137 2702 4215 patimur,
2729 4155 2869 4219 tanto
2890 4137 3062 4219 minus
3082 4141 3330 4219 videmus.
3357 4137 3451 4192 Sic

1869 4219 2055 4287 quippe
2080 4212 2135 4270 in
2168 4229 2332 4271 mente
2362 4212 2628 4286 superbia,
2663 4219 2791 4270 sicut
2820 4218 2873 4268 in
2905 4216 3068 4268 oculis
3098 4212 3264 4287 caligo
3285 4224 3449 4287 gene-

1869 4279 2036 4343 ratur.
2071 4288 2192 4360 Quo
2212 4306 2265 4341 se
2286 4287 2396 4360 haec
2417 4279 2569 4343 latius
2603 4279 2810 4360 dilatat,
2837 4303 2894 4339 eo
2915 4279 3254 4360 vehementius
3277 4279 3450 4360 lumen

1871 4369 2124 4427 angustat.
2162 4358 2440 4429 Paulisper
2468 4376 2586 4429 ergo
2608 4358 2762 4412 elatio
2779 4359 2831 4411 in
2859 4355 3157 4429 prtecordiis
3181 4355 3382 4429 crescit,
3400 4355 3450 4403 et

1872 4420 1987 4480 cunt
2011 4446 2064 4482 se
2088 4431 2275 4482 vastius
2303 4420 2882 4496 eitenderitmppresste
2895 4427 3076 4479 mentis
3102 4421 3306 4496 oculum
3327 4420 3454 4496 futt-

1873 4499 2012 4552 ditus
2059 4500 2289 4554 claudit:
2324 4510 2379 4552 ut
2421 4493 2894 4570 captivus-animus
2921 4506 3097 4570 typum
3132 4493 3369 4570 elationis
3403 4499 3453 4544 et

1870 4571 1976 4641 pati
2001 4572 2178 4638 possit,
2202 4578 2248 4622 et
2273 4579 2440 4621 tamen
2470 4563 2607 4637 quod
2636 4570 2827 4639 patitur
2849 4563 3019 4619 videre
3043 4582 3142 4618 non
3167 4563 3347 4630 possit.

1944 4639 1969 4676 ἀ
2001 4641 2144 4693 Idem
2178 4641 2270 4693 lib.
2306 4654 2356 4692 tv
2387 4654 2508 4693 can.
2546 4639 2631 4693 18.
2669 4640 2730 4692 1).
2763 4636 3093 4693 Augustinus
3123 4634 3188 4686 ad
3231 4635 3424 4686 Diosco

2061 4655 2144 4692 em
2178 4655 2270 4693 tm.
2306 4655 2356 4692 IV
2387 4655 2508 4693 C30.
2546 4655 2631 4693 ‘16.
2669 4655 2730 4692 υ.
2763 4655 3093 4693 Augustinus
3123 4655 3188 4686 au
3231 4655 3452 4686 υιυδυυ-

1944 4652 1969 4676 α
2001 4652 2144 4693 ldetn
2178 4652 2270 4693 lth.
2306 4654 2356 4692 Iv
2387 4654 2508 4707 cap.
2546 4652 2631 4693 16.
2669 4652 2730 4692 υ.
2763 4652 3093 4706 Augusunus
3123 4652 3188 4686 au
3231 4652 3448 4686 musco-

1873 4726 1989 4766 rum
2028 4727 2038 4760 ε
2070 4710 2190 4763 Nisi
2221 4709 2486 4783 humilitas
2514 4710 2684 4762 omnia
2707 4722 3036 4783 quacumque
3060 4707 3180 4757 bene
3203 4703 3448 4783 facimus,

1872 4792 1920 4835 et
1953 4781 2264 4848 pra'cesserit
2303 4791 2351 4834 et
2396 4791 2668 4853 consecuta
2698 4777 2884 4853 fuerit,
2915 4787 2965 4830 et
3006 4777 3268 4853 praposita
3295 4785 3452 4853 quam

1873 4853 2182 4916 intueamur,
2211 4851 2517 4921 etapposita
2558 4851 2640 4903 cui
2683 4849 3066 4921 adhtzreamus,
3116 4853 3178 4921 ειΔ
3211 4849 3453 4911 imposita

217 4927 257 4961 ο.
361 4918 428 4969 ad
473 4918 556 4982 Ξ),
588 4919 856 4974 humilitas
892 4913 1295 4976 fundamentum
1337 4913 1590 4992 virtutum
1610 4963 1624 4982 ,
1661 4913 1768 4977 non
1797 4921 1850 4981 Ι)
1874 4941 1974 4992 qua
2005 4913 2376 4991 reprimuntur;
2393 4923 2510 4990 jam
2540 4922 2682 4974 nobis
2708 4921 2771 4973 de
2791 4920 2965 4988 aliquo
2996 4918 3130 4992 bono
3153 4918 3294 4992 facto
3315 4927 3448 4979 gau-

215 4985 406 5043 fluidem
453 4991 661 5043 directe
691 5003 744 5043 et
785 4992 1153 5061 principaliter
1183 4995 1286 5062 (sic
1308 4990 1452 5046 enim
1485 4992 1598 5045 sola
1633 4993 1766 5049 lides

215 5065 283 5133 ξξι
310 5061 794 5133 supernaturaliutu
832 5065 1085 5116 virtutum
1132 5061 1538 5116 fundamentum
1568 5104 1580 5126 ,
1616 5065 1766 5133 juxta

217 5122 325 5200 illud
348 5122 592 5199 Apostoli
630 5151 641 5184 :
682 5133 900 5186 Credere
935 5135 1071 5186 enim
1106 5144 1304 5200 oportet
1338 5122 1658 5188 accedentem
1697 5137 1766 5188 ad

215 5192 358 5276 Deum
383 5192 408 5263 ,⁷
444 5203 566 5271 quia
614 5214 710 5262 est.
742 5207 899 5270 etc.),
944 5206 1036 5257 sed
1093 5192 1408 5273 disposilive
1433 5246 1448 5269 ,
1504 5214 1768 5273 quatenus

217 5279 445 5344 nuntrum
475 5283 716 5344 removet
743 5279 996 5327 virtutum
1027 5276 1496 5344 impedimentum,
1519 5277 1660 5344 quod
1688 5286 1771 5330 cst

212 5341 492 5406 superbia,
541 5343 827 5412 redditque
872 5341 1146 5399 hominem
1199 5347 1310 5402 Deo
1349 5341 1654 5407 subditum,
1705 5361 1770 5400 ac

213 5418 434 5485 paratum
467 5413 532 5465 ad
565 5413 683 5481 ejus
717 5417 904 5483 gratia:
947 5416 1208 5471 influxnm
1255 5417 1644 5485 recipiendum,
1678 5418 1767 5485 qui

212 5485 572 5559 estvirtutum
589 5501 796 5559 semen,
822 5486 973 5559 origo
1000 5498 1054 5559 et
1079 5489 1443 5559 conservatio.
1463 5487 1772 5559 Utrumque

211 5554 428 5625 insinuat
455 5554 517 5606 D.
548 5555 804 5621 Jacobus,
827 5556 956 5610 dum
979 5558 1054 5610 ait
1082 5575 1095 5610 :
1127 5558 1267 5612 Deus
1293 5558 1526 5624 superbis
1553 5554 1767 5625 resistit,

213 5618 469 5700 humilibus
501 5635 670 5678 autem
710 5618 801 5700 dat
837 5630 1080 5700 gratiam.
1123 5628 1252 5682 Nam
1285 5630 1329 5683 si
1359 5618 1504 5682 Dens
1538 5629 1642 5682 illis
1689 5618 1773 5682 re;

211 5698 369 5768 Sistit;_
413 5712 519 5768 non
565 5711 696 5762 ergo
745 5698 837 5750 dat
887 5699 996 5764 illis
1040 5701 1288 5768 gratiam.
1338 5701 1566 5768 Impedit
1607 5700 1771 5768 igitur

210 5766 446 5827 superbia
492 5767 746 5840 inlluxum
794 5769 990 5821 divinae.
1045 5766 1260 5840 gratim,
1296 5780 1351 5824 et
1379 5766 1773 5840 consequenter

214 5843 457 5891 Vll‘lllllllll
487 5838 743 5905 studiutu,
775 5840 915 5908 quod
944 5838 1067 5895 sine
1086 5842 1286 5896 auxilio
1311 5844 1496 5909 gratim
1524 5838 1772 5897 cnnstare

1869 4980 2103 5048 dentibus
2151 5002 2312 5045 totum
2359 4980 2622 5062 eitorqttet
2660 4993 2722 5045 de
2759 4980 2924 5062 manu
2955 4980 3216 5056 superbia.
3267 4980 3452 5062 Itaque

1867 5067 1995 5120 sicut
2027 5066 2202 5115 rhetor
2241 5063 2331 5115 ille
2359 5061 2727 5124 nobilissimus,
2755 5077 2870 5134 cum
2909 5061 3250 5134 interrogatus
3288 5061 3447 5134 esset.

1868 5135 1990 5206 quid
2027 5134 2072 5206 ei
2099 5135 2324 5203 primum
2360 5134 2616 5187 videretur
2641 5136 2694 5187 in
2719 5123 3038 5206 eloquentia:
3061 5123 3332 5206 praeceptis
3354 5123 3445 5174 ob-

1870 5196 2063 5260 servari
2093 5196 2352 5274 oportere,
2377 5196 2844 5276 pronuntiationem
2883 5202 3074 5276 dicitur
3096 5196 3450 5276 respondisse;

1871 5293 1988 5330 cum
2025 5271 2336 5343 qutereretur
2366 5274 2491 5343 quid
2526 5275 2778 5338 secundo,
2813 5271 3041 5325 eamdem
3071 5271 3450 5343 pronuntiatio-

1876 5340 2045 5411 nem,’
2073 5347 2198 5414 quid
2231 5340 2398 5410 tertio,
2432 5345 2562 5398 nihil
2597 5346 2740 5398 aliud
2768 5359 2922 5414 quam
2956 5340 3183 5394 eamdem
3208 5350 3453 5418 pronun-

1879 5411 2378 5489 tiatimte'ntdixisse.
2427 5418 2514 5471 Sic
2535 5418 2577 5489 si
2599 5411 2975 5489 interrogares,
3006 5421 3051 5489 et
3078 5411 3453 5489 quotiesinter-

1876 5504 2083 5561 rOgares
2123 5487 2188 5540 de
2227 5491 2512 5561 prtcceptis
2537 5477 2842 5561 Christiana:
2883 5477 3179 5561 religionis,
3211 5477 3344 5561 nihil
3373 5492 3452 5561 me

1875 5550 2020 5611 aliud
2051 5550 2514 5629 responderejnisi
2562 5556 2902 5611 humilitatem
2931 5550 3142 5618 liberet,
3173 5550 3268 5605 etsi
3318 5550 3449 5618 forte

1875 5630 1978 5682 alia
2000 5629 2169 5682 dicere
2190 5630 2462 5682 necessitas
2485 5636 2706 5698 cogeret.

1950 5703 1974 5730 °
2002 5701 2153 5754 Circa
2205 5699 2348 5753 hunc
2391 5693 2565 5752 locum
2597 5714 2703 5752 non
2726 5711 2970 5766 possum,
3001 5693 3129 5764 quin
3160 5707 3258 5766 pro
3302 5703 3455 5744 coro-

1877 5772 2002 5826 uide
2032 5771 2188 5839 hujus
2224 5780 2484 5824 tractatus
2515 5771 2583 5824 de
2611 5765 2915 5842 humilitate
2939 5777 2993 5842 et
3015 5765 3456 5842 superhia,_prae-

1877 5855 1960 5897 ter
2010 5834 2153 5897 illan)
2196 5841 2538 5910 put-titionem
2585 5849 2641 5895 et
2686 5838 3120 5895 distributionem
3171 5834 3456 5890 duodecim
