3966 6326
504 355 508 358 -
535 321 642 388 3τὸ

1086 327 1175 391 DE
1212 321 1691 394 C(ENOBIORUM
1731 335 1973 393 Iasrrr.
2028 335 2157 394 us.
2199 314 2316 393 xu.
2341 333 2517 394 —ns
2571 305 2842 395 seintru
2883 301 3264 395 summ.

3663 350 3756 409 476

3534 430 3640 462 ιιιιιι

537 457 702 506 tatem
752 463 936 505 veram
964 436 1154 504 intirh'o
1197 432 1381 505 cdrdis
1411 449 1768 507 exhibeamus
1809 452 2038 521 affectu,
2065 441 2440 518 inAiametsi
2491 449 2750 534 injuriosa
2800 443 2946 530 sint,
2996 447 3080 530 vel
3130 431 3348 535 t'lrisiizit
3383 428 3461 535 ινξί
3498 430 3756 535 diiiiiiiosa,

538 544 691 600 nullo
736 543 944 600 scilicet
995 544 1408 612 acqui'escentes
1455 559 1551 600 eos
1607 547 1972 618 contristare,
2031 548 2118 603 vel

539 634 778 700 laedere;
821 635 964 705 quod
1003 635 1314 689 nullatenus
1351 635 1649 704 poterimus
1699 638 1956 707 implere,
2013 639 2119 694 nisi

541 736 570 765 ι
591 727 990 782 abrenuntiatio
1034 742 1185 792 vera,
1217 741 1341 796 qua:
1368 726 1420 780 in
1452 727 1850 798 exspoliatione
1881 732 2120 786 omnium

538 819 862 875 facultatum
915 833 980 874 ac
1035 819 1279 875 nuditate
1329 822 1619 888 consistit;
1671 822 1727 877 in
1754 822 1911 879 nobis
1958 823 2124 878 fuerit

537 911 743 968 Christi
773 925 960 966 amore
984 911 1236 978 fundata;
1264 909 1466 967 deinde
1491 913 1815 970 obedientiaa
1835 908 2025 986 jugum
2067 923 2125 973 et

541 1004 811 1073 subjectio
849 1004 1084 1074 simplici
1120 1003 1287 1060 corde
1325 1018 1391 1060 ac
1420 1005 1538 1061 sine
1567 1006 1672 1061 ulla
1702 1006 1863 1062 fuerit
1901 995 2122 1062 simula-

537 1095 688 1150 tione
715 1105 966 1164 suscepta
986 1137 1000 1162 ,
1051 1093 1124 1148 ita
1157 1103 1254 1162 ut,
1295 1103 1492 1165 praeter
1517 1098 1726 1152 abbatis
1769 1097 2080 1153 mandatum
2104 1142 2119 1167 ,

541 1185 690 1241 nulla
737 1185 956 1256 penitus
1007 1187 1257 1240 voluntas
1308 1187 1453 1241 vivat
1504 1189 1554 1243 in
1587 1188 1765 1246 nobis.
1809 1189 1961 1255 Quod
2012 1204 2120 1245 non

543 1277 703 1334 aliter
729 1279 1008 1334 observari
1041 1279 1260 1348 poterit,
1292 1279 1396 1334 nisi
1427 1280 1496 1334 ab
1523 1294 1588 1334 eo
1611 1281 1700 1350 qui
1735 1295 1844 1336 non
1867 1282 2042 1336 solum
2065 1289 2126 1337 se

538 1379 818 1426 mortuum
842 1369 968 1424 huic
993 1369 1220 1436 mundo,
1253 1384 1438 1425 verum
1476 1371 1640 1426 etiam
1671 1371 2016 1442 insipientem
2038 1373 2124 1444 ju-

538 1461 804 1518 dicaverit
849 1475 913 1515 ac
958 1463 1187 1516 stultum
1215 1502 1231 1528 ,
1284 1460 1536 1518 universa
1565 1479 1686 1533 quae
1734 1465 1835 1519 sibi
1867 1466 2067 1520 fuerint
2093 1481 2125 1521 a

539 1555 852 1611 senioribus
879 1556 1163 1625 imperata,
1188 1557 1305 1611 sine
1326 1557 1434 1611 ulla
1463 1555 1803 1612 discussione
1819 1558 2123 1628 perficiens,

539 1645 930 1706 1'sacrosancta
960 1664 1023 1704 ea
1050 1648 1283 1704 credens
1314 1664 1377 1704 ac
1407 1649 1669 1704 divinitus
1692 1650 2053 1722 promulgata.

1068 1741 1304 1799 CAPUT
1341 1743 1583 1798 XXXIII.

789 1837 1040 1892 Remedia
1067 1839 1315 1892 adversus
1344 1838 1576 1891 morbum
1603 1838 1875 1910 superbire.

616 1945 673 1985 in
693 1945 796 2000 qua
817 1930 1245 1986 consistentibus
1263 1930 1544 2000 qualitate,
1571 1930 1931 2000 proculdubio
1952 1937 2126 1988 status

542 2013 636 2076 ille
691 2021 1010 2077 humilitatis
1061 2036 1192 2077 vere
1241 2021 1570 2092 tranquillus
1608 2029 1773 2092 atque
1830 2022 2126 2079 immobilis

545 2116 946 2186 subsequetur;
979 2127 1000 2155 ο
1031 2125 1089 2172 ιιι
1137 2118 1500 2186 nosmetipsos
1546 2116 1835 2172 inferiores
1872 2118 2127 2174 omnibus

542 2209 881 2282 iudicantes,
936 2211 1190 2267 universa
1222 2225 1343 2282 qua:
1381 2210 1540 2266 nobis
1587 2210 1794 2266 fuerint
1845 2210 2078 2282 irrogata
2106 2253 2122 2276 ,

2223 527 2500 612 tamtjuam
2532 529 2563 598 a
2591 523 2964 612 superioribus
2992 525 3196 595 uestris
3218 521 3386 622 illatis,
3411 521 3760 622 patientissime

2223 631 2540 691 toleremus.
2594 611 2755 703 (Vide
2806 633 3040 700 exempla
3094 611 3426 710 aptthoait‘;
3472 611 3757 710 ‘Ciiiiiiicum,

2224 727 2390 800 gradu
2410 719 2648 798 quarto.)
2676 721 2806 794 Quin
2829 725 3046 797 quidem
3080 741 3109 779 a
3139 724 3292 782 nobis
3321 743 3422 782 non
3446 713 3605 786 solum
3635 731 3765 788 iacil-

2223 819 2355 878 lime
2378 809 2788 885 tolerabuntur,
2820 807 3006 875 verum
3038 817 3201 875 etiam
3232 809 3394 890 parva
3417 799 3763 900 judicab'untur

2225 927 2291 970 ac
2329 913 2475 970 nulla
2498 953 2514 982 ,
2547 913 2595 968 si
2640 919 2824 967 mente
2862 905 3073 992 jugiter
3115 909 3413 992 recolamus'
3450 892 3553 990 ‘vei'
3578 907 3764 992 Domini

2225 1003 2400 1063 nostri
2444 991 2529 1062 vel
2578 989 2891 1061 sanctorum
2923 995 3160 1060 omnium
3201 989 3766 1086 jiassiones,_lco;nside-

2225 1105 2410 1154 rantes
2436 1095 2588 1153 tanto
2616 1089 2913 1152 levioribus
2940 1110 3041 1151 nos
3066 1095 3280 1166 injuriis
3306 1078 3568 1167 attentari,
3591 1078 3766 1172 quanto

2227 1187 2445 1261 longius
2472 1206 2503 1246 a
2536 1187 2744 1245 meritis
2776 1204 2964 1245 eorum
2995 1199 3049 1244 et
3075 1187 3490 1262 conversatiOne
3513 1169 3766 1266 distamus;

2228 1276 2436 1355 pariter
2460 1283 2624 1339 etiam
2654 1273 2952 1354 cogitantes
2984 1281 3034 1336 in
3063 1281 3215 1336 brevi
3242 1297 3341 1336 nos
3365 1280 3433 1358 de
3462 1265 3560 1358 hoc
3598 1265 3770 1358 saeculo

2228 1379 2586 1446 migraturos,
2610 1388 2910 1444 eorumque
2933 1389 3034 1429 nos
3053 1373 3218 1429 celeri
3249 1373 3370 1429 vitae
3388 1353 3653 1454 hujusfine
3665 1392 3770 1431 mox

2229 1467 2444 1523 futuros
2488 1481 2610 1522 esse
2664 1471 2971 1522 consortes.
3020 1455 3396 1538 Peremptoria
3449 1447 3667 1548 namque
3702 1480 3774 1525 est

2230 1561 2349 1617 haec
2363 1561 2775 1630 contemplatio,
2805 1576 2911 1615 non
2939 1559 3113 1615 solum
3135 1558 3423 1640 superbiae,
3445 1543 3619 1640 verum
3636 1549 3772 1640 etiam

2229 1651 2565 1725 ‘generaliter
2582 1654 2824 1711 omnium
2846 1653 3124 1709 vitiorum.
3153 1639 3359 1708 Deinde
3384 1662 3501 1724 post
3517 1637 3634 1730 iniec
3653 1637 3776 1710 hanc

2232 1745 2481 1805 eamdem
2514 1742 2868 1802 humilitatem
2898 1761 3024 1816 erga
3069 1744 3240 1801 Deum
3284 1744 3587 1801 firmissime
3623 1755 3778 1802 reten-

2156 1855 2206 1916 Β
2232 1841 2430 1897 temus.
2461 1834 2614 1908 Quod
2643 1853 2674 1894 a
2705 1837 2861 1893 nobis
2891 1837 2963 1892 ita
2992 1835 3393 1916 complebitur,
3411 1839 3471 1890 ut
3510 1829 3646 1916 nihil
3673 1850 3780 1890 nos-

2234 1931 2497 2002 metipsos
2523 1931 2729 2000 absque
2756 1927 2904 1983 illius
2925 1917 3284 1998 opitulatione
3315 1913 3398 1980 vel
3423 1913 3618 1996 gratia,
3659 1924 3781 1994 quod

2235 2026 2304 2082 ad
2327 2026 2586 2080 virtutum
2619 2022 3143 2080 consummationem
3189 2020 3448 2090 pertinet,
3477 2027 3622 2088 posse
3650 2013 3782 2089 perii-

2233 2116 2360 2175 'cere
2382 2118 2811 2185 cognOscamus;
2837 2114 2932 2170 sed
2959 2123 3016 2169 et
3032 2113 3137 2169 hoc
3158 2115 3336 2183 ipsum
3359 2111 3500 2182 quod
3517 2112 3786 2182 intelligere

2235 2211 2561 2278 meruimus,
2587 2209 2708 2280 ejus
2732 2222 2857 2265 esse
2879 2207 3146 2274 muneris,
3168 2205 3223 2262 in
3249 2199 3482 2263 veritate
3508 2203 3784 2262 credamus.

531 2337 538 2379 ρ
1626 2299 1883 2378 ΑιΑιωι
1924 2301 2126 2379 (1AM;

2233 2299 2758 2381 bii-Memmius.

541 2416 807 2486 graduum
839 2417 1159 2474 humilitatis
1193 2433 1222 2472 a
1267 2413 1330 2471 ἰ).
1356 2416 1652 2472 Benedicto
1681 2417 2006 2486 assignatam
2027 2459 2041 2482 ,
2071 2429 2128 2472 et

540 2487 598 2544 in
623 2489 765 2543 scala
791 2489 1032 2553 ejusdem
1073 2490 1322 2558 superius
1350 2489 1801 2552 demonstratam,
1836 2487 1970 2541 alias
1995 2489 2123 2541 item

542 2558 680 2614 duas
729 2559 1109 2616 distinctiones
1153 2571 1209 2616 et
1255 2559 1553 2614 divisiones
1589 2558 1850 2627 graduum
1882 2559 2124 2626 ejusdem

543 2629 762 2701 virtutis
803 2630 891 2686 hic
917 2631 1164 2701 adjiciam
1199 2647 1215 2686 :
1244 2647 1471 2700 quarum
1502 2631 1657 2699 prior
1685 2640 1766 2684 est
1792 2629 1999 2684 Glossm
2039 2644 2127 2682 or-

543 2699 774 2756 dinaria:
801 2702 868 2760 ad
901 2699 1029 2757 illud
1060 2699 1294 2756 Matthtei
1317 2717 1374 2756 ιιι
1404 2719 1418 2754 :
1450 2701 1539 2757 Sic
1565 2702 1700 2754 enim
1731 2702 1870 2754 decet
1893 2716 1985 2753 nos
2025 2701 2124 2752 im-

543 2771 686 2897 ﬁlere
723 2789 922 2826 omnem
952 2775 1231 2844 justitiam.
1267 2773 1534 2839 Perfecta,
1566 2772 1663 2836 ait.
1700 2772 1974 2826 humilitas
2013 2780 2127 2828 tres

586 2842 709 2896 abet
729 2843 931 2897 eradus
961 2862 974 2897 :
1009 2844 1213 2897 primus
1233 2853 1317 2897 est
1343 2844 1578 2897 subdere
1607 2858 1667 2897 se
1699 2843 1910 2897 maiori.
1935 2851 1990 2896 et
2021 2859 2124 2896 non

586 2842 709 2913 abet
729 2843 931 2911 gradus
954 2842 974 2898 ἐ
1009 2844 1213 2913 primus
1233 2853 1317 2898 est
1343 2844 1578 2898 subdere
1607 2858 1667 2898 se
1699 2843 1910 2912 majori,
1935 2851 1990 2896 et
2021 2859 2124 2896 non

543 2911 806 2984 pra-ferre
826 2929 884 2969 se
921 2911 1134 2984 aequali,
1167 2915 1260 2984 qui
1287 2925 1372 2971 est
1401 2915 1708 2977 sufficiens;
1744 2911 2011 2968 secundus
2042 2924 2130 2968 est

543 2982 777 3054 subdere
827 3000 885 3039 se
916 2982 1133 3053 req—nali,
1168 2982 1267 3039 nec
1311 2985 1567 3054 praeferre
1595 2999 1653 3038 se
1687 2985 1921 3049 minori,
1955 2991 2012 3038 ct
2042 2983 2130 3040 hic

545 3053 748 3126 dicitur
779 3055 1092 3126 abundans;
1142 3053 1333 3111 tertius
1379 3056 1578 3126 gradus
1617 3063 1701 3126 est
1755 3055 2022 3126 subjicere
2069 3070 2129 3109 se

546 3124 781 3191 minori,
817 3125 1006 3191 inquo
1034 3135 1120 3181 est
1167 3127 1344 3182 omnis
1368 3124 1598 3196 iustitia.
1629 3125 1811 3196 Altera
1853 3125 2129 3196 distinctio

545 3203 635 3250 est
667 3196 726 3250 D.
755 3196 996 3251 Auselmi
1030 3199 1082 3250 in
1117 3197 1255 3251 libro
1284 3199 1352 3252 de
1375 3195 1835 3254 Similitudinihus
1861 3196 2017 3267 (Cap.
2059 3195 2128 3252 99

548 3275 598 3321 et
644 3269 803 3335 seq.),
848 3269 938 3322 ubi
994 3277 1243 3322 numerat
1294 3251 1498 3336 septem
1532 3251 2126 3334 humilitatis‘gradus,
2156 3251 2200 3314 C

547 3351 688 3408 quos
730 3337 943 3408 ibidem
992 3337 1112 3392 fuse
1173 3339 1429 3408 explicat.
1489 3339 1699 3393 Primus
1762 3348 1844 3392 est
1896 3338 2134 3405 cognitio

548 3407 656 3470 sui,
687 3406 940 3478 nimirum
970 3409 1144 3477 quoad
1178 3406 1396 3478 peccata
1427 3419 1483 3464 et
1508 3409 1755 3464 defectus
1799 3409 2133 3476 culpabiles;

549 3477 846 3550 secundus,
877 3479 1035 3534 dolor
1063 3479 1134 3534 de
1174 3477 1287 3536 suis
1317 3481 1552 3550 peccatis
1580 3489 1635 3534 et
1665 3479 1997 3534 defectibus:
2030 3488 2138 3532 ter-

550 3548 682 3611 tius,
730 3550 1008 3605 confessio
1028 3548 1340 3606 earumdem
1373 3560 1482 3605 tum
1509 3551 1561 3605 in
1591 3549 1944 3605 Sacramento
1969 3591 1983 3612 .
2019 3557 2129 3604 tum

550 3617 706 3684 alibi,
738 3632 858 3676 cum
889 3622 1028 3675 ratio
1057 3622 1326 3689 postulat;
1353 3632 1608 3691 quartus,
1639 3631 1695 3676 ut
1723 3636 1831 3675 non
1862 3620 2032 3674 solum
2059 3620 2139 3674 fa-

549 3697 764 3761 teamur
794 3705 891 3744 nos
924 3706 1206 3758 peccasse,
1239 3693 1334 3748 sed
1358 3693 1409 3746 id
1440 3693 1562 3746 aliis
1592 3691 2016 3761 persuadeamus
2042 3733 2056 3758 ,
2084 3701 2142 3746 et

550 3760 782 3833 uelimus
809 3761 990 3833 credi;
1024 3762 1266 3830 quintus,
1300 3773 1360 3818 ut
1389 3760 1662 3833 patienter
1691 3764 2052 3818 sustineamus
2085 3763 2138 3816 id

553 3829 624 3884 de
654 3831 810 3896 nobis
840 3831 981 3894 dici;
1013 3829 1206 3889 sextus
1225 3876 1240 3899 ,
1270 3829 1539 3904 patienter
1568 3833 1715 3888 ferre
1757 3849 1818 3887 se
1858 3847 1953 3902 pro
1981 3833 2138 3904 culpa

555 3913 654 3973 sua
682 3905 1036 3970 contemptim
1091 3902 1309 3960 tractari
1340 3904 1430 3959 vel
1458 3905 1667 3973 puniri;
1719 3905 2010 3972 septimus,
2041 3902 2144 3957 hoc

557 3970 722 4046 etiam
755 3981 975 4046 Optare,
1001 3984 1056 4030 et
1078 3975 1146 4028 de
1171 3991 1238 4029 eo
1262 3970 1516 4046 gaudere.
1552 3976 1720 4030 Porro
1740 3970 1811 4046 ei;
1843 3973 1926 4027 his
1969 3975 2144 4027 humi-

556 4041 727 4122 litatis
767 4044 1028 4122 gradibus
1056 4059 1172 4122 non
1195 4041 1290 4100 est
1317 4046 1538 4122 difficile
1563 4045 1868 4100 contrarios
1896 4054 1948 4122 e_t
1973 4058 2142 4112 oppo-

560 4114 702 4169 sitos
733 4114 1003 4183 superbiae
1043 4116 1242 4186 gradus
1269 4117 1527 4186 colligere
1547 4125 1602 4172 et
1625 4124 1895 4183 statuere;
1925 4115 2144 4171 inverso

2233 2417 2494 2472 nimirum
2548 2415 2740 2470 ordine
2789 2413 3135 2486 procedendo
3164 2454 3179 2478 ,
3229 2421 3290 2468 ut
3312 2412 3517 2486 primus
3555 2409 3790 2481 superbia:

2234 2488 2432 2555 gradus
2460 2497 2749 2542 censeatur
2779 2483 2868 2556 qui
2900 2485 3191 2555 opponitur
3220 2483 3456 2552 septimo
3485 2489 3538 2538 et
3563 2495 3788 2551 supremo

2234 2558 2424 2629 gradui
2459 2556 2801 2629 humilitatis.
2832 2565 2885 2610 et
2907 2557 2986 2611 sic
3014 2563 3437 2629 consequenter.

2309 2637 2336 2665 ⁸
2369 2630 2441 2682 De
2491 2626 2969 2682 abrenuntiatione
3009 2636 3064 2680 et
3117 2621 3288 2680 tribus
3337 2621 3793 2679 abrenuntiationis

2232 2699 2526 2769 generibus
2553 2699 2728 2769 agitur
2751 2698 2906 2767 plene
2933 2698 3219 2769 collatione
3249 2697 3407 2769 tertia
3434 2706 3551 2769 cap.
3574 2692 3680 2769 δἐι
3693 2706 3792 2762 seq.

2307 2770 2336 2809 b
2372 2761 2783 2843 Egimus'etiam
2818 2767 3223 2843 hac_de_realio
3252 2763 3375 2822 loco
3398 2761 3539 2843 (_Lib.
3561 2761 3653 2843 sv).

2311 2852 2334 2879 ο
2364 2832 2553 2896 Οἴοεςε
2604 2854 2770 2907 super
2813 2836 2940 2893 illud
2973 2837 3207 2908 Philipp.
3258 2853 3298 2892 ιι
3329 2853 3344 2892 :
3389 2832 3686 2908 Superiores
3713 2832 3796 2886 sibi

2237 2912 2452 2984 invicem
2499 2905 2808 2965 arbitrantes
2855 2910 3011 2984 :_Non
3040 2905 3168 2984 hpc,
3216 2910 3422 2977 inquit,
3469 2909 3536 2984 ita
3565 2905 3799 2984 debemus

2236 2983 2532 3043 testimare,
2567 2991 2626 3037 ut
2653 2996 2752 3036 nos
2773 2981 3044 3035 aestimare
3071 2980 3339 3049 fingamus
3359 3021 3374 3040 ,
3404 2978 3496 3032 sed
3525 2990 3647 3049 vere
3675 2978 3800 3029 resti-

2236 3067 2453 3126 memus
2500 3066 2666 3126 posse
2717 3066 2839 3107 esse
2873 3051 3083 3126 aliquid
3131 3048 3403 3105 occultum
3449 3049 3502 3102 in
3533 3048 3664 3111 alio,
3708 3059 3800 3126 quo

2238 3125 2397 3178 nobis
2429 3115 2677 3193 superior
2697 3125 2788 3188 sit,
2814 3115 3028 3176 etiarnsi
3057 3122 3256 3175 bonum
3295 3130 3536 3193 nostrum
3559 3162 3571 3186 ,
3599 3115 3800 3193 quo'illo

2236 3183 2512 3249 videmur'
2541 3183 2850 3263 superiores
2904 3207 3027 3248 esse
3053 3235 3067 3258 ,
3106 3207 3234 3263 _non
3287 3193 3355 3245 sit
3387 3183 3803 3263 occul_t'um__(lt:s_t

2233 3265 2451 3346 nullust.
2484 3265 2574 3346 tib.
2610 3255 2841 3346 unum,
2874 3279 2925 3346 ιι.
2953 3255 3066 3346 7i).
3091 3255 3804 3346 Chrysost‘omu‘s'humili?)

2237 3335 2292 3390 in
2312 3330 2564 3391 Cenesim
2593 3353 2605 3387 :
2640 3335 2762 3388 Non
2787 3337 2860 3388 eis
2883 3330 3100 3397 tantum,
3126 3330 3220 3400 qui
3239 3343 3390 3388 aetate
3412 3330 3554 3384 nobis
3578 3337 3688 3382 sunt
3710 3341 3820 3380 nta-

2228 3409 2394 3480 'jores,
2451 3408 2528 3480 vel
2560 3408 2714 3480 etiam
2740 3405 3000 3480 inquiries,
3048 3404 3295 3480 honorem
3339 3402 3804 3480 exhibeamusmon

2237 3473 2315 3532 est
2342 3480 2478 3532 enim
2500 3473 2951 3546 humilitas,vquod
2976 3480 3144 3542 facere
3169 3477 3321 3530 debes
3347 3473 3647 3546 necessitate
3673 3482 3806 3523 :vera

2239 3559 2412 3602 autem
2446 3559 2542 3613 est,
2571 3547 2786 3619 quando
2816 3542 3049 3601 cedimus
3075 3547 3138 3619 iis
3164 3548 3253 3619 qui
3283 3547 3430 3619 nobis
3458 3542 3688 3596 videntur
3716 3553 3806 3590 esse

2240 3621 2490 3683 minores,
2511 3629 2559 3672 et
2583 3617 2671 3672 eos
2709 3633 3014 3671 veneramur
3037 3617 3125 3687 qui
3146 3618 3293 3671 nobis
3323 3618 3560 3670 uidentur
3585 3620 3687 3665 esse
3714 3625 3808 3687 nta-

2243 3692 2323 3762 gis
2349 3676 2550 3762 indiqni
2592 3695 2749 3759 quam
2779 3704 2894 3762 nos.
2926 3676 3081 3762 Quod
3102 3689 3156 3762 si
3186 3697 3322 3762 recte
3346 3687 3612 3762 sapimus,
3659 3676 3808 3762 nulla;

2245 3746 2400 3816 Etiam
2449 3746 2728 3815 nobis'esse
2752 3746 2972 3813 minore}
3001 3758 3388 3819 arbitrabimur,
3411 3746 3508 3810 sed
3532 3769 3622 3808 nos
3650 3746 3808 3805 excetli

2244 3832 2308 3886 ab
2351 3831 2587 3885 omnibus
2625 3829 2921 3884 hominibus
2965 3829 3216 3883 dicemus.
3257 3827 3326 3883 Et
3355 3818 3452 3882 hoc
3479 3826 3596 3899 dico
3624 3837 3735 3899 non.
3759 3818 3812 3870 de

2244 3903 2413 3968 nobis,
2438 3903 2524 3965 qui
2548 3901 2827 3956 innumeris
2849 3901 3074 3954 immersi
3090 3915 3268 3953 sumus
3290 3898 3544 3967 peccatis;
3568 3892 3650 3970 sed
3675 3892 3808 3970 etiarn

2244 3974 2290 4027 si
2315 3966 2428 4038 quis
2473 3972 2570 4026 sibi
2603 3971 2943 4039 plurimorum
2985 3970 3109 4025 bene
3138 3966 3406 4041 gestorum
3454 3966 3680 4021 conscius
3722 3966 3807 4041 sit.

2245 4028 2347 4098 nisi
2375 4045 2515 4111 apud
2543 4028 2801 4096 se'serttt'at
2829 4041 2969 4112 quod
2993 4028 3224 4096 omnium
3254 4043 3321 4096 sit
3345 4050 3663 4112 postremus,
3685 4028 3811 4083 nulla

2245 4117 2294 4170 ei
2323 4103 2506 4186 futura
2534 4115 2732 4169 utilitas
2755 4103 2920 4169 es't'ex
2944 4113 3176 4168 omnibus
3198 4113 3305 4168 suis
3334 4103 3480 4166 bonis
3503 4103 3750 4178 aperibus.
