3966 6326
488 283 597 342 479

2133 188 2148 192 ἡ
2181 174 2276 191 ..ηυρλ
2293 171 2304 185 \

1538 278 1822 338 JOANNIS
1859 273 2176 336 CASSIANI
2212 275 2709 335 COLLATIONES.

490 394 967 464 anachoretarum,
997 393 1086 464 qui
1126 393 1180 449 in
1212 407 1396 449 eremo
1428 391 1686 463 Scythica
1721 391 2071 448 morabantur
2096 399 2155 460 Α
2176 388 2338 459 igitur
2365 397 2451 445 est
2475 399 2700 445 conatus
2730 398 2946 446 nostros
2973 389 3076 460 piis
3102 390 3434 450 orationibus
3460 394 3720 471 adjuvare,

490 488 649 557 (quas
690 486 808 555 ille,
837 485 1246 556 incomparabili
1272 484 1508 556 flagrans
1535 483 1717 540 studio
1746 481 2070 550 sanctitatis,

487 576 656 632 simili
682 577 786 634 sibi
823 577 1064 648 jusserat
1105 590 1357 632 sermone
1382 575 1676 644 conscribi,
1704 590 1815 631 non
1839 588 2074 646 perpen-

486 669 622 725 dens
676 685 789 742 prae
843 667 1193 726 multitudine
1247 668 1532 724 charitatis
1583 678 1782 738 quanto
1835 667 2074 722 inﬁrmas

491 763 736 819 cervices
775 761 1026 834 pondere
1073 761 1486 832 praegravaret),
1524 760 1678 815 vobis
1710 759 2072 829 potissimum,

486 869 518 908 ο
547 864 572 890 α
606 853 921 910 beatissime
944 868 1081 924 papa
1109 852 1301 908 Leonti
1331 859 1388 908 et
1423 862 1616 908 sancte
1643 852 1810 908 frater
1838 851 2069 918 Helladi,

489 946 694 1001 credidi
726 945 1145 1002 consecrandas.
1174 945 1332 1002 Alter
1371 944 1637 1016 siquidem
1673 951 1914 1000 vestrum
1952 959 2072 1000 me-

491 1048 703 1093 morato
729 1037 870 1104 viro,
909 1048 964 1094 et
1001 1037 1378 1108 germanitatis
1427 1035 1642 1100 affectu,
1683 1045 1740 1092 et
1783 1034 2072 1092 sacerdotii

488 1131 774 1201 dignitate,
804 1139 881 1196 et,
910 1130 1053 1200 quod
1084 1129 1170 1184 his
1211 1131 1407 1200 majus,
1433 1127 1610 1184 sancti
1649 1127 1814 1183 studii
1859 1127 2074 1182 fervore

487 1225 846 1296 conjunctus,
903 1223 1256 1279 bmreditario
1308 1221 1604 1278 fraternum
1657 1219 1898 1277 debitum
1948 1220 2072 1291 jure

486 1319 768 1386 deposcit;
810 1317 950 1372 alter
999 1317 1450 1372 anachoretarum
1505 1315 1751 1370 instituta
1795 1314 2068 1381 sublimia,

486 1397 615 1476 non,
644 1421 703 1466 ut
726 1411 967 1481 quidam,
993 1411 1211 1482 propria
1237 1423 1525 1482 aggressus
1545 1420 1628 1465 est
1651 1411 2070 1479 praesumptione

483 1504 720 1568 sectari,
770 1504 867 1558 sed
916 1504 1212 1575 legitimum
1263 1502 1524 1558 doctrina:
1566 1502 1835 1557 tramitem
1883 1511 2070 1558 sancto

483 1597 690 1667 Spiritu
722 1606 1070 1668 suggerente,
1100 1612 1239 1667 pene
1269 1607 1554 1666 antequam
1588 1594 1844 1661 disceret,
1877 1611 2072 1667 appre-

483 1688 758 1756 heudens,
789 1704 896 1744 non
944 1698 1054 1744 tam
1086 1688 1198 1743 suis
1227 1686 1706 1743 adinventionibus
1743 1701 1902 1756 quam
1943 1687 2069 1741 illo-

2175 496 2245 537 ne
2283 489 2375 535 aut
2420 489 2529 536 tam
2578 490 2762 538 sancta
2805 482 3035 537 materia
3076 482 3326 554 imperito
3362 487 3592 557 quidem,
3636 493 3724 550 sed

2175 571 2320 629 ﬁdeli
2351 587 2604 630 sermone
2630 574 2950 644 promenda,
2986 575 3323 646 periclitetur
3355 579 3406 632 in
3446 581 3612 648 nobis,
3641 595 3724 642 aut

2175 679 2366 720 rursus
2413 664 2659 734 ejusdem
2707 666 2948 722 materiae
2991 666 3204 742 abyssis
3256 667 3511 725 obruatur
3557 683 3723 730 nostra

2172 756 2475 813 rusticitas.
2504 756 2738 813 Proinde
2765 758 2834 813 ab
2860 758 3123 814 exteriori
3149 773 3214 815 ac
3237 760 3431 816 visibili
3457 765 3724 820 monacho-

2172 865 2296 905 rum
2323 848 2494 917 cultu,
2525 863 2691 920 quem
2723 849 2998 921 prioribus
3023 849 3346 921 digessimus
3375 852 3538 920 libris,
3562 855 3627 910 ad
3649 856 3724 912 in-
3759 866 3765 921 ί

2172 941 2443 1006 visibilem
2467 942 2750 999 interioris
2779 942 3015 998 hominis
3045 942 3285 998 habitum
3309 953 3648 1018 transeamus,
3674 957 3725 1005 et

2172 1034 2241 1091 de
2287 1034 2678 1091 canonicarum
2723 1034 3032 1090 orationum
3077 1033 3239 1090 modo
3281 1034 3349 1090 ad
3397 1035 3538 1092 illius
3577 1052 3723 1106 quam

2171 1127 2472 1198 Apostolus
2500 1125 2746 1197 praecipit
2775 1124 2830 1196 (Ι
2858 1125 3040 1182 Thess.
3067 1124 3126 1198 v)
3171 1125 3430 1181 orationis
3472 1137 3726 1198 perpetuat

2164 1219 2452 1291 jugitatem
2483 1218 2746 1276 ascendat
2764 1219 3070 1288 eloquium;
3100 1227 3160 1274 ut
3187 1218 3432 1289 quisquis
3450 1217 3554 1289 jam
3573 1235 3725 1292 supe-

2170 1314 2334 1370 rioris
2361 1312 2549 1383 operis
2578 1312 2814 1370 lectione
2836 1310 2866 1351 δ
2894 1311 3064 1368 Jacob
3093 1311 3237 1367 illius
3267 1312 3614 1384 intelligibilis
3639 1328 3728 1370 no-

2170 1422 2297 1463 men
2336 1406 2642 1462 carnalium
2671 1404 2929 1460 vitiorum
2965 1403 3402 1474 supplantatione
3429 1405 3724 1474 promeruit,

2171 1513 2316 1556 nunc
2356 1499 2520 1554 etiam
2566 1512 2677 1553 non
2719 1506 2827 1551 tam
2875 1511 2995 1552 mea
3041 1511 3206 1566 quam
3253 1495 3472 1551 Patrum
3508 1496 3727 1554 instituta

2171 1592 2496 1662 suscipiens,
2529 1589 2732 1646 divinas
2757 1588 2867 1660 jam
2901 1587 3156 1658 puritatis
3183 1574 3380 1642 intuitu
3403 1585 3471 1642 ad
3497 1587 3728 1644 meritum

2170 1695 2226 1743 et
2251 1688 2337 1756 (ut
2364 1686 2438 1742 ita
2460 1683 2715 1756 dixerim)
2735 1683 3052 1754 dignitatem
3075 1681 3347 1738 transiens
3368 1680 3595 1750 lsraelis,
3613 1682 3730 1754 quid

482 1796 602 1835 ruin
661 1780 1048 1836 traditionibus
1094 1779 1282 1834 maluit
1329 1779 1554 1834 erudiri.
1600 1778 1656 1833 ln
1702 1778 1898 1849 quibus
1938 1779 2069 1834 mihi
2097 1787 2148 1848 B
2174 1780 2230 1836 in
2277 1779 2381 1835 hoc
2417 1791 2631 1849 quoque
2675 1775 3022 1848 perfectionis
3056 1774 3294 1831 culmine
3333 1773 3526 1830 debeat
3561 1774 3730 1830 obser-

483 1887 628 1928 nuuc
657 1873 708 1926 in
746 1881 901 1943 portu
929 1871 1130 1928 silentii
1165 1870 1465 1927 constituto
1494 1871 1817 1925 immensum
1845 1871 2066 1941 pelagus

479 1967 750 2034 aperitur,
786 1973 845 2020 ut
867 1965 1077 2021 scilicet
1102 1964 1169 2020 de
1201 1964 1450 2020 instituto
1479 1973 1638 2034 atque
1667 1963 1912 2019 doctrina
1941 1972 2063 2020 tan-

481 2068 664 2112 torum
697 2060 938 2113 virorum
980 2057 1228 2127 quasdam
1268 2057 1482 2112 tradere
1525 2055 1752 2112 audeam
1787 2058 2063 2113 memoria:

483 2149 808 2205 litterarum.
867 2149 1041 2205 Tanto
1093 2149 1235 2205 enim
1287 2148 1655 2220 profundioris
1699 2150 2062 2220 navigationis

481 2243 736 2310 periculis
767 2243 978 2313 fragilis
1011 2243 1210 2313 ingenii
1233 2233 1434 2313 cymba
1460 2240 1714 2311 jactanda
1755 2248 1860 2310 est,
1888 2257 2061 2311 quan-

478 2342 590 2389 tum
632 2335 778 2407 [Leg.
832 2333 1061 2406 quanto]
1111 2350 1140 2388 a
1189 2332 1452 2390 coenobiis
1491 2334 1862 2400 anachoresis,
1899 2343 1953 2389 et
1994 2334 2064 2390 ab

475 2428 672 2481 actuali
726 2427 858 2496 vita,
910 2443 1030 2497 quae
1088 2427 1142 2482 in
1200 2425 1709 2496 congregationibus
1753 2434 2059 2494 exercetur,

475 2518 862 2588 contemplatio
895 2518 1010 2586 Dei,
1039 2516 1126 2572 cui
1158 2517 1237 2572 illi
1270 2516 1678 2573 inaestimabiles
1707 2519 1804 2573 viri
1845 2532 2063 2588 semper

477 2609 667 2665 intenti
708 2620 856 2676 sunt,
899 2609 1074 2680 major
1120 2618 1282 2680 atque
1329 2608 1617 2665 sublimior
1663 2620 1764 2665 est.
1809 2609 2058 2667 Vestrum

2171 1885 2324 1939 vare,
2356 1870 2613 1926 similiter
2640 1869 2962 1926 instruatur.
3004 1866 3301 1923 Obtineant
3336 1867 3514 1936 itaque
3549 1865 3731 1921 oratio-

2170 1977 2270 2020 nes
2311 1971 2511 2018 vestrte
2550 1963 2620 2018 ab
2660 1975 2727 2017 eo
2755 1961 2846 2032 qui
2890 1960 3085 2030 dignos
3117 1974 3248 2026 nos,
3292 1959 3379 2014 vel
3405 1958 3519 2014 visu
3539 1972 3728 2023 eorum,

2167 2056 2254 2112 vel
2284 2055 2631 2125 discipulatu,
2658 2053 2747 2110 vel
2774 2053 3050 2110 consortio
3075 2051 3352 2124 judicavit,
3390 2060 3448 2108 ut
3471 2052 3621 2108 nobis
3644 2066 3729 2107 ea-

2166 2151 2413 2207 rumdem
2443 2149 2795 2206 traditionum
2843 2149 3161 2205 memoriam
3203 2147 3416 2217 plenam
3455 2155 3508 2202 et
3542 2159 3730 2202 sermo-

2167 2259 2289 2300 nem
2330 2242 2398 2298 ad
2441 2241 2732 2298 dicendum
2779 2240 2990 2296 facilem
3028 2239 3280 2297 conferre
3319 2239 3596 2310 dignetur,
3637 2249 3734 2306 quo

2166 2344 2274 2391 tam
2303 2343 2492 2391 sancte
2521 2349 2635 2404 eas,
2662 2342 2879 2405 tamque
2906 2333 3138 2402 integre,
3161 2347 3320 2402 quam
3350 2331 3418 2386 ab
3447 2328 3573 2400 ipsis
3591 2341 3732 2384 acce-

2163 2430 2341 2500 pimus
2363 2468 2378 2493 ,
2409 2427 2744 2498 explicantes
2769 2467 2785 2494 ,
2817 2427 2966 2496 ipsos
2996 2422 3392 2495 quodammodo
3441 2421 3553 2476 suis
3589 2417 3733 2474 Insti-

2166 2522 2294 2576 tutis
2319 2522 2711 2591 incorporatos,
2744 2527 2820 2587 et,
2849 2517 2993 2588 quod
3023 2525 3106 2572 est
3133 2516 3332 2587 majus,
3370 2525 3393 2554 ο
3422 2513 3606 2569 Latino
3631 2510 3733 2565 dis-

2162 2623 2413 2684 putantes
2466 2613 2725 2684 eloquio,
2785 2609 2936 2666 vobis
2978 2608 3237 2664 exhibere
3294 2607 3582 2679 possimus.
3635 2603 3736 2658 Hoc

1553 2701 1642 2756 AL
1656 2701 1810 2756 ΑΒΜ
1847 2702 2082 2761 GAZ/El
2120 2706 2688 2763 COMMENTARIUS.

478 2790 585 2846 Nec
619 2793 1085 2861 prauercundum,
1124 2792 1264 2862 quod
1296 2791 1365 2847 de
1395 2791 1501 2862 illo
1530 2793 1716 2847 scribit
1745 2793 1972 2850 Basilius
2010 2797 2063 2852 in

477 2862 696 2932 Regulis
731 2863 998 2919 Fusiorib.
1051 2861 1170 2931 cap.
1228 2863 1296 2916 54
1325 2882 1336 2915 :
1375 2861 1560 2925 Operae
1593 2865 1812 2932 pretium
1839 2876 1944 2930 est,
1979 2869 2064 2920 in-

477 2936 618 3002 quit,
649 2935 693 2988 si
720 2935 866 2988 statis
901 2935 1166 2989 interdum
1203 2933 1512 3005 quibusdam
1537 2935 1849 3004 temporibus
1882 2938 2066 2990 certis-

476 3021 573 3073 que
609 3006 732 3059 locis
764 3022 1027 3059 consessus
1056 3006 1339 3059 celebretur
1375 3021 1548 3056 eorum
1574 3007 1662 3072 qui
1687 3005 1904 3072 fratrum
1942 3023 2066 3060 con-

477 3075 705 3130 ventibus
736 3086 982 3145 praesunt,
1012 3079 1067 3129 in
1100 3076 1280 3144 quibus
1308 3074 1540 3128 videlicet
1570 3092 1687 3128 cum
1729 3075 1793 3129 de
1822 3077 1970 3128 rebus
1998 3079 2062 3133 iis

475 3161 589 3214 qua:
609 3147 705 3201 sibi
729 3157 912 3212 praeter
939 3149 1188 3200 rationem
1213 3146 1515 3212 acciderint,
1543 3157 1650 3198 tum
1685 3147 1750 3198 de
1773 3146 2064 3216 difﬁcilibus

405 3267 414 3272 .
475 3209 545 3268 ad
578 3209 901 3271 tractandum
929 3219 1126 3271 naturis
1155 3233 1215 3270 ac
1240 3209 1560 3280 moribus,vet
1589 3209 1851 3287 quomodd
1874 3221 1927 3271 in
1955 3219 2063 3272 sin-
2092 3209 2139 3273 C

476 3287 611 3360 gulis
639 3289 968 3344 moderandis
996 3304 1048 3342 se
1073 3287 1814 3360 gesserint,uicissiminterse
1834 3305 2066 3360 commu-

478 3359 644 3430 nicent
685 3371 729 3414 et
758 3363 1056 3430 conferant;
1076 3357 1182 3430 ἰιυο
1217 3357 1451 3413 videlicet
1481 3359 1528 3410 si
1555 3357 1752 3430 aliquid
1774 3359 2065 3430 aliquando
2090 3423 2092 3425 ,

476 3429 648 3483 minus
677 3442 809 3485 recte
835 3428 898 3484 ab
936 3432 1110 3498 aliquo
1145 3429 1339 3499 factum
1363 3430 1546 3496 fuerit,
1580 3428 1634 3481 id
1660 3429 1890 3482 adhibita
1920 3429 2066 3484 locu-

475 3499 608 3567 plete
631 3501 906 3555 multorum
929 3503 1179 3555 sententia
1198 3543 1211 3566 ,
1244 3501 1443 3571 majore
1466 3515 1580 3552 cum
1606 3499 1909 3554 auctoritate
1927 3501 2065 3567 quod

476 3571 528 3620 in
561 3573 782 3626 medium
809 3573 1088 3626 adductum
1121 3580 1196 3624 est
1219 3573 1520 3642 judicetur;
1559 3581 1836 3642 contraque
1858 3571 1904 3624 si
1926 3571 2064 3642 quod

475 3650 607 3694 recte
627 3653 848 3710 gestum,
882 3642 1164 3695 multorum
1196 3641 1432 3696 similiter
1462 3641 1750 3694 testimonio
1772 3641 2066 3711 comprobe-

477 3723 578 3766 tur.
625 3713 748 3768 Haec
780 3715 1026 3768 Basilius.
1059 3712 1190 3783 Vide
1218 3712 1560 3783 chulam_S.
1595 3711 1866 3783 Pachomii
1898 3725 2000 3766 art.
2029 3714 2062 3766 7

475 3791 530 3835 et
557 3784 775 3838 scltoliis
802 3785 997 3839 ibidem
1025 3781 1185 3853 (Vide
1207 3780 1433 3838 Laurea.
1459 3781 1655 3837 Justini
1676 3783 1741 3838 de
1774 3780 2065 3853 Disciplina

474 3861 521 3906 et
546 3853 868 3924 Perfectioue
889 3863 1112 3908 monast.
1136 3871 1183 3908 c.
1215 3857 1330 3926 15).

550 3933 577 3961 δι
617 3927 690 3978 De
733 3927 830 3978 hac
859 3939 1012 3994 papa:
1051 3923 1460 3979 nomenclatura
1487 3923 1725 3978 diximus
1757 3924 1807 3977 in
1839 3925 2062 3994 prologo

478 3993 898 4066 Institutiouum,
931 4009 1030 4063 pro
1059 4010 1159 4063 qua
1188 3995 1512 4066 Dionysius:
1541 3994 1585 4048 0
1614 3995 1900 4048 beatissime
1926 4011 2061 4062 prte-

475 4063 556 4117 sul
588 4063 786 4119 Leonti.
829 4066 952 4120 Fuit
979 4077 1156 4118 autem
1188 4063 1274 4120 hic
1303 4063 1560 4120 Leontius
1585 4065 1822 4119 Castoris
1851 4068 2063 4130 episco-

481 4135 556 4201 pi,
589 4138 676 4189 cui
708 4139 1012 4205 superiores
1040 4135 1160 4189 libri
1193 4137 1483 4205 nuncupati
1505 4175 1520 4201 ,
1557 4135 1721 4188 frater
1751 4149 2058 4205 germanus,

481 4206 730 4276 idemque
777 4204 1064 4272 sacerdos,
1111 4214 1169 4259 ut
1207 4221 1272 4260 ex
1321 4204 1669 4276 sequentibus
1712 4215 1859 4274 patet
1903 4204 2064 4273 (Vide

478 4275 656 4348 cotlat.
688 4278 720 4332 9
752 4294 797 4332 c.
833 4277 921 4348 l);
963 4277 1135 4348 immo
1171 4279 1332 4332 etiam
1381 4279 1664 4346 epiSCOpus
1691 4318 1714 4348 ,ξ
1760 4276 2060 4348 utopinari

481 4347 606 4401 licet
635 4362 699 4402 ex
740 4346 872 4417 ipsa
893 4347 1332 4411 nomenclatura,
1374 4356 1428 4402 et
1470 4346 1755 4400 honorario
1785 4346 1876 4400 illo
1909 4347 2063 4400 titulo

481 4418 608 4470 olim
650 4417 946 4489 episcopis,
993 4432 1098 4489 non
1135 4418 1477 4473 inferioribus
1508 4418 1723 4489 clericis
1763 4418 1926 4472 tribui
1969 4432 2062 4470 so-

483 4489 577 4541 lito
601 4527 618 4553 ,
642 4500 694 4542 et
723 4487 968 4544 fortassis
995 4488 1236 4556 ejusdem
1256 4490 1511 4554 Castoris,
1542 4487 1626 4542 sui
1651 4489 1913 4555 germani,
1941 4503 2062 4541 suc-

485 4573 669 4612 cessor
699 4561 751 4613 in
795 4560 1030 4613 Ecclesia
1065 4559 1321 4626 Aptensi;
1361 4563 1606 4628 quamvis
1633 4558 1854 4613 Photius
1903 4557 2063 4628 (Vide

478 4629 532 4702 in
559 4630 724 4702 elogio
764 4629 980 4702 Photii,
1017 4631 1163 4684 initio
1195 4632 1381 4702 operis)
1430 4631 1675 4702 abbatem
1725 4644 1846 4702 eum
1900 4629 2064 4684 fuisse

483 4700 762 4769 designet,
795 4702 921 4755 dum
952 4701 1094 4754 illius
1120 4700 1368 4755 nimirum
1403 4701 1632 4756 cmnobii
1665 4700 2062 4754 moderatorem

482 4770 628 4835 dicit,
664 4772 815 4840 cujus
845 4771 1014 4840 gratia
1045 4774 1249 4839 priores
1286 4771 1682 4826 Institutionum
1711 4771 1829 4824 libri
1861 4769 2066 4825 fuerint

481 4839 550 4894 ab
574 4839 806 4896 AuctOre
836 4839 1153 4912 conscripti.
1193 4842 1391 4898 Verum
1433 4841 1545 4897 haec
1582 4841 1737 4895 facile
1766 4840 2062 4896 concilian-

482 4920 597 4982 tur;
645 4928 748 4966 non
789 4912 931 4967 enim
964 4924 1227 4982 repugnat
1267 4913 1511 4968 eumdem
1545 4916 1854 4982 episcopum
1884 4921 1939 4966 et
1963 4912 2061 4966 ab-

485 4981 663 5036 batem
687 5025 700 5046 ,
745 4984 794 5036 id
839 4992 956 5050 est,
1004 4981 1235 5039 c'mnobii
1265 4981 1662 5038 moderatorem
1694 4983 1891 5047 fuisse,
1939 4997 2060 5036 cum

484 5053 638 5107 multi
661 5056 826 5107 sancti
850 5055 1087 5124 episc0pi
1117 5056 1277 5109 etiam
1307 5055 1689 5110 monachorum
1717 5065 1806 5106 aut
1836 5053 2061 5108 clerico-

483 5138 600 5176 rum
632 5127 956 5194 regulariutn
991 5125 1178 5180 Patres
1216 5135 1269 5179 et
1311 5128 1702 5180 ccenobiarcha:
1733 5125 2058 5188 exstiterint,

484 5205 541 5246 ut
563 5194 628 5247 de
649 5195 706 5249 S.
735 5198 1032 5265 Augustino
1062 5205 1115 5250 et
1138 5197 1195 5252 S.
1225 5196 1449 5250 Martino
1478 5197 1778 5250 Turonensi
1808 5197 2062 5264 episcopo

483 5274 667 5318 notum
701 5277 800 5320 est.
849 5267 1016 5321 Porro
1041 5267 1108 5321 de
1140 5268 1240 5321 hoc
1281 5269 1468 5322 eodem
1504 5267 1749 5331 Leontio,
1782 5269 1980 5334 pariter
2009 5275 2066 5319 et

490 5335 730 5390 Helladio
757 5337 844 5407 hic
871 5340 1168 5404 nominato,
1197 5338 1349 5407 plura
1375 5337 1545 5392 serius
1573 5336 1944 5391 animadversa
1969 5351 2066 5390 no-

489 5408 717 5460 tabimus
747 5406 814 5461 ad
852 5408 1034 5462 collat.
1067 5406 1219 5463 nona:
1249 5423 1367 5477 cap.
1405 5409 1463 5468 ι,
1494 5409 1580 5462 ubi
1612 5409 1780 5463 lector
1806 5407 2061 5476 requirat.

491 5481 569 5527 An
618 5492 745 5530 vero
793 5479 880 5533 hic
926 5479 1066 5534 idem
1113 5483 1182 5534 sit
1233 5479 1489 5533 Leontius
1532 5495 1653 5534 cum
1693 5479 1784 5532 illo
1814 5479 1899 5532 cui
1928 5479 2066 5532 inter

487 5544 618 5619 alios
651 5559 935 5619 postremae
977 5550 1296 5606 collationes
1341 5550 1552 5619 dicatae,
1599 5549 1772 5604 fateor
1811 5564 1896 5604 me
1926 5549 2066 5604 haud

487 5616 712 5668 multum
745 5617 1096 5686 disquisiisse.

564 5686 588 5724 δ
632 5687 834 5763 Allusio
864 5699 952 5763 est
987 5691 1050 5744 ad
1089 5693 1364 5747 historiam
1397 5693 1563 5747 Jacob
1596 5693 1946 5763 patriarchtc,
1979 5693 2068 5763 qui

492 5761 600 5817 duo
630 5761 845 5815 nomina
868 5759 1118 5842 habuisse
1147 5765 1341 5833 legitur
1367 5782 1380 5818 :
1407 5766 1558 5834 prius
1580 5759 1724 5822 enim
1745 5773 1964 5822 vocatus
1985 5759 2070 5823 est

2171 2800 2360 2868 Jacob,
2391 2802 2480 2871 qui
2514 2801 2904 2869 interpretatur
2933 2799 3343 2871 supplantator;
3378 2790 3736 2871 quoallud-ens

2174 2871 2318 2926 Esau
2348 2860 2590 2941 'paterna
2635 2860 3015 2925 benedictione
3039 2860 3354 2941 'frustrat‘us
3396 2860 3538 2941 'dixit
3573 2878 3588 2941 :_
3619 2860 3737 2916 lure

2169 2934 2406 2996 vocatum
2436 2952 2508 2996 est
2547 2957 2730 2994 nomen
2763 2944 2877 3012 ejus
2902 2941 3100 3006 Iacob;
3139 2937 3487 3012 supplantavit
3502 2934 3639 3012 enim
3665 2946 3737 2985 me

2171 3014 2224 3067 in
2254 3014 2419 3068 altera
2441 3014 2567 3066 vice.
2599 3007 2885 3080 Postquam
2915 3028 3044 3066 vero
3070 3007 3407 3080 cumangelo
3434 3007 3738 3080 colluctatus

2172 3083 2602 3158 benedictionem
2633 3082 2702 3136 ab
2734 3075 2800 3158 eo
2830 3084 3057 3158 accepit,
3087 3099 3151 3136 ex
3182 3075 3359 3158 Jacob
3379 3077 3536 3132 Israel
3565 3075 3735 3158 appel-

2172 3155 2313 3209 latus
2344 3162 2449 3218 est,
2481 3155 2532 3207 id
2560 3159 2679 3225 est,
2706 3151 2788 3207 vir
2816 3145 3007 3208 videtis
3037 3154 3238 3225 Deum,
3273 3151 3363 3206 vel
3390 3162 3539 3225 mens
3565 3145 3737 3225 videns

2173 3225 2360 3290 Deum,
2393 3223 2690 3279 secundum
2722 3232 2964 3278 veterum
2996 3224 3386 3293 expositionem
3406 3261 3420 3284 ,
3456 3219 3521 3293 de
3545 3231 3642 3293 qua
3668 3219 3739 3270 vi-

2169 3287 2376 3350 dendus
2423 3296 2482 3348 D.
2528 3293 2886 3365 Hieronymus
2929 3295 2982 3348 in
3019 3287 3222 3361 Quaest.
3269 3293 3433 3365 Hebr.
3483 3287 3562 3344 Ad
3609 3287 3737 3340 hunc

2169 3366 2329 3438 igitur
2359 3365 2578 3438 modum
2609 3363 2902 3438 monachus
2930 3367 3231 3438 verepius
3257 3405 3274 3438 ρ
3315 3363 3404 3433 qui
3443 3371 3738 3438 ex__pra2ce-

2167 3431 2408 3492 dentium
2459 3436 2716 3490 librorum
2761 3435 2991 3489 lectione
3047 3431 3300 3490 didicerit
3334 3431 3576 3487 carnalia
3620 3431 3738 3482 vitia

2168 3509 2514 3577 supplantare
2543 3519 2605 3577 ac
2633 3519 2891 3577 superare
2910 3546 2926 3577 ε
2955 3514 3009 3560 et
3039 3521 3132 3574 per
3163 3506 3266 3560 hoc
3296 3501 3664 3577 intelligibilis,
3690 3495 3738 3551 id

2167 3575 2290 3642 est,
2324 3576 2617 3646 spiritualis
2646 3575 2812 3630 Jacob
2832 3619 2846 3642 ,
2879 3575 2930 3630 id
2959 3587 3039 3631 est
3061 3617 3075 3638 ,
3105 3575 3527 3646 supplantatoris
3552 3583 3737 3646 nomen

2169 3641 2558 3719 pronteruerit;
2587 3641 2844 3716 deinceps
2866 3662 2930 3719 ex
2957 3641 3186 3719 lectione
3212 3641 3553 3719 sequentium
3579 3641 3735 3696 colla-

2168 3715 2374 3792 tionum
2396 3715 2793 3792 spiritualium,
2813 3717 2878 3792 ad
2910 3718 3276 3792 sublimiorem
3296 3715 3593 3792 'quamdam
3620 3724 3737 3792 con-

2169 3781 2572 3859 templationem
2596 3802 2659 3842 ac
2686 3781 2950 3842 theoriam
2980 3781 3340 3857 provehatur,
3359 3796 3418 3841 ut
3440 3794 3494 3841 et
3509 3781 3735 3859 _l_sr_aelis.

2168 3863 2220 3916 id
2245 3855 2346 3922 est,
2373 3859 2605 3930 videntis
2638 3859 2825 3930 Deum,
2858 3855 3217 3930 appellatione
3245 3859 3451 3930 dignus
3469 3855 3734 3930 efficiatur.

2241 3943 2261 3971 ε
2311 3921 2424 4004 Hoc
2458 3921 3245 4004 ipsius_Au_ctor_is_testimonio
3275 3921 3556 4004 p'grspicue
3594 3921 3739 4004 intel-

2169 4002 2587 4073 ligitur,ipsum
2627 4000 2816 4073 Latino
2851 4001 3134 4073 idiomate,
3161 4016 3269 4073 non
3301 4000 3521 4073 Graeco,
3552 4003 3607 4048 ut
3628 4000 3738 4073 qui-

2166 4063 2289 4152 dam
2313 4063 2511 4139 opinati
2535 4071 2806 4152 sutit,_ltas
2829 4063 3144 4152 collationes
3168 4072 3476 4152 scripsisse,
3499 4063 3739 4152 quemad-

2165 4136 2383 4198 modum
2433 4151 2486 4196 et
2531 4143 2598 4193 de
2647 4141 2798 4194 libris
2839 4141 3236 4196 lnstitutionum
3281 4136 3432 4195 idem
3487 4136 3583 4192 suo
3630 4136 3738 4187 loco

2167 4215 2510 4283 probavimus
2547 4211 2708 4283 (Vide
2741 4214 2874 4266 inter
2903 4212 3111 4283 elogia).
3174 4210 3384 4283 Viderit
3426 4206 3738 4283 'l‘rithemius

2168 4279 2308 4339 unde
2346 4279 2615 4352 acceperit
2653 4283 2915 4337 Joannem
2961 4279 3280 4337 Cassianum
3353 4279 3738 4352 Institutionum

2169 4355 2334 4408 libros
2361 4363 2415 4408 et
2442 4350 2760 4408 collationes
2782 4354 3018 4424 (Patrum
3052 4353 3240 4408 Graeca
3283 4353 3467 4423 lingua
3493 4350 3735 4424 edidisse,

2165 4440 2302 4492 quos
2333 4425 2620 4494 Dionysius
2648 4423 3035 4479 Carthasianus
3061 4425 3114 4478 in
3142 4421 3392 4478 Latinum
3421 4421 3739 4494 transtulerit

2165 4489 2352 4550 eadem
2375 4489 2570 4562 eloquii
2594 4505 2897 4559 venustate,
2919 4502 2978 4548 ut
3001 4495 3120 4563 ejus
3141 4495 3306 4548 verba
3335 4509 3445 4564 pra:
3471 4508 3529 4547 se
3550 4489 3736 4564 ferunt.

2088 4585 2144 4644 ι)
2169 4567 2300 4644 Nam
2330 4565 2617 4644 Dionysius
2637 4577 2791 4644 certe
2820 4581 2926 4620 non
2945 4562 3247 4644 ‘ex’Craeco
3267 4605 3283 4632 ,
3326 4562 3420 4619 sed
3463 4577 3531 4618 ex
3548 4562 3740 4644 .obsctl-
3769 4617 3771 4619 ,

2168 4638 2310 4691 riore
2339 4628 2487 4706 stylo'
2513 4635 2726 4710 (Latino
2761 4634 2964 4710 tamen)
3003 4636 3069 4710 ad
3114 4628 3400 4710 clariorem
3451 4643 3506 4688 et
3547 4628 3740 4710 facilio-

2167 4724 2280 4762 rem
2309 4702 2650 4761 transtulisse
2680 4721 2740 4760 se
2768 4715 2874 4761 tam
2912 4706 3279 4761 lustitutiones
3310 4721 3474 4776 quam
3500 4702 3738 4776 collatio;

2166 4794 2262 4832 nes
2301 4777 2520 4831 disertis
2557 4776 2736 4852 verbis
2777 4777 3060 4844 profitetur
3109 4776 3196 4846 (In
3235 4767 3459 4852 utraque
3489 4767 3737 4852 tardat),

2166 4856 2227 4904 ut
2267 4862 2374 4901 non
2407 4857 2512 4902 tam
2562 4848 2828 4918 interpres
2875 4863 3036 4916 quam
3084 4846 3740 4918 paraphrastesﬂCassiani

2166 4919 2423 4988 dicendus
2465 4918 2554 4972 sit.
2604 4917 2701 4988 Est
2743 4915 3266 4988 enim'paraphrasis
3293 4915 3629 4988 Quintiliano
3653 4924 3742 4964 au-

2165 5001 2314 5045 ctore
2342 4987 2479 5065 (Lib.
2511 5005 2525 5042 ι
2553 5006 2598 5065 c_.
2631 4987 2978 5065 5),“ejusdem
3009 4987 3298 5065 sententia;
3327 5004 3428 5059 per
3450 4987 3740 5065 al_i_um_ser:

2167 5056 2405 5121 nionem,
2431 5056 2676 5126 ejusdem
2705 5056 2829 5116 licet
2853 5061 3140 5124 idiomatis,
3164 5056 3365 5115 clarior
3386 5056 3669 5125 explicatio
3695 5056 3744 5102 θι

2165 5132 2386 5185 liberior
2433 5132 2836 5200 interpretatio,
2881 5146 3003 5185 cunt
3052 5131 3297 5201 quaedam
3351 5129 3612 5184 addentes
3643 5129 3744 5201 ⁵ειιει

2167 5211 2438 5256 mutantes
2459 5193 2728 5270 copiosius
2753 5193 3125 5256 ac'dilucidius
3151 5203 3492 5270 explicamus
3522 5194 3657 5270 quod
3682 5193 3743 5243 ab

2167 5273 2287 5326 aliis
2309 5267 2630 5326 dictum'est
2659 5291 2673 5325 ι
2704 5273 3006 5342 cujusmodi
3043 5281 3128 5327 est
3149 5267 3435 5327 'l‘h'emistii
3464 5270 3518 5342 in
3549 5267 3746 5322 Aristo-

2168 5343 2329 5397 telem
2356 5340 3044 5413 paraphrastica‘expositio
3068 5342 3228 5413 (Vide
3248 5343 3462 5397 Sixtum
3481 5340 3745 5413 Senensem

2169 5413 2262 5470 lib.
2295 5409 2773 5486 tit—Bibliothecap.
2803 5409 2867 5469 de
2896 5409 3277 5486 Paraphrasi).
3320 5413 3494 5486 Quam
3530 5409 3600 5463 ob
3624 5417 3744 5486 catt-

2171 5501 2285 5540 sam
2327 5487 2586 5540 hactenus
2618 5473 2732 5539 illis'
2755 5485 2991 5544 voculis.
3022 5473 3304 5548 transtulit,
3332 5473 3505 5546 uertit,
3539 5494 3654 5535 cum
3685 5473 3746 5526 d0

2174 5556 2428 5626 Dionysio
2459 5564 2711 5624 ageretur
2738 5598 2754 5622 ,
2787 5556 3080 5612 studiosius
3126 5570 3286 5626 quam
3317 5555 3578 5626 hactenus
3592 5556 3659 5626 _et
3684 5559 3744 5597 cx

2105 5633 2108 5638 '
2174 5620 2434 5681 industria
2458 5620 2714 5692 abstinui,
2739 5620 2808 5682 ne
2829 5627 3128 5681 Tritbemio
3145 5620 3498 5681 subscribere
3520 5620 3742 5692 viderer.

2174 5698 2437 5752 Caeterum
2479 5685 3075 5754 constat'uihilominus
3123 5697 3390 5769 Cassiani
3415 5695 3580 5750 libros
3605 5732 3618 5753 ,
3650 5685 3745 5769 et_si

2175 5769 2363 5830 Latine
2415 5769 2646 5839 primum
2697 5771 2766 5826 ab
2814 5771 2930 5842 ipso
2967 5773 3142 5830 editos
3167 5811 3183 5839 ,
3211 5769 3278 5827 ab
3321 5766 3446 5827 aliis
3486 5771 3668 5838 postea
3695 5766 3746 5814 in
