3966 6326
196 328 272 388 ιει
911 313 1254 375 COLLATIO
1287 315 1334 373 ι.
1361 343 1433 358 --
1455 309 1544 371 DE
1581 305 1890 374 MONACHI
1926 305 2344 374 INTENTIONE
2381 315 2471 374 AC
2506 315 2686 375 FINE.

3315 314 3425 382 d8!

195 458 296 502 sane
315 439 552 497 volumus
579 443 709 494 ante
742 435 921 493 omnia
946 477 964 505 ,
996 446 1106 492 tam
1147 437 1338 492 barum
1381 435 1733 492 collationum
1759 445 1813 500 Α
1836 435 2136 504 constituti,
2167 446 2329 510 atque
2358 439 2425 494 ab
2455 439 2833 496 universorum
2863 443 3170 499 mortalium
3200 458 3424 501 consor-

196 550 320 610 quam
384 531 719 601 superiorum
785 529 1118 584 voluminum
1174 530 1547 600 prtemonitum
1615 544 1736 584 esse

193 632 428 693 lectorem,
455 633 515 678 ut
539 625 586 680 si
616 638 720 694 qua
747 622 884 678 forte
910 623 966 678 in
993 622 1079 678 his
1106 637 1205 692 pro
1227 630 1396 677 status
1419 621 1503 677 sui
1530 629 1585 677 et
1612 635 1738 692 pro-

194 720 322 792 positi
350 715 634 783 qualitate,
665 716 783 770 sive
813 729 912 784 pro
942 729 1042 769 usu
1072 722 1128 768 et
1155 714 1565 769 conversatione
1591 727 1739 769 com-

191 814 328 880 muni,
359 811 436 864 vel
469 809 826 877 impossibilia
855 808 1125 879 putaverit
1155 822 1296 876 esse,
1329 807 1414 861 vel
1444 806 1602 874 dura,
1631 821 1738 860 non

191 923 240 963 ea
261 902 533 960 secundum
562 915 674 956 sua:
699 899 972 955 facultatis
1001 899 1278 954 modulum
1303 939 1319 966 ,
1353 907 1380 938 ι
1407 898 1504 953 sed
1545 912 1744 953 secun-

189 999 290 1053 dum
316 995 622 1066 dignitatem
652 1002 707 1048 et
737 991 1125 1063 perfectionem
1175 990 1510 1063 loquentium
1551 990 1744 1045 metia-

192 1105 276 1160 tur,
302 1103 519 1160 quorum
548 1089 699 1157 prius
729 1085 962 1140 studium
1003 1095 1162 1156 atque
1198 1084 1532 1153 pr0positum
1563 1091 1743 1140 mente

189 1181 448 1250 concipiat,
477 1195 586 1251 quo
616 1194 743 1234 vere
772 1179 966 1233 mortui
999 1177 1125 1233 huic
1153 1177 1555 1232 conversationi
1587 1191 1743 1231 mun-

189 1276 312 1350 dana:
351 1257 514 1327 nullis.
557 1271 836 1326 affectibus
888 1281 1172 1341 parentum
1206 1269 1505 1324 carnalium
1531 1309 1546 1335 ,
1581 1268 1743 1322 nullis

187 1376 365 1422 actuum
393 1361 738 1419 sacularium
766 1362 993 1418 nexibus
1015 1361 1343 1432 obligantur.
1374 1361 1575 1417 Deinde
1599 1361 1744 1415 loco-

189 1451 282 1516 ruin
321 1473 526 1530 quoque
574 1459 628 1513 in
677 1457 874 1528 quibus
915 1465 1357 1521 commorantur,
1397 1455 1748 1510 considerent

187 1551 465 1624 qualitatem
511 1566 616 1622 qua
665 1549 774 1624 [AL
802 1546 949 1620 quia]
991 1549 1044 1603 in
1095 1547 1388 1603 solitudine
1434 1545 1746 1601 vastissima

1840 532 1914 586 tio
1957 531 2225 601 separati,
2264 530 2324 586 'ct
2368 547 2466 602 per
2513 532 2614 588 hoc
2676 533 3123 592 illuminationem
3172 553 3423 594 sensuum

1796 641 1799 644 ⁴
1838 622 2204 693 possidentes,
2227 625 2658 694 contemplantur
2679 627 2764 682 vel
2791 629 3184 700 proloquuntur
3215 647 3275 687 ea
3307 647 3427 704 qua:

1840 714 2136 785 inexpertis
2167 726 2326 785 atque
2355 717 2635 773 ineruditis
2662 734 2762 790 pro
2792 721 3102 779 conditione
3129 733 3184 779 et
3225 725 3431 781 medio-

1841 811 2035 865 critate
2061 810 2473 866 consuetudinis
2504 827 2615 867 sua:
2642 811 2994 884 impossibilia
3029 816 3252 873 forsitan
3278 817 3433 875 vide-

1841 901 2060 958 buntur.
2106 903 2183 956 De
2234 902 2426 972 quibus
2475 912 2652 958 tamen
2702 903 2749 958 si
2799 905 2919 976 quis
2961 906 3195 961 voluerit
3248 922 3430 962 veram

1844 992 2086 1064 proferre
2115 994 2468 1059 sententiam,
2499 1003 2554 1050 et
2579 1004 2760 1050 utrum
2790 997 2996 1066 impleri
3028 1007 3257 1067 queant,
3291 997 3434 1052 desi-

1844 1085 1996 1141 derat
2051 1087 2324 1157 experiri,
2378 1087 2596 1143 festinet
2658 1090 2808 1158 prius
2864 1105 3053 1144 eorum
3097 1091 3435 1162 propositum

1847 1179 2009 1233 simili
2068 1181 2249 1234 studio
2297 1189 2351 1234 et
2395 1182 2805 1236 conversatione
2843 1182 3158 1252 suscipere,
3209 1192 3265 1238 et
3308 1193 3437 1237 tunc

1845 1269 2058 1325 demum
2081 1286 2142 1325 ea
2166 1287 2285 1340 qua:
2309 1287 2469 1341 supra
2494 1264 2806 1326 facultatem
2836 1274 3067 1328 hominis
3091 1273 3431 1340 videbantur,

1844 1376 1952 1416 non
1976 1361 2146 1415 solum
2173 1362 2464 1430 possibilia,
2503 1378 2685 1418 verum
2713 1366 2876 1418 etiam
2905 1365 3219 1420 suavissima
3242 1365 3435 1435 depre-

1847 1453 2066 1509 hendet.
2120 1453 2224 1509 Sed
2259 1469 2399 1510 llllllc
2420 1455 2530 1526 jam
2563 1456 2629 1511 ad
2652 1457 2967 1514 collationes
2987 1473 3172 1514 eorum
3199 1467 3254 1516 et
3281 1458 3434 1515 insti-

1847 1553 1961 1599 tuta
1995 1559 2363 1615 properemus.

1213 1658 1468 1715 ALARDI
1507 1657 1745 1714 GAZEI
1780 1657 2342 1714 COMMENTARIUS.

185 1755 390 1811 Grecam
420 1755 663 1824 linguam
701 1751 868 1808 fuisse
905 1765 1219 1824 conversos.
1262 1748 1396 1804 Nam
1428 1757 1482 1802 et
1516 1749 1567 1802 in
1598 1747 1741 1824 Vati-
1773 1751 1822 1812 B
1851 1749 1970 1824 illos
2010 1748 2160 1824 miris
2192 1749 2440 1824 laudibus
2469 1749 2740 1824 extollens
2771 1751 2981 1824 :rNihil
3000 1752 3217 1824 ,tinqnit
3239 1797 3254 1820 ,
3284 1753 3347 1806 de
3373 1754 3438 1808 iis

185 1841 295 1880 cana
319 1821 642 1880 bibliotheca
672 1825 988 1879 collationes
1014 1822 1222 1891 aliquot
1241 1831 1296 1876 et
1322 1831 1444 1875 octo
1474 1821 1738 1888 posterio-

185 1912 258 1952 res
283 1897 671 1952 lnstitutionum
714 1895 883 1950 libros
921 1895 973 1948 in
1017 1894 1264 1948 Graecum
1307 1905 1604 1946 conversos
1641 1905 1739 1944 ex-

183 1978 302 2022 stare
319 1969 502 2022 scribit
517 1967 805 2022 Ciaconius
824 1965 914 2037 (ln
935 1982 1028 2018 sua
1054 1962 1310 2037 praefat),
1330 1962 1423 2016 sed
1447 1978 1539 2037 eos
1563 1960 1738 2037 potius

184 2039 226 2092 in
265 2039 631 2108 compendium
680 2033 924 2092 redactos
971 2033 1130 2108 quam
1167 2033 1390 2108 integre
1449 2033 1687 2108 redditos
1721 2049 1733 2083 :

183 2105 444 2178 cuiusmodi
502 2111 700 2179 legisse
745 2107 953 2162 videtur
994 2105 1250 2169 Pbotius,
1291 2105 1379 2175 qui
1414 2105 1739 2179 non_p_lur_es

182 2173 312 2249 quam
332 2181 463 2236 duas
489 2173 586 2234 aui
610 2191 722 2236 tres
738 2179 1056 2234 collationes
1075 2173 1467 2232 commemorat
1497 2173 1738 2245 (Photius

185 2265 222 2303 c.
251 2251 335 2306 177
361 2249 635 2320 Bibliotlt.)
648 2291 662 2304 .

238 2331 260 2358 ⁸
309 2323 436 2377 Huic
485 2317 627 2377 loco'
658 2321 934 2389 aptissime
987 2330 1252 2374 consonat
1301 2318 1364 2372 D.
1407 2317 1739 2386 Augustinus

181 2391 260 2446 lib.
286 2409 301 2448 ι
327 2393 390 2450 de
416 2394 662 2449 Moribus
691 2393 944 2447 Ecclesia:
970 2405 1091 2461 cap.
1125 2391 1188 2445 51
1211 2431 1226 2456 ,
1258 2390 1347 2445 ubi
1377 2391 1738 2444 anachoretas

1846 1821 2018 1872 dicant
2047 1822 2135 1890 qui
2165 1821 2490 1874 secretissimi
2516 1823 2721 1892 penitus
2761 1823 2823 1876 ab
2850 1826 2987 1876 οηιηὶ
3016 1821 3278 1878 hominum
3308 1841 3437 1878 con-

1843 1901 2036 1959 spectu,
2071 1908 2206 1956 pane
2232 1891 2342 1945 solo
2369 1900 2414 1945 et
2443 1891 2576 1960 aqua
2605 1895 2850 1961 contenti,
2882 1896 3255 1948 desertissintas
3279 1906 3437 1950 terras

1845 1961 2097 2025 incolunt,
2125 1965 2444 2032 perfruentes
2471 1965 2722 2032 colloquio
2745 1963 2842 2018 Dei
2863 2007 2876 2030 ,
2907 1967 2989 2019 cui
3017 1968 3158 2032 puris
3189 1967 3440 2020 mentibus

1844 2033 2186 2106 inhaeserant,
2218 2044 2265 2086 et
2292 2038 2404 2106 ejus
2430 2036 2832 2103 pulchritudinis
2862 2037 3290 2106 contemplatione
3315 2038 3439 2090 bea-

1845 2104 2205 2179 tissinti,quw
2235 2104 2337 2179 nisi
2362 2117 2662 2159 sanctorum
2690 2107 2952 2160 intellectu
2996 2104 3188 2179 percipi
3218 2125 3318 2161 non
3350 2124 3442 2175 po-

1847 2183 1959 2248 test.
1985 2175 2052 2228 Et
2074 2175 2208 2230 infra
2244 2194 2255 2228 :
2293 2175 2405 2230 Hoc
2426 2185 2533 2229 tam
2559 2179 2810 2232 excellens
2835 2175 3103 2248 fastigium
3129 2175 3436 2243 sanctitatis,

1846 2246 1930 2299 cui
1961 2261 2064 2300 non
2087 2263 2185 2300 sua
2215 2257 2394 2318 sponte
2424 2248 2720 2302 ntirandum
2756 2260 2801 2301 et
2830 2246 3185 2303 honorandum
3211 2249 3436 2316 videtur,

1847 2317 2078 2372 oratione
2099 2317 2278 2372 nostra
2305 2319 2463 2372 uideri
2483 2319 2572 2388 qui
2595 2329 2756 2388 potest
2777 2321 2800 2372 ?

1099 2637 1880 2748 οοιιΑΤιο
1955 2640 2533 2787 PRIMA,

1240 2807 1396 2882 Qum
1429 2811 1526 2869 est
1554 2805 1765 2885 prima
1792 2805 2044 2868 abbatis
2081 2806 2346 2888 Moysis.

1242 2957 1330 3009 DE
1361 2955 1647 3009 MONACHI
1677 2953 2065 3009 INTENTIONE
2098 2956 2178 3010 AC
2209 2956 2374 3009 FINE.

661 3206 886 3265 CAPUT
935 3206 1220 3265 PRIMUM.

174 3307 238 3361 De
273 3305 589 3360 habitatione
627 3302 833 3374 Scytbi,
877 3311 925 3358 et
967 3303 1230 3373 preposito
1278 3301 1476 3356 abbatis
1521 3301 1744 3372 Maysis.

229 3399 352 3456 Cum
380 3410 405 3438 ει
437 3400 496 3476 in
527 3411 714 3454 eremo
743 3395 961 3467 Scytbi,
998 3396 1091 3452 ubi
1133 3395 1523 3452 monachorum
1555 3397 1750 3466 proba-

1763 3208 1810 3272 C
1844 3206 2034 3264 tissimi
2067 3217 2248 3278 patres
2273 3247 2290 3276 ,
2339 3216 2394 3264 et
2429 3204 2458 3247 δ
2486 3207 2727 3264 omnium
2771 3219 3083 3266 sanctorum
3132 3211 3446 3269 morabatur

1852 3301 2136 3372 perfectio,
2173 3301 2421 3357 abbatem
2453 3311 2476 3340 ε
2511 3301 2762 3373 Moysen,
2800 3305 2888 3374 qui
2913 3304 3130 3360 suavius
3159 3306 3301 3362 inter
3323 3308 3447 3363 illos

1855 3398 2100 3467 egregios
2140 3396 2305 3453 ﬂores
2350 3393 2378 3434 ἀ
2431 3412 2540 3452 non
2577 3396 2754 3452 solum
2797 3398 3014 3464 actuali,
3048 3413 3234 3455 verum
3280 3401 3446 3456 etiam

1206 3533 1466 3590 ALARDI
1505 3533 1734 3591 GAZJEI
1775 3533 2344 3592 COMMENTARIUS.

229 3641 253 3670 ⁸
301 3632 376 3688 lta
431 3629 794 3700 manuscripti
847 3627 1114 3700 plerique.
1166 3629 1236 3683 At
1287 3629 1347 3683 D.
1391 3629 1664 3700 Antonius
1695 3636 1752 3684 et

169 3703 313 3759 editio
344 3698 734 3768 Basileensis,'
760 3709 814 3754 et
855 3698 947 3755 alii
989 3698 1016 3752 :’
1051 3699 1117 3753 In
1147 3716 1315 3754 uerno
1345 3700 1594 3770 Scythiae.
1628 3698 1751 3754 Fuit

172 3773 269 3828 bare
298 3791 558 3840 eremus,
603 3782 660 3827 ut
689 3771 817 3826 alibi
851 3771 1053 3842 dictum
1094 3780 1198 3835 est,
1240 3771 1292 3825 in
1326 3771 1561 3842 Egypto
1596 3771 1747 3842 juxta

168 3843 378 3901 Marcum
413 3847 625 3910 lacum,
661 3858 850 3913 magna
879 3843 978 3898 SS.
1022 3841 1238 3896 Patrum
1269 3841 1568 3911 frequentia
1599 3841 1751 3895 nobi-

171 3916 332 3986 litata,
365 3919 675 3986 eademque
711 3912 865 3986 varie
899 3925 1226 3986 nuncupata.
1265 3913 1410 3986 ‘Nam
1443 3924 1513 3986 et
1549 3912 1745 3986 Scetis,

168 3983 349 4042 Scetica
371 4030 386 4052 ,
419 3983 649 4043 Scetina
670 4025 686 4050 ,
720 3985 963 4040 Scetiaca
989 4026 1004 4048 ,
1035 3995 1088 4037 et
1131 3983 1404 4055 Scythica,
1436 3984 1747 4055 Scytbiaca,

168 4058 479 4168 Scz'tbiotica
513 4056 834 4138 inscribitur
873 4055 1106 4126 (Socrat.
1138 4054 1228 4108 lib.
1261 4071 1314 4138 tv
1345 4055 1482 4110 Hist.
1514 4053 1558 4108 ὲ.
1593 4053 1672 4120 8).

293 4130 592 4168 οἱαρτηιίιια
629 4136 683 4168 ιιι
721 4127 808 4168 nln
853 4127 1033 4168 lnmml
1070 4143 1081 4168 φ
1116 4125 1298 4168 "mnu
1338 4127 1672 4168 nnmmnrnhm

293 4130 592 4186 Ciaconius
629 4136 684 4183 et
720 4127 810 4182 alii
853 4125 1034 4197 legunt
1070 4143 1082 4178 :
1116 4125 1298 4180 Omnis
1338 4127 1751 4180 commorabatur

169 4203 416 4268 perfectio.

228 4217 248 4252 Γ
295 4218 360 4254 (1
402 4243 416 4256 .

228 4203 444 4327 c“Allatas
487 4271 697 4326 Mosen.
751 4269 884 4323 Cum
934 4279 1114 4324 autem
1159 4277 1265 4323 tres
1312 4267 1471 4337 hujus
1517 4267 1749 4322 nominis

167 4343 493 4399 anachoreta:
527 4342 816 4396 sanctitate
844 4340 1086 4394 celebres
1115 4348 1504 4404 memorentur,
1537 4349 1593 4391 ut
1616 4339 1750 4393 alias

115 4419 119 4422 ’
165 4415 456 4469 monuimus
486 4413 636 4484 (Lib.
661 4428 690 4465 χ
719 4409 894 4464 Instit.
920 4409 1138 4484 c._ult.),
1168 4409 1399 4481 Libycus
1428 4411 1516 4484 ille
1546 4410 1634 4478 qui
1666 4424 1752 4484 so-

168 4484 239 4538 lus
279 4479 554 4540 Cassiano
598 4493 904 4537 coaetaneus
957 4479 1102 4547 fuit,
1135 4479 1354 4535 omnino
1402 4480 1614 4534 videtur
1665 4479 1750 4534 hic

165 4555 459 4625 designatus
489 4575 505 4609 :
538 4555 695 4624 cujus
725 4555 885 4625 etiam
916 4553 1116 4624 Moysis
1143 4563 1207 4625 et
1233 4553 1461 4625 gemina:
1499 4551 1750 4625 collatio-

164 4628 237 4681 nis
261 4622 382 4681 éum
415 4622 619 4682 eodem
654 4623 850 4678 habita:
879 4622 1123 4677 meminit
1151 4622 1378 4676 Photius
1408 4622 1461 4676 in
1495 4622 1750 4676 Cassiano

1852 3629 1947 3684 sed
1981 3646 2076 3698 pro
2102 3629 2312 3703 ratione
2355 3643 2419 3685 ac
2459 3629 3107 3703 dispositionerlibrorum
3149 3649 3287 3703 quos
3321 3644 3449 3691 tunc

1854 3711 2043 3755 nactus
2080 3701 2148 3754 sit
2179 3699 2369 3755 Grmce
2415 3701 2706 3756 translatos
2743 3710 2801 3757 et
2828 3702 2880 3756 in
2913 3699 3290 3771 compendium
3323 3707 3450 3761 red-

1853 3781 2025 3844 actos,
2056 3781 2110 3844 ut
2142 3772 2392 3835 superius
2418 3771 2709 3827 indicatum
2740 3774 2950 3840 est,vel
2976 3786 3138 3844 prout
3167 3778 3446 3832 memoria:

1852 3842 1991 3897 lecta
2017 3842 2370 3896 inhaaserunt.

1923 3910 1950 3950 ά
1995 3912 2142 3968 Scite
2173 3913 2224 3967 in
2262 3911 2406 3968 hunc
2445 3915 2623 3968 locum
2657 3913 2940 3970 Ciaconius
2971 3915 3085 3970 lucc
3115 3917 3400 3972 annotavit
3431 3935 3447 3974 :

1855 3982 2159 4057 Theoretica
2189 3985 2379 4057 vitaAea
2409 3985 2599 4038 dicitur
2627 3987 2831 4057 quarAin
2876 3985 3304 4057 contemplatione
3328 4006 3452 4043 con-

1851 4056 2016 4122 sistit,
2047 4065 2103 4109 ut
2135 4054 2358 4109 actualis
2387 4057 2440 4108 in
2469 4057 2694 4109 actione.
2730 4053 2980 4111 Cteterum
3007 4057 3061 4110 in
3077 4053 3324 4113 omnibus
3359 4077 3451 4114 e1:-

1853 4127 1987 4180 cusis
2017 4127 2279 4180 codicibus
2303 4127 2480 4180 vitiose
2507 4135 2625 4180 ante
2645 4125 2909 4196 legebatur
2939 4143 2957 4181 :
2984 4126 3236 4182 Tlteorica
3265 4130 3453 4186 uirtute

1851 4199 2107 4271 ﬂagrabat
2140 4213 2157 4250 :
2188 4198 2242 4271 in
2283 4197 2687 4271 Vaticano_vero
2715 4199 2982 4271 emendate
3010 4198 3199 4271 legitur
3231 4216 3250 4253 :
3284 4200 3452 4254 Theo-

1853 4267 2008 4322 retica
2037 4271 2141 4322 vita
2172 4269 2496 4338 fragrabant.
2533 4267 2607 4320 De
2633 4269 2847 4334 ﬂoribus
2878 4271 3013 4323 enim
3042 4267 3208 4323 sermo
3236 4287 3452 4338 praeces-

1851 4351 2011 4394 serat.
2065 4339 2196 4393 Vita:
2230 4349 2398 4411 autem
2442 4339 2683 4411 practice?
2712 4350 2759 4392 et
2790 4340 3075 4394 theoreticw
3105 4341 3341 4410 frequens
3381 4353 3454 4396 est

1851 4412 1991 4474 apud
2029 4410 2361 4481 philosOpltos
2404 4410 2595 4481 mentio
2643 4411 2828 4481 (Arist.
2856 4411 2944 4465 lib.
2982 4427 2998 4464 ι
3035 4411 3208 4463 Etlu'c.
3241 4429 3289 4464 c.
3322 4411 3374 4472 5,
3403 4423 3454 4466 et

1853 4481 1943 4534 lib.
1978 4479 2103 4535 rxic.
2130 4482 2205 4546 ιι).
2242 4480 2418 4533 Cicrro
2455 4481 2522 4533 ad
2551 4479 2775 4533 Atticum
2812 4479 2902 4533 lib.
2937 4497 2973 4534 ll
3004 4500 3015 4533 :
3055 4482 3340 4546 Quoniam,
3372 4485 3454 4537 in-

1851 4554 1991 4620 quit,
2025 4560 2167 4605 tanta
2211 4553 2557 4603 controversia
2598 4559 2674 4602 est
2724 4551 3028 4604 Dictearcho
3073 4553 3326 4621 familiari
3362 4564 3453 4606 tuo

1852 4638 1966 4700 eum
1992 4621 2549 4700 Tlteophrastonmico
2563 4636 2707 4700 meo,
2720 4628 2776 4672 ut
2805 4622 2892 4673 ille
2920 4631 3038 4700 tuus
3063 4623 3150 4677 τὸν
3177 4627 3452 4700 πρακτικὸν

166 4697 236 4753 bis
261 4698 441 4752 verbis
478 4695 597 4766 (Ea:
625 4696 856 4748 versione
880 4693 954 4766 7P.
999 4694 1222 4748 Andrea:
1246 4693 1438 4766 Scotti)
1465 4711 1477 4746 :
1517 4691 1753 4766 Tertium
1852 4693 1977 4766 βίον.
2003 4693 2058 4745 id
2085 4693 2480 4766 est,_practicam
2502 4693 2657 4766 uitam
2689 4692 2838 4760 longe
2867 4691 3449 4766 omnibusanieponat;

163 4766 231 4822 Itis
257 4763 577 4838 adjunctum
607 4767 847 4838 libellum
863 4765 1084 4838 legimus
1103 4806 1116 4827 ,
1134 4781 1295 4838 quem
1318 4780 1350 4838 a
1383 4764 1609 4838 Castoris
1640 4763 1748 4838 epi-

162 4843 286 4910 scopi
316 4835 493 4892 ntorte
524 4838 787 4910 inscripsit
812 4835 956 4910 illius
981 4836 1193 4910 ctenobii
1226 4836 1564 4910 moderatori,
1600 4837 1751 4910 cuius

1853 4760 1935 4839 llic
1953 4774 2120 4839 autem
2144 4764 2229 4818 τὸν
2251 4764 2569 4839 θεωρῃτικργ,
2595 4761 2648 4839 id
2672 4770 2768 4826 est,
2795 4760 3266 4839 contemplativaml
3295 4764 3447 4833 Apud

1853 4832 2174 4888 Christianos
2213 4831 2427 4886 rero'in
2480 4831 2690 4885 Mart/ta
2748 4841 2795 4904 et
2856 4831 3030 4885 Maria
3075 4831 3358 4904 practicant
3403 4845 3451 4886 ct

163 4903 357 4964 canobii
379 4927 551 4994 causa
577 4907 873 4990 etnliegulte
896 4906 1000 4989 illa
1029 4907 1172 4976 prius
1199 4907 1369 4988 missa:
1389 4906 1616 4986 fuerunt“.
1648 4904 1750 4994 ρξςὶ
1778 4934 1831 4994 D
1855 4905 2371 4994 tlteoreticarrlt‘vilam
2400 4904 2659 4986 designari
2688 4903 3139 4994 n'otissintunfest,
3171 4903 3282 4994 Ηαῆ
3306 4921 3450 4994 υοτίιις

160 4983 347 5057 quidem
376 4980 596 5057 libellus
625 4979 713 5057 iis,
739 4976 868 5057 quos
887 4979 1007 5057 jam
1029 4978 1474 5057 enumerabimus,
1508 4976 1751 5057 assimilis

160 5047 240 5104 est.
283 5053 450 5106 Docet
494 5052 634 5106 enim
664 5051 718 5102 in
745 5047 922 5120 primis
952 5049 1078 5118 quid
1107 5049 1350 5120 discretio
1390 5050 1491 5113 sit;
1536 5047 1751 5120 deinde-

1856 4975 2136 5029 Cassianus
2158 4974 2334 5028 (ἔφατε
2361 4976 2523 5045 scrips
2549 4985 2596 5040 t,
2635 4983 2682 5026 et
2705 4975 2862 5028 latius
2886 4974 3160 5044 explicavit
3181 4974 3360 5028 collat.
3387 4975 3451 5028 Η

1857 5063 1976 5114 cap.
2007 5050 2059 5103 1.
2093 5046 2218 5100 llzec
2246 5044 2472 5114 quidem
2491 5044 2800 5099 Ciaconius.
2850 5045 2953 5101 Sed
2985 5047 3126 5099 bona
3151 5045 3270 5114 t-jus
3294 5049 3448 5099 venia

160 5138 242 5190 que
286 5125 551 5194 majorem
592 5136 706 5175 eam
743 5116 1094 5194 esse_cteteris
1129 5119 1396 5194 virtutibus
1420 5158 1434 5185 ,
1469 5127 1576 5194 tum
1617 5118 1755 5171 unde
1858 5133 1963 5171 non
1987 5127 2188 5194 e_stcu_r
2213 5116 2557 5194 tlteorjcaput
2584 5117 2778 5194 vitiose
2807 5117 3002 5194 scripta
3030 5132 3125 5185 pro
3150 5117 3450 5194 theoretica

158 5186 416 5263 gignatur,
458 5209 530 5246 ac
566 5191 825 5263 quomodo
854 5190 960 5244 haec
999 5191 1178 5263 eadem
1215 5188 1414 5263 ctelitus
1451 5189 1756 5263 plerumque
1859 5188 2304 5263 reprehendatur.
2350 5188 2758 5263 Sumitur_eni_m
2803 5187 3252 5263 tlteor_ica__etiatn
3295 5186 3446 5263 adje-

160 5260 396 5331 donetur;
439 5260 659 5316 tandem
688 5262 972 5332 Scriptura:
1005 5261 1306 5332 testimoniis
1345 5260 1558 5332 probat,
1603 5275 1753 5312 suum

159 5335 328 5399 cuique
356 5336 607 5389 animum
649 5331 840 5386 seniori
870 5347 977 5385 esse
1005 5331 1360 5385 indicandum.
1418 5331 1575 5383 Addit
1617 5345 1752 5398 pra:-

161 5414 279 5460 terea
302 5409 424 5477 quis
458 5420 657 5469 scapus
703 5419 766 5477 ac
795 5403 912 5477 ﬁnis
939 5418 1114 5477 eorum
1143 5419 1252 5457 esse
1286 5401 1462 5477 debeat
1503 5399 1752 5477 ηυξ-’νεη-

162 5471 409 5543 giosoritm
454 5474 915 5531 exercitationibus
945 5474 1248 5543 probantur.
1303 5473 1382 5527 Ad
1422 5471 1530 5526 haec
1573 5471 1752 5524 Mosen

159 5549 423 5615 quemdam
451 5547 735 5602 virtutibus
760 5543 1082 5597 admirandis
1103 5546 1270 5597 cirum
1296 5545 1367 5597 ita
1389 5543 1660 5615 docentem
1677 5544 1758 5594 in-

1857 5261 2032 5325 ctive,
2063 5276 2165 5312 non
2200 5259 2373 5312 solum
2402 5260 2541 5326 apud
2570 5257 2885 5312 Cassianum
2918 5257 3160 5326 pluribus
3203 5257 3256 5312 in
3295 5257 3448 5322 locis,

1861 5341 1918 5384 ut
1942 5330 2123 5386 εσυ-ιι.
2160 5330 2224 5385 l9
2265 5346 2387 5398 cap.
2421 5331 2487 5394 5,
2522 5330 2606 5384 ubi
2641 5328 2937 5383 tbeoricam
2966 5338 3120 5383 vocat
3141 5327 3445 5382 sublimita-

1862 5411 1993 5467 tem,
2023 5412 2075 5456 ct
2106 5417 2224 5467 cap.
2252 5401 2284 5457 9
2309 5401 2572 5470 ejusdem,
2607 5400 2694 5454 ubi
2723 5401 3020 5454 tbeoricam
3053 5400 3361 5467 puritatem,
3397 5410 3450 5454 ct

1859 5487 2048 5527 rursus
2078 5473 2256 5528 collat.
2288 5472 2359 5528 25
2389 5487 2506 5539 cap.
2535 5471 2590 5537 4,
2625 5471 2712 5525 ubi
2745 5470 3044 5524 tbeoricam
3072 5471 3315 5526 nominat
3334 5472 3444 5524 cla-

1858 5542 2070 5597 ritatem
2095 5543 2238 5624 ;ﬂs_ed
2269 5554 2322 5597 et
2348 5543 2487 5624 apud
2615 5541 3002 5624 iiieronymum
3032 5542 3084 5595 in
3116 5557 3235 5624 cap.
3262 5557 3321 5623 tu
3347 5539 3452 5624 μι-

160 5611 310 5680 ducit.
339 5630 399 5675 ut
431 5618 575 5690 ipsis
602 5632 799 5687 quoque
827 5615 1065 5690 operibus
1093 5616 1154 5690 ab
1170 5615 1356 5690 oculos
1383 5614 1755 5690 propemodum
1859 5623 2085 5668 mental.
2113 5613 2474 5690 liierem,_ubi
2490 5613 2568 5690 de
2593 5611 2831 5690 tbeorica
2861 5612 3094 5690 puritate
3119 5611 3230 5690 agit
3261 5613 3448 5690 iisdem

160 5693 350 5744 statutis
387 5685 649 5756 dogmata
688 5703 784 5740 sua
819 5685 1082 5754 confirmet
1126 5685 1394 5753 (Quinque
1442 5687 1542 5737 ista
1583 5687 1755 5756 capita

157 5774 346 5818 exstant
371 5756 579 5816 collat.
600 5757 687 5829 2).
729 5758 854 5814 Haec
882 5757 1105 5811 Photius
1127 5756 1205 5829 de,
1223 5756 1326 5829 hoc
1352 5756 1535 5827 Moyse
1563 5756 1758 5829 abbate

1859 5699 1996 5753 pene
2023 5686 2224 5751 verbis,
2262 5686 2456 5751 quibus
2482 5682 2774 5738 Cassianus
2819 5683 2936 5737 loco
2960 5683 3068 5750 jam
3098 5684 3259 5738 dicto.
3308 5683 3450 5752 Quid

1862 5756 2023 5824 igitur
2051 5757 2230 5810 obstat
2259 5771 2364 5826 quo
2405 5754 2854 5826 minustheorica
2888 5755 2997 5808 vita
3035 5755 3142 5810 dici
3176 5755 3363 5822 possit,
3393 5764 3450 5826 u_t

159 5833 375 5924 eiusque
410 5824 848 5902 collationibus,
871 5829 1095 5892 concise
1117 5826 1377 5909 quidem,
1412 5824 1763 5916 tit-confuso;
1860 5827 2105 5890 tbeorica
2127 5824 2362 5907 paritas,
2385 5825 2539 5887 etc.‘t
2580 5824 2826 5885 Sumitur
2850 5834 3030 5885 tamen
3065 5826 3335 5893 theorica.
3365 5824 3450 5886 vel

3201 5969 3230 5985 tu.
3273 5973 3326 5982 ..,,.
3351 5961 3431 6001 ιε..
