3966 6326
499 203 602 263 ιεδ

1547 187 1826 262 JOANNts
1863 199 2178 294 casstant
2213 201 2706 288 coepulonus.

3636 210 3731 274 ιιι

499 287 736 378 tbeorica
778 316 980 373 virtute
1012 306 1273 384 ﬂagrabat
1294 355 1310 381 ,
1339 313 1679 399 institutione
1714 316 1830 396 ejus
1865 287 2297 396 fundari‘A'eam
2349 318 2557 394 cunctis
2619 317 2861 392 sentibus
2913 327 3267 390 expurgatam
3290 363 3308 390 ,
3375 323 3764 399 universisque.

500 413 720 484 cupiens
732 407 1075 481 expetissem,
1092 411 1195 463 una
1209 421 1329 462 cum
1354 401 1542 463 sancto
1557 417 1584 445 ι
1607 397 1799 465 abbate
1815 409 2084 480 Germano
2111 399 2116 404 ’

501 508 644 578 (cum
677 519 783 574 quo
811 502 944 558 mihi
973 501 1042 555 ab
1065 501 1184 570 ipso
1213 499 1510 582 tyrocinio,
1545 515 1607 582 ac
1637 493 1957 582 rudimentis
1987 503 2087 582 mi-

501 575 630 652 litiae
657 595 912 666 spiritalis
933 593 1012 649 ita
1039 581 1371 647 individuum
1399 575 1655 662 deincesz
1669 575 2086 650 contubernium

503 701 609 743 tam
656 689 707 743 in
743 686 1023 752 coenobio,
1067 699 1226 754 quam
1257 685 1310 762 in
1340 699 1524 758 eremo
1561 681 1690 752 fuit,
1728 697 1783 741 ut
1817 688 1992 741 cuncti
2018 686 2086 741 ad

502 779 905 850 signiﬁcandam
931 776 1234 832 sodalitatis
1261 791 1323 830 ac
1355 771 1615 846 propositi
1646 779 1812 831 nostri
1844 777 2087 847 parilita-

505 882 612 926 tem
652 868 1105 942 pronuntiarent,
1156 883 1321 922 unam
1369 865 1606 923 mentem
1651 879 1810 938 atque
1854 857 2089 946 animam

505 963 717 1018 duobus
763 951 945 1017 inesse
989 958 1367 1032 corporibus),
1405 955 1726 1030 pariterque
1763 951 1850 1015 ‘ab
1874 945 2089 1016 eodem

505 1055 701 1112 abbate
726 1053 1106 1110 aedificationis
1131 1055 1436 1110 sermonem
1462 1053 1592 1110 fusis
1622 1039 1875 1126 lacrymis
1903 1069 2092 1126 posce-

507 1161 690 1203 remus
734 1147 973 1220 (quippe
1001 1146 1158 1216 cujus
1188 1145 1329 1200 hune
1359 1145 1526 1200 animi
1579 1137 1814 1216 rigorem
1861 1147 2089 1204 manife-

508 1241 746 1297 stissime
775 1253 1119 1304 noveramus,
1155 1247 1214 1292 ut
1243 1238 1344 1293 nisi
1374 1237 1604 1293 ﬁdeliter
1632 1237 2086 1312 desiderantibus,

509 1341 708 1391 etcum
732 1332 879 1388 omni
903 1330 1091 1388 cordis
1111 1331 1440 1387 'contritione
1463 1331 1857 1402 quzerentibus,
1890 1315 2091 1404 nequa-

510 1442 670 1498 quam
702 1427 1078 1497 acquiesceret
1103 1428 1327 1496 januam
1359 1401 1708 1496 perfectionis
1738 1401 1989 1497 aperire,
2023 1401 2094 1486 ne

513 1520 762 1585 scilicet,
801 1518 847 1573 si
878 1517 1078 1588 passim
1121 1518 1209 1573 vel
1256 1517 1564 1574 nolentibus
1601 1532 1722 1572 eam
1745 1562 1759 1587 ,
1797 1520 1877 1573 vel
1912 1517 2092 1592 tepide

513 1611 819 1668 sitientibus
846 1611 1156 1676 exhiberet,
1197 1624 1286 1666 res
1317 1612 1652 1668 necessarias
1671 1652 1686 1679 ,
1719 1623 1775 1667 et
1806 1628 1926 1682 quae
1957 1613 2093 1669 solis

2186 399 2521 484 graminibus
2568 412 2867 468 absolutam
2916 413 2968 468 in
3018 413 3236 470 modttm
3285 413 3533 475 solubilis
3575 433 3734 476 arenae

2184 491 2849 586 exercendocomminuat
2881 522 2893 578 ξ
2928 504 3115 579 tinent,
3145 505 3315 588 idest,
3347 511 3734 577 perceptionem

2187 600 2528 672 copiosarum
2568 597 2787 670 frugum
2819 607 2875 656 et
2907 599 3326 666 exuberantiam
3357 611 3612 671 segetum,
3642 619 3736 659 non

2187 690 2318 764 alias
2336 689 2656 766 adepturum
2685 704 2745 750 se
2775 705 2894 767 esse
2914 691 3100 761 operis
3127 705 3192 758 ac
3215 691 3429 756 sudoris
3446 693 3526 748 sui
3551 694 3740 764 ratione

2187 769 2491 860 conlidens,
2519 798 2628 862 quo
2654 785 2740 859 vel
2768 785 2885 857 ipse
2913 785 3172 855 deinceps
3205 786 3372 847 vitam
3399 800 3611 845 securus
3635 788 3739 844 exi-

2189 890 2334 960 gere,
2369 876 2456 952 vel
2487 890 2641 950 suam
2679 877 2854 948 possit
2884 877 3220 954 ampliﬁcare
3248 877 3614 952 substantiam.
3643 881 3741 940 Re-

2190 968 2323 1054 ferta
2353 969 2514 1046 etiam
2547 968 2794 1042 frugibus
2834 970 3034 1028 horrea
3079 969 3314 1034 libenter
3338 973 3610 1040 Qxhaurit,
3636 987 3744 1042 eas-

2190 1075 2294 1140 que
2343 1062 2590 1132 putribus
2647 1063 2816 1136 sulcis
2873 1063 3104 1128 instanti
3162 1064 3346 1126 labore
3407 1067 3741 1140 commendat,

2191 1139 2518 1224 praesentem
2551 1153 2976 1214 diminutionem
3019 1154 3317 1214 futurarum
3349 1139 3595 1214 messium
3630 1173 3745 1214 con-

2194 1236 2543 1318 templatione
2593 1245 2770 1323 [ιὶρε.
2817 1248 2872 1312 in
2921 1263 3088 1321 marg.
3141 1249 3612 1324 compensatione]
3650 1265 3746 1309 non

2192 1337 2454 1424 sentiens.
2499 1335 2578 1418 Illi
2607 1337 2772 1416 etiam
2816 1337 2907 1410 qui
2953 1339 3381 1422 negotiatipnum
3411 1341 3582 1414 solent
3605 1356 3746 1399 exer-

2193 1443 2315 1495 cere
2359 1432 2719 1510 commercia,
2755 1447 2860 1488 non
2899 1432 3133 1510 incertos
3158 1433 3339 1508 pelagi
3378 1433 3568 1512 timent
3587 1449 3748 1507 casus,

2194 1538 2300 1577 non
2351 1524 2461 1578 ulla
2504 1525 2816 1602 discrimina
2866 1527 3306 1597 perhorrescunt,
3349 1527 3474 1583 dum
3516 1528 3579 1584 ad
3609 1528 3750 1585 tinem

2194 1624 2430 1691 quaestus
2478 1631 2574 1687 Spe
2604 1601 2764 1687 pretii
2804 1628 3186 1702 provocamur.
3224 1618 3339 1688 Nec
3376 1635 3483 1698 non
3527 1621 3674 1690 etiam
3702 1622 3751 1691 hi

514 1705 897 1777 perfectionem
945 1704 1292 1774 cupientibus
1345 1704 1545 1760 debent
1596 1720 1719 1761 esse
1771 1718 2086 1777 compertae,
2119 1699 2168 1760 Β
2193 1706 2283 1778 qui
2315 1707 2523 1763 militiae
2555 1699 2846 1784 mundialis
2870 1699 3167 1768 ambitione
3191 1711 3613 1778 inﬂammantur,
3639 1714 3750 1770 dum

514 1798 748 1869 indignis
780 1804 836 1853 et
873 1796 1154 1852 fastidiose
1191 1795 1615 1866 suscipientibus
1666 1798 1942 1870 pandens,
1999 1807 2096 1868 aut

511 1890 786 1968 jactantia:
821 1889 1046 1964 vitium,
1089 1873 1546 1962 aut'proditionis
1581 1891 1787 1946 crimen
1818 1890 2097 1947 videretur

515 1982 843 2055 incurrere),
876 1981 1090 2038 tandem
1145 1981 1401 2053 fatigatus
1447 1982 1700 2052 precibus
1728 1982 1969 2048 nostris,
2020 1985 2094 2038 ita

515 2091 745 2133 exorsus
786 2086 893 2133 εει.
1459 2067 1462 2070 ’
1694 2071 1698 2074 ’
1885 2077 1890 2084 ’

731 2175 734 2178 ’
1139 2167 1366 2238 CAPUT
1407 2169 1472 2238 ιι.

516 2263 594 2319 De
613 2264 1010 2337 interrogatione
1046 2262 1243 2318 abbatis
1275 2263 1476 2337 Moysis
1501 2264 1776 2337 amentis
1803 2266 1890 2337 qui
1916 2281 2095 2321 mona-

873 2335 968 2391 cho
1005 2351 1214 2405 scopas,
1243 2335 1320 2390 vel
1348 2335 1462 2406 quis
1492 2336 1557 2390 sit
1597 2337 1738 2404 ﬁnis.

585 2451 806 2518 Omnes,
829 2451 1027 2523 inquit,
1055 2462 1200 2508 artes
1219 2467 1284 2508 ac
1305 2451 1608 2522 disciplina;
1626 2451 1655 2491 ι)
1682 2467 1884 2525 scopon
1908 2467 2096 2524 quem-

514 2542 639 2600 dam
661 2589 675 2614 ,
715 2544 767 2599 id
799 2553 904 2609 est,
935 2544 1352 2600 de'Stinationem
1389 2552 1444 2600 et
1479 2544 1639 2612 tclos,
1674 2543 1776 2600 hoc
1803 2553 1903 2612 est,
1937 2545 2098 2602 tinem

464 2673 468 2677 ι
517 2635 794 2706 proprium
832 2635 1082 2692 habent:
1114 2636 1182 2692 ad
1226 2651 1387 2706 quem
1430 2637 1732 2707 respiciens
1761 2629 2100 2709 uniuscujus4

516 2742 623 2797 que
665 2727 799 2782 artis
846 2726 1144 2782 industrius
1189 2715 1492 2798 appetitor,
1531 2737 1754 2802 cunctos
1797 2729 2014 2794 labores
2043 2738 2100 2788 et

517 2820 758 2891 pericula
785 2819 1177 2890 dispendiaque
1226 2821 1481 2875 universa
1509 2824 1884 2900 aequanimiter
1921 2823 2097 2900 liben-

516 2922 705 2983 terque
733 2920 1023 2968 sustentat.
1061 2911 1194 2967 Nam
1223 2922 1278 2967 et
1310 2913 1546 2983 agricola
1584 2896 1987 2971 nunc'torridos
2012 2932 2102 2973 so-

515 3004 583 3060 lis
611 3004 814 3071 radios,
859 3019 1000 3060 nunc
1043 3005 1263 3073 pruinas
1291 3013 1346 3060 et
1387 3005 1618 3074 glaciem
1647 3021 1753 3062 non
1789 3008 2098 3076 declinans,

2199 1800 2537 1870 prospiciunt
2578 1802 2843 1858 honorum
2875 1817 2939 1858 ac
2971 1805 3230 1886 potentia
3257 1804 3440 1872 tinem,
3469 1805 3754 1886 peregrinaf

2198 1892 2406 1948 tionum
2454 1894 2616 1950 exitia
2663 1895 2830 1968 [Lips.
2876 1898 2932 1950 in
2960 1885 3128 1970 marg.
3167 1893 3497 1970 exsiliajac
3543 1879 3754 1978 pericula

2199 1999 2307 2041 non
2357 1987 2630 2054 sentiunt,
2680 2004 2780 2045 nec
2826 1979 3188 2060 praesentibus
3219 1992 3476 2047 arumnis
3520 1992 3756 2064 bellisque

2199 2076 2550 2157 franguntur,
2595 2081 2722 2137 dum
2767 2085 3110 2154 propositum
3157 2083 3258 2138 sibi
3303 2083 3576 2156 dignitatis
3616 2084 3756 2139 linem

2198 2168 2424 2239 cupiunt
2472 2172 2737 2228 obtinere.
2794 2174 2967 2229 [labet
3014 2158 3146 2248 ergo
3191 2183 3245 2230 et
3293 2179 3476 2242 nostra
3513 2163 3757 2248 professio

2197 2277 2408 2335 scopon
2455 2264 2731 2336 proprium
2763 2279 2826 2321 ac
2867 2265 3024 2324 linem
3068 2281 3260 2336 suum,
3303 2281 3398 2337 pro
3427 2255 3531 2336 quo
3562 2267 3759 2330 labores

2200 2366 2425 2411 cunctos
2456 2372 2564 2412 non
2589 2358 2763 2413 solum
2795 2356 3230 2429 infatigabiliter,
3264 2373 3451 2414 verum
3474 2359 3626 2432 etiam
3653 2373 3759 2431 grai:

2201 2455 2378 2505 tanter
2405 2449 2802 2518 impendimus,
2839 2450 2908 2505 ob
2935 2465 3096 2520 quem
3130 2464 3230 2505 nos
3256 2450 3575 2520 jejuniorum
3603 2449 3759 2504 inedia

2203 2557 2309 2598 non
2355 2542 2543 2613 fatigat
2563 2585 2577 2607 ,
2606 2544 2908 2620 vigiliarum
2939 2542 3198 2598 lassitudo
3225 2542 3501 2607 delectat,
3529 2543 3679 2598 lectio
3705 2555 3759 2596 ac

2202 2635 2484 2690 meditatio
2508 2623 2908 2705 Scripturarum
2937 2635 3252 2690 continuata
3283 2650 3386 2690 non
3411 2634 3585 2700 satiat,
3626 2633 3760 2688 labor

2201 2726 2363 2784 etiam
2392 2727 2754 2798 incessabilis,
2776 2726 3103 2796 nuditasque
3127 2734 3182 2780 et
3203 2726 3444 2781 omnium
3474 2740 3646 2781 rerum
3670 2723 3760 2793 pri-

2204 2819 2366 2892 vatio,
2401 2819 2595 2898 horror
2632 2833 2850 2894 quoque
2901 2818 3059 2888 hujus
3113 2819 3437 2874 vastissimae
3477 2815 3760 2874 solitudinis

2202 2927 2306 2968 non
2336 2913 2592 2969 deterret.
2625 2911 2708 2968 Ob
2737 2927 2897 2983 quem
2925 2926 3023 2967 vos
3053 2911 3159 2982 ipsi
3188 2911 3378 2981 procul
3405 2911 3566 2966 dubio
3591 2923 3762 2981 paren-

2203 3013 2315 3059 tum
2340 3005 2626 3075 sprevistis
2654 3004 2907 3061 ati'ectum
2935 3013 2991 3061 et
3013 3004 3248 3075 patrium
3279 3004 3451 3059 solum
3481 3018 3541 3058 ac
3566 3001 3760 3057 delicias

516 3098 718 3151 terram
747 3095 1154 3184 infatigabiliter
1191 3096 1409 3180 scindit,
1441 3104 1498 3184 et
1525 3097 1820 3180 indomitas
1850 3101 1960 3172 agri
1988 3100 2100 3174 gle-
2129 3083 2176 3148 Ο
2205 3101 2387 3156 mundi
2412 3109 2489 3156 tot
2523 3102 2865 3172 pertransitis
2895 3099 3206 3171 regionibus
3238 3098 3564 3171 despexistis
3583 3137 3599 3164 ,
3627 3104 3682 3151 ut
3702 3093 3761 3150 ad

519 3189 615 3245 bas
642 3183 916 3261 frequenti
937 3173 1158 3245 vomere
1187 3175 1408 3273 subigit,
1433 3173 1561 3273 dum
1584 3173 1788 3273 scopon
1816 3203 2014 3258 servat,
2041 3203 2102 3272 ut

2207 3208 2305 3248 nos
2337 3193 2586 3270 homines
2605 3193 2846 3260 rusticos
2871 3201 2962 3256 et?
2991 3191 3208 3257 idiotas,
3235 3199 3400 3262 atque
3420 3191 3475 3246 in
3499 3190 3598 3247 hoc
3615 3185 3768 3244 eremi-

1567 3329 1824 3385 ALARDI
1861 3330 2094 3387 GAZIEI
2133 3329 2697 3388 COMMENTARIUS.

518 3448 757 3505 tbeorice
785 3447 947 3522 etiam
993 3444 1328 3522 substantive
1356 3447 1496 3522 apnd
1536 3448 1785 3520 eumdem
1832 3450 2097 3522 Hierany-

518 3536 661 3575 mum
699 3518 886 3589 eodem
935 3518 1085 3585 loco,
1123 3518 1211 3574 ubi
1263 3517 1339 3586 ait
1373 3517 1546 3589 :_Una
1584 3517 1705 3589 ergo
1730 3561 1745 3582 ,
1787 3530 1833 3573 et
1881 3521 1990 3574 sola
2025 3517 2098 3589 est

517 3592 768 3664 tltenrica,
799 3588 855 3646 id
882 3599 987 3654 est,
1007 3589 1374 3664 contemplatio
1401 3587 1527 3664 Dei,
1561 3587 1664 3664 etc}
1698 3589 1813 3645 Nic.
1849 3587 2096 3664 Perouus

520 3663 573 3718 in
597 3661 902 3734 Cornucop.
935 3677 951 3714 :
982 3661 1098 3734 Ars,
1119 3660 1320 3734 inquit,
1347 3660 1543 3734 nullum
1573 3661 1778 3732 exigens
1797 3660 1986 3729 actum,
2010 3663 2100 3717 sed

517 3734 630 3806 ipso
658 3733 734 3806 rei
764 3735 911 3804 cujus
945 3732 1172 3806 studium
1203 3730 1353 3785 habet
1375 3731 1641 3806 intellectu
1662 3730 1903 3806 {omenta
1925 3749 2102 3806 Lque:

520 3801 741 3858 tbeorice
769 3801 1004 3867 vocatur,
1036 3801 1132 3855 hoc
1163 3812 1265 3866 est,
1297 3803 1631 3868 speculativa.
1665 3801 1757 3860 Sic
1784 3803 1888 3859 ille.
1920 3801 2100 3872 Theo?

522 3875 690 3929 retica
721 3874 884 3928 etiam
921 3887 1066 3927 nunc
1107 3872 1428 3940 atljectivum
1476 3875 1606 3940 est,‘
1630 3889 1771 3928 nunc
1797 3873 2094 3932 substanti-

523 3960 681 4016 vum,
701 3951 760 3998 ut
782 3943 964 4016 collat.
998 3944 1064 3997 η
1089 3955 1209 4016 cap.
1236 3942 1293 4007 2,
1330 3945 1419 3996 ubi
1453 3943 1746 4016 theoretice
1776 3945 2094 4016 appellatur.

595 4023 623 4052 ⁸
668 4015 742 4070 Ita
775 4013 887 4068 fere
917 4014 1208 4068 monachos
1237 4028 1331 4068 seu
1357 4015 1709 4069 anachoretas
1735 4013 2096 4084 appellabant,

526 4085 826 4156 praesertim
853 4093 1064 4156 senecta
1095 4092 1187 4138 aut
1210 4085 1491 4156 sanetitate
1521 4087 1876 4151 reverendus,
1907 4088 2098 4144 latiore

523 4155 752 4226 Quadam
772 4155 1124 4228 ttsurpatione
1151 4156 1336 4228 :‘_quod
1362 4155 1608 4228 frequens
1639 4157 1697 4228 in.
1725 4155 1854 4212 Vitis
1882 4158 2097 4215 Patrum

524 4225 578 4282 et
604 4232 741 4300 apud
771 4225 1067 4280 Palladium
1089 4227 1143 4300 in
1167 4225 1468 4300 Lausiacis.
1499 4226 1554 4281 In
1580 4225 1894 4300 quibuidam
1919 4238 2096 4300 tamen

524 4297 800 4353 codicibus
841 4302 1042 4366 tantum
1088 4296 1281 4366 legitur
1313 4313 1326 4349 :
1361 4295 1490 4352 Cum
1528 4295 1703 4352 sancto
1734 4297 2099 4365 Germano,'ut

522 4367 832 4423 observavit
857 4365 1158 4437 Cuychius.’
1197 4367 1364 4423 Porro
1412 4369 1502 4437 hic
1543 4368 1632 4424 ille
1673 4378 1753 4424 est
1797 4369 2099 4430 Germanus

522 4437 764 4508 Cassiani
800 4435 980 4490 socius
1017 4447 1082 4508 et,
1098 4438 1299 4508 collega
1326 4479 1338 4501 ,
1379 4435 1630 4508 idemque
1669 4450 1776 4493 tum
1814 4439 2099 4506 legationis

522 4524 623 4578 pro
643 4507 1285 4581 Chrysostotno__Rotnam
1319 4507 1673 4578 habitm,tum
1705 4513 2098 4581 peregrinatio-

525 4580 609 4635 nis
629 4579 696 4634 ad
723 4579 939 4649 Algypti
966 4578 1285 4634 solitudines
1313 4592 1577 4650 susceptae
1604 4578 1786 4636 comes
1810 4578 2096 4638 assiduus:

521 4665 679 4723 quem
715 4650 855 4723 idem
886 4649 1016 4723 alias
1056 4650 1430 4723 presbyterum
1477 4649 1753 4718 nominat,
1787 4669 2016 4723 eumque
2044 4651 2097 4708 in

520 4719 608 4775 his
652 4719 1033 4776 collationibus
1072 4735 1192 4775 cum
1220 4719 1345 4776 illis
1376 4722 1620 4777 Patribus
1664 4733 1719 4776 et
1759 4719 2099 4780 anachoretis

518 4792 948 4866 colloquentem,
975 4800 1040 4866 _et
1069 4792 1492 4866 interrogantem
1521 4792 1728 4848 inducit
1755 4810 1768 4846 :
1805 4810 1910 4866 qua
1943 4795 2009 4850 de
2040 4812 2100 4852 re

519 4863 659 4918 infra
686 4861 897 4931 plenius
925 4861 991 4916 ad
1022 4877 1139 4931 cap.
1167 4863 1221 4919 9.

588 4933 634 5006 δέ
653 4933 759 4988 Alii
788 4930 1018 5006 Latine,
1039 4930 1354 5006 alii_Grtece
1388 4934 1484 4989 has
1513 4949 1672 4990 voces
1707 4935 1914 5006 legunt,
1946 4947 2003 4993 ut
2033 4951 2099 4994 ex

523 5005 780 5059 Vaticano
801 5003 1105 5058 Ciaconius.
1134 5003 1423 5073 Distinguit
1451 5015 1626 5060 autem
1655 5005 1739 5060 hic
1764 5003 1927 5062 abbas
1958 5010 2100 5063 inter

515 5074 874 5148 enarramsive
899 5088 1120 5148 scopum
1143 5115 1159 5140 ,
1189 5083 1246 5129 et
1266 5077 1408 5137 τέλος
1429 5121 1443 5146 ,
1478 5077 1528 5130 id
1561 5088 1678 5144 est,
1723 5077 1878 5132 tinem
1916 5080 2098 5148 cujus-

516 5145 791 5220 queartis
819 5155 872 5200 et
911 5145 1230 5220 disciplinae.
1279 5145 1691 5220 Nam'scopumr
1724 5161 1885 5203 vocat
1930 5145 2096 5220 ipsam

515 5216 933 5272 destinationem
957 5257 972 5282 ,
1004 5217 1058 5270 id
1093 5227 1173 5271 est
1196 5260 1210 5284 ,
1251 5216 1572 5274 electionem
1594 5263 1608 5285 ,
1645 5216 2002 5276 directionem
2043 5230 2098 5277 et

515 5287 926 5355 dispositionem
967 5287 1265 5342 mediorum
1311 5289 1625 5344 idoneorum
1681 5291 1746 5344 ad
1780 5292 1934 5347 linem
1967 5307 2093 5347 con-

512 5357 850 5426 sequendum
895 5371 1104 5427 :quam
1150 5357 1548 5414 distinctionem
1596 5361 1828 5416 elucidat
1869 5374 1921 5416 et
1967 5378 2096 5418 con-

519 5429 697 5502 lirtnat
752 5427 944 5497 triplici
999 5431 1288 5502 exemplo,
1344 5432 1624 5502 agricoire,
1672 5435 1994 5488 mercatoris
2041 5442 2096 5488 et

516 5498 980 5574 tnili‘tis,_qu_orum
1009 5501 1361 5556 similitudine
1382 5498 1622 5556 ostendit
1645 5502 1805 5574 etiam
1834 5505 2095 5574 religiosa:

517 5567 840 5645 professinni
881 5585 1041 5645 suum
1088 5585 1209 5645 esse
1255 5585 1477 5642 scopum
1509 5581 1562 5627 et
1588 5588 1743 5627 suum
1787 5567 1955 5630 finemv
1973 5591 2096 5645 pro-

517 5639 717 5711 prium.
745 5638 897 5707 Quod
919 5643 964 5698 si
989 5638 1367 5714 pr0prietateni
1397 5659 1584 5698 vocum
1605 5646 1875 5715 attendas,
1898 5638 2094 5714 scapus

515 5715 735 5787 proprie
759 5716 967 5786 signum.
1000 5726 1079 5771 est
1098 5714 1529 5786 sagittariorum,
1547 5729 1640 5770 seu
1670 5714 1809 5770 meta
1842 5720 1904 5772 ad
1935 5734 2094 5790 qnam

733 5801 871 5828 ...~'.,
937 5797 964 5812 ‘t
1151 5799 1174 5816 ‘1
1287 5791 1290 5798 ¹
1425 5795 1428 5798 ’
1565 5790 1586 5802 ’¹

2126 4760 2179 4820 Ι)

2203 3452 2410 3520 sagittae
2439 3450 2764 3520 diriguntur.
2793 3447 2946 3520 Unde
2976 3447 3338 3520 Hieronymus
3363 3445 3456 3520 lib.
3485 3460 3502 3500 I
3529 3443 3760 3499 adversus

2203 3518 2470 3590 Pclagian.
2504 3518 2621 3593 cap.
2656 3520 2691 3574 5
2723 3537 2736 3572 :
2769 3519 3046 3588 Apostolus
3074 3518 3197 3572 dicit
3223 3533 3282 3593 se
3311 3518 3527 3572 necdum
3554 3525 3762 3593 compre-

2203 3586 2438 3648 hendisse
2485 3603 2531 3647 et
2573 3586 2895 3661 nequaquam
2957 3605 3062 3643 esse
3115 3586 3395 3660 perfectum
3425 3587 3590 3661 ,Ased'
3617 3586 3763 3661 instar

2204 3661 2455 3733 sagittarii
2484 3664 2551 3716 ad
2582 3657 2902 3734 propositum
2928 3671 2974 3734 et
3001 3661 3068 3714 ad
3094 3657 3297 3731 signum
3316 3658 3499 3734 jacula
3530 3658 3762 3734 dirigere;

2203 3727 2341 3808 quod
2374 3727 2750 3808 signiﬁcantius
2780 3728 2948 3808 erci
2977 3727 3165 3808 quone;
3195 3727 3492 3808 nominant,
3515 3727 3764 3808 nesagitta

2203 3800 2272 3858 ad
2304 3800 2500 3873 partZ’m
2538 3803 2797 3858 declinans
2835 3803 3129 3870 imperitum
3165 3802 3402 3873 ostendat
3438 3800 3761 3873 sagittarium.

2204 3869 2353 3930 Finis
2372 3885 2548 3930 autem
2575 3874 2790 3946 proprie
2814 3873 3018 3946 dicitur
3034 3874 3317 3946 terminus,
3342 3869 3458 3946 sive
3477 3869 3764 3946 extremitas

2203 3946 2459 4015 cujusque
2486 3937 2590 4011 rei,
2610 3937 2799 4002 Graece
2822 3945 2980 4015 τέλος.
3008 3937 3349 4015 Verumhzr'c
3371 3939 3636 4000 distinctio
3658 3937 3764 3992 ﬁnis

2203 4013 2432 4087 et'scupi
2464 4018 2775 4088 plerumque
2813 4013 3177 4088 confunditur.
3217 4013 3348 4068 Nam
3378 4023 3434 4069 et
3463 4025 3647 4080 scopus
3683 4019 3764 4079 per

2205 4088 2572 4157 metaphoram
2595 4087 2821 4141 sumitur
2850 4101 2944 4155 pro
2973 4087 3104 4157 line,
3121 4099 3228 4155 quo
3250 4095 3486 4157 mentem
3512 4092 3574 4157 et_
3591 4089 3765 4157 propo-

2204 4152 2365 4213 situm
2393 4169 2630 4212 nostrum
2661 4152 2956 4226 diriginius.
2993 4152 3533 4224 Unde'proverbiales
3563 4152 3765 4226 locutio—

2205 4245 2320 4302 nes,
2346 4228 2608 4302 attingere
2641 4221 2883 4302 scOpum,
2915 4221 3444 4302 aberrare—ascOpo,
3475 4234 3530 4280 et
3557 4221 3760 4302 similes.

2203 4297 2354 4354 Finis
2396 4297 2554 4354 etiam
2604 4301 2934 4365 intentionis,
2982 4299 3032 4354 id
3078 4305 3194 4362 est,
3243 4297 3470 4354 intentio
3511 4297 3766 4364 operantis

2203 4371 2467 4439 objective
2512 4385 2705 4451 scapus
2733 4370 2928 4426 dicitur
2959 4387 2974 4428 :
3002 4368 3272 4451 quomodo
3295 4368 3522 4451 dicimus
3545 4410 3560 4435 ,
3587 4365 3698 4421 linis
3718 4369 3766 4417 et

2203 4456 2395 4511 scopus
2425 4441 2618 4496 medici
2645 4452 2726 4496 est
2755 4455 2966 4508 curare,
2999 4443 3227 4494 oratoris
3265 4442 3604 4509 persuadere.

2279 4523 2307 4586 ξ
2333 4511 2532 4586 idiotes
2548 4554 2561 4574 ,
2590 4513 2700 4565 sive
2723 4510 2894 4586 idiota
2909 4512 3124 4581 proprie
3145 4511 3286 4586 idem
3317 4521 3400 4586 est
3427 4510 3762 4586 ac_pt-iv_atus2

2204 4583 2348 4638 nullo
2381 4583 2595 4652 publico
2627 4598 2848 4638 munere
2877 4579 3119 4651 iungens.
3153 4581 3302 4640 Unde
3329 4581 3585 4637 ὶδιοτεύειν
3609 4579 3766 4652 Grarci

2201 4643 2406 4720 dicunt,
2442 4670 2538 4722 pro
2568 4668 2633 4709 eo
2660 4653 2804 4720 quod
2833 4665 2913 4708 est
2946 4643 3202 4722 p'rivatam
3225 4652 3387 4707 vitam
3414 4663 3570 4722 agere
3599 4666 3612 4702 :
3640 4643 3764 4714 apud

2205 4725 2419 4780 Latinos
2450 4721 2578 4778 vero
2604 4725 2862 4793 accipitur
2889 4721 2984 4793 pro
3009 4723 3304 4786 illitterato,
3339 4721 3601 4793 imperito,
3634 4721 3766 4786 igna-

2204 4812 2284 4860 ro,
2314 4808 2368 4849 ut
2399 4795 2501 4850 hoc
2533 4796 2671 4850 loco.
2719 4789 2904 4865 Cujus
2929 4793 3190 4849 rationem
3240 4793 3515 4865 explicitus
3547 4789 3721 4865 Festus
3750 4803 3762 4838 :

2197 4859 2376 4932 Ἰδίος,
2408 4867 2614 4935 inquit,
2661 4859 2900 4934 propiius
2944 4865 3164 4931 dicitur;
3194 4881 3227 4916 a
3263 4859 3362 4933 quo
3389 4862 3571 4917 idioles
3598 4859 3766 4935 dicititr

2200 4928 2457 5003 indoctus,
2481 4928 2533 4991 et
2555 4928 2776 5006 inutilis,
2805 4937 2950 5006 quasi
2975 4935 3070 5006 sibi
3080 4928 3447 5006 tantummodo
3471 4941 3518 4986 et
3542 4946 3637 4984 non
3657 4928 3764 5006 plu-

2200 5007 2346 5062 ribus
2369 4999 2537 5062 utilis.
2567 5007 2640 5062 lta
2667 4999 2854 5061 Cicer'o
2877 5023 2945 5060 vtt
2972 5008 3023 5058 in
3053 5005 3272 5064 Verrem
3306 5022 3319 5059 :
3352 5005 3480 5070 Qua:
3508 5019 3605 5056 non
3625 4999 3763 5052 modo

2199 5080 2351 5132 istum
2379 5078 2630 5133 hominem
2658 5079 3000 5148 ingeniosum,
3024 5085 3176 5147 atque
3198 5076 3584 5148 intelligentem,
3608 5083 3764 5148 verum

2202 5153 2358 5203 etiam
2387 5151 2610 5220 quemvis
2637 5139 2856 5202 vestrum
2874 5189 2889 5214 ,
2921 5139 3048 5220 quos
3073 5139 3173 5220 iste
3197 5139 3386 5201 idiotas
3412 5139 3763 5220 appellata“-

2203 5209 2613 5290 lectare'posset.
2653 5220 2853 5290 Eodem
2877 5209 3042 5274 modo
3067 5218 3267 5290 accipit
3289 5209 3572 5290 Apostolus
3606 5209 3762 5268 lCor.

2204 5308 2288 5346 xw
2319 5309 2330 5345 :
2369 5286 2434 5344 Is
2451 5292 2540 5360 qui
2565 5295 2766 5358 supplet
2809 5289 2977 5344 locum
3007 5286 3209 5360 idiotis.
3235 5289 3299 5343 Et
3328 5287 3498 5360 Lucas
3527 5286 3644 5340 Act.
3675 5295 3718 5333 tv
3751 5296 3760 5360 ξ

2203 5355 2592 5416 Ηοηιὶηείδίηε
2629 5355 2809 5415 litteris
2851 5370 2899 5414 et
2937 5361 3129 5416 idiota.
3172 5358 3458 5430 Fatniliare
3494 5362 3664 5430 autem
3691 5355 3766 5430 (ζει

2200 5435 2330 5488 viris
2359 5433 2579 5499 sanctis,
2614 5433 2736 5488 licet
2765 5431 3176 5503 sapientissimis
3201 5438 3256 5486 et
3285 5424 3758 5503 perspicacissitniS.

2202 5503 2372 5572 qualis
2405 5503 2491 5558 hic
2528 5493 2849 5582 anachoreta
2881 5504 3087 5582 Moses,
3116 5493 3328 5582 ignaros
3355 5493 3529 5582 tamen
3564 5493 3761 5582 elidit):

2201 5585 2282 5629 tas
2312 5590 2431 5630 sese
2456 5589 2520 5628 ex
2553 5576 2737 5628 intima
2770 5575 3089 5640 humilitate,
3132 5572 3188 5628 e‘t
3217 5586 3344 5628 vera
3370 5572 3452 5628 sui
3479 5572 3764 5642 cognitione

2200 5648 2472 5718 proﬁteri;
2521 5655 2576 5718 et
2623 5632 2840 5718 quidem
2883 5632 3133 5718 exemplo
3179 5644 3315 5718 beati
3339 5632 3758 5718 apostoli-Pauli,

2452 5691 3036 5788 judicabat“
3048 5691 3551 5781 r{circini-isi“.solum
3577 5691 3759 5772 Iesum,
