3966 6326
492 300 596 364 ι87

497 510 877 583 pronuntiante
903 525 916 561 :
955 505 1209 560 Habentes
1239 499 1444 572 quidem
1468 498 1693 568 fructum
1722 505 1945 549 vestrum
1971 503 1997 530 ει
2026 494 2079 546 in

496 602 928 674 sanctiﬁcatione,
955 599 1109 668 finem
1135 609 1249 648 vero
1289 593 1446 646 vitam
1473 601 1714 645 (sternam
1734 587 1754 657 (
1777 585 1928 640 Rom.
1957 600 2012 639 v1
2037 585 2076 653 ).

497 669 710 765 Scopos
740 707 873 749 vero
903 698 986 746 est
1029 687 1236 758 puritas
1281 683 1480 753 cordis,
1512 697 1672 754 quam
1702 678 2084 736 sanctiﬁcatio-
2129 669 2132 678 ’

497 805 620 846 nem
650 803 758 843 non
789 785 1060 842 immerito
1106 780 1456 850 nuncupavit,
1491 779 1608 833 sine
1649 790 1753 846 qua
1795 772 2086 844 praedictus

498 883 624 938 ﬁnis
653 897 759 936 non
787 878 986 950 poterit
1012 873 1368 946 apprehendi.
1401 872 1480 928 Ac
1507 870 1550 926 si
1576 868 1804 924 dixisset
1824 867 1946 920 aliis
1966 879 2084 918 ver-

497 977 582 1031 bis
609 994 621 1027 :
657 971 930 1028 Habentes
959 970 1176 1041 quidem
1201 980 1400 1036 scopon
1430 974 1672 1018 vestrum
1703 962 1754 1016 in
1774 957 1951 1015 cordis
1982 971 2085 1028 pu-

500 1070 682 1131 ritate,
704 1066 865 1120 ﬁuem
885 1079 1012 1119 vero
1029 1064 1190 1116 vitam
1205 1070 1494 1121 aeternam;
1519 1055 1586 1110 de
1598 1069 1699 1124 qua
1721 1050 2089 1108 destinatione

501 1160 633 1215 alibi
672 1159 877 1214 docens
910 1171 1010 1212 nos
1041 1156 1181 1210 idem
1221 1155 1413 1208 beatus
1443 1149 1755 1218 Apostolus,
1787 1148 1957 1216 ipsum
1984 1158 2087 1198 no-

505 1268 663 1318 men,
707 1251 762 1306 id
805 1259 909 1317 est,
940 1262 1141 1316 scopon
1187 1244 1557 1315 signiﬁcanter
1582 1237 1870 1309 expressit,
1905 1236 1974 1290 ita
2005 1233 2092 1288 di-

503 1356 634 1396 cens
658 1359 670 1394 :
703 1341 833 1407 Qua:
855 1340 1138 1409 posteriora
1159 1345 1277 1391 sunt
1304 1334 1627 1396 obliviscens,
1659 1331 1726 1384 ad
1755 1346 1814 1384 ea
1842 1343 1955 1382 vero
1975 1342 2092 1397 qua:

504 1433 682 1505 priora
709 1440 830 1486 sunt
859 1431 1137 1484 extendens
1161 1445 1267 1492 me,
1300 1425 1327 1465 ι)
1363 1424 1433 1480 ad
1474 1424 1787 1478 destinatum
1819 1435 2095 1490 persequor

507 1525 736 1578 bravium
790 1537 1029 1591 superna:
1084 1518 1365 1573 vocationis
1416 1516 1629 1571 Domini
1685 1512 1929 1580 (Philip.
1968 1510 2094 1583 tu).

505 1617 661 1682 Quod
676 1614 983 1671 evidentius
1000 1624 1021 1652 ε
1039 1614 1091 1667 in
1105 1612 1293 1668 Graeco
1307 1609 1546 1680 ponitur,
1559 1609 1690 1663 κατὰ
1709 1608 1891 1661 σκοπὸν
1903 1605 2091 1671 διώκω,

507 1710 559 1764 id
581 1719 686 1777 est,
711 1707 1008 1763 secundum
1031 1704 1446 1759 destinationem
1469 1697 2095 1770 prosequor.Tamquam

1525 287 1809 351 JOANNIS
1849 283 2163 347 CASSlANl
2200 276 2688 344 COLLATIONES.

495 423 640 487 dein,
662 414 956 473 secundum
973 409 1312 483 Apostolum,
1328 407 1435 462 vita
1450 417 1653 461 :eterua
1677 413 1779 468 est,
1795 404 1865 457 ita
1883 401 2072 457 eodem
2100 407 2154 464 Α
2239 393 2244 398 ’

3623 284 3714 342 ωε

2802 388 3030 446 CAPUT
3066 387 3154 446 Vl.

2183 552 2262 608 De
2280 551 2382 621 his,
2404 553 2489 623 qui
2515 550 2927 623 abrenuntiantes
2953 547 3166 623 mundo,
3180 549 3250 599 ad
3270 549 3610 618 perfectionem
3627 555 3722 609 sine

2669 622 2921 676 charitatc
2943 619 3276 673 contendunt.

2256 783 2392 838 Hinc
2436 795 2670 850 namque
2715 787 2830 845 est,
2862 776 3006 848 quod
3059 777 3348 832 nonnullos
3386 778 3561 834 mundi
3590 781 3724 850 hujus

2187 874 2447 930 maximas
2468 871 2779 937 facultates,
2811 882 2868 926 et
2907 886 3015 926 non
3055 871 3228 925 solum
3262 868 3426 924 multa
3454 872 3564 926 auri
3587 882 3727 943 atque

2188 967 2397 1038 argenti
2424 965 2854 1030 talenta,verum
2882 963 3042 1018 etiam
3076 962 3397 1033 praediorum
3422 963 3732 1033 magniﬁcen-

2191 1061 2318 1114 tiam
2343 1065 2775 1122 contemnentes,
2799 1065 2920 1124 post
2941 1055 3057 1110 hzec
3073 1055 3302 1108 vidimus
3320 1069 3412 1123 pro
3435 1053 3459 1090 ἀ
3482 1057 3734 1124 scalpello,

2191 1168 2290 1224 pro
2337 1150 2587 1222 graphio,
2621 1166 2717 1221 pro
2741 1165 2866 1216 acu,
2897 1164 2996 1220 pro
3041 1148 3252 1204 calamo
3289 1149 3619 1204 commoveri.
3650 1150 3737 1215 Qui

2192 1249 2239 1303 si
2267 1246 2780 1316 contemplationem
2813 1245 2995 1301 cordis
3043 1244 3231 1298 mundi
3279 1243 3434 1297 ﬁxam
3485 1255 3735 1310 tenerent,

2194 1355 2490 1410 numquam
2511 1340 2696 1409 utique
2723 1353 2824 1408 pro
2851 1338 3032 1406 parvis
3055 1338 3215 1392 rebus
3235 1335 3592 1402 admitterent,
3615 1337 3740 1407 quod

2197 1447 2265 1488 ne
2296 1448 2396 1502 pro
2428 1431 2638 1501 magnis
2667 1445 2730 1486 ac
2767 1429 3020 1500 pretiosis
3049 1429 3385 1482 incurrerent
3408 1429 3608 1497 opibus,
3635 1443 3742 1483 eas-

2197 1527 2320 1584 dem
2353 1527 2568 1597 penitus
2595 1525 2831 1595 abjieere
2861 1524 3192 1579 maluerunt.
3221 1522 3354 1578 Nam
3385 1531 3436 1577 et
3465 1521 3748 1592 plerumque

2198 1618 2446 1674 nonnulli
2478 1625 2628 1671 tanto
2655 1617 2772 1670 zelo
2798 1614 3040 1670 codicem
3076 1623 3327 1678 servant,
3363 1623 3416 1667 ut
3445 1628 3562 1667 eum
3590 1628 3650 1666 ne
3682 1613 3749 1667 le-

2199 1711 2339 1766 viter
2361 1710 2466 1779 legi
2491 1708 2730 1780 quidem,
2762 1708 2849 1762 vel
2895 1707 3129 1776 contingi
3155 1707 3221 1759 ab
3265 1707 3444 1776 aliquo
3490 1706 3749 1775 patiantur,

505 1804 550 1857 si
581 1801 809 1857 dixisset
851 1819 863 1853 :
895 1800 1008 1854 llac
1028 1797 1392 1853 destinatione
1413 1809 1515 1864 qua
1545 1794 1630 1847 illa
1663 1808 1781 1862 qua:
1805 1791 2103 1861 posteriora

2225 1813 2261 1858 ll
2286 1801 2411 1856 inde
2441 1801 2755 1856 occasiones
2792 1797 3139 1866 impatientia:
3164 1811 3228 1852 ac
3256 1798 3442 1851 mortis
3469 1797 3751 1860 incurrunt,

505 1904 631 1950 sunt
671 1893 987 1958 obliviscor,
1033 1890 1084 1944 id
1112 1899 1216 1952 est,
1251 1885 1538 1942 anterioris
1567 1883 1801 1939 hominis
1840 1883 1988 1949 vitia,
2031 1880 2101 1936 ad

507 1989 668 2042 ﬁnem
701 1985 870 2040 bravii
899 1982 1140 2039 caelestis
1181 1980 1464 2049 pervenire
1505 1977 1798 2033 contendo.
1827 1974 2100 2044 Quidquid

507 2094 638 2148 ergo
682 2093 781 2133 nos
831 2077 897 2131 ad
935 2077 1081 2130 hunc
1119 2087 1346 2141 scapon,
1387 2069 1438 2124 id
1468 2080 1573 2134 est,
1607 2069 1896 2139 puritatem
1925 2066 2104 2122 cordis

508 2182 687 2243 potest
707 2171 965 2242 dirigere,
997 2177 1110 2224 tota
1136 2167 1336 2220 virtute
1361 2161 1675 2219 sectandum
1705 2172 1781 2215 est
1802 2176 1816 2225 ;
1841 2157 2102 2229 quidquid

508 2277 687 2321 atttem
733 2267 801 2320 ab
846 2264 947 2318 hac
998 2260 1252 2326 retrahit,
1287 2268 1345 2312 ut
1375 2255 1735 2328 perniciosum
1769 2269 1831 2308 ac
1882 2251 2103 2306 noxium

509 2357 885 2414 devitandum.
927 2355 1033 2410 Pro
1080 2354 1182 2408 hac
1225 2351 1368 2407 enim
1417 2349 1668 2404 universa
1713 2346 2005 2400 toleramus
2053 2353 2110 2400 et

509 2451 744 2521 agimus.
766 2449 870 2503 Pro
891 2447 1010 2515 hac,
1032 2455 1308 2516 parentes,
1337 2444 1528 2510 patria,
1548 2439 1857 2510 dignitates,
1881 2435 2105 2503 divitiae,

509 2542 718 2598 delicia:
765 2540 954 2596 mundi
1001 2537 1197 2608 hujus,
1243 2544 1300 2590 et
1334 2533 1580 2601 voluptas
1619 2530 1872 2585 universa
1924 2537 2111 2582 conte-

512 2645 794 2704 mnuntur,
809 2642 869 2688 ut
881 2632 1087 2688 scilicet
1099 2645 1170 2700 pu
1179 2630 1312 2683 ritas
1326 2627 1503 2681 cordis
1519 2633 1775 2695 perpetua
1790 2622 2108 2678 retineatur.

512 2729 624 2784 llac
645 2730 829 2798 itaque
852 2725 1006 2780 nobis
1036 2722 1405 2778 destinatione
1431 2719 1706 2789 proposita
1729 2731 1944 2786 semper
1959 2724 2112 2769 actus

514 2821 688 2876 nostri
719 2831 774 2875 et
804 2817 1162 2888 cogitationes
1191 2814 1256 2868 ad
1285 2829 1402 2868 eam
1427 2810 1772 2866 obtinendam
1812 2807 2114 2863 rectissime

514 2915 839 2984 dirigentur.
871 2911 1002 2977 Quae
1031 2910 1076 2964 si
1113 2923 1226 2978 pra:
1249 2907 1422 2961 oculis
1447 2903 1650 2959 nostris
1686 2902 1886 2972 iugiter
1913 2908 2114 2955 statuta

517 3022 623 3062 non
677 3005 860 3073 fuerit,
891 3018 996 3058 non
1045 3002 1222 3056 solum
1276 3008 1502 3054 cunctos
1535 2997 1753 3053 labores
1777 3005 1997 3052 nostros
2025 3011 2117 3050 va-

516 3114 650 3154 cuos
681 3098 884 3168 pariter
910 3106 1073 3166 atque
1119 3093 1400 3148 instabiles
1425 3091 1681 3158 reddens,
1725 3091 1995 3146 incassum
2023 3103 2119 3144 eos

2203 1895 2344 1950 unde
2374 1904 2665 1948 monentur
2687 1892 2953 1963 Stipendia
2997 1891 3268 1962 patientia:
3313 1899 3364 1944 et
3397 1888 3658 1943 charitatis
3681 1903 3758 1941 ac-

2203 1989 2442 2060 quirere.
2484 1989 2726 2056 Cumque
2774 2001 2963 2041 omnes
3010 1985 3222 2039 divitias
3270 2000 3393 2038 suas
3446 1999 3538 2052 pro
3584 1981 3758 2037 Christi

2203 2096 2388 2135 amore
2419 2079 2794 2149 disperserint,
2824 2078 3106 2147 pristinum
3137 2085 3318 2132 tamen
3341 2075 3518 2131 cordis
3540 2075 3760 2129 allectum

2208 2173 2260 2226 in
2292 2171 2454 2227 rebus
2497 2170 2735 2224 minimis
2769 2179 3121 2234 retentantes,
3155 2181 3207 2224 et
3239 2184 3338 2238 pro
3367 2169 3492 2238 ipsis
3523 2183 3761 2222 nonnum-

2209 2278 2367 2334 quam
2402 2273 2423 2300 ε
2453 2263 2725 2316 mobiliter
2757 2263 3071 2326 irascentes,
3105 2260 3272 2316 veluti
3296 2261 3386 2331 qui
3420 2276 3523 2314 non
3561 2259 3766 2314 habeant

2209 2357 2565 2427 apostolicam
2581 2355 2922 2423 charitatem,
2939 2371 3002 2410 ex
3027 2356 3278 2412 omnibus
3305 2355 3615 2410 infructuosi
3631 2354 3766 2409 steri-

2210 2447 2396 2517 lesque
2417 2448 2738 2502 redduntur.
2762 2448 2914 2514 Quod
2940 2449 2992 2502 in
3028 2447 3219 2517 spiritu
3248 2447 3313 2503 Β.
3340 2446 3623 2516 Apostolus
3651 2461 3769 2514 praes

2213 2543 2426 2608 videns,
2457 2541 2526 2595 Et
2554 2543 2598 2595 si
2630 2544 2965 2606 distribuero,
3008 2542 3214 2611 inquit,
3244 2544 3299 2595 in
3343 2541 3475 2595 cibos
3519 2555 3772 2610 pauperum

2214 2652 2389 2690 omnes
2417 2635 2689 2702 facultates
2735 2652 2893 2700 meas,
2923 2643 2971 2688 et
3021 2635 3282 2688 tradidero
3324 2650 3509 2705 corpus
3551 2640 3775 2686 meumut

2215 2728 2462 2789 ardeam,
2497 2727 2801 2780 charitatem
2843 2737 3014 2781 autem
3058 2743 3159 2780 non
3216 2725 3467 2791 habeam,
3517 2725 3638 2778 nihil
3666 2723 3774 2776 mihi

2217 2819 2423 2890 prodest
2451 2817 2503 2890 (ι
2528 2818 2647 2873 Cor.
2683 2817 2826 2888 xm).
2860 2817 3013 2874 Unde
3044 2817 3249 2888 liquido
3287 2817 3657 2889 comprobatur
3677 2831 3778 2886 per-

2218 2911 2509 2967 fectionem
2553 2927 2658 2966 non
2687 2913 2865 2967 statim
2914 2912 3187 2982 nuditate,
3217 2929 3323 2970 nec
3360 2914 3653 2984 privatione
3680 2927 3779 2963 om-

2219 3003 2374 3056 nium
2397 3003 2728 3069 facultatum,
2753 3020 2848 3058 seu
2876 3003 3198 3074 dignitatum
3221 3004 3526 3072 abjectione
3545 2999 3779 3070 contingi,

2222 3096 2327 3151 nisi
2359 3095 2523 3150 fuerit
2551 3094 2727 3166 [Lips.
2760 3097 2813 3149 in
2842 3113 3008 3167 marg.
3037 3096 3139 3150 nisi
3171 3105 3375 3166 praesto
3404 3092 3595 3165 fuerit]
3621 3094 3782 3148 chari-

519 3206 582 3248 ες
605 3193 722 3246 sine
747 3190 854 3244 ullo
881 3188 1246 3244 θωοιυηιθιιιο
1261 3185 1550 3255 compellet
1573 3183 1803 3250 είΐυηάἰς
1832 3183 1928 3238 εεά
1953 3181 2114 3238 etiam
2141 3169 2187 3232 Ο
2222 3197 2302 3243 tas
2331 3189 2444 3256 illa,
2463 3188 2616 3258 cujus
2633 3190 2925 3258 Aposmlus
2949 3189 3190 3244 membra
3209 3190 3473 3244 describit
3502 3191 3552 3243 in
3582 3189 3784 3242 veritate

519 3286 878 3355 cogitationes
909 3296 1098 3336 omnes
1126 3280 1375 3334 diversas
1405 3278 1617 3348 sibique
1657 3278 1958 3331 contrarias
1997 3290 2118 3330 sus-

521 3378 727 3433 citabit.
776 3377 1007 3432 Necesse
1052 3386 1136 3430 est
1173 3374 1317 3430 enim
1370 3381 1640 3437 mentem,
1683 3385 1790 3441 quo
1837 3379 2114 3439 recurrat,

522 3471 677 3525 cuive
708 3468 1074 3539 principaliter
1096 3468 1359 3521 inhaereat
1397 3479 1502 3519 non
1534 3464 1848 3528 habentem,
1881 3477 1980 3532 per
2003 3460 2118 3516 sin-

523 3566 675 3636 gulas
707 3564 867 3618 horas
893 3572 1052 3632 atque
1083 3568 1356 3616 momenta
1391 3574 1486 3628 pro
1514 3559 1828 3612 incursuum
1859 3555 2120 3610 varietate

526 3656 744 3722 mutari,
773 3664 934 3725 atque
970 3669 1033 3709 ex
1063 3653 1179 3717 his,
1222 3666 1342 3721 quae
1381 3651 1717 3704 extrinsecus
1763 3646 2033 3711 accidunt,
2065 3645 2118 3700 in

526 3751 673 3805 illum
701 3757 898 3804 statum
927 3746 1181 3803 continuo
1206 3742 1604 3810 transformari,
1635 3743 1725 3812 qui
1774 3739 1876 3795 sibi
1904 3740 2112 3808 primus

527 3838 850 3895 occurrerit.

2228 3296 2501 3352 possessa,
2535 3297 2655 3352 qua:
2685 3282 2737 3335 in
2766 3281 2882 3335 sola
2910 3281 3088 3336 cordis
3118 3284 3349 3351 puritate
3380 3283 3640 3337 consistit.
3667 3279 3782 3333 Nam

2221 3376 2348 3446 quid
2373 3387 2455 3432 est
2483 3376 2646 3443 aliud,
2676 3392 2782 3431 non
2811 3375 3077 3441 aemulari,
3103 3391 3210 3430 non
3236 3377 3436 3442 inﬁari,
3463 3391 3568 3430 non
3590 3371 3786 3434 irritati,

2223 3484 2332 3522 non
2383 3483 2544 3538 agere
2591 3483 2898 3538 perperam,
2931 3483 3037 3521 ιιοιι
3069 3483 3317 3537 (ἷιυὶἓΐεΐθ
3357 3483 3478 3537 qua:
3518 3482 3609 3521 sua
3639 3471 3785 3526 sunt,

2225 3577 2332 3616 non
2360 3561 2599 3632 gaudere
2627 3576 2791 3630 super
2833 3559 3114 3631 iniquitate
3137 3602 3151 3625 ,
3187 3576 3294 3615 non
3325 3562 3562 3631 cogitare
3591 3557 3787 3620 malum,

2228 3664 2282 3710 et
2311 3656 2545 3726 reliqua,
2575 3655 2674 3710 nisi
2703 3669 2796 3709 cor
2827 3653 3122 3723 perfectum
3165 3670 3228 3708 ac
3257 3655 3665 3710 mundissimum
3697 3651 3790 3702 Deo

2227 3761 2440 3816 semper
2470 3745 2692 3811 oll‘erre,
2725 3756 2780 3800 et
2803 3745 3060 3801 intactum
3101 3761 3132 3799 a
3158 3747 3373 3802 eunetis
3403 3738 3792 3815 perturbationi-

2230 3839 2328 3894 bus
2359 3839 2674 3895 custodire?

1586 3924 1847 3981 ALARDI
1889 3925 2126 3984 ΟΑΖιΕΙ
2165 3929 2737 3987 COMMENTARIUS.

533 4028 732 4098 passim
760 4025 1040 4098 permissa.
1089 4017 1518 4098 DA._A‘ugus‘tinu.s_
1544 4017 1641 4072 lib.
1687 4017 1949 4072 adversus
1993 4020 2124 4074 Adi-

534 4088 774 4154 inantuni
804 4111 924 4164 cap.
954 4094 1025 4146 24
1059 4111 1070 4144 :
1109 4092 1168 4164 Si
1206 4088 1298 4144 hoc
1321 4090 1434 4143 ideo
1448 4088 1657 4164 dictum
1685 4099 1778 4164 est,
1813 4098 1864 4140 ut
1892 4105 1993 4164 non
2015 4107 2125 4164 αρν-

532 4179 676 4225 vetur
709 4158 942 4238 panis-in
983 4163 1298 4238 crastinum;
1323 4161 1485 4238 magis
1515 4159 1610 4212 hoc
1633 4158 1846 4238 implent
1873 4161 1987 4229 vagi
2022 4161 2128 4214 Ro-

533 4232 826 4300 manorum,
851 4251 976 4303 quos
1022 4234 1252 4302 passivos
1283 4232 1566 4353 ap‘pellant,
1590 4232 1678 4300 qui
1716 4247 1921 4283 annona
1961 4234 2129 4299 quoti-

535 4315 691 4353 dinnn
719 4311 908 4353 sntiat!)
937 4313 1140 4353 uentre.
1188 4311 1278 4353 aut
1359 4311 1515 4353 onant
1546 4303 1717 4353 statim
1762 4301 1898 4353 auod
1938 4315 2126 4353 restat-

535 4315 692 4365 diana
719 4301 908 4362 satiato
937 4313 1141 4367 ventre,
1188 4311 1278 4354 aut
1323 4301 1515 4354 donant
1546 4303 1717 4354 statim
1762 4301 1898 4369 quod
1938 4315 2127 4370 restat,

535 4393 623 4436 aut
651 4381 952 4452 proﬁciunt.
985 4373 1166 4430 Utitur
1197 4382 1372 4452 tamen
1402 4377 1565 4452 etiam
1588 4372 2050 4452 _$_._l_l_ierony_m_us
2075 4377 2130 4430 in

537 4445 842 4508 Ezechielis
865 4464 985 4516 cap.
1021 4460 1138 4508 xvn,
1167 4445 1255 4498 ubi
1285 4445 1553 4512 passivam
1578 4445 1862 4516 libidinem
1886 4446 2014 4499 dicit
2037 4464 2130 4501 va-

536 4539 657 4593 gam
713 4535 774 4575 ac
829 4514 1228 4593 promiscuam,
1276 4525 1330 4569 et
1383 4514 1720 4593 maritalibus
1764 4517 1976 4593 legibus
2024 4533 2130 4572 non

537 4585 841 4647 astrictam;
875 4590 1028 4644 Osca:
1066 4594 1258 4658 quarto
1306 4585 1573 4658 passivam
1626 4587 1963 4658 religionem
1989 4603 2133 4642 vera:

541 4663 815 4732 religionis
838 4655 1141 4732 austeritati
1173 4658 1416 4732 Opponit.
1451 4655 1664 4732 Notavit
1702 4655 1865 4732 porro
1895 4655 1999 4728 (In
2032 4659 2136 4712 0b-

539 4729 724 4790 servat.
754 4729 948 4802 sacris)
978 4729 1212 4802 Jacobus
1243 4729 1449 4802 Billius,
1478 4729 2004 4802 virAcruditissimus,
2040 4733 2135 4784 has

539 4820 701 4860 voces
731 4819 838 4858 non
870 4799 938 4856 ab
979 4800 1232 4855 adverbio
1264 4800 1453 4870 passim
1503 4799 1768 4868 originem
1803 4801 2047 4870 trahere,
2076 4813 2137 4854 ut

539 4879 654 4930 vult
704 4875 1022 4930 Rhenanus:
1056 4872 1150 4927 sed
1193 4887 1315 4926 esse
1339 4886 1370 4925 e
1399 4871 1590 4924 Grznco
1637 4886 1920 4940 expressas
1944 4913 1959 4936 ,
1993 4871 2135 4940 quod

539 4950 686 5003 enim
715 4945 886 5001 ϐπερὶ
917 4945 1190 5014 ἐμπάθειαν
1225 4941 1430 5003 dicunt,
1461 4943 1560 4994 hoc
1594 4941 1933 4998 Tertulllano
1964 4943 2136 5012 passi-

544 5022 683 5073 vitas
709 5026 828 5081 est;
867 5025 923 5070 et
945 5014 1084 5083 quod
1113 5014 1316 5068 Graecis
1348 5021 1433 5067 est
1469 5015 1718 5084 ἐμπαθὴς,
1744 5015 1793 5067 id
1807 5014 2138 5069 'l‘ertulliano

540 5103 590 5144 .-t
629 5090 955 5157 llieronynio
988 5088 1252 5154 passives,
1281 5085 1380 5140 hoc
1404 5095 1508 5150 est,
1541 5085 1795 5152 lascivus,
1828 5093 1990 5154 atque
2025 5089 2138 5141 suis

547 5159 919 5226 voluptatibus
948 5157 1187 5211 deditus.

603 5242 626 5268 η
649 5223 872 5298 Vulgata
888 5227 1064 5282 vei-sio
1079 5227 1263 5281 habet:
1284 5223 1840 5298 Insanctiﬁcationem:
1855 5229 1936 5282 cui
1954 5227 2138 5283 Graeca

548 5296 897 5371 rcSpondent,
922 5302 991 5360 εἰς
1021 5296 1733 5371 ἁγιασμόνεϐιιηιεοειοιηυε
1783 5309 2142 5365 congruenter

548 5369 668 5426 tum
684 5372 943 5427 Cassiano
963 5369 1470 5440 per'appositioucnt
1492 5369 1741 5440 expulit:
1765 5375 1962 5439 fructus
1982 5379 2142 5423 vester

515 5449 527 5461 ‘
550 5453 621 5496 est
647 5439 1010 5508 sanctiﬁcatio.
1035 5442 1204 5505 Quem
1249 5450 1463 5494 secutus
1498 5439 1575 5491 D.’
1607 5439 1841 5494 Thomas
1892 5446 1943 5494 in
1982 5441 2146 5494 Com-

554 5525 723 5568 ment.
756 5556 767 5566 .
796 5512 1010 5566 Habetis
1033 5512 1258 5579 fructum
1289 5522 1507 5564 vestrum
1538 5511 1590 5562 in
1633 5512 2060 5578 sanctiﬁcatione,
2089 5509 2143 5563 id

556 5596 649 5646 est,
675 5585 787 5654 ipsa
815 5584 1180 5650 sanctiﬁcatio,
1212 5583 1306 5636 hoc
1334 5590 1429 5646 est,
1459 5583 1714 5654 exsecutio
1737 5583 2024 5636 sanctitatis
2053 5597 2144 5654 per

557 5653 703 5708 bona
738 5669 916 5725 opera,
950 5665 1024 5708 est
1064 5655 1265 5725 {ructus
1312 5661 1493 5725 vester,
1519 5662 1623 5706 etc.
1657 5653 1824 5725 Porro
1857 5655 1947 5725 his
1968 5653 2145 5707 verbis

562 5723 842 5791 distinguit
872 5723 1160 5792 Apostolus
1185 5725 1326 5778 inter
1358 5723 1590 5795 fructum
1617 5723 1824 5794 piorum
1846 5723 2147 5795 (quemne-

564 5805 672 5856 ster
701 5795 869 5852 abbas
893 5806 1047 5852 vocat
1072 5797 1280 5862 σκοπὸν)
1303 5806 1356 5850 et
1376 5796 1537 5858 τέλος,
1572 5794 1623 5850 id
1648 5807 1751 5861 εει,
1782 5796 1964 5851 ﬁnem.
1997 5794 2152 5854 Unde

2227 4024 2366 4078 illius
2393 4022 2760 4077 distinctionis
2787 4037 2973 4077 ansam
3005 4023 3258 4093 superius
3297 4025 3528 4093 accepit.

2299 4093 2326 4131 ι’
2352 4095 2407 4147 1η
2454 4095 2671 4165 vulgato
2719 4105 2865 4148 testu
2891 4091 3136 4163 Apostoli
3163 4105 3217 4150 et
3255 4097 3306 4150 in
3356 4091 3622 4165 plerisque
3654 4091 3796 4146 etiam

2228 4165 2638 4246 exemplaribus
2651 4164 2814 4246 huius,
2832 4166 2938 4246 loci
2969 4165 3186 4220 additur
3215 4164 3542 4246 .pratpositio
3573 4184 3584 4216 :
3609 4165 3676 4246 ad
3699 4165 3800 4246 bra:

2229 4236 2407 4326 animi
2438 4253 2605 4326 quam.
2626 4236 2830 4326 lirahe‘pt.
2853 4236 3014 4326 etiam
3057 4239 3225 4318 nostri
3273 4236 3642 4326 mapuscrlipti,
3670 4243 3724 4326 ut
3755 4241 3801 4285 et

2232 4306 2531 4383 grteciéni
2556 4309 2613 4362 τὸ
2645 4308 2900 4383 βραβεῖον,
2947 4318 3003 4383 et
3031 4309 3201 4383 magis
3240 4309 3472 4383 quadrat
3514 4307 3637 4361 huic
3677 4307 3798 4383 loco.

2231 4377 2362 4431 Nam
2394 4376 2702 4432 destinatum
2750 4377 2834 4430 hic
2882 4379 3218 4433 substantive
3260 4376 3506 4447 ponitur,
3541 4387 3595 4431 ut
3634 4376 3802 4433 σκοπός

2156 4480 2209 4541 D
2233 4449 2422 4531 Grmce
2447 4467 2460 4502 :
2486 4465 2584 4541 nec
2613 4449 2962 4541 coniungitur;
2997 4465 3116 4532 cum
3152 4449 3362 4515 bravio,
3392 4450 3488 4504 scd
3523 4465 3613 4541 per
3638 4463 3694 4502 se
3719 4462 3803 4514 po-

2237 4523 2405 4586 nitur,
2434 4531 2493 4574 ut
2530 4519 2668 4573 idem
2715 4519 2784 4573 sit
2830 4521 2896 4573 ad
2929 4520 3238 4574 destinatum
3267 4538 3334 4576 ac
3375 4520 3663 4575 secundum
3701 4529 3806 4570 sco-

2239 4607 2386 4662 pum,
2418 4601 2474 4643 ut
2495 4591 2679 4646 Crzrca
2707 4601 2920 4652 sonant,
2945 4603 2998 4645 et
3025 4593 3152 4662 legit
3174 4592 3366 4647 Latine
3386 4587 3803 4662 Tertullian._lib.

2238 4658 2304 4716 de
2335 4661 2747 4716 ResurreCtione
2777 4662 2956 4717 carnis
2983 4658 3103 4732 cap'.
3132 4665 3396 4732 vigesimo
3426 4662 3608 4732 tertio,
3637 4658 3712 4715 vel
3732 4675 3805 4710 sc-

2238 4735 2464 4815 cunilam
2487 4733 2912 4815 destinationem,
2941 4743 3000 4787 ut
3031 4731 3118 4787 hic
3147 4731 3463 4815 exponitur,
3493 4731 3547 4786 id
3569 4744 3670 4798 est,
3699 4743 3808 4800 pro-

2239 4805 2498 4874 positum,
2525 4805 2901 4868 intentiOnem,
2931 4821 3027 4858 seu
3053 4807 3248 4859 mentis
3273 4806 3550 4858 intuitum.

2314 4885 2334 4912 ε
2368 4873 2466 4927 llic
2492 4889 2680 4928 rursus
2723 4875 2854 4929 satis
2883 4876 3120 4930 ostendit
3167 4879 3370 4930 Auctor
3398 4891 3459 4929 se
3482 4875 3666 4929 Latine
3693 4869 3811 4925 scri-

2239 4945 2389 5008 bere,
2433 4959 2538 4999 nou
2570 4944 2757 5000 Grzece
2798 4963 2810 4999 :
2840 4945 2966 5000 dum
2997 4945 3241 5001 Grzecum
3273 4957 3482 5002 textum
3523 4946 3649 5000 citat
3677 4943 3737 4996 ad
3761 4942 3812 4994 il-

2240 5017 2570 5071 lustrandam
2592 5018 2912 5071 sententiam
2940 5016 3211 5071 Latinam.
3807 5047 3828 5069 ι

2312 5084 2341 5168 ἦ
2365 5086 2606 5168 §calper,
2626 5089 2759 5168 _sive
2791 5090 3082 5168 scalprum,
3114 5091 3539 5143 instrumentum
3566 5100 3670 5166 quo
3703 5080 3812 5151 quid

2240 5158 2494 5214 inciditur
2518 5177 2530 5211 :
2556 5159 2856 5228 cuiusmodi
2881 5168 2964 5214 est
2985 5161 3407 5214 instrumentum
3440 5157 3813 5225 chirurgicunt,

2242 5244 2348 5300 quo
2373 5243 2590 5285 carnem
2640 5231 2909 5299 putridam
2957 5231 3317 5295 exscindnnt,
3353 5240 3448 5283 aut
3475 5243 3664 5300 venam
3705 5240 3817 5292 ape-

2244 5298 2411 5368 riunt,
2443 5301 2585 5370 quod
2617 5298 2833 5372 proprie
2855 5301 3168 5369 scalpellum
3208 5311 3456 5356 vocatur.
3485 5298 3722 5372 Sumitnr
3745 5307 3815 5372 ta-

2244 5387 2369 5425 men
2399 5364 2554 5426 latius
2587 5364 2681 5440 pro
2709 5364 2899 5442 quovis
2941 5364 3305 5427 instrumento
3337 5371 3648 5428 fricatorio:
3677 5364 3818 5442 (111³ιῆ

2246 5443 2375 5496 illud
2398 5433 2614 5511 quoque
2643 5433 2749 5510 est,
2775 5460 2881 5512 quo
2906 5458 3121 5499 canum
3153 5444 3365 5498 aurium
3399 5450 3672 5511 purgatur.
3692 5433 3817 5512 ριξριέ

2248 5514 2333 5585 hi_c
2365 5505 2492 5582 puto
2518 5505 2952 5585 intelligendum.
2996 5515 3071 5570 De
3099 5515 3326 5584 graphio
3359 5505 3566 5569 dictum
3593 5519 3672 5565 est
3707 5505 3818 5560 alibi

2248 5583 2398 5654 (Lib.
2425 5601 2475 5638 tv
2507 5583 2744 5642 lnstitat.
2777 5602 2823 5639 ο.
2857 5588 2978 5654 15).

2321 5664 2345 5694 ο
2377 5655 2430 5709 Id
2475 5664 2594 5720 est,
2627 5657 2834 5725 subito,
2886 5649 3156 5713 celeriter.
3185 5655 3402 5714 Similia
3451 5654 3617 5712 habes
3661 5649 3748 5706 lib.
3775 5658 3820 5702 tv

2249 5725 2489 5785 lnstitut.
2513 5740 2632 5796 cap.
2667 5725 2754 5783 l5.
