3966 6326
259 275 351 335 ‘89

844 395 1071 454 CAPUT
1103 393 1216 450 VII.

531 487 610 544 De
631 489 924 562 appetenda
951 489 1331 559 tranquillitate
1350 489 1542 544 cordis.

313 581 496 636 Omnia
529 581 694 650 igitur
737 581 900 650 hujus
941 581 1118 650 gratia
1149 580 1384 650 gerenda
1430 578 1840 652 appelendaque

257 683 360 728 sum
385 673 582 734 nobis;
625 689 726 744 pro
770 673 872 728 hac
901 674 1138 730 solitudo
1174 673 1432 729 sectanda
1475 683 1576 738 est,
1611 689 1710 740 pro
1737 673 1838 727 hac

253 765 458 837 jejunia,
481 765 722 834 vigilias,
749 765 983 826 labores.
1015 767 1267 836 corporis
1295 765 1622 830 nuditatem,
1653 764 1838 820 lectio-

255 873 378 923 nem,
408 867 753 930 exterasque
779 857 1010 914 virtutes
1043 859 1242 915 debere
1288 875 1387 914 nos
1433 859 1710 928 suscipere
1739 873 1838 910 no-

253 949 472 1004 verimus
503 966 516 1002 ε
549 959 602 1004 ιιι
637 949 844 1006 scilicet
877 965 974 1020 per
1005 949 1126 1005 illas
1154 949 1222 1005 ab
1252 951 1524 1006 universis
1567 951 1832 1020 passioni-

251 1040 336 1098 bos
357 1041 536 1098 noxiis
561 1043 790 1098 illasom
811 1057 1004 1111 parare
1027 1057 1124 1098 cor
1145 1051 1388 1100 nostrum
1421 1051 1478 1098 et
1507 1057 1834 1100 conservare

251 1135 524 1208 possimus,
545 1141 604 1190 et
617 1133 686 1190 ad
711 1135 1100 1204 perfectionem
1129 1135 1412 1192 charitatis
1434 1135 1554 1192 istis
1575 1135 1833 1208 gradibus

251 1227 514 1284 innitendo
533 1227 932 1298 conscendere,
966 1237 1022 1284 et
1035 1243 1144 1284 non
1168 1237 1390 1300 propter
1413 1227 1512 1283 has
1533 1229 1834 1284 observan-

251 1319 356 1382 tias,
377 1319 422 1374 si
453 1318 600 1375 forte
625 1321 850 1375 honesta
884 1335 948 1375 ac
969 1321 1273 1376 necessaria
1299 1321 1660 1389 occupatione
1693 1337 1832 1390 prte-

247 1413 398 1476 renti,
433 1421 464 1451 ι
503 1412 908 1468 solemnitatem
941 1421 1141 1468 nostra:
1187 1413 1542 1468 districtionis
1573 1429 1678 1468 non
1729 1429 1827 1483 po-

249 1503 494 1561 tuerimus
519 1506 774 1574 implere,
809 1505 1112 1561 incidamus
1143 1506 1194 1560 in
1227 1505 1524 1572 tristitiam,
1550 1507 1635 1560 vel
1667 1507 1825 1570 iram,

245 1597 346 1652 sive
373 1597 806 1667 indignationem
835 1641 850 1667 ,
883 1598 951 1654 ob
983 1613 1102 1670 qua:
1125 1597 1478 1670 expugnanda
1507 1597 1642 1654 illud
1683 1597 1826 1668 quod

245 1691 652 1759 prs-terruissent
673 1702 782 1760 est,
802 1693 1078 1748 fueramus
1095 1691 1288 1748 acturi.
1311 1691 1428 1748 Non
1455 1693 1600 1748 enim
1616 1701 1822 1746 tantum

975 275 1316 334 COLLA'I‘IO
1355 278 1394 334 l.
1419 307 1486 320 —
1516 277 1606 336 DE
1645 277 1956 336 MONACIH
1995 275 2414 336 INTENTIONE
2453 275 2544 334 AC
2579 277 2760 336 FINE.

1860 403 1906 460 Α
1936 400 2124 446 metae
2142 406 2447 462 przrparare
2469 391 2708 458 festinat,
2736 406 2840 447 non
2867 401 2923 447 ut
2952 406 3010 446 ea
3035 393 3310 462 possideat
3331 395 3524 464 otiosa,

3421 288 3528 340 4'50

1943 500 2042 541 nec
2083 495 2139 540 ut
2187 487 2538 544 emolumenti
2579 485 2722 542 illius
2765 487 2994 542 fructum
3049 489 3136 556 qui
3183 499 3432 558 speratur
3460 505 3526 544 ex

1943 579 2094 648 ipsis,
2129 579 2182 634 in
2225 579 2365 634 nuda
2413 581 2894 636 instrumentorum
2941 581 3290 650 possessione
3319 583 3526 636 consti-

1941 676 2091 734 tnat;
2123 669 2218 723 sed
2261 678 2320 723 ut
2367 685 2555 724 eorum
2605 671 2908 726 ministerio
2953 671 3200 742 peritiam
3257 671 3528 740 finemque

1941 762 2084 818 illitis
2100 763 2423 833 disciplinte,
2439 765 2590 834 cujus
2611 763 2725 820 ba-c
2747 765 3052 836 atljutnenta
3075 775 3202 820 sunt
3233 767 3528 822 efficaciter

1937 855 2326 927 apprehendat.
2351 855 2378 896 δ
2405 857 2572 928 Igitur
2588 857 2811 928 jejunio,
2837 857 3056 928 vigiliae,
3083 859 3360 912 meditatio
3383 859 3527 914 Scri-

1937 957 2216 1018 ptttrarttm
2236 989 2250 1012 ,
2279 949 2526 1015 auditas,
2555 963 2620 1006 ac
2649 948 2880 1020 privatio
2910 949 3150 1004 omnium
3185 951 3521 1016 facultatum,

1937 1053 2040 1094 non
2089 1039 2375 1110 perfectio,
2424 1041 2519 1096 sed
2569 1043 2916 1110 perfectionis
2973 1043 3328 1098 instrumenta
3375 1053 3521 1108 sunt,

1933 1133 2056 1204 quia
2089 1149 2193 1188 non
2227 1135 2278 1188 in
2327 1135 2458 1206 ipsis
2490 1137 2736 1190 consistit
2759 1137 3058 1208 disciplinae
3087 1140 3229 1193 illius
3255 1141 3395 1204 linis,
3427 1141 3526 1194 sed

1933 1239 2032 1296 per
2069 1225 2160 1281 illa
2211 1225 2522 1296 pervenitur
2561 1227 2627 1282 ad
2672 1229 2857 1285 finem.
2891 1231 3166 1286 Incassum
3215 1233 3379 1300 igitur
3411 1233 3526 1286 lucc

1931 1321 2192 1376 exercitia
2227 1320 2503 1388 molietur,
2535 1320 2778 1392 quisquis
2825 1323 2908 1378 his
2948 1325 3096 1378 velut
3123 1339 3333 1378 summo
3381 1325 3525 1380 bono

1931 1425 2238 1478 contentus.
2271 1417 2628 1473 intentionem
2661 1417 2742 1472 sui
2781 1419 2960 1474 cordis
2987 1419 3090 1474 huc
3119 1435 3288 1490 usque
3323 1421 3524 1474 defixe-

1931 1509 2022 1572 rit,
2051 1519 2104 1562 et
2133 1523 2238 1562 non
2281 1511 2346 1564 ad
2389 1509 2710 1584 capiendum
2741 1511 2924 1576 finem,
2959 1525 3180 1584 propter
3207 1531 3364 1584 quem
3409 1517 3522 1570 huic

1930 1603 2232 1670 appetenda
2263 1614 2390 1658 sunt
2412 1646 2428 1671 ,
2456 1619 2622 1660 omne
2662 1607 2898 1662 studium
2928 1609 3139 1661 virtutis
3167 1610 3473 1664 extendi-rit
3505 1627 3518 1662 :

1933 1695 2137 1752 habens
2163 1697 2378 1768 quidem
2416 1699 2720 1769 disciplina:
2747 1701 2892 1754 illius
2931 1701 3325 1768 instrumenta;
3359 1705 3520 1758 linem

243 1793 328 1838 est.
359 1783 568 1839 lucrum
610 1783 836 1854 jejunii,
867 1797 1126 1852 quantum
1175 1787 1268 1840 ira:
1311 1787 1652 1857 dispendium
1681 1803 1692 1839 :
1727 1801 1829 1842 nec
1859 1791 1907 1852 Β
1933 1803 2085 1854 vero,
2113 1791 2168 1843 in
2189 1805 2298 1859 quo
2325 1793 2501 1846 omnis
2523 1791 2733 1848 fructus
2757 1793 3026 1860 considit,
3047 1795 3318 1865 ignorans.
3351 1798 3522 1862 Quid-

244 1882 404 1930 tantus
433 1875 674 1932 lectione
715 1880 930 1948 capitur
951 1879 1180 1944 fructus,
1214 1891 1476 1951 quantum
1507 1891 1825 1952 contemptu

241 1965 406 2022 fratris
427 1966 732 2025 incurritur
755 1970 1162 2028 detrimentum.
1179 1972 1252 2027 Ea
1280 1973 1442 2042 igitur
1459 1987 1578 2045 qua:
1599 1988 1826 2042 sequen-

243 2057 302 2112 tia
327 2071 470 2130 sunt,
515 2061 568 2116 id
597 2074 706 2130 est,
732 2063 964 2134 jejuuia,
997 2065 1212 2136 vigiliae,
1245 2067 1617 2136 anachoresis,
1649 2069 1824 2124 medi-

240 2153 354 2208 tatio
392 2155 831 2226 Scripturarum,
867 2169 1088 2229 propter
1124 2159 1474 2230 principalem
1509 2176 1732 2231 scopon,
1768 2161 1822 2216 id

239 2255 336 2314 est,
367 2251 658 2318 puritatem
689 2253 891 2318 cordis,
926 2253 1068 2324 quod
1097 2263 1184 2309 est
1207 2253 1469 2322 charitas,
1497 2269 1596 2308 nos
1621 2267 1822 2310 convc-

241 2344 306 2396 nit
341 2359 635 2416 exercere,
666 2355 723 2402 et
765 2363 870 2402 non
921 2358 1143 2418 propter
1183 2348 1272 2404 illa
1303 2347 1654 2418 principalem
1685 2349 1824 2404 hanc

241 2437 543 2504 perturbare
570 2437 864 2506 virtutem;
895 2454 996 2510 qua
1032 2441 1086 2494 in
1111 2439 1264 2496 nobis
1287 2441 1518 2510 integra,
1549 2441 1827 2510 illmsaque

237 2525 470 2596 durante,
501 2528 638 2584 nihil
657 2531 862 2594 oberit,
885 2532 930 2586 si
951 2532 1156 2602 aliquid
1185 2547 1374 2587 eorum
1397 2547 1516 2603 qute
1545 2533 1826 2603 sequentia

239 2631 372 2688 sunt,
404 2627 856 2692 proneeessitate
879 2625 1042 2682 fuerit
1069 2625 1515 2696 praetertttissum.
1545 2626 1826 2696 Siquidem

235 2727 326 2769 nec
377 2715 626 2785 proderit
683 2717 935 2773 universa
995 2717 1230 2788 fecisse,
1289 2719 1506 2790 dempta
1545 2717 1675 2794 [AL
1717 2735 1826 2776 non

237 2804 438 2876 adepta,
465 2805 558 2862 ubi
601 2807 894 2884 adempta]
925 2811 1026 2866 hac
1079 2827 1240 2881 quam
1269 2810 1507 2866 diximus
1545 2813 1830 2883 principali

235 2911 402 2966 causa,
435 2902 598 2974 cujus
645 2904 868 2960 obtentu
900 2914 1025 2960 sunt
1050 2907 1232 2962 omnia
1263 2907 1588 2979 peragenda.
1616 2906 1699 2964 οι)
1725 2909 1828 2965 hoc

235 2992 366 3048 enim
395 2995 522 3068 quis
545 2994 872 3054 ferramenta
903 2999 1195 3068 cujuslibet
1217 3001 1352 3056 artis
1378 3001 1661 3058 instituere
1690 3001 1824 3058 sibi-

1925 1881 2054 1952 quid
2103 1883 2265 1950 igitur
2311 1892 2487 1953 potest
2533 1885 2692 1939 istam
2741 1887 2938 1940 mentis
2986 1897 3185 1941 nostra:
3233 1899 3520 1956 puritatem

1925 1975 2484 2048 tranquillitatemque
2514 1977 2757 2042 turbare,
2789 1978 3036 2049 quamvis
3066 1979 3198 2034 Utile
3243 1997 3304 2034 ac
3335 1995 3522 2036 neccs‘

1923 2069 2128 2122 sarium
2169 2070 2435 2134 videatur,
2491 2080 2546 2124 ut
2596 2071 2818 2125 noxium
2869 2071 3216 2126 devitandum
3268 2083 3368 2127 est.
3413 2074 3522 2129 llac

1923 2159 2070 2214 enim
2115 2175 2303 2213 norma
2335 2170 2390 2214 ct
2415 2175 2662 2216 errorum
2693 2164 3254 2233 pervagatimtumque
3283 2169 3519 2221 omnium

1925 2251 2308 2318 distinsitiones
2357 2251 2480 2325 [ΑΙ.
2529 2262 2867 2310 terrenarum
2913 2259 3352 2326 pervagationum
3401 2277 3518 2314 otti-

1927 2345 2075 2398 nium
2113 2343 2520 2418 dispersiones]
2553 2348 2848 2416 peteritnus
2879 2350 3134 2412 evadere,
3167 2361 3218 2406 et
3248 2353 3516 2408 desideraa

1927 2445 2042 2494 tum
2069 2437 2230 2492 finem
2262 2437 2400 2492 linea
2428 2447 2592 2494 certa:
2621 2439 2940 2496 direcnionis
2969 2442 3256 2512 attingere.

2518 2553 2746 2610 CAPUT
2787 2555 2921 2612 Vlll.

1931 2646 2010 2703 De
2038 2649 2312 2724 principali
2333 2657 2520 2724 conatu
2543 2665 2666 2724 erga
2695 2651 2982 2724 divinarum
3007 2669 3172 2724 rerum
3202 2653 3516 2724 contempla-

2099 2721 2290 2774 tionem
2311 2759 2330 2787 ,
2367 2729 2414 2774 et
2441 2721 2778 2774 similitudine
2811 2721 2996 2776 Maria:
3025 2735 3070 2776 ct
3105 2723 3345 2778 Muri/nr.

2003 2813 2102 2870 Hic
2145 2830 2276 2884 ergo
2323 2813 2482 2868 nobis
2525 2813 2841 2884 principalis
2885 2816 3044 2870 debet
3097 2833 3220 2871 esse
3257 2829 3515 2884 conatus,

1933 2903 2050 2961 btet:
2081 2905 2373 2960 immobilis
2401 2905 2692 2960 destinatio
2723 2906 2904 2962 cordis
2946 2907 3152 2976 jugiter
3180 2909 3476 2964 affectanda
3499 2955 3514 2978 ,

1934 3013 1958 3044 ο
1991 3013 2048 3060 ιιι
2088 3004 2289 3060 divinis
2321 3005 2486 3064 rebus
2525 3021 2592 3061 ac
2619 3005 2730 3060 Deo
2775 3021 2930 3062 mens
2959 3019 3176 3076 Semper
3219 3007 3478 3062 inhaereat
3501 3053 3514 3076 ,

1279 3143 1536 3200 ALABDI
1573 3141 1810 3202 ϐᾹΖᾸΞΙ
1845 3143 2412 3204 COMMENTARIUS.

298 3247 322 3276 ⁸
349 3239 404 3296 ld
432 3249 556 3304 est,
599 3241 823 3313 solitam
869 3242 1280 3306 austeritatem,
1321 3251 1376 3298 et
1415 3241 1818 3313 observantiam
1845 3239 1894 3302 C
1924 3240 2154 3313 cialiter
2186 3238 2374 3313 [Lipn
2399 3240 2453 3294 in
2501 3257 2668 3312 marg.
2721 3237 3182 3313 substantialiterl
3225 3242 3516 3294 attenditur

233 3319 554 3382 regularem.
585 3311 906 3382 Opportune
943 3313 1032 3368 hic
1084 3313 1358 3368 succurrit
1377 3312 1444 3368 ad
1477 3313 1618 3368 hunc
1645 3315 1820 3382 locum

235 3379 614 3438 illustrandum
639 3379 926 3440 sententia
958 3385 1016 3438 Ι).
1047 3383 1308 3438 Bernardi
1337 3384 1390 3438 itt
1441 3385 1534 3439 lib.
1570 3387 1638 3438 de
1671 3381 1821 3436 Prte-

236 3463 404 3520 cepto,
437 3465 496 3510 et
529 3453 840 3524 Dispensat.
868 3456 956 3510 ubi
983 3457 1052 3511 de
1071 3455 1168 3510 SS.
1197 3455 1413 3510 Patrum
1449 3455 1731 3514 institutis,
1765 3463 1824 3510 et

237 3525 570 3582 reuelaribus
612 3527 978 3582 observantiis
1020 3537 1076 3582 et
1122 3526 1536 3582 austeritatibus
1586 3525 1822 3582 subinde

237 3597 313 3666 vel
344 3604 676 3653 necessitate
706 3607 962 3666 urgente,
995 3599 1082 3653 vel
1113 3599 1384 3652 charitate
1428 3597 1696 3652 invitante
1733 3613 1822 3653 re-

237 3663 506 3740 laxandis,
553 3678 655 3740 aut
691 3663 1122 3726 intérntittendis
1152 3683 1356 3740 agens:
1389 3667 1556 3732 Ηαισ,
1608 3668 1816 3738 inquit,

236 3736 425 3810 inuenta
455 3751 614 3807 atque
641 3739 880 3794 instituta
915 3741 1125 3810 [uerunt
1145 3781 1158 3805 ,
1189 3736 1291 3792 non
1317 3743 1440 3810 quia
1483 3742 1634 3794 aliter
1657 3736 1820 3794 vivere

237 3821 330 3880 non
356 3809 558 3876 laceret,
587 3811 677 3866 sed
695 3811 834 3880 quod
853 3809 926 3864 ita
945 3813 1108 3879 magis
1133 3809 1392 3876 expediret
1416 3826 1435 3864 :
1459 3827 1549 3864 nec
1572 3815 1724 3880 plane
1749 3811 1818 3864 ad

235 3878 370 3950 aliud
395 3897 559 3947 quant
579 3883 648 3934 ad
679 3878 902 3948 lucrum,
921 3893 968 3936 et
998 3878 1286 3936 custodiant
1309 3878 1598 3936 charitatis.
1627 3885 1820 3950 Quam-

235 3949 467 4023 dittergo
501 3951 747 4006 charitati
769 3955 1012 4020 militant,
1045 3953 1376 4008 immobiliter
1401 3953 1510 4022 fixa
1533 3949 1658 4008 sunt
1701 3970 1818 4008 mu—

235 4020 426 4096 tarique
447 4024 664 4076 omnino
682 4040 758 4096 ne
780 4026 862 4096 fab
890 4025 1016 4096 ipsis
1057 4027 1262 4088 quidem
1289 4020 1577 4092 pra'positis
1603 4025 1712 4078 sine
1737 4027 1820 4096 of-

235 4091 368 4166 fensa
388 4104 630 4166 possunt.
653 4094 720 4148 At
743 4095 790 4148 si
805 4110 832 4150 c
851 4091 1114 4166 contrario
1136 4091 1405 4149 contraria,
1421 4099 1554 4164 forte
1572 4091 1816 4166 aliquan-

231 4161 296 4237 do
319 4162 568 4218 charitati
593 4166 706 4218 visa
743 4167 970 4237 fuerint;
1000 4165 1079 4220 Itis
1110 4161 1620 4236 dumtaxatpquibua
1650 4161 1821 4222 uidere

231 4230 423 4308 datum,
469 4245 520 4290 et
549 4230 818 4305 prouidere
846 4240 1099 4290 creditum
1125 4247 1200 4291 est
1222 4253 1241 4290 :
1281 4230 1818 4308 nonne-iustissimum

231 4318 329 4378 esse
355 4307 542 4378 liquet,
575 4317 630 4360 ut
661 4323 777 4378 quae
815 4323 906 4376 pro
941 4309 1190 4364 charttatc
1213 4311 1416 4362 inventa
1463 4307 1690 4378 fuerunt,
1723 4327 1818 4378 pro

231 4371 727 4452 numerumet.
760 4371 848 4433 ubi
877 4381 1120 4452 expedire
1165 4381 1413 4434 videbitur
1463 4371 1546 4436 rel
1583 4371 1822 4434 omittan-

233 4453 324 4520 lttr,
357 4447 438 4502 uel
469 4451 904 4515 intermittantur,
929 4447 1004 4506 uel
1034 4451 1088 4505 in
1131 4453 1276 4506 aliud
1323 4453 1452 4520 forte
1501 4453 1819 4507 commodius

231 4519 554 4594 demittantur
571 4523 598 4574 Ρ
619 4520 748 4574 sicut
767 4539 794 4572 e
814 4523 1018 4592 regione
1046 4523 1275 4592 iniquum
1296 4519 1635 4594 proculdubio
1659 4527 1814 4592 foret,

225 4587 270 4639 si
295 4599 488 4644 statuta
521 4607 616 4660 pro
647 4594 758 4646 sola
786 4587 1068 4660 charitate,
1118 4587 1307 4650 contra
1339 4587 1815 4648 charitatent'teneé

228 4672 414 4715 rentur.
449 4661 580 4718 Ilaec
607 4662 668 4716 D.
703 4662 1034 4720 Bernartius.

289 4727 618 4804 l{Prmclara
647 4735 938 4794 sententia.
971 4743 1028 4790 et
1051 4737 1232 4804 niveo,
1266 4744 1326 4790 ut
1350 4734 1570 4798 dicitur,
1597 4735 1811 4804 signan-

227 4795 542 4890 daklaptll‘o;
561 4819 693 4890 quae
725 4819 992 4890 summam
1021 4808 1180 4876 hujus
1209 4795 1377 4890 capit.
1408 4795 1805 4890 complectitur,

225 4883 446 4948 quaeque
469 4875 534 4948 υ.
561 4875 784 4930 Thema:
802 4875 1178 4948 theologorum
1209 4875 1436 4946 principi
1464 4894 1526 4932 ac
1550 4886 1808 4948 magistro

225 4945 290 4994 ita
321 4945 552 5014 placuit,
583 4957 641 5000 ιιι
671 4961 790 5002 eam
815 4945 1059 5018 pluribus
1089 4951 1140 5004 in
1170 4945 1306 5005 locis
1331 4963 1445 5004 sua:
1473 4945 1712 5006 Suntmn-
1737 4949 1806 5006 ad

223 5024 344 5090 tuas
385 5018 780 5074 conclusiones
824 5021 1148 5074 astruendas
1188 5019 1520 5090 adhibuerit,
1577 5037 1808 5090 eamque

225 5086 466 5162 vicissim
503 5090 1096 5162 sttiskconclusionibus
1139 5091 1422 5146 illustrat-it
1449 5089 1586 5162 (tt-'2,
1617 5109 1664 5159 ᾳ.
1703 5086 1806 5148 1⁷84

221 5165 263 5208 et
283 5173 336 5228 ᾳ.
365 5159 496 5225 189,
529 5177 582 5230 a.
617 5159 648 5212 '-'l
671 5172 718 5213 et
745 5159 822 5230 8).
848 5159 1102 5218 Cor-tinet
1129 5173 1309 5218 autent
1333 5163 1438 5216 duo
1460 5159 1661 5230 capita,
1692 5167 1808 5219 sive

221 5234 474 5284 membra.
521 5229 788 5286 Primum
811 5243 916 5298 est,
951 5233 1340 5301 perfectionem
1363 5229 1728 5288 Christianam
1751 5242 1808 5289 et

221 5301 577 5368 monasticam
629 5302 684 5356 in
735 5303 999 5359 charitate
1052 5307 1372 5360 consistere.
1409 5305 1568 5368 Nam,
1617 5314 1675 5359 ut
1729 5307 1807 5360 ait

217 5365 273 5420 Β.
321 5371 601 5440 Thomas,
654 5375 1080 5445 unumquodque
1126 5376 1329 5432 dicitur
1383 5365 1716 5444 perfectum,
1747 5377 1800 5431 in

215 5454 468 5502 quantum
493 5443 712 5516 attingit
736 5443 1014 5514 proprium
1045 5447 1230 5511 fluent,
1257 5443 1482 5516 quaeest
1509 5449 1695 5500 ultima
1725 5449 1802 5502 rei

216 5517 476 5586 permotio
498 5515 648 5586 (2.2,
676 5532 730 5586 q.
761 5517 852 5586 δι,
875 5533 926 5572 a.
957 5519 1012 5574 1.
1045 5518 1173 5572 Vide
1199 5521 1351 5573 etiam
1373 5515 1618 5572 Bcllarm.
1646 5517 1736 5571 lib.
1761 5533 1801 5573 ιι

213 5583 270 5658 ξε
289 5583 546 5640 Monach.
574 5603 620 5639 c.
642 5583 722 5656 2).
751 5583 1000 5642 Charitas
1040 5599 1220 5644 autem
1249 5599 1362 5656 est,
1406 5605 1526 5658 qua:
1560 5588 1676 5643 unit
1703 5605 1804 5644 nos

215 5647 338 5720 Deo,
365 5659 460 5732 qui
501 5667 587 5732 est
615 5647 836 5732 ultimus
857 5659 980 5732 linis
1009 5663 1258 5716 humana:
1279 5647 1478 5732 mentis
1509 5679 1521 5712 :
1553 5661 1807 5732 quia,qui

213 5735 374 5804 gestet
395 5729 454 5804 in
481 5728 872 5804 gnaritatc,_in
902 5730 1010 5804 Deo
1033 5743 1230 5801 ntanet,
1275 5735 1324 5787 et
1363 5731 1500 5804 Deus
1527 5728 1583 5786 in
1611 5747 1670 5786 co
1692 5747 1712 5786 :
1729 5728 1810 5786 ἰιι

213 5793 402 5854 dicitur
425 5799 448 5856 Ι
473 5799 637 5856 Joan.
663 5816 740 5856 tv.
771 5799 841 5856 Et
861 5802 988 5858 ideo
1017 5793 1314 5860 secundum
1341 5802 1662 5859 charitatem
1686 5817 1809 5872 spe-

650 5895 924 5956 PATItOl.
965 5895 1193 5956 XLIX.

1927 3311 2206 3382 perfectio
2242 3311 2574 3382 Christiana:
2618 3311 2768 3365 vitae.
2813 3311 2972 3366 Unde
2997 3321 3067 3382 iet
3115 3313 3404 3378 Apostolus
3451 3314 3517 3364 ad

1927 3381 2140 3438 Coloss.
2171 3398 2227 3438 t:
2261 3381 2434 3452 Super
2460 3383 2634 3436 omnia
2657 3425 2673 3446 ,
2709 3383 2916 3450 inquit,
2955 3381 3262 3436 charitatem
3301 3383 3477 3438 habete
3503 3426 3517 3442 .

1924 3455 2062 3522 quod
2101 3465 2175 3508 cst
2217 3455 2477 3508 vinculum
2527 3455 2872 3526 perfectionis,
2907 3455 3030 3526 quin
3068 3455 3272 3526 sctlitcl
3328 3469 3518 3508 Otttnes

1923 3526 2056 3580 alias
2087 3527 2312 3580 virtutes
2337 3524 2738 3592 quodammodo
2767 3527 2886 3594 ligat
2929 3524 2984 3578 in
3031 3525 3294 3578 unitatem
3333 3527 3518 3592 perfe.

1923 3596 2143 3652 ctionis.
2179 3597 2304 3652 [ιιοο
2337 3596 2398 3650 D.
2431 3595 2692 3650 Tltuntas.
2748 3597 2992 3650 Alterum
3043 3594 3342 3647 membrum
3389 3609 3468 3650 est
3498 3640 3512 3658 ,

1917 3665 2151 3736 jejnttia,
2200 3667 2434 3738 vigilias,
2481 3667 2766 3722 lectionem
2815 3675 2871 3720 et
2921 3665 3333 3718 meditationem
3370 3667 3517 3720 Scri-

1925 3745 2226 3806 pturarum,
2261 3739 2596 3802 nuditatem,
2629 3738 2680 3792 id
2726 3749 2808 3793 est
2843 3744 3238 3808 paupertatem,
3273 3739 3516 3804 aliasque

1925 3809 2204 3880 religionis
2252 3811 2599 3864 austeritates
2637 3819 2690 3862 et
2739 3807 2998 3880 exet-vitta
3033 3823 3138 3860 non
3171 3823 3296 3860 esse
3343 3813 3513 3876 ipsum

1922 3879 2336 3949 perfectionem,
2368 3895 2468 3935 nec
2497 3879 2770 3934 hominem
2821 3879 3082 3934 continuo
3122 3880 3352 3932 reddere
3385 3896 3512 3948 per-

1923 3951 2162 4018 fectum;
2195 3951 2292 4007 sed
2335 3967 2457 4006 esse
2501 3949 2858 4020 perfectionis
2907 3955 3308 4004 insn-unzenta:
3353 3951 3511 4020 quia,

1920 4021 2118 4090 inquit,
2149 4039 2254 4079 non
2279 4024 2334 4076 in
2363 4023 2494 4088 ipsis
2513 4022 2762 4077 consistit
2787 4021 2949 4086 hujus
2965 4021 3271 4088 disciplina:
3301 4020 3514 4092 (inena-

1921 4093 2268 4165 sticai)linis:
2293 4093 2388 4148 sed
2407 4110 2502 4164 per
2523 4093 2670 4148 illam
2704 4093 3023 4165 pervenitur
3049 4095 3114 4144 ad
3141 4093 3334 4165 tinum:
3369 4095 3514 4162 quod

1919 4165 2043 4220 aliis
2079 4163 2260 4222 verbis
2301 4163 2556 4234 superius
2607 4163 2746 4220 dixit
2779 4183 2793 4220 :
2841 4165 2983 4232 quod
3021 4165 3086 4216 ad
3123 4163 3510 4232 pellet-tionem

1921 4236 2200 4292 charitatis
2226 4239 2341 4291 istis
2363 4237 2622 4304 gradibus
2642 4235 2939 4290 ascendere
2959 4235 3229 4288 nitamur:
3257 4235 3514 4289 dicuntur

1920 4311 2065 4362 enim
2099 4307 2213 4364 haec
2239 4309 2602 4362 instrumenta
2631 4307 3008 4374 perfectionis,
3047 4309 3350 4372 pra-sertitn
3379 4323 3512 4361 vero

1923 4381 2022 4432 tria
2049 4380 2134 4434 illa
2170 4379 2489 4448 Evangelica
2521 4378 2748 4432 cottstlia
2771 4418 2788 4442 ,
2823 4387 3146 4444 paupertas,
3171 4379 3513 4432 continentia

1919 4459 1977 4504 et
2003 4449 2345 4512 obedietttia,
2377 4465 2495 4519 qua:
2538 4450 2605 4502 ad
2651 4449 3012 4502 substantiam
3065 4449 3300 4514 religiosi
3341 4459 3512 4502 status

1925 4521 2228 4592 pertinent,
2259 4521 2385 4592 quia
2419 4528 2545 4572 sunt
2593 4521 2868 4592 aptissima
2913 4527 2966 4592 et
2995 4519 3278 4592 utilissima
3333 4521 3508 4574 media

1921 4589 1988 4646 ad
2019 4591 2460 4658 consequendam
2491 4590 2888 4658 perfectionem
2911 4589 3214 4652 charttatis,
3241 4602 3508 4659 quatenus

1845 4637 1895 4694 ι)
1920 4637 3030 4727 ἔξηἷᾶὑέἆῖὖῶὶῖιὶἷηῖᾗᾷῷῆὦὲῖιῦἷίιξτῖιῖἰ
3050 4637 3507 4728 ὲιῖἰὶς’.’έέέ¹έᾷἱῖἇῇᾆξὲἰ

1917 4735 2060 4790 stole
2091 4732 2299 4788 Juatttte
2326 4733 2589 4786 recensita
2641 4732 2744 4784 illis
2795 4731 3010 4784 verbis:
3058 4731 3320 4800 Quidquid
3353 4741 3422 4782 est
3455 4734 3507 4782 in

1916 4805 2128 4868 mundo,
2161 4813 2251 4858 aut
2279 4813 2352 4856 est
2378 4801 2788 4870 concupiscentia
2807 4801 2996 4861 carnis,
3027 4811 3114 4854 aut
3145 4803 3508 4868 concupisce"-

1918 4877 1990 4930 tia
2019 4875 2416 4940 oculorum,aut
2441 4873 2680 4938 superbia
2713 4873 2828 4926 vita
2853 4871 3072 4932 (lJnan.
3107 4875 3210 4940 nt).
3245 4873 3346 4924 l’er
3377 4887 3509 4925 cnu-

1917 4947 2198 5002 tinentiant
2253 4947 2396 5001 enim
2437 4953 2753 4999 removetur
2789 4953 2845 4997 et
2899 4942 3204 4996 refrt-natur
3244 4945 3506 5010 Cttttt‘ttpi-

1917 5021 2126 5074 seentta
2155 5017 2368 5082 carnis;
2401 5033 2498 5085 per
2529 5024 2900 5085 paupertatem
2928 5015 3177 5076 avaritia,
3212 5029 3308 5068 seu
3357 5029 3505 5066 enn-

1917 5091 2252 5158 cupisceutia
2275 5089 2554 5143 oculorum
2575 5103 2590 5152 ;
2614 5103 2713 5158 per
2739 5085 3102 5158 obedientiam
3132 5085 3405 5151 superbia.
3443 5087 3506 5137 [ﬁt

1913 5157 2016 5215 hoc
2047 5171 2132 5214 est
2160 5161 2304 5226 qttud
2333 5161 2571 5228 ὠνοῦ-ει
2595 5157 2790 5212 docent
2819 5157 3208 5225 perfectionem
3240 5157 3506 5228 essentia-

1908 5231 2034 5287 liter
2071 5241 2130 5286 et
2157 5229 2417 5298 primario
2446 5227 2748 5284 consistere
2784 5229 2838 5284 in
2869 5227 3137 5280 eharitate
3165 5235 3218 5280 et
3249 5227 3508 5280 observa-

1910 5305 2058 5358 tione
2079 5305 2458 5372 mandatorum
2485 5301 2612 5365 Dei;
2665 5299 3001 5372 secundario
3023 5307 3228 5372 autem,
3261 5307 3315 5351 et
3345 5298 3502 5372 quasi

1906 5369 2229 5442 diSpositive
2280 5389 2378 5428 seu
2431 5371 2936 5432 instrumentaliter,
2991 5371 3042 5422 in
3099 5369 3208 5422 illis
3255 5371 3502 5424 consiliis

1906 5446 2266 5514 Evangelicrs,
2299 5453 2354 5498 et
2380 5444 2504 5498 aliis
2531 5443 2840 5498 virtutibus.

1984 5527 2006 5554 ο
2037 5511 2092 5572 ὃ]
2119 5532 2226 5569 non
2253 5531 2406 5581 aetu,
2438 5517 2629 5568 saltem
2664 5517 2866 5567 virtute
2888 5552 2902 5574 ,
2935 5527 3029 5566 seu
3064 5511 3278 5566 virtuali
3329 5511 3506 5564 inten-

1913 5587 2078 5642 tione.
2129 5587 2262 5641 Natn
2291 5599 2348 5640 ut
2379 5601 2532 5640 mens
2563 5595 2746 5638 nostra
2770 5583 2838 5638 de
2863 5583 2973 5637 Deo
3007 5583 3278 5652 rebusque
3304 5584 3506 5637 divinis

1913 5673 2130 5729 semper
2160 5659 2380 5728 cogitet.
2405 5668 2455 5712 et
2485 5657 2604 5729 sine
2629 5655 3033 5729 intermissione
3057 5655 3108 5729 in
3139 5670 3392 5729 eumper
3423 5657 3505 5706 at"

1915 5724 2114 5785 lectum
2133 5724 2768 5797 aut'coutemplationem
2797 5724 3007 5797 feratur
3031 5725 3194 5797 eique
3217 5725 3502 5782 inhaereat,

1917 5817 2024 5857 non
2051 5801 2258 5870 patitur
2287 5801 2448 5868 hujus
2469 5795 2715 5852 mortalis
2738 5797 2862 5852 vita:
2889 5795 3200 5862 infirmitas,
3230 5805 3292 5850 ut
3319 5807 3502 5852 netunt

3067 5891 3144 5952 16
