  <div class='ocr_page' id='page_1' title='image "/cluster/home/n/w/nwhite01/storage/ocr_20150623/49/hvd.32044015471543/253.png"; bbox 0 0 3966 6326; ppageno 0'>
   <div class='ocr_carea' id='block_1_1' title="bbox 412 296 3696 451">
    <p class='ocr_par' dir='ltr' id='par_1_1' title="bbox 412 296 3696 451">
     <span class='ocr_line' id='line_1_1' title="bbox 412 296 3696 451; baseline -0.008 -69"><span class='ocrx_word' id='word_1_1' title='bbox 412 296 551 451; x_wconf 51' lang='lat' dir='ltr'><strong>8tat</strong></span> <span class='ocrx_word' id='word_1_2' title='bbox 1410 396 1415 399; x_wconf 91' lang='lat'>_</span> <span class='ocrx_word' id='word_1_3' title='bbox 1481 312 1763 372; x_wconf 67' lang='lat' dir='ltr'><strong>lOANNIS</strong></span> <span class='ocrx_word' id='word_1_4' title='bbox 1800 312 2109 372; x_wconf 63' lang='lat' dir='ltr'><strong>cassum</strong></span> <span class='ocrx_word' id='word_1_5' title='bbox 2147 312 2636 373; x_wconf 67' lang='lat' dir='ltr'><strong>COLLATIONES.</strong></span> <span class='ocrx_word' id='word_1_6' title='bbox 3598 313 3696 379; x_wconf 62' lang='grc' dir='ltr'>ιη</span> 
     </span>
    </p>
   </div>
   <div class='ocr_carea' id='block_1_2' title="bbox 360 413 3696 510">
    <p class='ocr_par' dir='ltr' id='par_1_2' title="bbox 360 413 3696 510">
     <span class='ocr_line' id='line_1_2' title="bbox 360 413 3696 510; baseline 0.005 -38"><span class='ocrx_word' id='word_1_7' title='bbox 360 413 437 473; x_wconf 59' lang='lat'><strong>&quot;‘9</strong></span> <span class='ocrx_word' id='word_1_8' title='bbox 454 434 721 510; x_wconf 66' lang='lat' dir='ltr'><strong>quidquid</strong></span> <span class='ocrx_word' id='word_1_9' title='bbox 767 434 837 490; x_wconf 64' lang='lat' dir='ltr'><strong>ab</strong></span> <span class='ocrx_word' id='word_1_10' title='bbox 867 432 968 488; x_wconf 75' lang='lat' dir='ltr'><strong>hac</strong></span> <span class='ocrx_word' id='word_1_11' title='bbox 995 432 1272 487; x_wconf 85' lang='lat' dir='ltr'><strong>diversum</strong></span> <span class='ocrx_word' id='word_1_12' title='bbox 1303 435 1413 494; x_wconf 86' lang='lat' dir='ltr'><strong>est,</strong></span> <span class='ocrx_word' id='word_1_13' title='bbox 1460 429 1712 499; x_wconf 80' lang='lat' dir='ltr'><strong>quamvis</strong></span> <span class='ocrx_word' id='word_1_14' title='bbox 1749 443 2000 499; x_wconf 87' lang='lat' dir='ltr'><strong>magnum</strong></span> <span class='ocrx_word' id='word_1_15' title='bbox 2027 470 2043 496; x_wconf 92' lang='lat'><strong>,</strong></span> <span class='ocrx_word' id='word_1_16' title='bbox 2073 434 2125 492; x_wconf 79' lang='grc' dir='ltr'>Α</span> <span class='ocrx_word' id='word_1_17' title='bbox 2149 430 2323 500; x_wconf 83' lang='lat' dir='ltr'><strong>etegit,</strong></span> <span class='ocrx_word' id='word_1_18' title='bbox 2348 442 2462 498; x_wconf 68' lang='lat' dir='ltr'><strong>qua:</strong></span> <span class='ocrx_word' id='word_1_19' title='bbox 2485 443 2588 481; x_wconf 81' lang='lat' dir='ltr'><strong>non</strong></span> <span class='ocrx_word' id='word_1_20' title='bbox 2613 424 2961 497; x_wconf 77' lang='lat' dir='ltr'><strong>aufereturab</strong></span> <span class='ocrx_word' id='word_1_21' title='bbox 2996 440 3078 482; x_wconf 77' lang='lat' dir='ltr'><strong>ea.</strong></span> <span class='ocrx_word' id='word_1_22' title='bbox 3111 423 3320 484; x_wconf 68' lang='lat' dir='ltr'><strong>Videtis</strong></span> <span class='ocrx_word' id='word_1_23' title='bbox 3362 439 3488 500; x_wconf 77' lang='lat' dir='ltr'><strong>ergo</strong></span> <span class='ocrx_word' id='word_1_24' title='bbox 3515 434 3696 499; x_wconf 84' lang='lat' dir='ltr'><strong>princi-</strong></span> 
     </span>
    </p>
   </div>
   <div class='ocr_carea' id='block_1_3' title="bbox 456 517 3700 594">
    <p class='ocr_par' dir='ltr' id='par_1_3' title="bbox 456 517 3700 594">
     <span class='ocr_line' id='line_1_3' title="bbox 456 517 3700 594; baseline -0.003 -5"><span class='ocrx_word' id='word_1_25' title='bbox 456 530 756 589; x_wconf 89' lang='lat' dir='ltr'><strong>secundum</strong></span> <span class='ocrx_word' id='word_1_26' title='bbox 771 525 1255 593; x_wconf 89' lang='lat' dir='ltr'><strong>tamen,autetiam</strong></span> <span class='ocrx_word' id='word_1_27' title='bbox 1270 522 1810 588; x_wconf 84' lang='lat' dir='ltr'><strong>inﬁmum,seucerte</strong></span> <span class='ocrx_word' id='word_1_28' title='bbox 1823 522 2045 578; x_wconf 76' lang='lat' dir='ltr'><strong>noxium</strong></span> <span class='ocrx_word' id='word_1_29' title='bbox 2150 522 2274 591; x_wconf 87' lang='lat' dir='ltr'><strong>pale</strong></span> <span class='ocrx_word' id='word_1_30' title='bbox 2297 520 2497 579; x_wconf 90' lang='lat' dir='ltr'><strong>bonum</strong></span> <span class='ocrx_word' id='word_1_31' title='bbox 2530 528 2554 557; x_wconf 83' lang='lat'><strong><em>°</em></strong></span> <span class='ocrx_word' id='word_1_32' title='bbox 2583 520 2636 573; x_wconf 92' lang='lat' dir='ltr'><strong>in</strong></span> <span class='ocrx_word' id='word_1_33' title='bbox 2665 517 2871 574; x_wconf 90' lang='lat' dir='ltr'><strong>theoria</strong></span> <span class='ocrx_word' id='word_1_34' title='bbox 2903 518 3040 585; x_wconf 90' lang='lat' dir='ltr'><strong>sola,</strong></span> <span class='ocrx_word' id='word_1_35' title='bbox 3087 519 3142 575; x_wconf 91' lang='lat' dir='ltr'><strong>id</strong></span> <span class='ocrx_word' id='word_1_36' title='bbox 3167 529 3273 589; x_wconf 84' lang='lat' dir='ltr'><strong>est,</strong></span> <span class='ocrx_word' id='word_1_37' title='bbox 3306 520 3358 575; x_wconf 92' lang='lat' dir='ltr'><strong>io</strong></span> <span class='ocrx_word' id='word_1_38' title='bbox 3387 525 3700 594; x_wconf 87' lang='lat' dir='ltr'><strong>contempla-</strong></span> 
     </span>
    </p>
   </div>
   <div class='ocr_carea' id='block_1_4' title="bbox 459 610 3702 698">
    <p class='ocr_par' dir='ltr' id='par_1_4' title="bbox 459 610 3702 698">
     <span class='ocr_line' id='line_1_4' title="bbox 459 610 3702 698; baseline -0.002 -17"><span class='ocrx_word' id='word_1_39' title='bbox 459 624 812 698; x_wconf 83' lang='lat' dir='ltr'><strong>judicandum</strong></span> <span class='ocrx_word' id='word_1_40' title='bbox 867 630 970 677; x_wconf 89' lang='lat' dir='ltr'><strong>est.</strong></span> <span class='ocrx_word' id='word_1_41' title='bbox 1003 628 1030 657; x_wconf 73' lang='grc'>⁸</span> <span class='ocrx_word' id='word_1_42' title='bbox 1058 618 1230 688; x_wconf 78' lang='lat' dir='ltr'><strong>Hujus</strong></span> <span class='ocrx_word' id='word_1_43' title='bbox 1280 617 1483 673; x_wconf 88' lang='lat' dir='ltr'><strong>mentis</strong></span> <span class='ocrx_word' id='word_1_44' title='bbox 1534 618 1620 672; x_wconf 90' lang='lat' dir='ltr'><strong>vel</strong></span> <span class='ocrx_word' id='word_1_45' title='bbox 1675 626 1831 672; x_wconf 89' lang='lat' dir='ltr'><strong>actus</strong></span> <span class='ocrx_word' id='word_1_46' title='bbox 1876 615 2047 686; x_wconf 81' lang='lat' dir='ltr'><strong>ﬁgura</strong></span> <span class='ocrx_word' id='word_1_47' title='bbox 2148 614 2296 670; x_wconf 88' lang='lat' dir='ltr'><strong>tione</strong></span> <span class='ocrx_word' id='word_1_48' title='bbox 2333 613 2513 667; x_wconf 82' lang='lat' dir='ltr'><strong>divina</strong></span> <span class='ocrx_word' id='word_1_49' title='bbox 2540 611 2829 669; x_wconf 89' lang='lat' dir='ltr'><strong>Dominum</strong></span> <span class='ocrx_word' id='word_1_50' title='bbox 2859 613 3130 684; x_wconf 97' lang='lat' dir='ltr'><strong>posuisse.</strong></span> <span class='ocrx_word' id='word_1_51' title='bbox 3169 610 3327 669; x_wconf 87' lang='lat' dir='ltr'><strong>Unde</strong></span> <span class='ocrx_word' id='word_1_52' title='bbox 3361 623 3573 671; x_wconf 68' lang='lat' dir='ltr'><strong>cateias</strong></span> <span class='ocrx_word' id='word_1_53' title='bbox 3596 617 3702 673; x_wconf 65' lang='grc' dir='ltr'>νίιιδ</span> 
     </span>
    </p>
   </div>
   <div class='ocr_carea' id='block_1_5' title="bbox 460 705 3704 783">
    <p class='ocr_par' dir='ltr' id='par_1_5' title="bbox 460 705 3704 783">
     <span class='ocr_line' id='line_1_5' title="bbox 460 705 3704 783; baseline -0.002 -8"><span class='ocrx_word' id='word_1_54' title='bbox 460 720 628 776; x_wconf 88' lang='lat' dir='ltr'><strong>etiam</strong></span> <span class='ocrx_word' id='word_1_55' title='bbox 680 717 733 771; x_wconf 89' lang='lat' dir='ltr'><strong>in</strong></span> <span class='ocrx_word' id='word_1_56' title='bbox 775 711 1070 783; x_wconf 74' lang='lat' dir='ltr'><strong>Evangelio</strong></span> <span class='ocrx_word' id='word_1_57' title='bbox 1101 724 1197 780; x_wconf 88' lang='lat' dir='ltr'><strong>per</strong></span> <span class='ocrx_word' id='word_1_58' title='bbox 1236 708 1504 765; x_wconf 81' lang='lat' dir='ltr'><strong>Martham</strong></span> <span class='ocrx_word' id='word_1_59' title='bbox 1554 715 1612 763; x_wconf 87' lang='lat' dir='ltr'><strong>et</strong></span> <span class='ocrx_word' id='word_1_60' title='bbox 1657 708 1880 763; x_wconf 76' lang='lat' dir='ltr'><strong>Mariam</strong></span> <span class='ocrx_word' id='word_1_61' title='bbox 1927 706 2049 776; x_wconf 82' lang='lat' dir='ltr'><strong>pul-</strong></span> <span class='ocrx_word' id='word_1_62' title='bbox 2144 716 2293 783; x_wconf 81' lang='lat' dir='ltr'><strong>tutes</strong></span> <span class='ocrx_word' id='word_1_63' title='bbox 2333 706 2458 762; x_wconf 90' lang='lat' dir='ltr'><strong>licet</strong></span> <span class='ocrx_word' id='word_1_64' title='bbox 2488 705 2830 765; x_wconf 82' lang='lat' dir='ltr'><strong>necessarias</strong></span> <span class='ocrx_word' id='word_1_65' title='bbox 2860 715 2916 762; x_wconf 89' lang='lat' dir='ltr'><strong>et</strong></span> <span class='ocrx_word' id='word_1_66' title='bbox 2956 706 3119 762; x_wconf 89' lang='lat' dir='ltr'><strong>utiles</strong></span> <span class='ocrx_word' id='word_1_67' title='bbox 3162 712 3597 780; x_wconf 70' lang='lat' dir='ltr'><strong>pronuntiemus,</strong></span> <span class='ocrx_word' id='word_1_68' title='bbox 3624 725 3704 767; x_wconf 84' lang='lat' dir='ltr'><strong>se—</strong></span> 
     </span>
    </p>
   </div>
   <div class='ocr_carea' id='block_1_6' title="bbox 461 782 3706 877">
    <p class='ocr_par' dir='ltr' id='par_1_6' title="bbox 461 782 3706 877">
     <span class='ocr_line' id='line_1_6' title="bbox 461 782 3706 877; baseline -0.003 -8"><span class='ocrx_word' id='word_1_69' title='bbox 461 810 737 868; x_wconf 89' lang='lat' dir='ltr'><strong>cherrime</strong></span> <span class='ocrx_word' id='word_1_70' title='bbox 763 782 1098 877; x_wconf 84' lang='lat' dir='ltr'><strong>designatur.</strong></span> <span class='ocrx_word' id='word_1_71' title='bbox 1145 803 1276 859; x_wconf 89' lang='lat' dir='ltr'><strong>Cum</strong></span> <span class='ocrx_word' id='word_1_72' title='bbox 1306 802 1454 858; x_wconf 88' lang='lat' dir='ltr'><strong>enim</strong></span> <span class='ocrx_word' id='word_1_73' title='bbox 1486 800 1699 857; x_wconf 68' lang='lat' dir='ltr'><strong>Hartha</strong></span> <span class='ocrx_word' id='word_1_74' title='bbox 1727 810 1918 856; x_wconf 87' lang='lat' dir='ltr'><strong>sancto</strong></span> <span class='ocrx_word' id='word_1_75' title='bbox 1948 798 2052 857; x_wconf 77' lang='grc' dir='ltr'>ιιιὶ·</span> <span class='ocrx_word' id='word_1_76' title='bbox 2140 782 2330 857; x_wconf 70' lang='grc' dir='ltr'>ὀιιιιίιο</span> <span class='ocrx_word' id='word_1_77' title='bbox 2383 812 2568 858; x_wconf 90' lang='lat' dir='ltr'><strong>tamen</strong></span> <span class='ocrx_word' id='word_1_78' title='bbox 2609 800 2787 873; x_wconf 85' lang='lat' dir='ltr'><strong>gradu</strong></span> <span class='ocrx_word' id='word_1_79' title='bbox 2836 801 3142 857; x_wconf 85' lang='lat' dir='ltr'><strong>censendas</strong></span> <span class='ocrx_word' id='word_1_80' title='bbox 3187 815 3309 859; x_wconf 78' lang='lat' dir='ltr'><strong>esse</strong></span> <span class='ocrx_word' id='word_1_81' title='bbox 3349 801 3706 872; x_wconf 76' lang='lat' dir='ltr'><strong>decernimus,</strong></span> 
     </span>
    </p>
   </div>
   <div class='ocr_carea' id='block_1_7' title="bbox 460 891 2074 974">
    <p class='ocr_par' dir='ltr' id='par_1_7' title="bbox 460 891 2048 974">
     <span class='ocr_line' id='line_1_7' title="bbox 460 891 2048 974; baseline -0.009 -15"><span class='ocrx_word' id='word_1_82' title='bbox 460 919 571 974; x_wconf 89' lang='lat' dir='ltr'><strong>que</strong></span> <span class='ocrx_word' id='word_1_83' title='bbox 600 898 904 957; x_wconf 83' lang='lat' dir='ltr'><strong>ministerio</strong></span> <span class='ocrx_word' id='word_1_84' title='bbox 930 894 1258 962; x_wconf 88' lang='lat' dir='ltr'><strong>deserviret,</strong></span> <span class='ocrx_word' id='word_1_85' title='bbox 1294 900 1484 965; x_wconf 91' lang='lat' dir='ltr'><strong>utpote</strong></span> <span class='ocrx_word' id='word_1_86' title='bbox 1509 906 1634 963; x_wconf 61' lang='lat' dir='ltr'><strong>quae</strong></span> <span class='ocrx_word' id='word_1_87' title='bbox 1662 892 1765 962; x_wconf 83' lang='lat' dir='ltr'><strong>ipsi</strong></span> <span class='ocrx_word' id='word_1_88' title='bbox 1793 891 2048 958; x_wconf 85' lang='lat' dir='ltr'><strong>Domino,</strong></span> 
     </span>
    </p>
   </div>
   <div class='ocr_carea' id='block_1_8' title="bbox 2181 891 3709 974">
    <p class='ocr_par' dir='ltr' id='par_1_8' title="bbox 2181 892 3709 964">
     <span class='ocr_line' id='line_1_8' title="bbox 2181 892 3709 964; baseline 0.003 -16"><span class='ocrx_word' id='word_1_89' title='bbox 2181 893 2274 960; x_wconf 54' lang='lat' dir='ltr'><strong>tuis</strong></span> <span class='ocrx_word' id='word_1_90' title='bbox 2306 895 2574 950; x_wconf 69' lang='lat' dir='ltr'><strong>universa:</strong></span> <span class='ocrx_word' id='word_1_91' title='bbox 2599 892 2764 963; x_wconf 84' lang='lat' dir='ltr'><strong>hujus</strong></span> <span class='ocrx_word' id='word_1_92' title='bbox 2794 895 2955 949; x_wconf 89' lang='lat' dir='ltr'><strong>unius</strong></span> <span class='ocrx_word' id='word_1_93' title='bbox 2979 904 3242 964; x_wconf 78' lang='lat' dir='ltr'><strong>parantur</strong></span> <span class='ocrx_word' id='word_1_94' title='bbox 3270 894 3515 950; x_wconf 86' lang='lat' dir='ltr'><strong>obtentu.</strong></span> <span class='ocrx_word' id='word_1_95' title='bbox 3534 896 3709 953; x_wconf 86' lang='lat' dir='ltr'><strong>Dicens</strong></span> 
     </span>
    </p>
   </div>
   <div class='ocr_carea' id='block_1_9' title="bbox 464 980 2074 1064">
    <p class='ocr_par' dir='ltr' id='par_1_9' title="bbox 464 980 2053 1064">
     <span class='ocr_line' id='line_1_9' title="bbox 464 980 2053 1064; baseline -0.008 -17"><span class='ocrx_word' id='word_1_96' title='bbox 464 992 694 1064; x_wconf 75' lang='lat' dir='ltr'><strong>ejusque</strong></span> <span class='ocrx_word' id='word_1_97' title='bbox 735 988 1024 1058; x_wconf 88' lang='lat' dir='ltr'><strong>discipulis</strong></span> <span class='ocrx_word' id='word_1_98' title='bbox 1073 984 1455 1050; x_wconf 77' lang='lat' dir='ltr'><strong>ministrabat;</strong></span> <span class='ocrx_word' id='word_1_99' title='bbox 1504 992 1559 1040; x_wconf 91' lang='lat' dir='ltr'><strong>et</strong></span> <span class='ocrx_word' id='word_1_100' title='bbox 1602 982 1763 1038; x_wconf 80' lang='lat' dir='ltr'><strong>Maria</strong></span> <span class='ocrx_word' id='word_1_101' title='bbox 1815 980 2053 1052; x_wconf 79' lang='lat' dir='ltr'><strong>spiritali</strong></span> 
     </span>
    </p>
   </div>
   <div class='ocr_carea' id='block_1_10' title="bbox 2181 980 3709 1064">
    <p class='ocr_par' dir='ltr' id='par_1_10' title="bbox 2181 984 3709 1056">
     <span class='ocr_line' id='line_1_10' title="bbox 2181 984 3709 1056; baseline 0.005 -19"><span class='ocrx_word' id='word_1_102' title='bbox 2181 986 2298 1042; x_wconf 74' lang='lat' dir='ltr'><strong>.nim</strong></span> <span class='ocrx_word' id='word_1_103' title='bbox 2327 986 2608 1051; x_wconf 87' lang='lat' dir='ltr'><strong>Dominus,</strong></span> <span class='ocrx_word' id='word_1_104' title='bbox 2642 984 2880 1042; x_wconf 85' lang='lat' dir='ltr'><strong>sollicita</strong></span> <span class='ocrx_word' id='word_1_105' title='bbox 2909 1000 2991 1052; x_wconf 89' lang='lat' dir='ltr'><strong>es,</strong></span> <span class='ocrx_word' id='word_1_106' title='bbox 3025 995 3082 1041; x_wconf 92' lang='lat' dir='ltr'><strong>et</strong></span> <span class='ocrx_word' id='word_1_107' title='bbox 3108 985 3343 1041; x_wconf 87' lang='lat' dir='ltr'><strong>turbaris</strong></span> <span class='ocrx_word' id='word_1_108' title='bbox 3392 985 3530 1041; x_wconf 81' lang='lat' dir='ltr'><strong>circa</strong></span> <span class='ocrx_word' id='word_1_109' title='bbox 3561 988 3709 1056; x_wconf 85' lang='lat' dir='ltr'><strong>pluri-</strong></span> 
     </span>
    </p>
   </div>
   <div class='ocr_carea' id='block_1_11' title="bbox 466 1075 3712 1149">
    <p class='ocr_par' dir='ltr' id='par_1_11' title="bbox 466 1075 3712 1149">
     <span class='ocr_line' id='line_1_11' title="bbox 466 1075 3712 1149; baseline -0.001 -10"><span class='ocrx_word' id='word_1_110' title='bbox 466 1082 851 1139; x_wconf 90' lang='lat' dir='ltr'><strong>tantummodo</strong></span> <span class='ocrx_word' id='word_1_111' title='bbox 898 1081 1106 1136; x_wconf 88' lang='lat' dir='ltr'><strong>intenta</strong></span> <span class='ocrx_word' id='word_1_112' title='bbox 1138 1079 1436 1144; x_wconf 60' lang='lat' dir='ltr'><strong>doctrinae,</strong></span> <span class='ocrx_word' id='word_1_113' title='bbox 1467 1078 1597 1134; x_wconf 86' lang='lat' dir='ltr'><strong>.lesu</strong></span> <span class='ocrx_word' id='word_1_114' title='bbox 1627 1075 1855 1147; x_wconf 81' lang='lat' dir='ltr'><strong>pedibus</strong></span> <span class='ocrx_word' id='word_1_115' title='bbox 1882 1075 2057 1131; x_wconf 79' lang='lat' dir='ltr'><strong>inlite-</strong></span> <span class='ocrx_word' id='word_1_116' title='bbox 2155 1093 2266 1146; x_wconf 88' lang='lat' dir='ltr'><strong>ma,</strong></span> <span class='ocrx_word' id='word_1_117' title='bbox 2308 1079 2496 1149; x_wconf 84' lang='lat' dir='ltr'><strong>paucis</strong></span> <span class='ocrx_word' id='word_1_118' title='bbox 2521 1092 2653 1135; x_wconf 90' lang='lat' dir='ltr'><strong>vero</strong></span> <span class='ocrx_word' id='word_1_119' title='bbox 2679 1092 2816 1148; x_wconf 90' lang='lat' dir='ltr'><strong>opus</strong></span> <span class='ocrx_word' id='word_1_120' title='bbox 2840 1087 2944 1144; x_wconf 79' lang='lat' dir='ltr'><strong>est,</strong></span> <span class='ocrx_word' id='word_1_121' title='bbox 2972 1086 3067 1133; x_wconf 86' lang='lat' dir='ltr'><strong>aut</strong></span> <span class='ocrx_word' id='word_1_122' title='bbox 3093 1080 3257 1132; x_wconf 86' lang='lat' dir='ltr'><strong>etiam</strong></span> <span class='ocrx_word' id='word_1_123' title='bbox 3285 1092 3396 1133; x_wconf 90' lang='lat' dir='ltr'><strong>uno</strong></span> <span class='ocrx_word' id='word_1_124' title='bbox 3416 1121 3432 1147; x_wconf 91' lang='lat'><strong>,</strong></span> <span class='ocrx_word' id='word_1_125' title='bbox 3462 1093 3712 1137; x_wconf 80' lang='lat' dir='ltr'><strong>summum</strong></span> 
     </span>
    </p>
   </div>
   <div class='ocr_carea' id='block_1_12' title="bbox 464 1168 3718 1251">
    <p class='ocr_par' dir='ltr' id='par_1_12' title="bbox 464 1168 3718 1251">
     <span class='ocr_line' id='line_1_12' title="bbox 464 1168 3718 1251; baseline -0.002 -19"><span class='ocrx_word' id='word_1_126' title='bbox 464 1184 636 1243; x_wconf 88' lang='lat' dir='ltr'><strong>reret,</strong></span> <span class='ocrx_word' id='word_1_127' title='bbox 661 1190 801 1247; x_wconf 91' lang='lat' dir='ltr'><strong>quos</strong></span> <span class='ocrx_word' id='word_1_128' title='bbox 827 1173 1081 1229; x_wconf 86' lang='lat' dir='ltr'><strong>osculans</strong></span> <span class='ocrx_word' id='word_1_129' title='bbox 1109 1172 1274 1227; x_wconf 70' lang='lat' dir='ltr'><strong>bona:</strong></span> <span class='ocrx_word' id='word_1_130' title='bbox 1300 1169 1667 1251; x_wconf 58' lang='lat' dir='ltr'><strong>confessionis</strong></span> <span class='ocrx_word' id='word_1_131' title='bbox 1695 1168 1923 1225; x_wconf 90' lang='lat' dir='ltr'><strong>liniebat</strong></span> <span class='ocrx_word' id='word_1_132' title='bbox 1950 1183 2054 1223; x_wconf 89' lang='lat' dir='ltr'><strong>un-</strong></span> <span class='ocrx_word' id='word_1_133' title='bbox 2156 1169 2357 1227; x_wconf 86' lang='lat' dir='ltr'><strong>bonum</strong></span> <span class='ocrx_word' id='word_1_134' title='bbox 2380 1185 2487 1225; x_wconf 92' lang='lat' dir='ltr'><strong>non</strong></span> <span class='ocrx_word' id='word_1_135' title='bbox 2520 1170 2574 1225; x_wconf 93' lang='lat' dir='ltr'><strong>in</strong></span> <span class='ocrx_word' id='word_1_136' title='bbox 2604 1170 2843 1235; x_wconf 83' lang='lat' dir='ltr'><strong>actuali,</strong></span> <span class='ocrx_word' id='word_1_137' title='bbox 2874 1171 3122 1238; x_wconf 79' lang='lat' dir='ltr'><strong>quamvis</strong></span> <span class='ocrx_word' id='word_1_138' title='bbox 3147 1168 3409 1226; x_wconf 74' lang='lat' dir='ltr'><strong>laudabili</strong></span> <span class='ocrx_word' id='word_1_139' title='bbox 3452 1184 3640 1240; x_wconf 84' lang='lat' dir='ltr'><strong>opere,</strong></span> <span class='ocrx_word' id='word_1_140' title='bbox 3666 1181 3718 1229; x_wconf 86' lang='lat' dir='ltr'><strong>et</strong></span> 
     </span>
    </p>
   </div>
   <div class='ocr_carea' id='block_1_13' title="bbox 464 1263 3721 1344">
    <p class='ocr_par' dir='ltr' id='par_1_13' title="bbox 464 1263 3721 1344">
     <span class='ocr_line' id='line_1_13' title="bbox 464 1263 3721 1344; baseline -0.002 -16"><span class='ocrx_word' id='word_1_141' title='bbox 464 1279 691 1344; x_wconf 87' lang='lat' dir='ltr'><strong>guento,</strong></span> <span class='ocrx_word' id='word_1_142' title='bbox 722 1266 1013 1340; x_wconf 64' lang='lat' dir='ltr'><strong>praelertur</strong></span> <span class='ocrx_word' id='word_1_143' title='bbox 1042 1275 1225 1322; x_wconf 90' lang='lat' dir='ltr'><strong>tamen</strong></span> <span class='ocrx_word' id='word_1_144' title='bbox 1257 1281 1287 1319; x_wconf 86' lang='lat' dir='ltr'><strong>a</strong></span> <span class='ocrx_word' id='word_1_145' title='bbox 1321 1265 1574 1330; x_wconf 88' lang='lat' dir='ltr'><strong>Domino,</strong></span> <span class='ocrx_word' id='word_1_146' title='bbox 1614 1263 1842 1335; x_wconf 89' lang='lat' dir='ltr'><strong>quodet</strong></span> <span class='ocrx_word' id='word_1_147' title='bbox 1868 1263 2059 1319; x_wconf 88' lang='lat' dir='ltr'><strong>melio-</strong></span> <span class='ocrx_word' id='word_1_148' title='bbox 2157 1263 2344 1320; x_wconf 86' lang='lat' dir='ltr'><strong>multis</strong></span> <span class='ocrx_word' id='word_1_149' title='bbox 2393 1264 2663 1320; x_wconf 86' lang='lat' dir='ltr'><strong>lructibus</strong></span> <span class='ocrx_word' id='word_1_150' title='bbox 2707 1263 3045 1328; x_wconf 78' lang='lat' dir='ltr'><strong>abundanti.</strong></span> <span class='ocrx_word' id='word_1_151' title='bbox 3096 1263 3191 1320; x_wconf 86' lang='lat' dir='ltr'><strong>sed</strong></span> <span class='ocrx_word' id='word_1_152' title='bbox 3236 1264 3293 1320; x_wconf 77' lang='lat' dir='ltr'><strong>iu</strong></span> <span class='ocrx_word' id='word_1_153' title='bbox 3336 1280 3429 1320; x_wconf 89' lang='lat' dir='ltr'><strong>sua</strong></span> <span class='ocrx_word' id='word_1_154' title='bbox 3476 1263 3635 1338; x_wconf 85' lang='lat' dir='ltr'><strong>[Lips.</strong></span> <span class='ocrx_word' id='word_1_155' title='bbox 3672 1267 3721 1322; x_wconf 78' lang='lat' dir='ltr'><strong>in</strong></span> 
     </span>
    </p>
   </div>
   <div class='ocr_carea' id='block_1_14' title="bbox 464 1355 3724 1436">
    <p class='ocr_par' dir='ltr' id='par_1_14' title="bbox 464 1355 3724 1436">
     <span class='ocr_line' id='line_1_14' title="bbox 464 1355 3724 1436; baseline -0.002 -14"><span class='ocrx_word' id='word_1_156' title='bbox 464 1380 583 1423; x_wconf 89' lang='lat' dir='ltr'><strong>rem</strong></span> <span class='ocrx_word' id='word_1_157' title='bbox 629 1363 861 1436; x_wconf 74' lang='lat' dir='ltr'><strong>elegerit</strong></span> <span class='ocrx_word' id='word_1_158' title='bbox 891 1371 1130 1432; x_wconf 87' lang='lat' dir='ltr'><strong>partem,</strong></span> <span class='ocrx_word' id='word_1_159' title='bbox 1163 1366 1223 1415; x_wconf 89' lang='lat' dir='ltr'><strong>et</strong></span> <span class='ocrx_word' id='word_1_160' title='bbox 1250 1374 1368 1415; x_wconf 88' lang='lat' dir='ltr'><strong>eam</strong></span> <span class='ocrx_word' id='word_1_161' title='bbox 1403 1374 1524 1429; x_wconf 65' lang='lat' dir='ltr'><strong>qua</strong></span> <span class='ocrx_word' id='word_1_162' title='bbox 1550 1358 1621 1414; x_wconf 91' lang='lat' dir='ltr'><strong>ab</strong></span> <span class='ocrx_word' id='word_1_163' title='bbox 1653 1374 1714 1414; x_wconf 90' lang='lat' dir='ltr'><strong>ea</strong></span> <span class='ocrx_word' id='word_1_164' title='bbox 1740 1373 1851 1413; x_wconf 91' lang='lat' dir='ltr'><strong>non</strong></span> <span class='ocrx_word' id='word_1_165' title='bbox 1888 1355 2062 1428; x_wconf 83' lang='lat' dir='ltr'><strong>possit</strong></span> <span class='ocrx_word' id='word_1_166' title='bbox 2158 1375 2327 1433; x_wconf 68' lang='lat' dir='ltr'><strong>marg.</strong></span> <span class='ocrx_word' id='word_1_167' title='bbox 2359 1357 2465 1431; x_wconf 88' lang='lat' dir='ltr'><strong>sui]</strong></span> <span class='ocrx_word' id='word_1_168' title='bbox 2516 1359 3016 1429; x_wconf 85' lang='lat' dir='ltr'><strong>eontetnplatione,</strong></span> <span class='ocrx_word' id='word_1_169' title='bbox 3046 1373 3171 1429; x_wconf 63' lang='lat' dir='ltr'><strong>qua</strong></span> <span class='ocrx_word' id='word_1_170' title='bbox 3220 1372 3353 1415; x_wconf 75' lang='lat' dir='ltr'><strong>vere</strong></span> <span class='ocrx_word' id='word_1_171' title='bbox 3398 1359 3621 1429; x_wconf 76' lang='lat' dir='ltr'><strong>simplex</strong></span> <span class='ocrx_word' id='word_1_172' title='bbox 3673 1369 3724 1416; x_wconf 91' lang='lat' dir='ltr'><strong>et</strong></span> 
     </span>
    </p>
   </div>
   <div class='ocr_carea' id='block_1_15' title="bbox 468 1448 2060 1531">
    <p class='ocr_par' dir='ltr' id='par_1_15' title="bbox 468 1448 2060 1531">
     <span class='ocr_line' id='line_1_15' title="bbox 468 1448 2060 1531; baseline -0.008 -16"><span class='ocrx_word' id='word_1_173' title='bbox 468 1458 672 1515; x_wconf 83' lang='lat' dir='ltr'><strong>auferri</strong></span> <span class='ocrx_word' id='word_1_174' title='bbox 703 1454 883 1531; x_wconf 65' lang='lat' dir='ltr'><strong>(Luca</strong></span> <span class='ocrx_word' id='word_1_175' title='bbox 913 1452 992 1526; x_wconf 75' lang='grc' dir='ltr'><strong>ι).</strong></span> <span class='ocrx_word' id='word_1_176' title='bbox 1034 1452 1168 1507; x_wconf 85' lang='lat' dir='ltr'><strong>Nam</strong></span> <span class='ocrx_word' id='word_1_177' title='bbox 1217 1467 1341 1509; x_wconf 92' lang='lat' dir='ltr'><strong>cum</strong></span> <span class='ocrx_word' id='word_1_178' title='bbox 1396 1450 1670 1507; x_wconf 82' lang='lat' dir='ltr'><strong>laboraret</strong></span> <span class='ocrx_word' id='word_1_179' title='bbox 1715 1449 1922 1506; x_wconf 71' lang='lat' dir='ltr'><strong>Martha</strong></span> <span class='ocrx_word' id='word_1_180' title='bbox 1971 1448 2060 1518; x_wconf 88' lang='lat' dir='ltr'><strong>pia</strong></span> 
     </span>
    </p>
   </div>
   <div class='ocr_carea' id='block_1_16' title="bbox 468 1540 2065 1616">
    <p class='ocr_par' dir='ltr' id='par_1_16' title="bbox 468 1540 2065 1616">
     <span class='ocr_line' id='line_1_16' title="bbox 468 1540 2065 1616; baseline -0.009 -6"><span class='ocrx_word' id='word_1_181' title='bbox 468 1549 845 1610; x_wconf 85' lang='lat' dir='ltr'><strong>sollicitudine</strong></span> <span class='ocrx_word' id='word_1_182' title='bbox 873 1562 940 1603; x_wconf 88' lang='lat' dir='ltr'><strong>ac</strong></span> <span class='ocrx_word' id='word_1_183' title='bbox 967 1544 1380 1616; x_wconf 79' lang='lat' dir='ltr'><strong>dispensatione</strong></span> <span class='ocrx_word' id='word_1_184' title='bbox 1407 1542 1667 1611; x_wconf 89' lang='lat' dir='ltr'><strong>distenta,</strong></span> <span class='ocrx_word' id='word_1_185' title='bbox 1690 1542 1862 1598; x_wconf 90' lang='lat' dir='ltr'><strong>solam</strong></span> <span class='ocrx_word' id='word_1_186' title='bbox 1893 1556 1954 1597; x_wconf 90' lang='lat' dir='ltr'><strong>se</strong></span> <span class='ocrx_word' id='word_1_187' title='bbox 1985 1540 2065 1596; x_wconf 87' lang='lat' dir='ltr'><strong>vi-</strong></span> 
     </span>
    </p>
   </div>
   <div class='ocr_carea' id='block_1_17' title="bbox 471 1633 2059 1705">
    <p class='ocr_par' dir='ltr' id='par_1_17' title="bbox 471 1633 2059 1705">
     <span class='ocr_line' id='line_1_17' title="bbox 471 1633 2059 1705; baseline -0.006 -6"><span class='ocrx_word' id='word_1_188' title='bbox 471 1643 611 1699; x_wconf 87' lang='lat' dir='ltr'><strong>dens</strong></span> <span class='ocrx_word' id='word_1_189' title='bbox 642 1640 709 1697; x_wconf 91' lang='lat' dir='ltr'><strong>ad</strong></span> <span class='ocrx_word' id='word_1_190' title='bbox 752 1648 958 1695; x_wconf 87' lang='lat' dir='ltr'><strong>tantum</strong></span> <span class='ocrx_word' id='word_1_191' title='bbox 1004 1636 1373 1693; x_wconf 87' lang='lat' dir='ltr'><strong>ministerium</strong></span> <span class='ocrx_word' id='word_1_192' title='bbox 1411 1651 1517 1691; x_wconf 86' lang='lat' dir='ltr'><strong>non</strong></span> <span class='ocrx_word' id='word_1_193' title='bbox 1563 1649 1726 1705; x_wconf 87' lang='lat' dir='ltr'><strong>posse</strong></span> <span class='ocrx_word' id='word_1_194' title='bbox 1772 1633 2059 1702; x_wconf 79' lang='lat' dir='ltr'><strong>sufﬁcere,</strong></span> 
     </span>
    </p>
   </div>
   <div class='ocr_carea' id='block_1_18' title="bbox 475 1726 2062 1807">
    <p class='ocr_par' dir='ltr' id='par_1_18' title="bbox 475 1726 2062 1807">
     <span class='ocr_line' id='line_1_18' title="bbox 475 1726 2062 1807; baseline -0.006 -16"><span class='ocrx_word' id='word_1_195' title='bbox 475 1734 807 1807; x_wconf 74' lang='lat' dir='ltr'><strong>adiutorium</strong></span> <span class='ocrx_word' id='word_1_196' title='bbox 854 1732 1064 1787; x_wconf 86' lang='lat' dir='ltr'><strong>sororis</strong></span> <span class='ocrx_word' id='word_1_197' title='bbox 1090 1745 1120 1785; x_wconf 90' lang='lat' dir='ltr'><strong>a</strong></span> <span class='ocrx_word' id='word_1_198' title='bbox 1160 1728 1393 1785; x_wconf 89' lang='lat' dir='ltr'><strong>Domino</strong></span> <span class='ocrx_word' id='word_1_199' title='bbox 1438 1728 1779 1799; x_wconf 89' lang='lat' dir='ltr'><strong>postulabat,</strong></span> <span class='ocrx_word' id='word_1_200' title='bbox 1828 1726 2062 1784; x_wconf 85' lang='lat' dir='ltr'><strong>dicens:</strong></span> 
     </span>
    </p>
   </div>
   <div class='ocr_carea' id='block_1_19' title="bbox 2160 1451 3727 1523">
    <p class='ocr_par' dir='ltr' id='par_1_19' title="bbox 2160 1451 3727 1523">
     <span class='ocr_line' id='line_1_19' title="bbox 2160 1451 3727 1523; baseline 0.001 -16"><span class='ocrx_word' id='word_1_201' title='bbox 2160 1466 2266 1507; x_wconf 88' lang='lat' dir='ltr'><strong>una</strong></span> <span class='ocrx_word' id='word_1_202' title='bbox 2288 1460 2391 1514; x_wconf 83' lang='lat' dir='ltr'><strong>est.</strong></span> <span class='ocrx_word' id='word_1_203' title='bbox 2411 1451 2733 1511; x_wconf 84' lang='lat' dir='ltr'><strong>collocavit:</strong></span> <span class='ocrx_word' id='word_1_204' title='bbox 2760 1453 2948 1522; x_wconf 76' lang='lat' dir='ltr'><strong>paucis</strong></span> <span class='ocrx_word' id='word_1_205' title='bbox 2975 1466 3113 1523; x_wconf 85' lang='lat' dir='ltr'><strong>opus</strong></span> <span class='ocrx_word' id='word_1_206' title='bbox 3141 1466 3268 1509; x_wconf 86' lang='lat' dir='ltr'><strong>esse</strong></span> <span class='ocrx_word' id='word_1_207' title='bbox 3293 1453 3639 1523; x_wconf 73' lang='lat' dir='ltr'><strong>pronuntians</strong></span> <span class='ocrx_word' id='word_1_208' title='bbox 3663 1452 3727 1509; x_wconf 83' lang='lat' dir='ltr'><strong>ad</strong></span> 
     </span>
    </p>
   </div>
   <div class='ocr_carea' id='block_1_20' title="bbox 2162 1544 3730 1616">
    <p class='ocr_par' dir='ltr' id='par_1_20' title="bbox 2162 1544 3730 1616">
     <span class='ocr_line' id='line_1_20' title="bbox 2162 1544 3730 1616; baseline -0.001 -16"><span class='ocrx_word' id='word_1_209' title='bbox 2162 1544 2462 1616; x_wconf 89' lang='lat' dir='ltr'><strong>perlectam</strong></span> <span class='ocrx_word' id='word_1_210' title='bbox 2480 1545 2897 1611; x_wconf 85' lang='lat' dir='ltr'><strong>beatitudinem,</strong></span> <span class='ocrx_word' id='word_1_211' title='bbox 2923 1544 2975 1605; x_wconf 87' lang='lat' dir='ltr'><strong>id</strong></span> <span class='ocrx_word' id='word_1_212' title='bbox 3003 1553 3112 1613; x_wconf 86' lang='lat' dir='ltr'><strong>est,</strong></span> <span class='ocrx_word' id='word_1_213' title='bbox 3145 1544 3297 1601; x_wconf 90' lang='lat' dir='ltr'><strong>illam</strong></span> <span class='ocrx_word' id='word_1_214' title='bbox 3325 1544 3730 1616; x_wconf 69' lang='lat' dir='ltr'><strong>theoriam,quc</strong></span> 
     </span>
    </p>
   </div>
   <div class='ocr_carea' id='block_1_21' title="bbox 2166 1638 3732 1709">
    <p class='ocr_par' dir='ltr' id='par_1_21' title="bbox 2166 1638 3732 1709">
     <span class='ocr_line' id='line_1_21' title="bbox 2166 1638 3732 1709; baseline 0.001 -16"><span class='ocrx_word' id='word_1_215' title='bbox 2166 1639 2321 1709; x_wconf 86' lang='lat' dir='ltr'><strong>prius</strong></span> <span class='ocrx_word' id='word_1_216' title='bbox 2349 1639 2405 1693; x_wconf 82' lang='lat' dir='ltr'><strong>iu</strong></span> <span class='ocrx_word' id='word_1_217' title='bbox 2438 1650 2736 1708; x_wconf 77' lang='lat' dir='ltr'><strong>paucorum</strong></span> <span class='ocrx_word' id='word_1_218' title='bbox 2780 1647 3032 1695; x_wconf 78' lang='lat' dir='ltr'><strong>servatur</strong></span> <span class='ocrx_word' id='word_1_219' title='bbox 3063 1638 3501 1695; x_wconf 80' lang='lat' dir='ltr'><strong>consideratione</strong></span> <span class='ocrx_word' id='word_1_220' title='bbox 3533 1647 3732 1695; x_wconf 80' lang='lat' dir='ltr'><strong>sancto-</strong></span> 
     </span>
    </p>
   </div>
   <div class='ocr_carea' id='block_1_22' title="bbox 2168 1729 3732 1800">
    <p class='ocr_par' dir='ltr' id='par_1_22' title="bbox 2168 1729 3732 1800">
     <span class='ocr_line' id='line_1_22' title="bbox 2168 1729 3732 1800; baseline 0 -16"><span class='ocrx_word' id='word_1_221' title='bbox 2168 1746 2286 1786; x_wconf 89' lang='lat' dir='ltr'><strong>rum</strong></span> <span class='ocrx_word' id='word_1_222' title='bbox 2310 1747 2324 1783; x_wconf 92' lang='lat'><strong>:</strong></span> <span class='ocrx_word' id='word_1_223' title='bbox 2352 1745 2381 1784; x_wconf 88' lang='lat' dir='ltr'><strong>a</strong></span> <span class='ocrx_word' id='word_1_224' title='bbox 2411 1745 2641 1800; x_wconf 70' lang='lat' dir='ltr'><strong>quorum</strong></span> <span class='ocrx_word' id='word_1_225' title='bbox 2690 1730 3154 1800; x_wconf 84' lang='lat' dir='ltr'><strong>contemplatione</strong></span> <span class='ocrx_word' id='word_1_226' title='bbox 3179 1729 3555 1786; x_wconf 77' lang='lat' dir='ltr'><strong>conscendens</strong></span> <span class='ocrx_word' id='word_1_227' title='bbox 3577 1730 3621 1784; x_wconf 88' lang='lat' dir='ltr'><strong>is</strong></span> <span class='ocrx_word' id='word_1_228' title='bbox 3651 1729 3732 1799; x_wconf 79' lang='lat' dir='ltr'><strong>qui</strong></span> 
     </span>
    </p>
   </div>
   <div class='ocr_carea' id='block_1_23' title="bbox 472 1819 3735 1895">
    <p class='ocr_par' dir='ltr' id='par_1_23' title="bbox 472 1819 3735 1895">
     <span class='ocr_line' id='line_1_23' title="bbox 472 1819 3735 1895; baseline -0.003 -10"><span class='ocrx_word' id='word_1_229' title='bbox 472 1828 503 1868; x_wconf 73' lang='grc' dir='ltr'>δ</span> <span class='ocrx_word' id='word_1_230' title='bbox 535 1828 661 1885; x_wconf 80' lang='lat' dir='ltr'><strong>Non</strong></span> <span class='ocrx_word' id='word_1_231' title='bbox 687 1837 759 1883; x_wconf 90' lang='lat' dir='ltr'><strong>est</strong></span> <span class='ocrx_word' id='word_1_232' title='bbox 790 1827 881 1881; x_wconf 86' lang='lat' dir='ltr'><strong>tibi</strong></span> <span class='ocrx_word' id='word_1_233' title='bbox 905 1839 1069 1888; x_wconf 74' lang='lat' dir='ltr'><strong>eum,</strong></span> <span class='ocrx_word' id='word_1_234' title='bbox 1091 1824 1212 1893; x_wconf 85' lang='lat' dir='ltr'><strong>quia</strong></span> <span class='ocrx_word' id='word_1_235' title='bbox 1236 1839 1385 1879; x_wconf 83' lang='lat' dir='ltr'><strong>soror</strong></span> <span class='ocrx_word' id='word_1_236' title='bbox 1415 1838 1525 1881; x_wconf 85' lang='lat' dir='ltr'><strong>mea</strong></span> <span class='ocrx_word' id='word_1_237' title='bbox 1546 1822 1756 1893; x_wconf 79' lang='lat' dir='ltr'><strong>reliquit</strong></span> <span class='ocrx_word' id='word_1_238' title='bbox 1793 1836 1875 1875; x_wconf 88' lang='lat' dir='ltr'><strong>me</strong></span> <span class='ocrx_word' id='word_1_239' title='bbox 1898 1820 2064 1879; x_wconf 82' lang='lat' dir='ltr'><strong>solam</strong></span> <span class='ocrx_word' id='word_1_240' title='bbox 2094 1831 2143 1893; x_wconf 80' lang='grc' dir='ltr'><strong><em>Β</em></strong></span> <span class='ocrx_word' id='word_1_241' title='bbox 2167 1822 2347 1878; x_wconf 89' lang='lat' dir='ltr'><strong>adhuc</strong></span> <span class='ocrx_word' id='word_1_242' title='bbox 2387 1823 2439 1877; x_wconf 94' lang='lat' dir='ltr'><strong>in</strong></span> <span class='ocrx_word' id='word_1_243' title='bbox 2468 1820 2716 1892; x_wconf 76' lang='lat' dir='ltr'><strong>profectu</strong></span> <span class='ocrx_word' id='word_1_244' title='bbox 2745 1821 2916 1895; x_wconf 83' lang='lat' dir='ltr'><strong>[Lips.</strong></span> <span class='ocrx_word' id='word_1_245' title='bbox 2947 1822 3003 1876; x_wconf 76' lang='lat' dir='ltr'><strong>is</strong></span> <span class='ocrx_word' id='word_1_246' title='bbox 3030 1838 3194 1893; x_wconf 82' lang='lat' dir='ltr'><strong>marg.</strong></span> <span class='ocrx_word' id='word_1_247' title='bbox 3230 1819 3514 1894; x_wconf 82' lang='lat' dir='ltr'><strong>provectu]</strong></span> <span class='ocrx_word' id='word_1_248' title='bbox 3538 1820 3735 1891; x_wconf 81' lang='lat' dir='ltr'><strong>positus</strong></span> 
     </span>
    </p>
   </div>
   <div class='ocr_carea' id='block_1_24' title="bbox 476 1914 2066 1989">
    <p class='ocr_par' dir='ltr' id='par_1_24' title="bbox 476 1914 2066 1989">
     <span class='ocr_line' id='line_1_24' title="bbox 476 1914 2066 1989; baseline -0.005 -12"><span class='ocrx_word' id='word_1_249' title='bbox 476 1920 823 1977; x_wconf 80' lang='lat' dir='ltr'><strong>ministrare?</strong></span> <span class='ocrx_word' id='word_1_250' title='bbox 862 1918 960 1973; x_wconf 88' lang='lat' dir='ltr'><strong>Dic</strong></span> <span class='ocrx_word' id='word_1_251' title='bbox 986 1933 1106 1989; x_wconf 87' lang='lat' dir='ltr'><strong>ergo</strong></span> <span class='ocrx_word' id='word_1_252' title='bbox 1135 1916 1218 1971; x_wconf 89' lang='lat' dir='ltr'><strong>illi</strong></span> <span class='ocrx_word' id='word_1_253' title='bbox 1249 1926 1308 1971; x_wconf 86' lang='lat' dir='ltr'><strong>ut</strong></span> <span class='ocrx_word' id='word_1_254' title='bbox 1346 1931 1428 1970; x_wconf 80' lang='lat' dir='ltr'><strong>me</strong></span> <span class='ocrx_word' id='word_1_255' title='bbox 1467 1915 1699 1988; x_wconf 77' lang='lat' dir='ltr'><strong>adjuvet.</strong></span> <span class='ocrx_word' id='word_1_256' title='bbox 1737 1914 1931 1986; x_wconf 79' lang='lat' dir='ltr'><strong>Utique</strong></span> <span class='ocrx_word' id='word_1_257' title='bbox 1960 1930 2066 1972; x_wconf 82' lang='lat' dir='ltr'><strong>non</strong></span> 
     </span>
    </p>
   </div>
   <div class='ocr_carea' id='block_1_25' title="bbox 477 2009 2070 2085">
    <p class='ocr_par' dir='ltr' id='par_1_25' title="bbox 477 2009 2070 2085">
     <span class='ocr_line' id='line_1_25' title="bbox 477 2009 2070 2085; baseline -0.006 -12"><span class='ocrx_word' id='word_1_258' title='bbox 477 2016 549 2073; x_wconf 88' lang='lat' dir='ltr'><strong>ad</strong></span> <span class='ocrx_word' id='word_1_259' title='bbox 576 2014 681 2073; x_wconf 83' lang='lat' dir='ltr'><strong>vile</strong></span> <span class='ocrx_word' id='word_1_260' title='bbox 704 2028 864 2085; x_wconf 86' lang='lat' dir='ltr'><strong>opus,</strong></span> <span class='ocrx_word' id='word_1_261' title='bbox 892 2011 991 2070; x_wconf 88' lang='lat' dir='ltr'><strong>sed</strong></span> <span class='ocrx_word' id='word_1_262' title='bbox 1014 2010 1082 2067; x_wconf 88' lang='lat' dir='ltr'><strong>ad</strong></span> <span class='ocrx_word' id='word_1_263' title='bbox 1111 2010 1383 2067; x_wconf 86' lang='lat' dir='ltr'><strong>laudabile</strong></span> <span class='ocrx_word' id='word_1_264' title='bbox 1403 2025 1521 2066; x_wconf 89' lang='lat' dir='ltr'><strong>eam</strong></span> <span class='ocrx_word' id='word_1_265' title='bbox 1549 2009 1912 2066; x_wconf 84' lang='lat' dir='ltr'><strong>ministerium</strong></span> <span class='ocrx_word' id='word_1_266' title='bbox 1944 2025 2070 2080; x_wconf 81' lang='lat' dir='ltr'><strong>pro-</strong></span> 
     </span>
    </p>
   </div>
   <div class='ocr_carea' id='block_1_26' title="bbox 479 2104 2068 2176">
    <p class='ocr_par' dir='ltr' id='par_1_26' title="bbox 479 2104 2068 2176">
     <span class='ocr_line' id='line_1_26' title="bbox 479 2104 2068 2176; baseline -0.004 -11"><span class='ocrx_word' id='word_1_267' title='bbox 479 2109 737 2167; x_wconf 84' lang='lat' dir='ltr'><strong>vocabat.</strong></span> <span class='ocrx_word' id='word_1_268' title='bbox 769 2107 842 2163; x_wconf 86' lang='lat' dir='ltr'><strong>Et</strong></span> <span class='ocrx_word' id='word_1_269' title='bbox 888 2116 1071 2163; x_wconf 88' lang='lat' dir='ltr'><strong>tamen</strong></span> <span class='ocrx_word' id='word_1_270' title='bbox 1111 2105 1243 2176; x_wconf 89' lang='lat' dir='ltr'><strong>quid</strong></span> <span class='ocrx_word' id='word_1_271' title='bbox 1268 2104 1419 2161; x_wconf 89' lang='lat' dir='ltr'><strong>audit</strong></span> <span class='ocrx_word' id='word_1_272' title='bbox 1445 2120 1472 2159; x_wconf 87' lang='lat' dir='ltr'><strong>a</strong></span> <span class='ocrx_word' id='word_1_273' title='bbox 1501 2105 1779 2160; x_wconf 82' lang='lat' dir='ltr'><strong>Domino?</strong></span> <span class='ocrx_word' id='word_1_274' title='bbox 1821 2104 2032 2159; x_wconf 69' lang='lat' dir='ltr'><strong>Martha</strong></span> <span class='ocrx_word' id='word_1_275' title='bbox 2053 2147 2068 2173; x_wconf 91' lang='lat'><strong>,</strong></span> 
     </span>
    </p>
   </div>
   <div class='ocr_carea' id='block_1_27' title="bbox 484 2197 2073 2271">
    <p class='ocr_par' dir='ltr' id='par_1_27' title="bbox 484 2197 2073 2271">
     <span class='ocr_line' id='line_1_27' title="bbox 484 2197 2073 2271; baseline -0.004 -12"><span class='ocrx_word' id='word_1_276' title='bbox 484 2202 721 2269; x_wconf 73' lang='lat' dir='ltr'><strong>Martha,</strong></span> <span class='ocrx_word' id='word_1_277' title='bbox 743 2200 976 2256; x_wconf 82' lang='lat' dir='ltr'><strong>sollicita</strong></span> <span class='ocrx_word' id='word_1_278' title='bbox 991 2216 1066 2265; x_wconf 80' lang='lat' dir='ltr'><strong>es,</strong></span> <span class='ocrx_word' id='word_1_279' title='bbox 1089 2207 1140 2254; x_wconf 88' lang='lat' dir='ltr'><strong>et</strong></span> <span class='ocrx_word' id='word_1_280' title='bbox 1166 2198 1388 2255; x_wconf 80' lang='lat' dir='ltr'><strong>turbaris</strong></span> <span class='ocrx_word' id='word_1_281' title='bbox 1410 2214 1536 2271; x_wconf 80' lang='lat' dir='ltr'><strong>erga</strong></span> <span class='ocrx_word' id='word_1_282' title='bbox 1559 2198 1802 2266; x_wconf 86' lang='lat' dir='ltr'><strong>plurima.</strong></span> <span class='ocrx_word' id='word_1_283' title='bbox 1832 2209 1856 2241; x_wconf 73' lang='grc' dir='ltr'><strong>ο</strong></span> <span class='ocrx_word' id='word_1_284' title='bbox 1878 2197 2073 2253; x_wconf 75' lang='lat' dir='ltr'><strong>Paucis</strong></span> 
     </span>
    </p>
   </div>
   <div class='ocr_carea' id='block_1_28' title="bbox 480 2285 2073 2365">
    <p class='ocr_par' dir='ltr' id='par_1_28' title="bbox 480 2285 2073 2365">
     <span class='ocr_line' id='line_1_28' title="bbox 480 2285 2073 2365; baseline -0.003 -15"><span class='ocrx_word' id='word_1_285' title='bbox 480 2311 597 2350; x_wconf 75' lang='lat' dir='ltr'><strong>vero</strong></span> <span class='ocrx_word' id='word_1_286' title='bbox 623 2308 753 2365; x_wconf 74' lang='lat' dir='ltr'><strong>aput</strong></span> <span class='ocrx_word' id='word_1_287' title='bbox 780 2300 876 2360; x_wconf 81' lang='lat' dir='ltr'><strong>est,</strong></span> <span class='ocrx_word' id='word_1_288' title='bbox 899 2299 993 2346; x_wconf 83' lang='lat' dir='ltr'><strong>aut</strong></span> <span class='ocrx_word' id='word_1_289' title='bbox 1015 2291 1174 2345; x_wconf 88' lang='lat' dir='ltr'><strong>etiam</strong></span> <span class='ocrx_word' id='word_1_290' title='bbox 1202 2305 1344 2357; x_wconf 85' lang='lat' dir='ltr'><strong>uno;</strong></span> <span class='ocrx_word' id='word_1_291' title='bbox 1382 2285 1411 2327; x_wconf 77' lang='grc' dir='ltr'>(ι</span> <span class='ocrx_word' id='word_1_292' title='bbox 1448 2287 1623 2344; x_wconf 68' lang='grc' dir='ltr'><em>Πανία</em></span> <span class='ocrx_word' id='word_1_293' title='bbox 1649 2289 1835 2344; x_wconf 83' lang='lat' dir='ltr'><strong>bonam</strong></span> <span class='ocrx_word' id='word_1_294' title='bbox 1874 2298 2073 2362; x_wconf 84' lang='lat' dir='ltr'><strong>partem</strong></span> 
     </span>
    </p>
   </div>
   <div class='ocr_carea' id='block_1_29' title="bbox 2172 1913 3739 1987">
    <p class='ocr_par' dir='ltr' id='par_1_29' title="bbox 2172 1913 3739 1987">
     <span class='ocr_line' id='line_1_29' title="bbox 2172 1913 3739 1987; baseline -0.003 -14"><span class='ocrx_word' id='word_1_295' title='bbox 2172 1924 2278 1986; x_wconf 87' lang='lat' dir='ltr'><strong>est,</strong></span> <span class='ocrx_word' id='word_1_296' title='bbox 2304 1916 2372 1971; x_wconf 88' lang='lat' dir='ltr'><strong>ad</strong></span> <span class='ocrx_word' id='word_1_297' title='bbox 2398 1915 2531 1972; x_wconf 86' lang='lat' dir='ltr'><strong>illud</strong></span> <span class='ocrx_word' id='word_1_298' title='bbox 2557 1930 2770 1987; x_wconf 86' lang='lat' dir='ltr'><strong>quoque</strong></span> <span class='ocrx_word' id='word_1_299' title='bbox 2809 1914 2955 1987; x_wconf 89' lang='lat' dir='ltr'><strong>quod</strong></span> <span class='ocrx_word' id='word_1_300' title='bbox 2992 1915 3192 1971; x_wconf 83' lang='lat' dir='ltr'><strong>dicitur</strong></span> <span class='ocrx_word' id='word_1_301' title='bbox 3219 1930 3412 1981; x_wconf 90' lang='lat' dir='ltr'><strong>unum,</strong></span> <span class='ocrx_word' id='word_1_302' title='bbox 3447 1914 3498 1969; x_wconf 89' lang='lat' dir='ltr'><strong>id</strong></span> <span class='ocrx_word' id='word_1_303' title='bbox 3525 1924 3628 1979; x_wconf 82' lang='lat' dir='ltr'><strong>est,</strong></span> <span class='ocrx_word' id='word_1_304' title='bbox 3652 1913 3739 1970; x_wconf 84' lang='lat' dir='ltr'><strong>Dei</strong></span> 
     </span>
    </p>
   </div>
   <div class='ocr_carea' id='block_1_30' title="bbox 2172 2006 3741 2080">
    <p class='ocr_par' dir='ltr' id='par_1_30' title="bbox 2172 2006 3741 2080">
     <span class='ocr_line' id='line_1_30' title="bbox 2172 2006 3741 2080; baseline -0.004 -14"><span class='ocrx_word' id='word_1_305' title='bbox 2172 2011 2344 2067; x_wconf 87' lang='lat' dir='ltr'><strong>solius</strong></span> <span class='ocrx_word' id='word_1_306' title='bbox 2362 2011 2642 2076; x_wconf 88' lang='lat' dir='ltr'><strong>intuitttm,</strong></span> <span class='ocrx_word' id='word_1_307' title='bbox 2666 2010 2785 2080; x_wconf 88' lang='lat' dir='ltr'><strong>ipso</strong></span> <span class='ocrx_word' id='word_1_308' title='bbox 2810 2008 3107 2080; x_wconf 71' lang='lat' dir='ltr'><strong>adiuvante</strong></span> <span class='ocrx_word' id='word_1_309' title='bbox 3126 2009 3441 2080; x_wconf 79' lang='lat' dir='ltr'><strong>perveniet:</strong></span> <span class='ocrx_word' id='word_1_310' title='bbox 3470 2018 3528 2073; x_wconf 87' lang='lat' dir='ltr'><strong>ut</strong></span> <span class='ocrx_word' id='word_1_311' title='bbox 3550 2006 3741 2063; x_wconf 75' lang='lat' dir='ltr'><strong>scilicet</strong></span> 
     </span>
    </p>
   </div>
   <div class='ocr_carea' id='block_1_31' title="bbox 2171 2101 3743 2169">
    <p class='ocr_par' dir='ltr' id='par_1_31' title="bbox 2171 2101 3743 2169">
     <span class='ocr_line' id='line_1_31' title="bbox 2171 2101 3743 2169; baseline -0.004 -10"><span class='ocrx_word' id='word_1_312' title='bbox 2171 2105 2335 2163; x_wconf 86' lang='lat' dir='ltr'><strong>etiam</strong></span> <span class='ocrx_word' id='word_1_313' title='bbox 2365 2113 2678 2159; x_wconf 76' lang='lat' dir='ltr'><strong>sanctorum</strong></span> <span class='ocrx_word' id='word_1_314' title='bbox 2708 2110 2871 2159; x_wconf 84' lang='lat' dir='ltr'><strong>actus</strong></span> <span class='ocrx_word' id='word_1_315' title='bbox 2891 2116 2954 2157; x_wconf 87' lang='lat' dir='ltr'><strong>ac</strong></span> <span class='ocrx_word' id='word_1_316' title='bbox 2979 2101 3279 2157; x_wconf 86' lang='lat' dir='ltr'><strong>ministeria</strong></span> <span class='ocrx_word' id='word_1_317' title='bbox 3314 2102 3538 2156; x_wconf 79' lang='lat' dir='ltr'><strong>miriﬁca</strong></span> <span class='ocrx_word' id='word_1_318' title='bbox 3566 2114 3743 2169; x_wconf 81' lang='lat' dir='ltr'><strong>super-</strong></span> 
     </span>
    </p>
   </div>
   <div class='ocr_carea' id='block_1_32' title="bbox 2173 2192 3745 2268">
    <p class='ocr_par' dir='ltr' id='par_1_32' title="bbox 2173 2192 3745 2268">
     <span class='ocr_line' id='line_1_32' title="bbox 2173 2192 3745 2268; baseline -0.004 -16"><span class='ocrx_word' id='word_1_319' title='bbox 2173 2211 2436 2268; x_wconf 76' lang='lat' dir='ltr'><strong>gressus,</strong></span> <span class='ocrx_word' id='word_1_320' title='bbox 2479 2196 2652 2257; x_wconf 85' lang='lat' dir='ltr'><strong>solius</strong></span> <span class='ocrx_word' id='word_1_321' title='bbox 2678 2195 2777 2251; x_wconf 85' lang='lat' dir='ltr'><strong>Dei</strong></span> <span class='ocrx_word' id='word_1_322' title='bbox 2815 2194 2925 2265; x_wconf 81' lang='lat' dir='ltr'><strong>jam</strong></span> <span class='ocrx_word' id='word_1_323' title='bbox 2980 2192 3394 2267; x_wconf 82' lang='lat' dir='ltr'><strong>pulchritudine</strong></span> <span class='ocrx_word' id='word_1_324' title='bbox 3430 2193 3745 2259; x_wconf 82' lang='lat' dir='ltr'><strong>scientiaque</strong></span> 
     </span>
    </p>
   </div>
   <div class='ocr_carea' id='block_1_33' title="bbox 2179 2286 3748 2360">
    <p class='ocr_par' dir='ltr' id='par_1_33' title="bbox 2179 2286 3748 2360">
     <span class='ocr_line' id='line_1_33' title="bbox 2179 2286 3748 2360; baseline -0.004 -15"><span class='ocrx_word' id='word_1_325' title='bbox 2179 2300 2457 2359; x_wconf 86' lang='lat' dir='ltr'><strong>pascatur.</strong></span> <span class='ocrx_word' id='word_1_326' title='bbox 2477 2289 2645 2345; x_wconf 73' lang='lat' dir='ltr'><strong>Maria</strong></span> <span class='ocrx_word' id='word_1_327' title='bbox 2666 2303 2794 2360; x_wconf 80' lang='lat' dir='ltr'><strong>ergo</strong></span> <span class='ocrx_word' id='word_1_328' title='bbox 2824 2287 3021 2344; x_wconf 81' lang='lat' dir='ltr'><strong>bonam</strong></span> <span class='ocrx_word' id='word_1_329' title='bbox 3054 2296 3261 2358; x_wconf 84' lang='lat' dir='ltr'><strong>partem</strong></span> <span class='ocrx_word' id='word_1_330' title='bbox 3287 2286 3474 2357; x_wconf 82' lang='lat' dir='ltr'><strong>elegit.</strong></span> <span class='ocrx_word' id='word_1_331' title='bbox 3507 2300 3624 2353; x_wconf 64' lang='lat' dir='ltr'><strong>qua</strong></span> <span class='ocrx_word' id='word_1_332' title='bbox 3649 2299 3748 2340; x_wconf 91' lang='lat' dir='ltr'><strong>non</strong></span> 
     </span>
    </p>
   </div>
   <div class='ocr_carea' id='block_1_34' title="bbox 1543 2390 2693 2461">
    <p class='ocr_par' dir='ltr' id='par_1_34' title="bbox 1543 2390 2693 2461">
     <span class='ocr_line' id='line_1_34' title="bbox 1543 2390 2693 2461; baseline -0.001 -1"><span class='ocrx_word' id='word_1_333' title='bbox 1543 2402 1805 2460; x_wconf 80' lang='lat' dir='ltr'><strong>ALARDl</strong></span> <span class='ocrx_word' id='word_1_334' title='bbox 1843 2402 2081 2461; x_wconf 62' lang='lat' dir='ltr'><strong>Gazmt</strong></span> <span class='ocrx_word' id='word_1_335' title='bbox 2117 2390 2693 2461; x_wconf 56' lang='lat' dir='ltr'><strong>comburamus.</strong></span> 
     </span>
    </p>
   </div>
   <div class='ocr_carea' id='block_1_35' title="bbox 479 2492 2066 2570">
    <p class='ocr_par' dir='ltr' id='par_1_35' title="bbox 479 2492 2066 2570">
     <span class='ocr_line' id='line_1_35' title="bbox 479 2492 2066 2570; baseline -0.001 -15"><span class='ocrx_word' id='word_1_336' title='bbox 479 2508 593 2565; x_wconf 89' lang='lat' dir='ltr'><strong>est;</strong></span> <span class='ocrx_word' id='word_1_337' title='bbox 616 2507 672 2554; x_wconf 92' lang='lat' dir='ltr'><strong>et</strong></span> <span class='ocrx_word' id='word_1_338' title='bbox 693 2495 1240 2570; x_wconf 14' lang='lat' dir='ltr'><strong>pleniusgdeclaratur</strong></span> <span class='ocrx_word' id='word_1_339' title='bbox 1262 2495 1400 2570; x_wconf 83' lang='lat' dir='ltr'><strong>infra</strong></span> <span class='ocrx_word' id='word_1_340' title='bbox 1415 2492 1570 2570; x_wconf 73' lang='lat' dir='ltr'><strong>(Cap.</strong></span> <span class='ocrx_word' id='word_1_341' title='bbox 1594 2496 1664 2551; x_wconf 76' lang='grc'><strong>12</strong></span> <span class='ocrx_word' id='word_1_342' title='bbox 1684 2504 1732 2551; x_wconf 90' lang='lat' dir='ltr'><strong>et</strong></span> <span class='ocrx_word' id='word_1_343' title='bbox 1750 2497 1866 2570; x_wconf 67' lang='lat' dir='ltr'><strong>l5).</strong></span> <span class='ocrx_word' id='word_1_344' title='bbox 1894 2497 2066 2553; x_wconf 86' lang='lat' dir='ltr'><strong>Porro</strong></span> 
     </span>
    </p>
   </div>
   <div class='ocr_carea' id='block_1_36' title="bbox 481 2567 2065 2642">
    <p class='ocr_par' dir='ltr' id='par_1_36' title="bbox 481 2567 2065 2642">
     <span class='ocr_line' id='line_1_36' title="bbox 481 2567 2065 2642; baseline -0.003 -16"><span class='ocrx_word' id='word_1_345' title='bbox 481 2567 793 2642; x_wconf 75' lang='lat' dir='ltr'><strong>Dionysius,</strong></span> <span class='ocrx_word' id='word_1_346' title='bbox 826 2577 885 2622; x_wconf 91' lang='lat' dir='ltr'><strong>ut</strong></span> <span class='ocrx_word' id='word_1_347' title='bbox 904 2567 1049 2642; x_wconf 78' lang='lat' dir='ltr'><strong>hunc</strong></span> <span class='ocrx_word' id='word_1_348' title='bbox 1076 2569 1388 2639; x_wconf 87' lang='lat' dir='ltr'><strong>scrupulum</strong></span> <span class='ocrx_word' id='word_1_349' title='bbox 1407 2567 1631 2642; x_wconf 84' lang='lat' dir='ltr'><strong>vitaret,</strong></span> <span class='ocrx_word' id='word_1_350' title='bbox 1654 2567 1902 2642; x_wconf 75' lang='lat' dir='ltr'><strong>voculam</strong></span> <span class='ocrx_word' id='word_1_351' title='bbox 1933 2584 2065 2623; x_wconf 83' lang='lat' dir='ltr'><strong>sem-</strong></span> 
     </span>
    </p>
   </div>
   <div class='ocr_carea' id='block_1_37' title="bbox 481 2638 2063 2713">
    <p class='ocr_par' dir='ltr' id='par_1_37' title="bbox 481 2638 2063 2713">
     <span class='ocr_line' id='line_1_37' title="bbox 481 2638 2063 2713; baseline -0.003 -17"><span class='ocrx_word' id='word_1_352' title='bbox 481 2657 572 2713; x_wconf 87' lang='lat' dir='ltr'><strong>per</strong></span> <span class='ocrx_word' id='word_1_353' title='bbox 600 2638 844 2713; x_wconf 72' lang='lat' dir='ltr'><strong>studiose</strong></span> <span class='ocrx_word' id='word_1_354' title='bbox 872 2638 1091 2707; x_wconf 88' lang='lat' dir='ltr'><strong>omisit,</strong></span> <span class='ocrx_word' id='word_1_355' title='bbox 1123 2654 1244 2710; x_wconf 73' lang='lat' dir='ltr'><strong>qute</strong></span> <span class='ocrx_word' id='word_1_356' title='bbox 1282 2649 1459 2694; x_wconf 89' lang='lat' dir='ltr'><strong>tamen</strong></span> <span class='ocrx_word' id='word_1_357' title='bbox 1499 2638 1550 2694; x_wconf 91' lang='lat' dir='ltr'><strong>in</strong></span> <span class='ocrx_word' id='word_1_358' title='bbox 1594 2638 1846 2695; x_wconf 77' lang='lat' dir='ltr'><strong>munibus</strong></span> <span class='ocrx_word' id='word_1_359' title='bbox 1876 2654 2063 2694; x_wconf 78' lang='lat' dir='ltr'><strong>exem-</strong></span> 
     </span>
    </p>
   </div>
   <div class='ocr_carea' id='block_1_38' title="bbox 483 2710 990 2781">
    <p class='ocr_par' dir='ltr' id='par_1_38' title="bbox 483 2710 990 2781">
     <span class='ocr_line' id='line_1_38' title="bbox 483 2710 990 2781; baseline 0 -18"><span class='ocrx_word' id='word_1_360' title='bbox 483 2710 723 2781; x_wconf 83' lang='lat' dir='ltr'><strong>plaribus</strong></span> <span class='ocrx_word' id='word_1_361' title='bbox 744 2710 990 2765; x_wconf 90' lang='lat' dir='ltr'><strong>habetur.</strong></span> 
     </span>
    </p>
   </div>
   <div class='ocr_carea' id='block_1_39' title="bbox 555 2779 2061 2846">
    <p class='ocr_par' dir='ltr' id='par_1_39' title="bbox 555 2779 2061 2846">
     <span class='ocr_line' id='line_1_39' title="bbox 555 2779 2061 2846; baseline -0.001 -9"><span class='ocrx_word' id='word_1_362' title='bbox 555 2791 583 2822; x_wconf 79' lang='grc' dir='ltr'><strong>ι</strong></span> <span class='ocrx_word' id='word_1_363' title='bbox 605 2782 824 2837; x_wconf 85' lang='lat' dir='ltr'><strong>Phrasis</strong></span> <span class='ocrx_word' id='word_1_364' title='bbox 840 2790 923 2836; x_wconf 89' lang='lat' dir='ltr'><strong>est</strong></span> <span class='ocrx_word' id='word_1_365' title='bbox 949 2781 1251 2843; x_wconf 84' lang='lat' dir='ltr'><strong>obscurior,</strong></span> <span class='ocrx_word' id='word_1_366' title='bbox 1268 2779 1528 2835; x_wconf 75' lang='lat' dir='ltr'><strong>Cassiano</strong></span> <span class='ocrx_word' id='word_1_367' title='bbox 1545 2789 1729 2835; x_wconf 89' lang='lat' dir='ltr'><strong>tamen</strong></span> <span class='ocrx_word' id='word_1_368' title='bbox 1758 2780 2061 2846; x_wconf 79' lang='lat' dir='ltr'><strong>familiaris;</strong></span> 
     </span>
    </p>
   </div>
   <div class='ocr_carea' id='block_1_40' title="bbox 483 2851 2063 2925">
    <p class='ocr_par' dir='ltr' id='par_1_40' title="bbox 483 2851 2063 2925">
     <span class='ocr_line' id='line_1_40' title="bbox 483 2851 2063 2925; baseline 0 -18"><span class='ocrx_word' id='word_1_369' title='bbox 483 2863 544 2925; x_wconf 83' lang='lat' dir='ltr'><strong>ut</strong></span> <span class='ocrx_word' id='word_1_370' title='bbox 566 2862 721 2925; x_wconf 76' lang='lat' dir='ltr'><strong>patet</strong></span> <span class='ocrx_word' id='word_1_371' title='bbox 742 2853 925 2925; x_wconf 81' lang='lat' dir='ltr'><strong>collat.</strong></span> <span class='ocrx_word' id='word_1_372' title='bbox 958 2854 988 2906; x_wconf 82' lang='grc' dir='ltr'><em>Ἰ</em></span> <span class='ocrx_word' id='word_1_373' title='bbox 1018 2867 1138 2919; x_wconf 88' lang='lat' dir='ltr'><strong>cap.</strong></span> <span class='ocrx_word' id='word_1_374' title='bbox 1164 2851 1448 2925; x_wconf 12' lang='lat' dir='ltr'><strong>5._lnream</strong></span> <span class='ocrx_word' id='word_1_375' title='bbox 1481 2852 1767 2925; x_wconf 75' lang='lat' dir='ltr'><strong>Dionysius</strong></span> <span class='ocrx_word' id='word_1_376' title='bbox 1811 2852 2063 2925; x_wconf 78' lang='lat' dir='ltr'><strong>nonnihil</strong></span> 
     </span>
    </p>
   </div>
   <div class='ocr_carea' id='block_1_41' title="bbox 482 2921 2063 2994">
    <p class='ocr_par' dir='ltr' id='par_1_41' title="bbox 482 2921 2063 2994">
     <span class='ocr_line' id='line_1_41' title="bbox 482 2921 2063 2994; baseline -0.001 -16"><span class='ocrx_word' id='word_1_377' title='bbox 482 2921 622 2980; x_wconf 84' lang='lat' dir='ltr'><strong>lucis</strong></span> <span class='ocrx_word' id='word_1_378' title='bbox 649 2923 915 2994; x_wconf 79' lang='lat' dir='ltr'><strong>ai‘lerthis</strong></span> <span class='ocrx_word' id='word_1_379' title='bbox 946 2925 1169 2994; x_wconf 73' lang='lat' dir='ltr'><strong>verbis:</strong></span> <span class='ocrx_word' id='word_1_380' title='bbox 1219 2921 1394 2994; x_wconf 79' lang='lat' dir='ltr'><strong>Hujus</strong></span> <span class='ocrx_word' id='word_1_381' title='bbox 1423 2921 1723 2994; x_wconf 69' lang='lat' dir='ltr'><strong>principalis</strong></span> <span class='ocrx_word' id='word_1_382' title='bbox 1753 2923 1969 2979; x_wconf 80' lang='lat' dir='ltr'><strong>actionis</strong></span> <span class='ocrx_word' id='word_1_383' title='bbox 1996 2923 2063 2993; x_wconf 80' lang='lat' dir='ltr'><strong>ﬁ-</strong></span> 
     </span>
    </p>
   </div>
   <div class='ocr_carea' id='block_1_42' title="bbox 482 2990 2065 3067">
    <p class='ocr_par' dir='ltr' id='par_1_42' title="bbox 482 2990 2065 3067">
     <span class='ocr_line' id='line_1_42' title="bbox 482 2990 2065 3067; baseline -0.001 -19"><span class='ocrx_word' id='word_1_384' title='bbox 482 3010 638 3067; x_wconf 84' lang='lat' dir='ltr'><strong>gura,</strong></span> <span class='ocrx_word' id='word_1_385' title='bbox 670 3004 776 3067; x_wconf 85' lang='lat' dir='ltr'><strong>etc.</strong></span> <span class='ocrx_word' id='word_1_386' title='bbox 805 2990 1128 3067; x_wconf 74' lang='lat' dir='ltr'><strong>intelligitur</strong></span> <span class='ocrx_word' id='word_1_387' title='bbox 1158 2990 1337 3067; x_wconf 77' lang='lat' dir='ltr'><strong>autem</strong></span> <span class='ocrx_word' id='word_1_388' title='bbox 1374 2990 1496 3067; x_wconf 62' lang='lat' dir='ltr'><strong>ille,</strong></span> <span class='ocrx_word' id='word_1_389' title='bbox 1515 2990 1720 3067; x_wconf 76' lang='lat' dir='ltr'><strong>dequo</strong></span> <span class='ocrx_word' id='word_1_390' title='bbox 1750 2998 1912 3067; x_wconf 90' lang='lat' dir='ltr'><strong>paulo</strong></span> <span class='ocrx_word' id='word_1_391' title='bbox 1938 2990 2065 3049; x_wconf 81' lang='lat' dir='ltr'><strong>ante</strong></span> 
     </span>
    </p>
   </div>
   <div class='ocr_carea' id='block_1_43' title="bbox 484 3064 2066 3136">
    <p class='ocr_par' dir='ltr' id='par_1_43' title="bbox 484 3064 2066 3136">
     <span class='ocr_line' id='line_1_43' title="bbox 484 3064 2066 3136; baseline 0.001 -15"><span class='ocrx_word' id='word_1_392' title='bbox 484 3064 640 3132; x_wconf 74' lang='lat' dir='ltr'><strong>dixit,</strong></span> <span class='ocrx_word' id='word_1_393' title='bbox 664 3065 979 3136; x_wconf 89' lang='lat' dir='ltr'><strong>principalis</strong></span> <span class='ocrx_word' id='word_1_394' title='bbox 1000 3075 1225 3118; x_wconf 86' lang='lat' dir='ltr'><strong>conatus</strong></span> <span class='ocrx_word' id='word_1_395' title='bbox 1236 3064 1607 3136; x_wconf 78' lang='lat' dir='ltr'><strong>etimmohilis</strong></span> <span class='ocrx_word' id='word_1_396' title='bbox 1627 3064 1944 3136; x_wconf 83' lang='lat' dir='ltr'><strong>destinatio,</strong></span> <span class='ocrx_word' id='word_1_397' title='bbox 1966 3081 2066 3136; x_wconf 80' lang='lat' dir='ltr'><strong>seu</strong></span> 
     </span>
    </p>
   </div>
   <div class='ocr_carea' id='block_1_44' title="bbox 484 3134 2067 3207">
    <p class='ocr_par' dir='ltr' id='par_1_44' title="bbox 484 3134 2067 3207">
     <span class='ocr_line' id='line_1_44' title="bbox 484 3134 2067 3207; baseline -0.001 -15"><span class='ocrx_word' id='word_1_398' title='bbox 484 3134 716 3193; x_wconf 87' lang='lat' dir='ltr'><strong>intentio</strong></span> <span class='ocrx_word' id='word_1_399' title='bbox 756 3137 960 3207; x_wconf 73' lang='lat' dir='ltr'><strong>iugiter</strong></span> <span class='ocrx_word' id='word_1_400' title='bbox 1001 3134 1307 3207; x_wconf 65' lang='lat' dir='ltr'><strong>inlimrendi</strong></span> <span class='ocrx_word' id='word_1_401' title='bbox 1345 3135 1484 3201; x_wconf 84' lang='lat' dir='ltr'><strong>Deo,</strong></span> <span class='ocrx_word' id='word_1_402' title='bbox 1529 3137 1797 3207; x_wconf 80' lang='lat' dir='ltr'><strong>rebusque</strong></span> <span class='ocrx_word' id='word_1_403' title='bbox 1825 3134 2067 3207; x_wconf 52' lang='lat' dir='ltr'><strong>divinisi</strong></span> 
     </span>
    </p>
   </div>
   <div class='ocr_carea' id='block_1_45' title="bbox 2170 2495 3752 2566">
    <p class='ocr_par' dir='ltr' id='par_1_45' title="bbox 2170 2495 3752 2566">
     <span class='ocr_line' id='line_1_45' title="bbox 2170 2495 3752 2566; baseline -0.001 -16"><span class='ocrx_word' id='word_1_404' title='bbox 2170 2497 2265 2566; x_wconf 84' lang='lat' dir='ltr'><strong>qui</strong></span> <span class='ocrx_word' id='word_1_405' title='bbox 2296 2497 2446 2552; x_wconf 85' lang='lat' dir='ltr'><strong>solus</strong></span> <span class='ocrx_word' id='word_1_406' title='bbox 2469 2496 2628 2552; x_wconf 87' lang='lat' dir='ltr'><strong>nobis</strong></span> <span class='ocrx_word' id='word_1_407' title='bbox 2654 2503 2739 2552; x_wconf 88' lang='lat' dir='ltr'><strong>est</strong></span> <span class='ocrx_word' id='word_1_408' title='bbox 2766 2495 3113 2552; x_wconf 84' lang='lat' dir='ltr'><strong>necessarius</strong></span> <span class='ocrx_word' id='word_1_409' title='bbox 3149 2503 3203 2550; x_wconf 89' lang='lat' dir='ltr'><strong>et</strong></span> <span class='ocrx_word' id='word_1_410' title='bbox 3230 2495 3547 2560; x_wconf 64' lang='lat' dir='ltr'><strong>sufficiens;</strong></span> <span class='ocrx_word' id='word_1_411' title='bbox 3573 2502 3752 2551; x_wconf 75' lang='lat' dir='ltr'><strong>ctetcra</strong></span> 
     </span>
    </p>
   </div>
   <div class='ocr_carea' id='block_1_46' title="bbox 2169 2566 3752 2636">
    <p class='ocr_par' dir='ltr' id='par_1_46' title="bbox 2169 2566 3752 2636">
     <span class='ocr_line' id='line_1_46' title="bbox 2169 2566 3752 2636; baseline -0.003 -12"><span class='ocrx_word' id='word_1_412' title='bbox 2169 2583 2290 2636; x_wconf 77' lang='lat' dir='ltr'><strong>quae</strong></span> <span class='ocrx_word' id='word_1_413' title='bbox 2347 2568 2512 2622; x_wconf 83' lang='lat' dir='ltr'><strong>multa</strong></span> <span class='ocrx_word' id='word_1_414' title='bbox 2551 2575 2718 2632; x_wconf 88' lang='lat' dir='ltr'><strong>sunt,</strong></span> <span class='ocrx_word' id='word_1_415' title='bbox 2761 2583 2866 2622; x_wconf 86' lang='lat' dir='ltr'><strong>non</strong></span> <span class='ocrx_word' id='word_1_416' title='bbox 2913 2577 3041 2623; x_wconf 81' lang='lat' dir='ltr'><strong>sunt</strong></span> <span class='ocrx_word' id='word_1_417' title='bbox 3095 2569 3425 2624; x_wconf 84' lang='lat' dir='ltr'><strong>necessaria.</strong></span> <span class='ocrx_word' id='word_1_418' title='bbox 3470 2567 3622 2624; x_wconf 82' lang='lat' dir='ltr'><strong>Unde</strong></span> <span class='ocrx_word' id='word_1_419' title='bbox 3671 2566 3752 2623; x_wconf 85' lang='lat' dir='ltr'><strong>illa</strong></span> 
     </span>
    </p>
   </div>
   <div class='ocr_carea' id='block_1_47' title="bbox 2172 2637 3752 2704">
    <p class='ocr_par' dir='ltr' id='par_1_47' title="bbox 2172 2637 3752 2704">
     <span class='ocr_line' id='line_1_47' title="bbox 2172 2637 3752 2704; baseline -0.003 -9"><span class='ocrx_word' id='word_1_420' title='bbox 2172 2639 2233 2695; x_wconf 87' lang='grc' dir='ltr'><strong>Β.</strong></span> <span class='ocrx_word' id='word_1_421' title='bbox 2265 2638 2537 2695; x_wconf 75' lang='lat' dir='ltr'><strong>Francisci</strong></span> <span class='ocrx_word' id='word_1_422' title='bbox 2567 2640 2779 2704; x_wconf 80' lang='lat' dir='ltr'><strong>vulgata</strong></span> <span class='ocrx_word' id='word_1_423' title='bbox 2800 2641 3065 2695; x_wconf 86' lang='lat' dir='ltr'><strong>sententia</strong></span> <span class='ocrx_word' id='word_1_424' title='bbox 3090 2657 3104 2691; x_wconf 89' lang='lat'><strong>:</strong></span> <span class='ocrx_word' id='word_1_425' title='bbox 3137 2637 3273 2695; x_wconf 77' lang='lat' dir='ltr'><strong>Deus</strong></span> <span class='ocrx_word' id='word_1_426' title='bbox 3294 2656 3463 2704; x_wconf 83' lang='lat' dir='ltr'><strong>meus,</strong></span> <span class='ocrx_word' id='word_1_427' title='bbox 3496 2649 3543 2693; x_wconf 84' lang='lat' dir='ltr'><strong>et</strong></span> <span class='ocrx_word' id='word_1_428' title='bbox 3574 2638 3752 2692; x_wconf 81' lang='lat' dir='ltr'><strong>omnia.</strong></span> 
     </span>
    </p>
   </div>
   <div class='ocr_carea' id='block_1_48' title="bbox 2170 2706 3752 2781">
    <p class='ocr_par' dir='ltr' id='par_1_48' title="bbox 2170 2706 3752 2781">
     <span class='ocr_line' id='line_1_48' title="bbox 2170 2706 3752 2781; baseline -0.002 -17"><span class='ocrx_word' id='word_1_429' title='bbox 2170 2710 2300 2781; x_wconf 69' lang='lat' dir='ltr'><strong>Alii,</strong></span> <span class='ocrx_word' id='word_1_430' title='bbox 2336 2720 2391 2763; x_wconf 89' lang='lat' dir='ltr'><strong>ut</strong></span> <span class='ocrx_word' id='word_1_431' title='bbox 2442 2709 2608 2764; x_wconf 78' lang='lat' dir='ltr'><strong>abbas</strong></span> <span class='ocrx_word' id='word_1_432' title='bbox 2634 2706 2846 2781; x_wconf 78' lang='lat' dir='ltr'><strong>Moyses</strong></span> <span class='ocrx_word' id='word_1_433' title='bbox 2877 2709 2977 2763; x_wconf 88' lang='lat' dir='ltr'><strong>hoc</strong></span> <span class='ocrx_word' id='word_1_434' title='bbox 3007 2710 3155 2776; x_wconf 83' lang='lat' dir='ltr'><strong>loco,</strong></span> <span class='ocrx_word' id='word_1_435' title='bbox 3189 2725 3356 2765; x_wconf 90' lang='lat' dir='ltr'><strong>unum</strong></span> <span class='ocrx_word' id='word_1_436' title='bbox 3406 2709 3752 2781; x_wconf 82' lang='lat' dir='ltr'><strong>necessarium</strong></span> 
     </span>
    </p>
   </div>
   <div class='ocr_carea' id='block_1_49' title="bbox 2169 2778 3754 2852">
    <p class='ocr_par' dir='ltr' id='par_1_49' title="bbox 2169 2778 3754 2852">
     <span class='ocr_line' id='line_1_49' title="bbox 2169 2778 3754 2852; baseline -0.003 -17"><span class='ocrx_word' id='word_1_437' title='bbox 2169 2779 2476 2852; x_wconf 84' lang='lat' dir='ltr'><strong>intelligunt</strong></span> <span class='ocrx_word' id='word_1_438' title='bbox 2504 2778 2852 2836; x_wconf 80' lang='lat' dir='ltr'><strong>attentionem</strong></span> <span class='ocrx_word' id='word_1_439' title='bbox 2879 2781 3139 2836; x_wconf 70' lang='lat' dir='ltr'><strong>doctrina:</strong></span> <span class='ocrx_word' id='word_1_440' title='bbox 3160 2782 3424 2847; x_wconf 80' lang='lat' dir='ltr'><strong>caelestis,</strong></span> <span class='ocrx_word' id='word_1_441' title='bbox 3452 2790 3509 2837; x_wconf 89' lang='lat' dir='ltr'><strong>et</strong></span> <span class='ocrx_word' id='word_1_442' title='bbox 3534 2778 3754 2852; x_wconf 75' lang='lat' dir='ltr'><strong>studium</strong></span> 
     </span>
    </p>
   </div>
   <div class='ocr_carea' id='block_1_50' title="bbox 2172 2848 3758 2917">
    <p class='ocr_par' dir='ltr' id='par_1_50' title="bbox 2172 2848 3758 2917">
     <span class='ocr_line' id='line_1_50' title="bbox 2172 2848 3758 2917; baseline -0.002 -12"><span class='ocrx_word' id='word_1_443' title='bbox 2172 2848 2368 2909; x_wconf 65' lang='lat' dir='ltr'><strong>rerum&#39;</strong></span> <span class='ocrx_word' id='word_1_444' title='bbox 2384 2853 2722 2917; x_wconf 83' lang='lat' dir='ltr'><strong>divinarum;</strong></span> <span class='ocrx_word' id='word_1_445' title='bbox 2776 2854 3042 2907; x_wconf 83' lang='lat' dir='ltr'><strong>theoriam</strong></span> <span class='ocrx_word' id='word_1_446' title='bbox 3068 2861 3223 2907; x_wconf 84' lang='lat' dir='ltr'><strong>vocat</strong></span> <span class='ocrx_word' id='word_1_447' title='bbox 3258 2854 3421 2917; x_wconf 85' lang='lat' dir='ltr'><strong>intra,</strong></span> <span class='ocrx_word' id='word_1_448' title='bbox 3456 2853 3509 2906; x_wconf 86' lang='lat' dir='ltr'><strong>id</strong></span> <span class='ocrx_word' id='word_1_449' title='bbox 3535 2859 3637 2917; x_wconf 84' lang='lat' dir='ltr'><strong>est,</strong></span> <span class='ocrx_word' id='word_1_450' title='bbox 3673 2848 3758 2904; x_wconf 87' lang='lat' dir='ltr'><strong>Dei</strong></span> 
     </span>
    </p>
   </div>
   <div class='ocr_carea' id='block_1_51' title="bbox 2172 2920 3760 2994">
    <p class='ocr_par' dir='ltr' id='par_1_51' title="bbox 2172 2920 3760 2994">
     <span class='ocr_line' id='line_1_51' title="bbox 2172 2920 3760 2994; baseline -0.002 -16"><span class='ocrx_word' id='word_1_451' title='bbox 2172 2924 2532 2994; x_wconf 83' lang='lat' dir='ltr'><strong>cognitionem</strong></span> <span class='ocrx_word' id='word_1_452' title='bbox 2554 2934 2608 2979; x_wconf 87' lang='lat' dir='ltr'><strong>et</strong></span> <span class='ocrx_word' id='word_1_453' title='bbox 2639 2924 3148 2994; x_wconf 86' lang='lat' dir='ltr'><strong>contemplationem</strong></span> <span class='ocrx_word' id='word_1_454' title='bbox 3164 2938 3311 2994; x_wconf 85' lang='lat' dir='ltr'><strong>;non</strong></span> <span class='ocrx_word' id='word_1_455' title='bbox 3335 2922 3538 2979; x_wconf 88' lang='lat' dir='ltr'><strong>nudam</strong></span> <span class='ocrx_word' id='word_1_456' title='bbox 3566 2932 3619 2978; x_wconf 91' lang='lat' dir='ltr'><strong>et</strong></span> <span class='ocrx_word' id='word_1_457' title='bbox 3642 2920 3760 2977; x_wconf 86' lang='lat' dir='ltr'><strong>sim-</strong></span> 
     </span>
    </p>
   </div>
   <div class='ocr_carea' id='block_1_52' title="bbox 2173 2993 3757 3064">
    <p class='ocr_par' dir='ltr' id='par_1_52' title="bbox 2173 2993 3757 3064">
     <span class='ocr_line' id='line_1_52' title="bbox 2173 2993 3757 3064; baseline -0.003 -15"><span class='ocrx_word' id='word_1_458' title='bbox 2173 2993 2389 3063; x_wconf 88' lang='lat' dir='ltr'><strong>plicem,</strong></span> <span class='ocrx_word' id='word_1_459' title='bbox 2422 2994 2516 3049; x_wconf 85' lang='lat' dir='ltr'><strong>sed</strong></span> <span class='ocrx_word' id='word_1_460' title='bbox 2562 3010 2682 3049; x_wconf 91' lang='lat' dir='ltr'><strong>cum</strong></span> <span class='ocrx_word' id='word_1_461' title='bbox 2717 2993 2805 3064; x_wconf 92' lang='lat' dir='ltr'><strong>pio</strong></span> <span class='ocrx_word' id='word_1_462' title='bbox 2830 3009 3014 3049; x_wconf 87' lang='lat' dir='ltr'><strong>amore</strong></span> <span class='ocrx_word' id='word_1_463' title='bbox 3055 3004 3110 3048; x_wconf 91' lang='lat' dir='ltr'><strong>et</strong></span> <span class='ocrx_word' id='word_1_464' title='bbox 3137 2993 3333 3049; x_wconf 79' lang='lat' dir='ltr'><strong>affectu</strong></span> <span class='ocrx_word' id='word_1_465' title='bbox 3387 2994 3757 3064; x_wconf 75' lang='lat' dir='ltr'><strong>coniunctam,</strong></span> 
     </span>
    </p>
   </div>
   <div class='ocr_carea' id='block_1_53' title="bbox 2171 3063 3763 3137">
    <p class='ocr_par' dir='ltr' id='par_1_53' title="bbox 2171 3063 3763 3137">
     <span class='ocr_line' id='line_1_53' title="bbox 2171 3063 3763 3137; baseline -0.004 -14"><span class='ocrx_word' id='word_1_466' title='bbox 2171 3080 2280 3137; x_wconf 88' lang='lat' dir='ltr'><strong>quo</strong></span> <span class='ocrx_word' id='word_1_467' title='bbox 2324 3068 2500 3137; x_wconf 87' lang='lat' dir='ltr'><strong>anima</strong></span> <span class='ocrx_word' id='word_1_468' title='bbox 2544 3063 2740 3137; x_wconf 72' lang='lat' dir='ltr'><strong>dicitur</strong></span> <span class='ocrx_word' id='word_1_469' title='bbox 2767 3064 2878 3121; x_wconf 91' lang='lat' dir='ltr'><strong>Deo</strong></span> <span class='ocrx_word' id='word_1_470' title='bbox 2905 3066 3170 3137; x_wconf 63' lang='lat' dir='ltr'><strong>inhaerere</strong></span> <span class='ocrx_word' id='word_1_471' title='bbox 3214 3075 3269 3119; x_wconf 90' lang='lat' dir='ltr'><strong>et</strong></span> <span class='ocrx_word' id='word_1_472' title='bbox 3303 3067 3416 3121; x_wconf 88' lang='lat' dir='ltr'><strong>Deo</strong></span> <span class='ocrx_word' id='word_1_473' title='bbox 3446 3063 3763 3137; x_wconf 73' lang='lat' dir='ltr'><strong>uniri,_quia</strong></span> 
     </span>
    </p>
   </div>
   <div class='ocr_carea' id='block_1_54' title="bbox 2171 3132 3762 3208">
    <p class='ocr_par' dir='ltr' id='par_1_54' title="bbox 2171 3132 3762 3208">
     <span class='ocr_line' id='line_1_54' title="bbox 2171 3132 3762 3208; baseline -0.002 -18"><span class='ocrx_word' id='word_1_474' title='bbox 2171 3132 2262 3207; x_wconf 59' lang='lat' dir='ltr'><strong>q&#39;ui</strong></span> <span class='ocrx_word' id='word_1_475' title='bbox 2286 3134 2513 3191; x_wconf 74' lang='lat' dir='ltr'><strong>adhwret</strong></span> <span class='ocrx_word' id='word_1_476' title='bbox 2538 3135 2666 3200; x_wconf 88' lang='lat' dir='ltr'><strong>Deo,</strong></span> <span class='ocrx_word' id='word_1_477' title='bbox 2694 3152 2827 3190; x_wconf 85' lang='lat' dir='ltr'><strong>unus</strong></span> <span class='ocrx_word' id='word_1_478' title='bbox 2856 3138 3069 3208; x_wconf 80' lang='lat' dir='ltr'><strong>spiritus</strong></span> <span class='ocrx_word' id='word_1_479' title='bbox 3086 3136 3300 3208; x_wconf 64' lang='lat' dir='ltr'><strong>efﬁcitur</strong></span> <span class='ocrx_word' id='word_1_480' title='bbox 3327 3153 3448 3190; x_wconf 85' lang='lat' dir='ltr'><strong>cum</strong></span> <span class='ocrx_word' id='word_1_481' title='bbox 3468 3152 3528 3190; x_wconf 89' lang='lat' dir='ltr'><strong>eo</strong></span> <span class='ocrx_word' id='word_1_482' title='bbox 3565 3137 3584 3206; x_wconf 84' lang='lat'><strong>(</strong></span> <span class='ocrx_word' id='word_1_483' title='bbox 3609 3132 3762 3208; x_wconf 69' lang='grc' dir='ltr'><strong>Ιῐςο-</strong></span> 
     </span>
    </p>
   </div>
   <div class='ocr_carea' id='block_1_55' title="bbox 484 3200 3766 3284">
    <p class='ocr_par' dir='ltr' id='par_1_55' title="bbox 484 3200 3766 3284">
     <span class='ocr_line' id='line_1_55' title="bbox 484 3200 3766 3284; baseline -0.001 -23"><span class='ocrx_word' id='word_1_484' title='bbox 484 3208 579 3278; x_wconf 83' lang='lat' dir='ltr'><strong>qui</strong></span> <span class='ocrx_word' id='word_1_485' title='bbox 620 3200 848 3284; x_wconf 68' lang='lat' dir='ltr'><strong>quidem</strong></span> <span class='ocrx_word' id='word_1_486' title='bbox 876 3206 1190 3278; x_wconf 85' lang='lat' dir='ltr'><strong>principalis</strong></span> <span class='ocrx_word' id='word_1_487' title='bbox 1219 3214 1281 3284; x_wconf 88' lang='lat' dir='ltr'><strong>et_</strong></span> <span class='ocrx_word' id='word_1_488' title='bbox 1320 3200 1608 3284; x_wconf 73' lang='lat' dir='ltr'><strong>primarius</strong></span> <span class='ocrx_word' id='word_1_489' title='bbox 1626 3200 1737 3284; x_wconf 68' lang='lat' dir='ltr'><strong>_esi</strong></span> <span class='ocrx_word' id='word_1_490' title='bbox 1781 3200 2069 3284; x_wconf 75' lang='lat' dir='ltr'><strong>charitatis</strong></span> <span class='ocrx_word' id='word_1_491' title='bbox 2093 3220 2140 3284; x_wconf 74' lang='grc' dir='ltr'>ο</span> <span class='ocrx_word' id='word_1_492' title='bbox 2169 3200 2274 3284; x_wconf 61' lang='lat' dir='ltr'><strong>fin.</strong></span> <span class='ocrx_word' id='word_1_493' title='bbox 2306 3210 2407 3277; x_wconf 81' lang='lat' dir='ltr'><strong>vt).</strong></span> <span class='ocrx_word' id='word_1_494' title='bbox 2442 3209 2503 3262; x_wconf 86' lang='lat' dir='ltr'><strong>Et</strong></span> <span class='ocrx_word' id='word_1_495' title='bbox 2520 3209 2813 3284; x_wconf 65' lang='lat' dir='ltr'><strong>fsalmista</strong></span> <span class='ocrx_word' id='word_1_496' title='bbox 2842 3200 2921 3284; x_wconf 74' lang='lat' dir='ltr'><strong>ait</strong></span> <span class='ocrx_word' id='word_1_497' title='bbox 2941 3226 2955 3275; x_wconf 78' lang='grc' dir='ltr'>ς</span> <span class='ocrx_word' id='word_1_498' title='bbox 2986 3200 3138 3284; x_wconf 54' lang='lat' dir='ltr'><strong>gilii</strong></span> <span class='ocrx_word' id='word_1_499' title='bbox 3172 3218 3347 3284; x_wconf 78' lang='lat' dir='ltr'><strong>autem</strong></span> <span class='ocrx_word' id='word_1_500' title='bbox 3373 3200 3766 3284; x_wconf 63' lang='lat' dir='ltr'><strong>adhmréreﬂco</strong></span> 
     </span>
    </p>
   </div>
   <div class='ocr_carea' id='block_1_56' title="bbox 485 3277 2064 3349">
    <p class='ocr_par' dir='ltr' id='par_1_56' title="bbox 485 3277 2064 3349">
     <span class='ocr_line' id='line_1_56' title="bbox 485 3277 2064 3349; baseline 0 -16"><span class='ocrx_word' id='word_1_501' title='bbox 485 3277 658 3334; x_wconf 88' lang='lat' dir='ltr'><strong>actus.</strong></span> <span class='ocrx_word' id='word_1_502' title='bbox 697 3277 864 3349; x_wconf 81' lang='lat' dir='ltr'><strong>Cujus</strong></span> <span class='ocrx_word' id='word_1_503' title='bbox 886 3277 1078 3342; x_wconf 81' lang='lat' dir='ltr'><strong>actus,</strong></span> <span class='ocrx_word' id='word_1_504' title='bbox 1135 3292 1233 3333; x_wconf 89' lang='lat' dir='ltr'><strong>seu</strong></span> <span class='ocrx_word' id='word_1_505' title='bbox 1271 3277 1587 3333; x_wconf 82' lang='lat' dir='ltr'><strong>intentionis</strong></span> <span class='ocrx_word' id='word_1_506' title='bbox 1621 3278 1823 3349; x_wconf 83' lang='lat' dir='ltr'><strong>ﬁgura,</strong></span> <span class='ocrx_word' id='word_1_507' title='bbox 1863 3277 1916 3333; x_wconf 82' lang='lat' dir='ltr'><strong>id</strong></span> <span class='ocrx_word' id='word_1_508' title='bbox 1948 3282 2064 3343; x_wconf 76' lang='lat' dir='ltr'><strong>est,</strong></span> 
     </span>
    </p>
   </div>
   <div class='ocr_carea' id='block_1_57' title="bbox 485 3348 2065 3421">
    <p class='ocr_par' dir='ltr' id='par_1_57' title="bbox 485 3348 2065 3421">
     <span class='ocr_line' id='line_1_57' title="bbox 485 3348 2065 3421; baseline -0.001 -16"><span class='ocrx_word' id='word_1_509' title='bbox 485 3358 648 3421; x_wconf 85' lang='lat' dir='ltr'><strong>typus</strong></span> <span class='ocrx_word' id='word_1_510' title='bbox 674 3348 1062 3421; x_wconf 77' lang='lat' dir='ltr'><strong>perMartham</strong></span> <span class='ocrx_word' id='word_1_511' title='bbox 1094 3361 1148 3402; x_wconf 90' lang='lat' dir='ltr'><strong>et</strong></span> <span class='ocrx_word' id='word_1_512' title='bbox 1194 3349 1417 3421; x_wconf 81' lang='lat' dir='ltr'><strong>Mariam</strong></span> <span class='ocrx_word' id='word_1_513' title='bbox 1436 3348 1688 3421; x_wconf 20' lang='lat' dir='ltr'><strong>isorores</strong></span> <span class='ocrx_word' id='word_1_514' title='bbox 1714 3348 1902 3404; x_wconf 82' lang='lat' dir='ltr'><strong>L‘aaarl</strong></span> <span class='ocrx_word' id='word_1_515' title='bbox 1948 3350 2065 3418; x_wconf 81' lang='lat' dir='ltr'><strong>pul-</strong></span> 
     </span>
    </p>
   </div>
   <div class='ocr_carea' id='block_1_58' title="bbox 487 3420 2071 3491">
    <p class='ocr_par' dir='ltr' id='par_1_58' title="bbox 487 3420 2071 3491">
     <span class='ocr_line' id='line_1_58' title="bbox 487 3420 2071 3491; baseline -0.001 -16"><span class='ocrx_word' id='word_1_516' title='bbox 487 3420 760 3475; x_wconf 81' lang='lat' dir='ltr'><strong>cherrime</strong></span> <span class='ocrx_word' id='word_1_517' title='bbox 787 3420 1120 3483; x_wconf 73' lang='lat' dir='ltr'><strong>designatur,</strong></span> <span class='ocrx_word' id='word_1_518' title='bbox 1152 3420 1279 3488; x_wconf 87' lang='lat' dir='ltr'><strong>quia</strong></span> <span class='ocrx_word' id='word_1_519' title='bbox 1310 3426 1366 3475; x_wconf 90' lang='lat' dir='ltr'><strong>et</strong></span> <span class='ocrx_word' id='word_1_520' title='bbox 1403 3420 1583 3474; x_wconf 61' lang='lat' dir='ltr'><strong>Mariis</strong></span> <span class='ocrx_word' id='word_1_521' title='bbox 1628 3421 1883 3491; x_wconf 82' lang='lat' dir='ltr'><strong>exemplo</strong></span> <span class='ocrx_word' id='word_1_522' title='bbox 1922 3435 2071 3475; x_wconf 83' lang='lat' dir='ltr'><strong>com-</strong></span> 
     </span>
    </p>
   </div>
   <div class='ocr_carea' id='block_1_59' title="bbox 488 3491 2069 3559">
    <p class='ocr_par' dir='ltr' id='par_1_59' title="bbox 488 3491 2069 3559">
     <span class='ocr_line' id='line_1_59' title="bbox 488 3491 2069 3559; baseline -0.001 -13"><span class='ocrx_word' id='word_1_523' title='bbox 488 3491 796 3555; x_wconf 89' lang='lat' dir='ltr'><strong>mendatur,</strong></span> <span class='ocrx_word' id='word_1_524' title='bbox 814 3504 866 3546; x_wconf 89' lang='lat' dir='ltr'><strong>et</strong></span> <span class='ocrx_word' id='word_1_525' title='bbox 887 3491 1108 3545; x_wconf 81' lang='lat' dir='ltr'><strong>Marthae</strong></span> <span class='ocrx_word' id='word_1_526' title='bbox 1125 3491 1386 3558; x_wconf 87' lang='lat' dir='ltr'><strong>obsequio</strong></span> <span class='ocrx_word' id='word_1_527' title='bbox 1410 3493 1710 3559; x_wconf 67' lang='lat' dir='ltr'><strong>praefertur.</strong></span> <span class='ocrx_word' id='word_1_528' title='bbox 1734 3491 1869 3546; x_wconf 83' lang='lat' dir='ltr'><strong>Hinc</strong></span> <span class='ocrx_word' id='word_1_529' title='bbox 1893 3493 2069 3545; x_wconf 89' lang='lat' dir='ltr'><strong>solent</strong></span> 
     </span>
    </p>
   </div>
   <div class='ocr_carea' id='block_1_60' title="bbox 489 3562 2072 3618">
    <p class='ocr_par' dir='ltr' id='par_1_60' title="bbox 489 3562 2072 3618">
     <span class='ocr_line' id='line_1_60' title="bbox 489 3562 2072 3618; baseline 0.001 -2"><span class='ocrx_word' id='word_1_530' title='bbox 489 3562 682 3618; x_wconf 80' lang='lat' dir='ltr'><strong>Patres</strong></span> <span class='ocrx_word' id='word_1_531' title='bbox 705 3578 770 3617; x_wconf 81' lang='lat' dir='ltr'><strong>ex</strong></span> <span class='ocrx_word' id='word_1_532' title='bbox 800 3562 1092 3617; x_wconf 87' lang='lat' dir='ltr'><strong>collatione</strong></span> <span class='ocrx_word' id='word_1_533' title='bbox 1115 3563 1343 3615; x_wconf 83' lang='lat' dir='ltr'><strong>duarum</strong></span> <span class='ocrx_word' id='word_1_534' title='bbox 1368 3576 1620 3616; x_wconf 85' lang='lat' dir='ltr'><strong>sororum</strong></span> <span class='ocrx_word' id='word_1_535' title='bbox 1651 3563 1760 3616; x_wconf 65' lang='lat' dir='ltr'><strong>Litt:</strong></span> <span class='ocrx_word' id='word_1_536' title='bbox 1786 3572 1840 3617; x_wconf 91' lang='lat' dir='ltr'><strong>et</strong></span> <span class='ocrx_word' id='word_1_537' title='bbox 1865 3562 2072 3618; x_wconf 76' lang='lat' dir='ltr'><strong>Rache-</strong></span> 
     </span>
    </p>
   </div>
   <div class='ocr_carea' id='block_1_61' title="bbox 490 3632 2072 3698">
    <p class='ocr_par' dir='ltr' id='par_1_61' title="bbox 490 3632 2072 3698">
     <span class='ocr_line' id='line_1_61' title="bbox 490 3632 2072 3698; baseline 0.002 -12"><span class='ocrx_word' id='word_1_538' title='bbox 490 3634 560 3688; x_wconf 87' lang='lat' dir='ltr'><strong>lis</strong></span> <span class='ocrx_word' id='word_1_539' title='bbox 590 3636 641 3687; x_wconf 91' lang='lat' dir='ltr'><strong>in</strong></span> <span class='ocrx_word' id='word_1_540' title='bbox 668 3634 837 3688; x_wconf 87' lang='lat' dir='ltr'><strong>veteri</strong></span> <span class='ocrx_word' id='word_1_541' title='bbox 872 3633 1242 3698; x_wconf 81' lang='lat' dir='ltr'><strong>Testamento,</strong></span> <span class='ocrx_word' id='word_1_542' title='bbox 1267 3641 1320 3686; x_wconf 89' lang='lat' dir='ltr'><strong>et</strong></span> <span class='ocrx_word' id='word_1_543' title='bbox 1350 3632 1530 3686; x_wconf 64' lang='lat' dir='ltr'><strong>Marias</strong></span> <span class='ocrx_word' id='word_1_544' title='bbox 1558 3648 1621 3686; x_wconf 88' lang='lat' dir='ltr'><strong>ac</strong></span> <span class='ocrx_word' id='word_1_545' title='bbox 1650 3633 1870 3687; x_wconf 58' lang='lat' dir='ltr'><strong>Martiis</strong></span> <span class='ocrx_word' id='word_1_546' title='bbox 1893 3634 1944 3687; x_wconf 89' lang='lat' dir='ltr'><strong>in</strong></span> <span class='ocrx_word' id='word_1_547' title='bbox 1978 3649 2072 3688; x_wconf 80' lang='lat' dir='ltr'><strong>no-</strong></span> 
     </span>
    </p>
   </div>
   <div class='ocr_carea' id='block_1_62' title="bbox 497 3701 2074 3775">
    <p class='ocr_par' dir='ltr' id='par_1_62' title="bbox 497 3701 2074 3775">
     <span class='ocr_line' id='line_1_62' title="bbox 497 3701 2074 3775; baseline 0 -17"><span class='ocrx_word' id='word_1_548' title='bbox 497 3719 590 3769; x_wconf 92' lang='lat' dir='ltr'><strong>vo,</strong></span> <span class='ocrx_word' id='word_1_549' title='bbox 621 3704 729 3759; x_wconf 87' lang='lat' dir='ltr'><strong>duo</strong></span> <span class='ocrx_word' id='word_1_550' title='bbox 748 3705 872 3759; x_wconf 77' lang='lat' dir='ltr'><strong>vitae</strong></span> <span class='ocrx_word' id='word_1_551' title='bbox 896 3718 1113 3775; x_wconf 87' lang='lat' dir='ltr'><strong>genera,</strong></span> <span class='ocrx_word' id='word_1_552' title='bbox 1145 3718 1240 3759; x_wconf 87' lang='lat' dir='ltr'><strong>seu</strong></span> <span class='ocrx_word' id='word_1_553' title='bbox 1263 3701 1530 3769; x_wconf 83' lang='lat' dir='ltr'><strong>duplicem</strong></span> <span class='ocrx_word' id='word_1_554' title='bbox 1556 3703 1718 3757; x_wconf 81' lang='lat' dir='ltr'><strong>vitam</strong></span> <span class='ocrx_word' id='word_1_555' title='bbox 1749 3704 1800 3757; x_wconf 91' lang='lat' dir='ltr'><strong>in</strong></span> <span class='ocrx_word' id='word_1_556' title='bbox 1827 3705 2074 3760; x_wconf 82' lang='lat' dir='ltr'><strong>Ecclesia</strong></span> 
     </span>
    </p>
   </div>
   <div class='ocr_carea' id='block_1_63' title="bbox 497 3775 2072 3844">
    <p class='ocr_par' dir='ltr' id='par_1_63' title="bbox 497 3775 2072 3844">
     <span class='ocr_line' id='line_1_63' title="bbox 497 3775 2072 3844; baseline 0.001 -16"><span class='ocrx_word' id='word_1_557' title='bbox 497 3776 589 3830; x_wconf 89' lang='lat' dir='ltr'><strong>Dei</strong></span> <span class='ocrx_word' id='word_1_558' title='bbox 617 3776 979 3844; x_wconf 87' lang='lat' dir='ltr'><strong>distinguere,</strong></span> <span class='ocrx_word' id='word_1_559' title='bbox 1011 3775 1236 3828; x_wconf 87' lang='lat' dir='ltr'><strong>alteram</strong></span> <span class='ocrx_word' id='word_1_560' title='bbox 1274 3775 1784 3839; x_wconf 83' lang='lat' dir='ltr'><strong>contemplativam,</strong></span> <span class='ocrx_word' id='word_1_561' title='bbox 1813 3789 1933 3843; x_wconf 66' lang='lat' dir='ltr'><strong>quae</strong></span> <span class='ocrx_word' id='word_1_562' title='bbox 1961 3776 2072 3829; x_wconf 87' lang='lat' dir='ltr'><strong>Ma-</strong></span> 
     </span>
    </p>
   </div>
   <div class='ocr_carea' id='block_1_64' title="bbox 491 3844 2076 3910">
    <p class='ocr_par' dir='ltr' id='par_1_64' title="bbox 491 3844 2076 3910">
     <span class='ocr_line' id='line_1_64' title="bbox 491 3844 2076 3910; baseline 0.001 -11"><span class='ocrx_word' id='word_1_563' title='bbox 491 3847 589 3899; x_wconf 69' lang='lat' dir='ltr'><strong>rias</strong></span> <span class='ocrx_word' id='word_1_564' title='bbox 614 3854 673 3901; x_wconf 91' lang='lat' dir='ltr'><strong>et</strong></span> <span class='ocrx_word' id='word_1_565' title='bbox 698 3845 942 3905; x_wconf 77' lang='lat' dir='ltr'><strong>Rachell,</strong></span> <span class='ocrx_word' id='word_1_566' title='bbox 974 3846 1197 3899; x_wconf 85' lang='lat' dir='ltr'><strong>alteram</strong></span> <span class='ocrx_word' id='word_1_567' title='bbox 1223 3844 1477 3906; x_wconf 86' lang='lat' dir='ltr'><strong>activam,</strong></span> <span class='ocrx_word' id='word_1_568' title='bbox 1494 3859 1613 3910; x_wconf 71' lang='lat' dir='ltr'><strong>qua:</strong></span> <span class='ocrx_word' id='word_1_569' title='bbox 1640 3844 1867 3899; x_wconf 78' lang='lat' dir='ltr'><strong>Marthae</strong></span> <span class='ocrx_word' id='word_1_570' title='bbox 1891 3855 1944 3898; x_wconf 90' lang='lat' dir='ltr'><strong>et</strong></span> <span class='ocrx_word' id='word_1_571' title='bbox 1964 3845 2076 3900; x_wconf 78' lang='lat' dir='ltr'><strong>Lia:</strong></span> 
     </span>
    </p>
   </div>
   <div class='ocr_carea' id='block_1_65' title="bbox 492 3914 2076 3986">
    <p class='ocr_par' dir='ltr' id='par_1_65' title="bbox 492 3914 2076 3986">
     <span class='ocr_line' id='line_1_65' title="bbox 492 3914 2076 3986; baseline 0.001 -16"><span class='ocrx_word' id='word_1_572' title='bbox 492 3915 822 3985; x_wconf 67' lang='lat' dir='ltr'><strong>respondeat</strong></span> <span class='ocrx_word' id='word_1_573' title='bbox 840 3915 924 3986; x_wconf 88' lang='lat' dir='ltr'><strong>(S.</strong></span> <span class='ocrx_word' id='word_1_574' title='bbox 949 3914 1263 3986; x_wconf 66' lang='lat' dir='ltr'><strong>Thom.2-2_,</strong></span> <span class='ocrx_word' id='word_1_575' title='bbox 1296 3930 1345 3986; x_wconf 13' lang='lat' dir='ltr'><strong>qr.</strong></span> <span class='ocrx_word' id='word_1_576' title='bbox 1368 3919 1417 3979; x_wconf 83' lang='lat'><strong>1,</strong></span> <span class='ocrx_word' id='word_1_577' title='bbox 1445 3932 1500 3967; x_wconf 88' lang='lat' dir='ltr'><strong>a.</strong></span> <span class='ocrx_word' id='word_1_578' title='bbox 1519 3914 1590 3983; x_wconf 83' lang='lat' dir='ltr'><strong>l).</strong></span> <span class='ocrx_word' id='word_1_579' title='bbox 1625 3914 2007 3986; x_wconf 71' lang='lat' dir='ltr'><strong>D._(_}regorius</strong></span> <span class='ocrx_word' id='word_1_580' title='bbox 2026 3932 2076 3971; x_wconf 80' lang='lat' dir='ltr'><strong>Vl</strong></span> 
     </span>
    </p>
   </div>
   <div class='ocr_carea' id='block_1_66' title="bbox 448 3983 2078 4058">
    <p class='ocr_par' dir='ltr' id='par_1_66' title="bbox 448 3983 2078 4058">
     <span class='ocr_line' id='line_1_66' title="bbox 448 3983 2078 4058; baseline 0 -18"><span class='ocrx_word' id='word_1_581' title='bbox 448 4002 453 4009; x_wconf 82' lang='lat'><strong><em>&#39;</em></strong></span> <span class='ocrx_word' id='word_1_582' title='bbox 494 3983 774 4058; x_wconf 75' lang='lat' dir='ltr'><strong>Moralium</strong></span> <span class='ocrx_word' id='word_1_583' title='bbox 801 3983 920 4058; x_wconf 78' lang='lat' dir='ltr'><strong>cap.</strong></span> <span class='ocrx_word' id='word_1_584' title='bbox 946 3986 1057 4058; x_wconf 74' lang='lat'><strong>28:</strong></span> <span class='ocrx_word' id='word_1_585' title='bbox 1090 3984 1253 4058; x_wconf 72' lang='lat' dir='ltr'><strong>Quid</strong></span> <span class='ocrx_word' id='word_1_586' title='bbox 1279 4025 1291 4045; x_wconf 93' lang='lat'><strong>,</strong></span> <span class='ocrx_word' id='word_1_587' title='bbox 1323 3985 1529 4058; x_wconf 79' lang='lat' dir='ltr'><strong>inquit,</strong></span> <span class='ocrx_word' id='word_1_588' title='bbox 1563 4001 1655 4058; x_wconf 85' lang='lat' dir='ltr'><strong>per</strong></span> <span class='ocrx_word' id='word_1_589' title='bbox 1685 3983 1931 4050; x_wconf 74' lang='lat' dir='ltr'><strong>Mariam,</strong></span> <span class='ocrx_word' id='word_1_590' title='bbox 1964 4003 2078 4058; x_wconf 80' lang='lat' dir='ltr'><strong>qua:</strong></span> 
     </span>
    </p>
   </div>
   <div class='ocr_carea' id='block_1_67' title="bbox 495 4053 2078 4129">
    <p class='ocr_par' dir='ltr' id='par_1_67' title="bbox 495 4053 2078 4129">
     <span class='ocr_line' id='line_1_67' title="bbox 495 4053 2078 4129; baseline 0 -19"><span class='ocrx_word' id='word_1_591' title='bbox 495 4057 704 4129; x_wconf 79' lang='lat' dir='ltr'><strong>verbum</strong></span> <span class='ocrx_word' id='word_1_592' title='bbox 725 4056 933 4129; x_wconf 78' lang='lat' dir='ltr'><strong>Domini</strong></span> <span class='ocrx_word' id='word_1_593' title='bbox 954 4057 1189 4129; x_wconf 78' lang='lat' dir='ltr'><strong>residens</strong></span> <span class='ocrx_word' id='word_1_594' title='bbox 1233 4053 1504 4129; x_wconf 64' lang='lat' dir='ltr'><strong>audiebat,</strong></span> <span class='ocrx_word' id='word_1_595' title='bbox 1540 4057 1643 4109; x_wconf 82' lang='lat' dir='ltr'><strong>nisi</strong></span> <span class='ocrx_word' id='word_1_596' title='bbox 1684 4053 2078 4129; x_wconf 70' lang='lat' dir='ltr'><strong>contemplativa</strong></span> 
     </span>
    </p>
   </div>
   <div class='ocr_carea' id='block_1_68' title="bbox 497 4125 2081 4197">
    <p class='ocr_par' dir='ltr' id='par_1_68' title="bbox 497 4125 2081 4197">
     <span class='ocr_line' id='line_1_68' title="bbox 497 4125 2081 4197; baseline 0 -16"><span class='ocrx_word' id='word_1_597' title='bbox 497 4128 601 4181; x_wconf 76' lang='lat' dir='ltr'><strong>vita</strong></span> <span class='ocrx_word' id='word_1_598' title='bbox 628 4128 969 4194; x_wconf 68' lang='lat' dir='ltr'><strong>exprimitur?</strong></span> <span class='ocrx_word' id='word_1_599' title='bbox 997 4128 1118 4194; x_wconf 78' lang='lat' dir='ltr'><strong>quid</strong></span> <span class='ocrx_word' id='word_1_600' title='bbox 1148 4140 1240 4197; x_wconf 78' lang='lat' dir='ltr'><strong>per</strong></span> <span class='ocrx_word' id='word_1_601' title='bbox 1266 4125 1527 4178; x_wconf 80' lang='lat' dir='ltr'><strong>Martham</strong></span> <span class='ocrx_word' id='word_1_602' title='bbox 1568 4125 1907 4181; x_wconf 68' lang='lat' dir='ltr'><strong>exterioribus</strong></span> <span class='ocrx_word' id='word_1_603' title='bbox 1938 4126 2081 4182; x_wconf 76' lang='lat' dir='ltr'><strong>obse-</strong></span> 
     </span>
    </p>
   </div>
   <div class='ocr_carea' id='block_1_69' title="bbox 498 4196 2082 4270">
    <p class='ocr_par' dir='ltr' id='par_1_69' title="bbox 498 4196 2082 4270">
     <span class='ocr_line' id='line_1_69' title="bbox 498 4196 2082 4270; baseline 0.002 -19"><span class='ocrx_word' id='word_1_604' title='bbox 498 4200 630 4270; x_wconf 79' lang='lat' dir='ltr'><strong>quiis</strong></span> <span class='ocrx_word' id='word_1_605' title='bbox 643 4206 968 4267; x_wconf 88' lang='lat' dir='ltr'><strong>occupatam,</strong></span> <span class='ocrx_word' id='word_1_606' title='bbox 991 4198 1087 4270; x_wconf 78' lang='lat' dir='ltr'><strong>nisi</strong></span> <span class='ocrx_word' id='word_1_607' title='bbox 1116 4196 1403 4270; x_wconf 63' lang='lat' dir='ltr'><strong>activavita</strong></span> <span class='ocrx_word' id='word_1_608' title='bbox 1428 4197 1700 4270; x_wconf 71' lang='lat' dir='ltr'><strong>signatur?</strong></span> <span class='ocrx_word' id='word_1_609' title='bbox 1724 4197 1831 4253; x_wconf 83' lang='lat' dir='ltr'><strong>Sed</strong></span> <span class='ocrx_word' id='word_1_610' title='bbox 1856 4198 2082 4254; x_wconf 75' lang='lat' dir='ltr'><strong>Mart/tte</strong></span> 
     </span>
    </p>
   </div>
   <div class='ocr_carea' id='block_1_70' title="bbox 499 4264 2081 4337">
    <p class='ocr_par' dir='ltr' id='par_1_70' title="bbox 499 4264 2081 4337">
     <span class='ocr_line' id='line_1_70' title="bbox 499 4264 2081 4337; baseline -0.001 -14"><span class='ocrx_word' id='word_1_611' title='bbox 499 4264 626 4323; x_wconf 78' lang='lat' dir='ltr'><strong>cura</strong></span> <span class='ocrx_word' id='word_1_612' title='bbox 654 4285 757 4322; x_wconf 85' lang='lat' dir='ltr'><strong>non</strong></span> <span class='ocrx_word' id='word_1_613' title='bbox 773 4264 1208 4337; x_wconf 77' lang='lat' dir='ltr'><strong>reprehenditur:</strong></span> <span class='ocrx_word' id='word_1_614' title='bbox 1242 4264 1425 4321; x_wconf 72' lang='lat' dir='ltr'><strong>Maria:</strong></span> <span class='ocrx_word' id='word_1_615' title='bbox 1446 4264 1580 4329; x_wconf 79' lang='lat' dir='ltr'><strong>vero,</strong></span> <span class='ocrx_word' id='word_1_616' title='bbox 1617 4269 1771 4322; x_wconf 83' lang='lat' dir='ltr'><strong>etiam</strong></span> <span class='ocrx_word' id='word_1_617' title='bbox 1796 4270 2081 4337; x_wconf 80' lang='lat' dir='ltr'><strong>laudatur;</strong></span> 
     </span>
    </p>
   </div>
   <div class='ocr_carea' id='block_1_71' title="bbox 500 4338 2085 4410">
    <p class='ocr_par' dir='ltr' id='par_1_71' title="bbox 500 4338 2085 4410">
     <span class='ocr_line' id='line_1_71' title="bbox 500 4338 2085 4410; baseline 0.002 -18"><span class='ocrx_word' id='word_1_618' title='bbox 500 4341 625 4408; x_wconf 84' lang='lat' dir='ltr'><strong>quia</strong></span> <span class='ocrx_word' id='word_1_619' title='bbox 670 4355 857 4410; x_wconf 80' lang='lat' dir='ltr'><strong>magna</strong></span> <span class='ocrx_word' id='word_1_620' title='bbox 902 4348 1023 4393; x_wconf 85' lang='lat' dir='ltr'><strong>sunt</strong></span> <span class='ocrx_word' id='word_1_621' title='bbox 1042 4342 1367 4410; x_wconf 73' lang='lat' dir='ltr'><strong>actiotevttte</strong></span> <span class='ocrx_word' id='word_1_622' title='bbox 1392 4338 1575 4410; x_wconf 75' lang='lat' dir='ltr'><strong>merita</strong></span> <span class='ocrx_word' id='word_1_623' title='bbox 1598 4354 1616 4391; x_wconf 91' lang='lat'><strong>:</strong></span> <span class='ocrx_word' id='word_1_624' title='bbox 1651 4341 1740 4410; x_wconf 80' lang='lat' dir='ltr'><strong>sed</strong></span> <span class='ocrx_word' id='word_1_625' title='bbox 1769 4342 2085 4409; x_wconf 81' lang='lat' dir='ltr'><strong>contempla-</strong></span> 
     </span>
    </p>
   </div>
   <div class='ocr_carea' id='block_1_72' title="bbox 501 4408 2080 4480">
    <p class='ocr_par' dir='ltr' id='par_1_72' title="bbox 501 4408 2080 4480">
     <span class='ocr_line' id='line_1_72' title="bbox 501 4408 2080 4480; baseline 0.003 -18"><span class='ocrx_word' id='word_1_626' title='bbox 501 4412 616 4465; x_wconf 72' lang='lat' dir='ltr'><strong>tiva:</strong></span> <span class='ocrx_word' id='word_1_627' title='bbox 646 4408 868 4480; x_wconf 77' lang='lat' dir='ltr'><strong>potiora.</strong></span> <span class='ocrx_word' id='word_1_628' title='bbox 898 4409 1104 4466; x_wconf 87' lang='lat' dir='ltr'><strong>Similia</strong></span> <span class='ocrx_word' id='word_1_629' title='bbox 1150 4409 1311 4480; x_wconf 79' lang='lat' dir='ltr'><strong>habet</strong></span> <span class='ocrx_word' id='word_1_630' title='bbox 1343 4409 1409 4463; x_wconf 87' lang='lat' dir='ltr'><strong>de</strong></span> <span class='ocrx_word' id='word_1_631' title='bbox 1452 4409 1547 4463; x_wconf 85' lang='lat' dir='ltr'><strong>Lia</strong></span> <span class='ocrx_word' id='word_1_632' title='bbox 1576 4419 1628 4464; x_wconf 89' lang='lat' dir='ltr'><strong>et</strong></span> <span class='ocrx_word' id='word_1_633' title='bbox 1658 4408 1893 4467; x_wconf 76' lang='lat' dir='ltr'><strong>Rachelc</strong></span> <span class='ocrx_word' id='word_1_634' title='bbox 1933 4408 2080 4467; x_wconf 82' lang='lat' dir='ltr'><strong>hom.</strong></span> 
     </span>
    </p>
   </div>
   <div class='ocr_carea' id='block_1_73' title="bbox 506 4478 2081 4538">
    <p class='ocr_par' dir='ltr' id='par_1_73' title="bbox 506 4478 2081 4538">
     <span class='ocr_line' id='line_1_73' title="bbox 506 4478 2081 4538; baseline 0.002 -3"><span class='ocrx_word' id='word_1_635' title='bbox 506 4482 573 4535; x_wconf 73' lang='lat' dir='ltr'><strong>M</strong></span> <span class='ocrx_word' id='word_1_636' title='bbox 605 4478 656 4535; x_wconf 87' lang='lat' dir='ltr'><strong>in</strong></span> <span class='ocrx_word' id='word_1_637' title='bbox 690 4481 1046 4536; x_wconf 78' lang='lat' dir='ltr'><strong>Ezechielem.</strong></span> <span class='ocrx_word' id='word_1_638' title='bbox 1081 4478 1279 4534; x_wconf 74' lang='lat' dir='ltr'><strong>Eadem</strong></span> <span class='ocrx_word' id='word_1_639' title='bbox 1307 4480 1374 4532; x_wconf 84' lang='lat' dir='ltr'><strong>de</strong></span> <span class='ocrx_word' id='word_1_640' title='bbox 1416 4495 1476 4533; x_wconf 89' lang='lat' dir='ltr'><strong>re</strong></span> <span class='ocrx_word' id='word_1_641' title='bbox 1516 4482 1700 4535; x_wconf 73' lang='lat' dir='ltr'><strong>videre</strong></span> <span class='ocrx_word' id='word_1_642' title='bbox 1725 4492 1809 4538; x_wconf 88' lang='lat' dir='ltr'><strong>est</strong></span> <span class='ocrx_word' id='word_1_643' title='bbox 1837 4484 1892 4538; x_wconf 87' lang='lat' dir='ltr'><strong>S.</strong></span> <span class='ocrx_word' id='word_1_644' title='bbox 1931 4483 2081 4538; x_wconf 80' lang='lat' dir='ltr'><strong>Basi-</strong></span> 
     </span>
    </p>
   </div>
   <div class='ocr_carea' id='block_1_74' title="bbox 503 4550 2083 4624">
    <p class='ocr_par' dir='ltr' id='par_1_74' title="bbox 503 4550 2083 4624">
     <span class='ocr_line' id='line_1_74' title="bbox 503 4550 2083 4624; baseline 0.001 -18"><span class='ocrx_word' id='word_1_645' title='bbox 503 4552 636 4606; x_wconf 90' lang='lat' dir='ltr'><strong>lium</strong></span> <span class='ocrx_word' id='word_1_646' title='bbox 669 4554 723 4606; x_wconf 89' lang='lat' dir='ltr'><strong>in</strong></span> <span class='ocrx_word' id='word_1_647' title='bbox 751 4551 1041 4624; x_wconf 69' lang='lat' dir='ltr'><strong>Constitui.</strong></span> <span class='ocrx_word' id='word_1_648' title='bbox 1072 4551 1389 4624; x_wconf 85' lang='lat' dir='ltr'><strong>monasticis</strong></span> <span class='ocrx_word' id='word_1_649' title='bbox 1418 4561 1596 4624; x_wconf 79' lang='lat' dir='ltr'><strong>caput.</strong></span> <span class='ocrx_word' id='word_1_650' title='bbox 1632 4550 1687 4616; x_wconf 74' lang='lat'><strong>2,</strong></span> <span class='ocrx_word' id='word_1_651' title='bbox 1713 4552 1776 4608; x_wconf 92' lang='lat' dir='ltr'><strong>D.</strong></span> <span class='ocrx_word' id='word_1_652' title='bbox 1814 4552 2083 4624; x_wconf 77' lang='lat' dir='ltr'><strong>Hierdny-</strong></span> 
     </span>
    </p>
   </div>
   <div class='ocr_carea' id='block_1_75' title="bbox 505 4622 2084 4693">
    <p class='ocr_par' dir='ltr' id='par_1_75' title="bbox 505 4622 2084 4693">
     <span class='ocr_line' id='line_1_75' title="bbox 505 4622 2084 4693; baseline 0.004 -17"><span class='ocrx_word' id='word_1_653' title='bbox 505 4638 653 4676; x_wconf 89' lang='lat' dir='ltr'><strong>mum</strong></span> <span class='ocrx_word' id='word_1_654' title='bbox 687 4624 739 4677; x_wconf 94' lang='lat' dir='ltr'><strong>in</strong></span> <span class='ocrx_word' id='word_1_655' title='bbox 766 4636 887 4691; x_wconf 84' lang='lat' dir='ltr'><strong>cap.</strong></span> <span class='ocrx_word' id='word_1_656' title='bbox 914 4638 970 4677; x_wconf 90' lang='lat' dir='ltr'><strong>tu</strong></span> <span class='ocrx_word' id='word_1_657' title='bbox 1002 4622 1305 4693; x_wconf 66' lang='lat' dir='ltr'><strong>Hieremiae,</strong></span> <span class='ocrx_word' id='word_1_658' title='bbox 1341 4622 1696 4693; x_wconf 79' lang='lat' dir='ltr'><strong>Augustinum</strong></span> <span class='ocrx_word' id='word_1_659' title='bbox 1726 4640 1891 4680; x_wconf 89' lang='lat' dir='ltr'><strong>serm.</strong></span> <span class='ocrx_word' id='word_1_660' title='bbox 1924 4626 1994 4679; x_wconf 71' lang='lat'><strong>27</strong></span> <span class='ocrx_word' id='word_1_661' title='bbox 2016 4622 2084 4682; x_wconf 77' lang='lat' dir='ltr'><strong>de</strong></span> 
     </span>
    </p>
   </div>
   <div class='ocr_carea' id='block_1_76' title="bbox 503 4692 2086 4766">
    <p class='ocr_par' dir='ltr' id='par_1_76' title="bbox 503 4692 2086 4766">
     <span class='ocr_line' id='line_1_76' title="bbox 503 4692 2086 4766; baseline 0.001 -17"><span class='ocrx_word' id='word_1_662' title='bbox 503 4694 690 4766; x_wconf 65' lang='lat' dir='ltr'><strong>gerhis</strong></span> <span class='ocrx_word' id='word_1_663' title='bbox 716 4693 923 4766; x_wconf 87' lang='lat' dir='ltr'><strong>Domini</strong></span> <span class='ocrx_word' id='word_1_664' title='bbox 954 4692 1248 4749; x_wconf 87' lang='lat' dir='ltr'><strong>secundum</strong></span> <span class='ocrx_word' id='word_1_665' title='bbox 1280 4692 1511 4761; x_wconf 82' lang='lat' dir='ltr'><strong>Lucam,</strong></span> <span class='ocrx_word' id='word_1_666' title='bbox 1545 4694 2008 4766; x_wconf 83' lang='lat' dir='ltr'><strong>Theophylactum</strong></span> <span class='ocrx_word' id='word_1_667' title='bbox 2028 4705 2086 4751; x_wconf 91' lang='lat' dir='ltr'><strong>et</strong></span> 
     </span>
    </p>
   </div>
   <div class='ocr_carea' id='block_1_77' title="bbox 503 4763 2082 4833">
    <p class='ocr_par' dir='ltr' id='par_1_77' title="bbox 503 4763 2082 4833">
     <span class='ocr_line' id='line_1_77' title="bbox 503 4763 2082 4833; baseline 0.001 -13"><span class='ocrx_word' id='word_1_668' title='bbox 503 4763 707 4820; x_wconf 82' lang='lat' dir='ltr'><strong>Bedarn</strong></span> <span class='ocrx_word' id='word_1_669' title='bbox 733 4765 784 4818; x_wconf 92' lang='lat' dir='ltr'><strong>in</strong></span> <span class='ocrx_word' id='word_1_670' title='bbox 815 4779 933 4833; x_wconf 89' lang='lat' dir='ltr'><strong>cap.</strong></span> <span class='ocrx_word' id='word_1_671' title='bbox 964 4780 995 4818; x_wconf 74' lang='grc' dir='ltr'>χ</span> <span class='ocrx_word' id='word_1_672' title='bbox 1027 4766 1205 4832; x_wconf 81' lang='lat' dir='ltr'><strong>Lucae,</strong></span> <span class='ocrx_word' id='word_1_673' title='bbox 1239 4776 1295 4819; x_wconf 87' lang='lat' dir='ltr'><strong>et</strong></span> <span class='ocrx_word' id='word_1_674' title='bbox 1329 4766 1660 4819; x_wconf 79' lang='lat' dir='ltr'><strong>Bernartium</strong></span> <span class='ocrx_word' id='word_1_675' title='bbox 1693 4763 1945 4823; x_wconf 79' lang='lat' dir='ltr'><strong>sermone</strong></span> <span class='ocrx_word' id='word_1_676' title='bbox 1969 4771 2004 4822; x_wconf 73' lang='grc' dir='ltr'>ὅ</span> <span class='ocrx_word' id='word_1_677' title='bbox 2028 4769 2082 4822; x_wconf 91' lang='lat' dir='ltr'><strong>in</strong></span> 
     </span>
    </p>
   </div>
   <div class='ocr_carea' id='block_1_78' title="bbox 505 4834 1935 4903">
    <p class='ocr_par' dir='ltr' id='par_1_78' title="bbox 505 4834 1935 4903">
     <span class='ocr_line' id='line_1_78' title="bbox 505 4834 1935 4903; baseline -0.003 -12"><span class='ocrx_word' id='word_1_678' title='bbox 505 4834 894 4903; x_wconf 77' lang='lat' dir='ltr'><strong>Assuinptionc</strong></span> <span class='ocrx_word' id='word_1_679' title='bbox 919 4834 980 4890; x_wconf 81' lang='grc' dir='ltr'><strong>Β.</strong></span> <span class='ocrx_word' id='word_1_680' title='bbox 1016 4836 1217 4889; x_wconf 62' lang='lat' dir='ltr'><strong>Maria.</strong></span> <span class='ocrx_word' id='word_1_681' title='bbox 1927 4886 1935 4895; x_wconf 84' lang='lat'>_</span> 
     </span>
    </p>
   </div>
   <div class='ocr_carea' id='block_1_79' title="bbox 581 4905 2087 4976">
    <p class='ocr_par' dir='ltr' id='par_1_79' title="bbox 581 4905 2087 4976">
     <span class='ocr_line' id='line_1_79' title="bbox 581 4905 2087 4976; baseline 0.002 -15"><span class='ocrx_word' id='word_1_682' title='bbox 581 4905 609 4945; x_wconf 62' lang='grc' dir='ltr'>δ</span> <span class='ocrx_word' id='word_1_683' title='bbox 640 4906 928 4962; x_wconf 89' lang='lat' dir='ltr'><strong>Ciaconius</strong></span> <span class='ocrx_word' id='word_1_684' title='bbox 949 4921 1019 4961; x_wconf 79' lang='lat' dir='ltr'><strong>ex</strong></span> <span class='ocrx_word' id='word_1_685' title='bbox 1044 4905 1322 4973; x_wconf 84' lang='lat' dir='ltr'><strong>Vaticano,</strong></span> <span class='ocrx_word' id='word_1_686' title='bbox 1345 4917 1400 4959; x_wconf 83' lang='lat' dir='ltr'><strong>ct</strong></span> <span class='ocrx_word' id='word_1_687' title='bbox 1430 4907 1518 4960; x_wconf 81' lang='lat' dir='ltr'><strong>alii</strong></span> <span class='ocrx_word' id='word_1_688' title='bbox 1559 4909 1775 4976; x_wconf 80' lang='lat' dir='ltr'><strong>legunt:</strong></span> <span class='ocrx_word' id='word_1_689' title='bbox 1813 4907 1954 4963; x_wconf 85' lang='lat' dir='ltr'><strong>Nunt</strong></span> <span class='ocrx_word' id='word_1_690' title='bbox 1994 4909 2087 4964; x_wconf 83' lang='lat' dir='ltr'><strong>tibi</strong></span> 
     </span>
    </p>
   </div>
   <div class='ocr_carea' id='block_1_80' title="bbox 505 4977 2083 5049">
    <p class='ocr_par' dir='ltr' id='par_1_80' title="bbox 505 4977 2083 5049">
     <span class='ocr_line' id='line_1_80' title="bbox 505 4977 2083 5049; baseline 0.003 -18"><span class='ocrx_word' id='word_1_691' title='bbox 505 4977 695 5049; x_wconf 79' lang='lat' dir='ltr'><strong>placet,</strong></span> <span class='ocrx_word' id='word_1_692' title='bbox 718 4978 855 5047; x_wconf 84' lang='lat' dir='ltr'><strong>quod</strong></span> <span class='ocrx_word' id='word_1_693' title='bbox 874 4992 1019 5031; x_wconf 86' lang='lat' dir='ltr'><strong>soror</strong></span> <span class='ocrx_word' id='word_1_694' title='bbox 1043 4992 1173 5042; x_wconf 86' lang='lat' dir='ltr'><strong>mea,</strong></span> <span class='ocrx_word' id='word_1_695' title='bbox 1197 4986 1303 5032; x_wconf 85' lang='lat' dir='ltr'><strong>etc.</strong></span> <span class='ocrx_word' id='word_1_696' title='bbox 1341 4978 1440 5030; x_wconf 80' lang='lat' dir='ltr'><strong>Alii</strong></span> <span class='ocrx_word' id='word_1_697' title='bbox 1468 4996 1481 5031; x_wconf 89' lang='lat'><strong>:</strong></span> <span class='ocrx_word' id='word_1_698' title='bbox 1520 4978 1567 5032; x_wconf 85' lang='grc' dir='ltr'><em>Ν</em></span> <span class='ocrx_word' id='word_1_699' title='bbox 1575 4994 1661 5033; x_wconf 83' lang='lat' dir='ltr'><strong>um</strong></span> <span class='ocrx_word' id='word_1_700' title='bbox 1683 4980 1776 5034; x_wconf 80' lang='lat' dir='ltr'><strong>tibi</strong></span> <span class='ocrx_word' id='word_1_701' title='bbox 1804 4982 1961 5044; x_wconf 81' lang='lat' dir='ltr'><strong>sedet,</strong></span> <span class='ocrx_word' id='word_1_702' title='bbox 1977 4991 2083 5036; x_wconf 86' lang='lat' dir='ltr'><strong>etc.</strong></span> 
     </span>
    </p>
   </div>
   <div class='ocr_carea' id='block_1_81' title="bbox 581 5048 2087 5119">
    <p class='ocr_par' dir='ltr' id='par_1_81' title="bbox 581 5048 2087 5119">
     <span class='ocr_line' id='line_1_81' title="bbox 581 5048 2087 5119; baseline 0.003 -16"><span class='ocrx_word' id='word_1_703' title='bbox 581 5060 604 5088; x_wconf 72' lang='grc' dir='ltr'>α</span> <span class='ocrx_word' id='word_1_704' title='bbox 651 5048 725 5103; x_wconf 83' lang='lat' dir='ltr'><strong>ita</strong></span> <span class='ocrx_word' id='word_1_705' title='bbox 752 5050 914 5103; x_wconf 89' lang='lat' dir='ltr'><strong>etiam</strong></span> <span class='ocrx_word' id='word_1_706' title='bbox 943 5050 1078 5101; x_wconf 85' lang='lat' dir='ltr'><strong>citat</strong></span> <span class='ocrx_word' id='word_1_707' title='bbox 1102 5049 1285 5103; x_wconf 85' lang='lat' dir='ltr'><strong>collat.</strong></span> <span class='ocrx_word' id='word_1_708' title='bbox 1312 5048 1382 5100; x_wconf 68' lang='lat'><strong>‘23</strong></span> <span class='ocrx_word' id='word_1_709' title='bbox 1414 5065 1529 5119; x_wconf 85' lang='lat' dir='ltr'><strong>cap.</strong></span> <span class='ocrx_word' id='word_1_710' title='bbox 1579 5050 1615 5105; x_wconf 77' lang='grc'><strong>5</strong></span> <span class='ocrx_word' id='word_1_711' title='bbox 1646 5069 1658 5103; x_wconf 93' lang='lat'><strong>:</strong></span> <span class='ocrx_word' id='word_1_712' title='bbox 1696 5050 1861 5105; x_wconf 89' lang='lat' dir='ltr'><strong>Porro</strong></span> <span class='ocrx_word' id='word_1_713' title='bbox 1910 5053 2087 5119; x_wconf 74' lang='lat' dir='ltr'><strong>paucis</strong></span> 
     </span>
    </p>
   </div>
   <div class='ocr_carea' id='block_1_82' title="bbox 504 5118 2087 5193">
    <p class='ocr_par' dir='ltr' id='par_1_82' title="bbox 504 5118 2087 5193">
     <span class='ocr_line' id='line_1_82' title="bbox 504 5118 2087 5193; baseline 0.002 -21"><span class='ocrx_word' id='word_1_714' title='bbox 504 5135 631 5193; x_wconf 81' lang='lat' dir='ltr'><strong>opus</strong></span> <span class='ocrx_word' id='word_1_715' title='bbox 660 5129 752 5193; x_wconf 76' lang='lat' dir='ltr'><strong>est,</strong></span> <span class='ocrx_word' id='word_1_716' title='bbox 781 5129 870 5193; x_wconf 70' lang='lat' dir='ltr'><strong>aut</strong></span> <span class='ocrx_word' id='word_1_717' title='bbox 898 5121 1056 5193; x_wconf 88' lang='lat' dir='ltr'><strong>etiam</strong></span> <span class='ocrx_word' id='word_1_718' title='bbox 1082 5135 1207 5173; x_wconf 85' lang='lat' dir='ltr'><strong>uno.</strong></span> <span class='ocrx_word' id='word_1_719' title='bbox 1244 5119 1435 5193; x_wconf 71' lang='lat' dir='ltr'><strong>Quibus</strong></span> <span class='ocrx_word' id='word_1_720' title='bbox 1467 5118 1653 5175; x_wconf 80' lang='lat' dir='ltr'><strong>Grteca</strong></span> <span class='ocrx_word' id='word_1_721' title='bbox 1681 5123 1844 5193; x_wconf 79' lang='lat' dir='ltr'><strong>magis</strong></span> <span class='ocrx_word' id='word_1_722' title='bbox 1873 5118 2087 5192; x_wconf 78' lang='lat' dir='ltr'><strong>respon-</strong></span> 
     </span>
    </p>
   </div>
   <div class='ocr_carea' id='block_1_83' title="bbox 505 5187 2086 5263">
    <p class='ocr_par' dir='ltr' id='par_1_83' title="bbox 505 5187 2086 5263">
     <span class='ocr_line' id='line_1_83' title="bbox 505 5187 2086 5263; baseline 0.003 -20"><span class='ocrx_word' id='word_1_723' title='bbox 505 5187 658 5244; x_wconf 76' lang='lat' dir='ltr'><strong>dent:</strong></span> <span class='ocrx_word' id='word_1_724' title='bbox 679 5191 781 5253; x_wconf 69' lang='grc' dir='ltr'><strong>ἑνὸς</strong></span> <span class='ocrx_word' id='word_1_725' title='bbox 811 5187 867 5246; x_wconf 64' lang='grc' dir='ltr'>δέ</span> <span class='ocrx_word' id='word_1_726' title='bbox 894 5192 1010 5247; x_wconf 68' lang='grc' dir='ltr'><strong>ἔστι</strong></span> <span class='ocrx_word' id='word_1_727' title='bbox 1027 5193 1206 5263; x_wconf 78' lang='grc' dir='ltr'><strong>χρεία,</strong></span> <span class='ocrx_word' id='word_1_728' title='bbox 1230 5189 1395 5263; x_wconf 70' lang='lat' dir='ltr'><strong>unius</strong></span> <span class='ocrx_word' id='word_1_729' title='bbox 1423 5199 1509 5245; x_wconf 83' lang='lat' dir='ltr'><strong>est</strong></span> <span class='ocrx_word' id='word_1_730' title='bbox 1535 5187 1848 5247; x_wconf 76' lang='lat' dir='ltr'><strong>necessitas.</strong></span> <span class='ocrx_word' id='word_1_731' title='bbox 1878 5187 2086 5247; x_wconf 40' lang='lat' dir='ltr'><strong>Att-vul-</strong></span> 
     </span>
    </p>
   </div>
   <div class='ocr_carea' id='block_1_84' title="bbox 505 5258 2080 5332">
    <p class='ocr_par' dir='ltr' id='par_1_84' title="bbox 505 5258 2080 5332">
     <span class='ocr_line' id='line_1_84' title="bbox 505 5258 2080 5332; baseline 0.004 -20"><span class='ocrx_word' id='word_1_732' title='bbox 505 5271 660 5332; x_wconf 74' lang='lat' dir='ltr'><strong>gatus</strong></span> <span class='ocrx_word' id='word_1_733' title='bbox 693 5263 962 5332; x_wconf 84' lang='lat' dir='ltr'><strong>interpres</strong></span> <span class='ocrx_word' id='word_1_734' title='bbox 991 5258 1190 5315; x_wconf 62' lang='lat' dir='ltr'><strong>vertit:</strong></span> <span class='ocrx_word' id='word_1_735' title='bbox 1223 5258 1387 5314; x_wconf 88' lang='lat' dir='ltr'><strong>Porro</strong></span> <span class='ocrx_word' id='word_1_736' title='bbox 1419 5276 1576 5315; x_wconf 83' lang='lat' dir='ltr'><strong>unum</strong></span> <span class='ocrx_word' id='word_1_737' title='bbox 1615 5272 1685 5317; x_wconf 82' lang='lat' dir='ltr'><strong>est</strong></span> <span class='ocrx_word' id='word_1_738' title='bbox 1718 5266 2080 5320; x_wconf 69' lang='lat' dir='ltr'><strong>necessarium.</strong></span> 
     </span>
    </p>
   </div>
   <div class='ocr_carea' id='block_1_85' title="bbox 506 5331 2084 5401">
    <p class='ocr_par' dir='ltr' id='par_1_85' title="bbox 506 5331 2084 5401">
     <span class='ocr_line' id='line_1_85' title="bbox 506 5331 2084 5401; baseline 0.005 -20"><span class='ocrx_word' id='word_1_739' title='bbox 506 5331 661 5397; x_wconf 82' lang='lat' dir='ltr'><strong>Quod</strong></span> <span class='ocrx_word' id='word_1_740' title='bbox 689 5332 759 5385; x_wconf 85' lang='lat' dir='ltr'><strong>sit</strong></span> <span class='ocrx_word' id='word_1_741' title='bbox 796 5331 926 5385; x_wconf 90' lang='lat' dir='ltr'><strong>illud</strong></span> <span class='ocrx_word' id='word_1_742' title='bbox 955 5347 1118 5386; x_wconf 90' lang='lat' dir='ltr'><strong>unum</strong></span> <span class='ocrx_word' id='word_1_743' title='bbox 1141 5332 1283 5401; x_wconf 83' lang='lat' dir='ltr'><strong>quod</strong></span> <span class='ocrx_word' id='word_1_744' title='bbox 1305 5332 1552 5386; x_wconf 76' lang='lat' dir='ltr'><strong>Christus</strong></span> <span class='ocrx_word' id='word_1_745' title='bbox 1572 5335 1936 5388; x_wconf 85' lang='lat' dir='ltr'><strong>necessarium</strong></span> <span class='ocrx_word' id='word_1_746' title='bbox 1964 5348 2084 5389; x_wconf 87' lang='lat' dir='ltr'><strong>esse</strong></span> 
     </span>
    </p>
   </div>
   <div class='ocr_carea' id='block_1_86' title="bbox 506 5400 2082 5473">
    <p class='ocr_par' dir='ltr' id='par_1_86' title="bbox 506 5400 2082 5473">
     <span class='ocr_line' id='line_1_86' title="bbox 506 5400 2082 5473; baseline 0.003 -19"><span class='ocrx_word' id='word_1_747' title='bbox 506 5402 681 5468; x_wconf 86' lang='lat' dir='ltr'><strong>dicit,</strong></span> <span class='ocrx_word' id='word_1_748' title='bbox 723 5405 869 5456; x_wconf 81' lang='lat' dir='ltr'><strong>varie</strong></span> <span class='ocrx_word' id='word_1_749' title='bbox 899 5400 1209 5473; x_wconf 78' lang='lat' dir='ltr'><strong>exponitur.</strong></span> <span class='ocrx_word' id='word_1_750' title='bbox 1236 5400 1463 5468; x_wconf 80' lang='lat' dir='ltr'><strong>Quidam</strong></span> <span class='ocrx_word' id='word_1_751' title='bbox 1495 5419 1656 5457; x_wconf 91' lang='lat' dir='ltr'><strong>unum</strong></span> <span class='ocrx_word' id='word_1_752' title='bbox 1685 5419 1749 5458; x_wconf 88' lang='lat' dir='ltr'><strong>ac</strong></span> <span class='ocrx_word' id='word_1_753' title='bbox 1782 5403 2082 5469; x_wconf 87' lang='lat' dir='ltr'><strong>simplicem</strong></span> 
     </span>
    </p>
   </div>
   <div class='ocr_carea' id='block_1_87' title="bbox 507 5473 2080 5544">
    <p class='ocr_par' dir='ltr' id='par_1_87' title="bbox 507 5473 2080 5544">
     <span class='ocr_line' id='line_1_87' title="bbox 507 5473 2080 5544; baseline 0.001 -18"><span class='ocrx_word' id='word_1_754' title='bbox 507 5473 688 5544; x_wconf 85' lang='lat' dir='ltr'><strong>cibum</strong></span> <span class='ocrx_word' id='word_1_755' title='bbox 718 5473 1161 5544; x_wconf 74' lang='lat' dir='ltr'><strong>interpretantur,</strong></span> <span class='ocrx_word' id='word_1_756' title='bbox 1189 5474 1357 5544; x_wconf 72' lang='lat' dir='ltr'><strong>quasi</strong></span> <span class='ocrx_word' id='word_1_757' title='bbox 1384 5475 1811 5541; x_wconf 81' lang='lat' dir='ltr'><strong>reprehendatur</strong></span> <span class='ocrx_word' id='word_1_758' title='bbox 1844 5475 2080 5540; x_wconf 81' lang='lat' dir='ltr'><strong>Martha,</strong></span> 
     </span>
    </p>
   </div>
   <div class='ocr_carea' id='block_1_88' title="bbox 507 5536 2081 5613">
    <p class='ocr_par' dir='ltr' id='par_1_88' title="bbox 507 5536 2081 5613">
     <span class='ocr_line' id='line_1_88' title="bbox 507 5536 2081 5613; baseline 0.003 -18"><span class='ocrx_word' id='word_1_759' title='bbox 507 5543 653 5613; x_wconf 88' lang='lat' dir='ltr'><strong>quod</strong></span> <span class='ocrx_word' id='word_1_760' title='bbox 695 5536 879 5599; x_wconf 77' lang='lat' dir='ltr'><strong>multis</strong></span> <span class='ocrx_word' id='word_1_761' title='bbox 922 5536 1393 5613; x_wconf 75' lang='lat' dir='ltr'><strong>ferculisparandis</strong></span> <span class='ocrx_word' id='word_1_762' title='bbox 1424 5536 1685 5611; x_wconf 83' lang='lat' dir='ltr'><strong>occupata</strong></span> <span class='ocrx_word' id='word_1_763' title='bbox 1736 5555 1912 5612; x_wconf 87' lang='lat' dir='ltr'><strong>esset,</strong></span> <span class='ocrx_word' id='word_1_764' title='bbox 1959 5536 2081 5601; x_wconf 85' lang='lat' dir='ltr'><strong>cum</strong></span> 
     </span>
    </p>
   </div>
   <div class='ocr_carea' id='block_1_89' title="bbox 507 5613 2083 5686">
    <p class='ocr_par' dir='ltr' id='par_1_89' title="bbox 507 5613 2083 5686">
     <span class='ocr_line' id='line_1_89' title="bbox 507 5613 2083 5686; baseline 0.001 -17"><span class='ocrx_word' id='word_1_765' title='bbox 507 5627 618 5669; x_wconf 87' lang='lat' dir='ltr'><strong>non</strong></span> <span class='ocrx_word' id='word_1_766' title='bbox 647 5613 899 5686; x_wconf 12' lang='lat' dir='ltr'><strong>nisignno,</strong></span> <span class='ocrx_word' id='word_1_767' title='bbox 933 5630 1102 5685; x_wconf 91' lang='lat' dir='ltr'><strong>eoque</strong></span> <span class='ocrx_word' id='word_1_768' title='bbox 1126 5614 1349 5685; x_wconf 83' lang='lat' dir='ltr'><strong>parabili</strong></span> <span class='ocrx_word' id='word_1_769' title='bbox 1379 5628 1514 5686; x_wconf 89' lang='lat' dir='ltr'><strong>opus</strong></span> <span class='ocrx_word' id='word_1_770' title='bbox 1540 5626 1701 5670; x_wconf 89' lang='lat' dir='ltr'><strong>esset.</strong></span> <span class='ocrx_word' id='word_1_771' title='bbox 1736 5618 1824 5672; x_wconf 85' lang='lat' dir='ltr'><strong>Sic</strong></span> <span class='ocrx_word' id='word_1_772' title='bbox 1851 5616 2083 5672; x_wconf 86' lang='lat' dir='ltr'><strong>Basilius</strong></span> 
     </span>
    </p>
   </div>
   <div class='ocr_carea' id='block_1_90' title="bbox 505 5684 2087 5755">
    <p class='ocr_par' dir='ltr' id='par_1_90' title="bbox 505 5684 2087 5755">
     <span class='ocr_line' id='line_1_90' title="bbox 505 5684 2087 5755; baseline 0 -13"><span class='ocrx_word' id='word_1_773' title='bbox 505 5686 563 5742; x_wconf 90' lang='lat' dir='ltr'><strong>in</strong></span> <span class='ocrx_word' id='word_1_774' title='bbox 594 5684 874 5741; x_wconf 85' lang='lat' dir='ltr'><strong>constitut.</strong></span> <span class='ocrx_word' id='word_1_775' title='bbox 926 5684 1154 5740; x_wconf 86' lang='lat' dir='ltr'><strong>monast.</strong></span> <span class='ocrx_word' id='word_1_776' title='bbox 1187 5686 1365 5754; x_wconf 87' lang='lat' dir='ltr'><strong>capite</strong></span> <span class='ocrx_word' id='word_1_777' title='bbox 1389 5684 1648 5742; x_wconf 82' lang='lat' dir='ltr'><strong>secundo.</strong></span> <span class='ocrx_word' id='word_1_778' title='bbox 1686 5687 1749 5755; x_wconf 72' lang='grc' dir='ltr'><strong>Ι).</strong></span> <span class='ocrx_word' id='word_1_779' title='bbox 1776 5702 1951 5743; x_wconf 84' lang='lat' dir='ltr'><strong>autem</strong></span> <span class='ocrx_word' id='word_1_780' title='bbox 1986 5694 2087 5742; x_wconf 78' lang='lat' dir='ltr'><strong>Au-</strong></span> 
     </span>
    </p>
   </div>
   <div class='ocr_carea' id='block_1_91' title="bbox 508 5754 2085 5826">
    <p class='ocr_par' dir='ltr' id='par_1_91' title="bbox 508 5754 2085 5826">
     <span class='ocr_line' id='line_1_91' title="bbox 508 5754 2085 5826; baseline 0.003 -15"><span class='ocrx_word' id='word_1_781' title='bbox 508 5754 759 5826; x_wconf 86' lang='lat' dir='ltr'><strong>gustinus</strong></span> <span class='ocrx_word' id='word_1_782' title='bbox 782 5769 1037 5811; x_wconf 86' lang='lat' dir='ltr'><strong>sermone</strong></span> <span class='ocrx_word' id='word_1_783' title='bbox 1064 5757 1326 5826; x_wconf 78' lang='lat' dir='ltr'><strong>vigesimo</strong></span> <span class='ocrx_word' id='word_1_784' title='bbox 1346 5758 1576 5826; x_wconf 86' lang='lat' dir='ltr'><strong>septimo</strong></span> <span class='ocrx_word' id='word_1_785' title='bbox 1595 5758 1671 5814; x_wconf 88' lang='lat' dir='ltr'><strong>de</strong></span> <span class='ocrx_word' id='word_1_786' title='bbox 1687 5757 1877 5814; x_wconf 80' lang='lat' dir='ltr'><strong>Verbis</strong></span> <span class='ocrx_word' id='word_1_787' title='bbox 1906 5760 2085 5815; x_wconf 85' lang='lat' dir='ltr'><strong>Domi-</strong></span> 
     </span>
    </p>
   </div>
   <div class='ocr_carea' id='block_1_92' title="bbox 510 5825 2081 5903">
    <p class='ocr_par' dir='ltr' id='par_1_92' title="bbox 510 5825 2081 5903">
     <span class='ocr_line' id='line_1_92' title="bbox 510 5825 2081 5903; baseline 0.003 -20"><span class='ocrx_word' id='word_1_788' title='bbox 510 5828 597 5893; x_wconf 86' lang='lat' dir='ltr'><strong>ni;</strong></span> <span class='ocrx_word' id='word_1_789' title='bbox 643 5837 811 5884; x_wconf 82' lang='lat' dir='ltr'><strong>unum</strong></span> <span class='ocrx_word' id='word_1_790' title='bbox 839 5825 1205 5885; x_wconf 65' lang='lat' dir='ltr'><strong>uenenarium</strong></span> <span class='ocrx_word' id='word_1_791' title='bbox 1234 5825 1622 5899; x_wconf 84' lang='lat' dir='ltr'><strong>interpretatur</strong></span> <span class='ocrx_word' id='word_1_792' title='bbox 1652 5829 1821 5886; x_wconf 87' lang='lat' dir='ltr'><strong>Deum</strong></span> <span class='ocrx_word' id='word_1_793' title='bbox 1870 5831 2081 5903; x_wconf 85' lang='lat' dir='ltr'><strong>ipsum,</strong></span> 
     </span>
    </p>
   </div>
   <div class='ocr_carea' id='block_1_93' title="bbox 2114 4598 2162 4656">
    <p class='ocr_par' dir='ltr' id='par_1_93' title="bbox 2114 4598 2162 4656">
     <span class='ocr_line' id='line_1_93' title="bbox 2114 4598 2162 4656; baseline 0 0"><span class='ocrx_word' id='word_1_794' title='bbox 2114 4598 2162 4656; x_wconf 75' lang='grc' dir='ltr'><strong>Γ)</strong></span> 
     </span>
    </p>
   </div>
   <div class='ocr_carea' id='block_1_94' title="bbox 2173 3268 3764 3350">
    <p class='ocr_par' dir='ltr' id='par_1_94' title="bbox 2173 3268 3764 3350">
     <span class='ocr_line' id='line_1_94' title="bbox 2173 3268 3764 3350; baseline -0.002 -17"><span class='ocrx_word' id='word_1_795' title='bbox 2173 3268 2456 3350; x_wconf 65' lang='lat' dir='ltr'><strong>bonumest</strong></span> <span class='ocrx_word' id='word_1_796' title='bbox 2485 3279 2709 3350; x_wconf 78' lang='lat' dir='ltr'><strong>(Psalm.</strong></span> <span class='ocrx_word' id='word_1_797' title='bbox 2761 3268 2950 3349; x_wconf 71' lang='lat' dir='ltr'><strong>Lxxn).</strong></span> <span class='ocrx_word' id='word_1_798' title='bbox 2984 3278 3151 3333; x_wconf 84' lang='lat' dir='ltr'><strong>Maria</strong></span> <span class='ocrx_word' id='word_1_799' title='bbox 3178 3279 3281 3350; x_wconf 88' lang='lat' dir='ltr'><strong>hoc</strong></span> <span class='ocrx_word' id='word_1_800' title='bbox 3317 3292 3492 3334; x_wconf 88' lang='lat' dir='ltr'><strong>unum</strong></span> <span class='ocrx_word' id='word_1_801' title='bbox 3520 3278 3764 3340; x_wconf 86' lang='lat' dir='ltr'><strong>curabat,</strong></span> 
     </span>
    </p>
   </div>
   <div class='ocr_carea' id='block_1_95' title="bbox 2172 3346 3764 3420">
    <p class='ocr_par' dir='ltr' id='par_1_95' title="bbox 2172 3346 3764 3420">
     <span class='ocr_line' id='line_1_95' title="bbox 2172 3346 3764 3420; baseline -0.002 -17"><span class='ocrx_word' id='word_1_802' title='bbox 2172 3360 2231 3403; x_wconf 88' lang='lat' dir='ltr'><strong>ut</strong></span> <span class='ocrx_word' id='word_1_803' title='bbox 2252 3346 2455 3405; x_wconf 87' lang='lat' dir='ltr'><strong>Christi</strong></span> <span class='ocrx_word' id='word_1_804' title='bbox 2482 3346 2703 3404; x_wconf 69' lang='lat' dir='ltr'><strong>verbum</strong></span> <span class='ocrx_word' id='word_1_805' title='bbox 2734 3346 2966 3417; x_wconf 83' lang='lat' dir='ltr'><strong>audiret,</strong></span> <span class='ocrx_word' id='word_1_806' title='bbox 3011 3350 3125 3420; x_wconf 84' lang='lat' dir='ltr'><strong>ejus</strong></span> <span class='ocrx_word' id='word_1_807' title='bbox 3156 3349 3412 3420; x_wconf 85' lang='lat' dir='ltr'><strong>doctrina</strong></span> <span class='ocrx_word' id='word_1_808' title='bbox 3444 3356 3764 3420; x_wconf 65' lang='lat' dir='ltr'><strong>posceretur,</strong></span> 
     </span>
    </p>
   </div>
   <div class='ocr_carea' id='block_1_96' title="bbox 2170 3418 3766 3491">
    <p class='ocr_par' dir='ltr' id='par_1_96' title="bbox 2170 3418 3766 3491">
     <span class='ocr_line' id='line_1_96' title="bbox 2170 3418 3766 3491; baseline -0.002 -17"><span class='ocrx_word' id='word_1_809' title='bbox 2170 3420 2225 3474; x_wconf 87' lang='lat' dir='ltr'><strong>in</strong></span> <span class='ocrx_word' id='word_1_810' title='bbox 2257 3420 2371 3491; x_wconf 81' lang='lat' dir='ltr'><strong>ejus</strong></span> <span class='ocrx_word' id='word_1_811' title='bbox 2401 3434 2584 3491; x_wconf 77' lang='lat' dir='ltr'><strong>amore</strong></span> <span class='ocrx_word' id='word_1_812' title='bbox 2615 3420 2983 3491; x_wconf 84' lang='lat' dir='ltr'><strong>acquiesceret</strong></span> <span class='ocrx_word' id='word_1_813' title='bbox 3006 3437 3021 3486; x_wconf 90' lang='lat'><strong>;</strong></span> <span class='ocrx_word' id='word_1_814' title='bbox 3043 3418 3051 3420; x_wconf 62' lang='grc'><strong>⁷</strong></span> <span class='ocrx_word' id='word_1_815' title='bbox 3070 3423 3370 3475; x_wconf 83' lang='lat' dir='ltr'><strong>secundum</strong></span> <span class='ocrx_word' id='word_1_816' title='bbox 3400 3419 3538 3476; x_wconf 86' lang='lat' dir='ltr'><strong>illud</strong></span> <span class='ocrx_word' id='word_1_817' title='bbox 3568 3418 3766 3475; x_wconf 75' lang='lat' dir='ltr'><strong>Canite.</strong></span> 
     </span>
    </p>
   </div>
   <div class='ocr_carea' id='block_1_97' title="bbox 2173 3488 3770 3614">
    <p class='ocr_par' dir='ltr' id='par_1_97' title="bbox 2173 3488 3770 3614">
     <span class='ocr_line' id='line_1_97' title="bbox 2173 3488 3770 3614; baseline -0.001 -69"><span class='ocrx_word' id='word_1_818' title='bbox 2173 3488 2364 3614; x_wconf 40' lang='lat' dir='ltr'><strong>aerii-0:</strong></span> <span class='ocrx_word' id='word_1_819' title='bbox 2398 3490 2581 3545; x_wconf 74' lang='lat' dir='ltr'><strong>Inveni</strong></span> <span class='ocrx_word' id='word_1_820' title='bbox 2602 3488 2748 3561; x_wconf 78' lang='lat' dir='ltr'><strong>quem</strong></span> <span class='ocrx_word' id='word_1_821' title='bbox 2776 3488 2950 3562; x_wconf 83' lang='lat' dir='ltr'><strong>diligit</strong></span> <span class='ocrx_word' id='word_1_822' title='bbox 2971 3492 3146 3545; x_wconf 80' lang='lat' dir='ltr'><strong>anima</strong></span> <span class='ocrx_word' id='word_1_823' title='bbox 3167 3507 3279 3546; x_wconf 88' lang='lat' dir='ltr'><strong>mea</strong></span> <span class='ocrx_word' id='word_1_824' title='bbox 3303 3507 3324 3557; x_wconf 88' lang='lat'><strong><em>;</em></strong></span> <span class='ocrx_word' id='word_1_825' title='bbox 3351 3493 3500 3546; x_wconf 76' lang='lat' dir='ltr'><strong>tenui</strong></span> <span class='ocrx_word' id='word_1_826' title='bbox 3527 3507 3667 3561; x_wconf 86' lang='lat' dir='ltr'><strong>eum,</strong></span> <span class='ocrx_word' id='word_1_827' title='bbox 3686 3503 3770 3543; x_wconf 79' lang='lat' dir='ltr'><strong>nec</strong></span> 
     </span>
     <span class='ocr_line' id='line_1_98' title="bbox 2214 3572 2455 3614; baseline 0 0"><span class='ocrx_word' id='word_1_828' title='bbox 2214 3572 2455 3614; x_wconf 83' lang='lat' dir='ltr'><strong>tmtttam.</strong></span> 
     </span>
    </p>
   </div>
   <div class='ocr_carea' id='block_1_98' title="bbox 2214 3563 2455 3616">
    <p class='ocr_par' dir='ltr' id='par_1_98' title="bbox 2214 3563 2455 3616">
     <span class='ocr_line' id='line_1_99' title="bbox 2214 3563 2455 3616; baseline 0.004 -1"><span class='ocrx_word' id='word_1_829' title='bbox 2214 3563 2455 3616; x_wconf 83' lang='lat' dir='ltr'><strong>imittam.</strong></span> 
     </span>
    </p>
   </div>
   <div class='ocr_carea' id='block_1_99' title="bbox 2244 3630 3767 3701">
    <p class='ocr_par' dir='ltr' id='par_1_99' title="bbox 2244 3630 3767 3701">
     <span class='ocr_line' id='line_1_100' title="bbox 2244 3630 3767 3701; baseline -0.002 -13"><span class='ocrx_word' id='word_1_830' title='bbox 2244 3630 2271 3670; x_wconf 70' lang='grc' dir='ltr'><strong><em>ἀ</em></strong></span> <span class='ocrx_word' id='word_1_831' title='bbox 2302 3633 2563 3700; x_wconf 82' lang='lat' dir='ltr'><strong>Adverte,</strong></span> <span class='ocrx_word' id='word_1_832' title='bbox 2610 3640 2803 3699; x_wconf 68' lang='lat' dir='ltr'><strong>uector,</strong></span> <span class='ocrx_word' id='word_1_833' title='bbox 2836 3643 3041 3701; x_wconf 88' lang='lat' dir='ltr'><strong>partem</strong></span> <span class='ocrx_word' id='word_1_834' title='bbox 3085 3632 3290 3699; x_wconf 72' lang='lat' dir='ltr'><strong>Mariae,</strong></span> <span class='ocrx_word' id='word_1_835' title='bbox 3337 3634 3508 3690; x_wconf 88' lang='lat' dir='ltr'><strong>modo</strong></span> <span class='ocrx_word' id='word_1_836' title='bbox 3554 3634 3767 3696; x_wconf 79' lang='lat' dir='ltr'><strong>bonam,</strong></span> 
     </span>
    </p>
   </div>
   <div class='ocr_carea' id='block_1_100' title="bbox 2175 3704 3765 3772">
    <p class='ocr_par' dir='ltr' id='par_1_100' title="bbox 2175 3704 3765 3772">
     <span class='ocr_line' id='line_1_101' title="bbox 2175 3704 3765 3772; baseline -0.001 -15"><span class='ocrx_word' id='word_1_837' title='bbox 2175 3704 2336 3759; x_wconf 87' lang='lat' dir='ltr'><strong>modo</strong></span> <span class='ocrx_word' id='word_1_838' title='bbox 2360 3705 2663 3772; x_wconf 89' lang='lat' dir='ltr'><strong>meliorem,</strong></span> <span class='ocrx_word' id='word_1_839' title='bbox 2697 3705 2859 3759; x_wconf 90' lang='lat' dir='ltr'><strong>modo</strong></span> <span class='ocrx_word' id='word_1_840' title='bbox 2885 3705 3142 3772; x_wconf 80' lang='lat' dir='ltr'><strong>Optimam</strong></span> <span class='ocrx_word' id='word_1_841' title='bbox 3164 3719 3193 3758; x_wconf 89' lang='lat' dir='ltr'><strong>a</strong></span> <span class='ocrx_word' id='word_1_842' title='bbox 3224 3704 3486 3760; x_wconf 84' lang='lat' dir='ltr'><strong>Patribus</strong></span> <span class='ocrx_word' id='word_1_843' title='bbox 3513 3705 3641 3769; x_wconf 88' lang='lat' dir='ltr'><strong>dici,</strong></span> <span class='ocrx_word' id='word_1_844' title='bbox 3674 3716 3765 3756; x_wconf 87' lang='lat' dir='ltr'><strong>nec</strong></span> 
     </span>
    </p>
   </div>
   <div class='ocr_carea' id='block_1_101' title="bbox 2176 3774 3771 3846">
    <p class='ocr_par' dir='ltr' id='par_1_101' title="bbox 2176 3774 3771 3846">
     <span class='ocr_line' id='line_1_102' title="bbox 2176 3774 3771 3846; baseline 0 -18"><span class='ocrx_word' id='word_1_845' title='bbox 2176 3774 2490 3846; x_wconf 82' lang='lat' dir='ltr'><strong>incongrue,</strong></span> <span class='ocrx_word' id='word_1_846' title='bbox 2522 3792 2643 3831; x_wconf 89' lang='lat' dir='ltr'><strong>cum</strong></span> <span class='ocrx_word' id='word_1_847' title='bbox 2671 3777 2803 3831; x_wconf 83' lang='lat' dir='ltr'><strong>satis</strong></span> <span class='ocrx_word' id='word_1_848' title='bbox 2827 3785 3012 3830; x_wconf 87' lang='lat' dir='ltr'><strong>notum</strong></span> <span class='ocrx_word' id='word_1_849' title='bbox 3037 3780 3106 3830; x_wconf 85' lang='lat' dir='ltr'><strong>stt</strong></span> <span class='ocrx_word' id='word_1_850' title='bbox 3138 3778 3189 3831; x_wconf 89' lang='lat' dir='ltr'><strong>in</strong></span> <span class='ocrx_word' id='word_1_851' title='bbox 3207 3776 3475 3845; x_wconf 85' lang='lat' dir='ltr'><strong>gradibus</strong></span> <span class='ocrx_word' id='word_1_852' title='bbox 3496 3787 3771 3846; x_wconf 52' lang='lat' dir='ltr'><strong>romparaj</strong></span> 
     </span>
    </p>
   </div>
   <div class='ocr_carea' id='block_1_102' title="bbox 2180 3843 3771 3914">
    <p class='ocr_par' dir='ltr' id='par_1_102' title="bbox 2180 3843 3771 3914">
     <span class='ocr_line' id='line_1_103' title="bbox 2180 3843 3771 3914; baseline -0.001 -16"><span class='ocrx_word' id='word_1_853' title='bbox 2180 3843 2361 3911; x_wconf 71' lang='lat' dir='ltr'><strong>tionis,</strong></span> <span class='ocrx_word' id='word_1_854' title='bbox 2393 3847 2706 3903; x_wconf 81' lang='lat' dir='ltr'><strong>inferiorem</strong></span> <span class='ocrx_word' id='word_1_855' title='bbox 2733 3849 2785 3901; x_wconf 89' lang='lat' dir='ltr'><strong>in</strong></span> <span class='ocrx_word' id='word_1_856' title='bbox 2813 3847 3093 3914; x_wconf 84' lang='lat' dir='ltr'><strong>superiore</strong></span> <span class='ocrx_word' id='word_1_857' title='bbox 3118 3843 3415 3904; x_wconf 72' lang='lat' dir='ltr'><strong>contineri.</strong></span> <span class='ocrx_word' id='word_1_858' title='bbox 3450 3848 3584 3901; x_wconf 76' lang='lat' dir='ltr'><strong>Nam</strong></span> <span class='ocrx_word' id='word_1_859' title='bbox 3607 3843 3771 3901; x_wconf 73' lang='lat' dir='ltr'><strong>Graeci</strong></span> 
     </span>
    </p>
   </div>
   <div class='ocr_carea' id='block_1_103' title="bbox 2177 3916 3773 3999">
    <p class='ocr_par' dir='ltr' id='par_1_103' title="bbox 2177 3916 3773 3999">
     <span class='ocr_line' id='line_1_104' title="bbox 2177 3916 3773 3999; baseline -0.001 -30"><span class='ocrx_word' id='word_1_860' title='bbox 2177 3916 2361 3999; x_wconf 74' lang='lat' dir='ltr'><strong>legunt</strong></span> <span class='ocrx_word' id='word_1_861' title='bbox 2383 3924 2474 3979; x_wconf 71' lang='grc' dir='ltr'><strong>τήν</strong></span> <span class='ocrx_word' id='word_1_862' title='bbox 2508 3921 2698 3999; x_wconf 51' lang='lat' dir='ltr'><strong>tipatam</strong></span> <span class='ocrx_word' id='word_1_863' title='bbox 2724 3916 3132 3999; x_wconf 70' lang='lat' dir='ltr'><strong>pepida_bonam</strong></span> <span class='ocrx_word' id='word_1_864' title='bbox 3153 3926 3390 3987; x_wconf 85' lang='lat' dir='ltr'><strong>partem,</strong></span> <span class='ocrx_word' id='word_1_865' title='bbox 3425 3918 3773 3999; x_wconf 76' lang='lat' dir='ltr'><strong>quemadmo-</strong></span> 
     </span>
    </p>
   </div>
   <div class='ocr_carea' id='block_1_104' title="bbox 2179 3986 3775 4059">
    <p class='ocr_par' dir='ltr' id='par_1_104' title="bbox 2179 3986 3775 4059">
     <span class='ocr_line' id='line_1_105' title="bbox 2179 3986 3775 4059; baseline -0.001 -20"><span class='ocrx_word' id='word_1_866' title='bbox 2179 3987 2305 4059; x_wconf 77' lang='lat' dir='ltr'><strong>dum</strong></span> <span class='ocrx_word' id='word_1_867' title='bbox 2329 3989 2533 4045; x_wconf 83' lang='lat' dir='ltr'><strong>Auctor</strong></span> <span class='ocrx_word' id='word_1_868' title='bbox 2549 3986 2651 4043; x_wconf 73' lang='lat' dir='ltr'><strong>&#39;hic</strong></span> <span class='ocrx_word' id='word_1_869' title='bbox 2674 3986 2971 4059; x_wconf 73' lang='lat' dir='ltr'><strong>expressit;</strong></span> <span class='ocrx_word' id='word_1_870' title='bbox 2998 3988 3088 4057; x_wconf 87' lang='lat' dir='ltr'><strong>qui</strong></span> <span class='ocrx_word' id='word_1_871' title='bbox 3121 3986 3299 4059; x_wconf 85' lang='lat' dir='ltr'><strong>tamen</strong></span> <span class='ocrx_word' id='word_1_872' title='bbox 3335 3986 3505 4059; x_wconf 82' lang='lat' dir='ltr'><strong>paulo</strong></span> <span class='ocrx_word' id='word_1_873' title='bbox 3534 3986 3775 4059; x_wconf 84' lang='lat' dir='ltr'><strong>superius</strong></span> 
     </span>
    </p>
   </div>
   <div class='ocr_carea' id='block_1_105' title="bbox 2179 4056 3772 4124">
    <p class='ocr_par' dir='ltr' id='par_1_105' title="bbox 2179 4056 3772 4124">
     <span class='ocr_line' id='line_1_106' title="bbox 2179 4056 3772 4124; baseline -0.001 -13"><span class='ocrx_word' id='word_1_874' title='bbox 2179 4056 2409 4124; x_wconf 81' lang='lat' dir='ltr'><strong>dixerat,</strong></span> <span class='ocrx_word' id='word_1_875' title='bbox 2434 4056 2812 4122; x_wconf 50' lang='lat' dir='ltr'><strong>inelioremfut</strong></span> <span class='ocrx_word' id='word_1_876' title='bbox 2841 4069 2895 4115; x_wconf 89' lang='lat' dir='ltr'><strong>et</strong></span> <span class='ocrx_word' id='word_1_877' title='bbox 2923 4059 2984 4113; x_wconf 89' lang='lat' dir='ltr'><strong>D.</strong></span> <span class='ocrx_word' id='word_1_878' title='bbox 3017 4056 3367 4113; x_wconf 63' lang='lat' dir='ltr'><strong>Ambrosius:</strong></span> <span class='ocrx_word' id='word_1_879' title='bbox 3396 4059 3519 4115; x_wconf 84' lang='lat' dir='ltr'><strong>Nec</strong></span> <span class='ocrx_word' id='word_1_880' title='bbox 3550 4056 3772 4121; x_wconf 73' lang='lat' dir='ltr'><strong>Martha,</strong></span> 
     </span>
    </p>
   </div>
   <div class='ocr_carea' id='block_1_106' title="bbox 2180 4128 3776 4202">
    <p class='ocr_par' dir='ltr' id='par_1_106' title="bbox 2180 4128 3776 4202">
     <span class='ocr_line' id='line_1_107' title="bbox 2180 4128 3776 4202; baseline 0.004 -20"><span class='ocrx_word' id='word_1_881' title='bbox 2180 4129 2453 4202; x_wconf 79' lang='lat' dir='ltr'><strong>inquiens,</strong></span> <span class='ocrx_word' id='word_1_882' title='bbox 2487 4132 2539 4185; x_wconf 87' lang='lat' dir='ltr'><strong>in</strong></span> <span class='ocrx_word' id='word_1_883' title='bbox 2566 4133 2697 4186; x_wconf 83' lang='lat' dir='ltr'><strong>bona</strong></span> <span class='ocrx_word' id='word_1_884' title='bbox 2718 4131 3007 4202; x_wconf 82' lang='lat' dir='ltr'><strong>ministerio</strong></span> <span class='ocrx_word' id='word_1_885' title='bbox 3019 4131 3452 4202; x_wconf 80' lang='lat' dir='ltr'><strong>reprehenditur;</strong></span> <span class='ocrx_word' id='word_1_886' title='bbox 3471 4131 3564 4187; x_wconf 81' lang='lat' dir='ltr'><strong>sed</strong></span> <span class='ocrx_word' id='word_1_887' title='bbox 3594 4128 3776 4202; x_wconf 68' lang='lat' dir='ltr'><strong>Maria.</strong></span> 
     </span>
    </p>
   </div>
   <div class='ocr_carea' id='block_1_107' title="bbox 2179 4200 3783 4273">
    <p class='ocr_par' dir='ltr' id='par_1_107' title="bbox 2179 4200 3783 4273">
     <span class='ocr_line' id='line_1_108' title="bbox 2179 4200 3783 4273; baseline 0.002 -22"><span class='ocrx_word' id='word_1_888' title='bbox 2179 4200 2316 4270; x_wconf 87' lang='lat' dir='ltr'><strong>quod</strong></span> <span class='ocrx_word' id='word_1_889' title='bbox 2339 4204 2597 4256; x_wconf 84' lang='lat' dir='ltr'><strong>meliorem</strong></span> <span class='ocrx_word' id='word_1_890' title='bbox 2620 4201 2936 4273; x_wconf 13' lang='lat' dir='ltr'><strong>partemisibi</strong></span> <span class='ocrx_word' id='word_1_891' title='bbox 2964 4200 3188 4273; x_wconf 68' lang='lat' dir='ltr'><strong>elegerit,</strong></span> <span class='ocrx_word' id='word_1_892' title='bbox 3222 4203 3547 4270; x_wconf 77' lang='lat' dir='ltr'><strong>antefertur.</strong></span> <span class='ocrx_word' id='word_1_893' title='bbox 3580 4203 3641 4273; x_wconf 75' lang='lat' dir='ltr'><strong>Et</strong></span> <span class='ocrx_word' id='word_1_894' title='bbox 3678 4201 3783 4273; x_wconf 77' lang='lat' dir='ltr'><strong>Att-</strong></span> 
     </span>
    </p>
   </div>
   <div class='ocr_carea' id='block_1_108' title="bbox 2182 4270 3777 4340">
    <p class='ocr_par' dir='ltr' id='par_1_108' title="bbox 2182 4270 3777 4340">
     <span class='ocr_line' id='line_1_109' title="bbox 2182 4270 3777 4340; baseline -0.002 -17"><span class='ocrx_word' id='word_1_895' title='bbox 2182 4275 2428 4340; x_wconf 80' lang='lat' dir='ltr'><strong>gustinus</strong></span> <span class='ocrx_word' id='word_1_896' title='bbox 2452 4270 2693 4327; x_wconf 86' lang='lat' dir='ltr'><strong>sermon.</strong></span> <span class='ocrx_word' id='word_1_897' title='bbox 2714 4272 2782 4325; x_wconf 72' lang='lat'><strong>27</strong></span> <span class='ocrx_word' id='word_1_898' title='bbox 2804 4272 2872 4327; x_wconf 88' lang='lat' dir='ltr'><strong>de</strong></span> <span class='ocrx_word' id='word_1_899' title='bbox 2891 4270 3071 4325; x_wconf 76' lang='lat' dir='ltr'><strong>verbis</strong></span> <span class='ocrx_word' id='word_1_900' title='bbox 3096 4272 3339 4325; x_wconf 86' lang='lat' dir='ltr'><strong>Domini:</strong></span> <span class='ocrx_word' id='word_1_901' title='bbox 3369 4273 3574 4335; x_wconf 72' lang='lat' dir='ltr'><strong>Maria,</strong></span> <span class='ocrx_word' id='word_1_902' title='bbox 3595 4270 3777 4340; x_wconf 84' lang='lat' dir='ltr'><strong>inquit,</strong></span> 
     </span>
    </p>
   </div>
   <div class='ocr_carea' id='block_1_109' title="bbox 2183 4338 3784 4415">
    <p class='ocr_par' dir='ltr' id='par_1_109' title="bbox 2183 4338 3784 4415">
     <span class='ocr_line' id='line_1_110' title="bbox 2183 4338 3784 4415; baseline -0.001 -21"><span class='ocrx_word' id='word_1_903' title='bbox 2183 4338 2443 4415; x_wconf 78' lang='lat' dir='ltr'><strong>nteliorem</strong></span> <span class='ocrx_word' id='word_1_904' title='bbox 2473 4353 2668 4415; x_wconf 85' lang='lat' dir='ltr'><strong>partem</strong></span> <span class='ocrx_word' id='word_1_905' title='bbox 2686 4343 2854 4415; x_wconf 83' lang='lat' dir='ltr'><strong>elegit.</strong></span> <span class='ocrx_word' id='word_1_906' title='bbox 2882 4341 3002 4395; x_wconf 79' lang='lat' dir='ltr'><strong>Non</strong></span> <span class='ocrx_word' id='word_1_907' title='bbox 3027 4344 3323 4415; x_wconf 55' lang='lat' dir='ltr'><strong>tantulam,</strong></span> <span class='ocrx_word' id='word_1_908' title='bbox 3362 4345 3459 4398; x_wconf 79' lang='lat' dir='ltr'><strong>sed</strong></span> <span class='ocrx_word' id='word_1_909' title='bbox 3489 4342 3590 4399; x_wconf 81' lang='lat' dir='ltr'><strong>illa</strong></span> <span class='ocrx_word' id='word_1_910' title='bbox 3611 4338 3784 4395; x_wconf 83' lang='lat' dir='ltr'><strong>melio-</strong></span> 
     </span>
    </p>
   </div>
   <div class='ocr_carea' id='block_1_110' title="bbox 2182 4410 3783 4484">
    <p class='ocr_par' dir='ltr' id='par_1_110' title="bbox 2182 4410 3783 4484">
     <span class='ocr_line' id='line_1_111' title="bbox 2182 4410 3783 4484; baseline -0.001 -19"><span class='ocrx_word' id='word_1_911' title='bbox 2182 4427 2310 4467; x_wconf 85' lang='lat' dir='ltr'><strong>rem.</strong></span> <span class='ocrx_word' id='word_1_912' title='bbox 2338 4414 2408 4469; x_wconf 85' lang='lat' dir='ltr'><strong>At</strong></span> <span class='ocrx_word' id='word_1_913' title='bbox 2438 4410 2646 4484; x_wconf 84' lang='lat' dir='ltr'><strong>vulgata</strong></span> <span class='ocrx_word' id='word_1_914' title='bbox 2672 4410 2855 4468; x_wconf 50' lang='lat' dir='ltr'><strong>ver&#39;sio</strong></span> <span class='ocrx_word' id='word_1_915' title='bbox 2898 4421 3019 4469; x_wconf 87' lang='lat' dir='ltr'><strong>est:</strong></span> <span class='ocrx_word' id='word_1_916' title='bbox 3066 4410 3237 4466; x_wconf 76' lang='lat' dir='ltr'><strong>Maria</strong></span> <span class='ocrx_word' id='word_1_917' title='bbox 3270 4415 3537 4482; x_wconf 82' lang='lat' dir='ltr'><strong>optimam</strong></span> <span class='ocrx_word' id='word_1_918' title='bbox 3588 4421 3783 4484; x_wconf 71' lang='lat' dir='ltr'><strong>partem</strong></span> 
     </span>
    </p>
   </div>
   <div class='ocr_carea' id='block_1_111' title="bbox 2185 4484 3781 4556">
    <p class='ocr_par' dir='ltr' id='par_1_111' title="bbox 2185 4484 3781 4556">
     <span class='ocr_line' id='line_1_112' title="bbox 2185 4484 3781 4556; baseline -0.003 -18"><span class='ocrx_word' id='word_1_919' title='bbox 2185 4486 2352 4556; x_wconf 85' lang='lat' dir='ltr'><strong>elegit.</strong></span> <span class='ocrx_word' id='word_1_920' title='bbox 2385 4485 2554 4553; x_wconf 84' lang='lat' dir='ltr'><strong>Quam</strong></span> <span class='ocrx_word' id='word_1_921' title='bbox 2583 4494 2638 4540; x_wconf 91' lang='lat' dir='ltr'><strong>et</strong></span> <span class='ocrx_word' id='word_1_922' title='bbox 2671 4484 2956 4556; x_wconf 77' lang='lat' dir='ltr'><strong>Cassianus</strong></span> <span class='ocrx_word' id='word_1_923' title='bbox 2982 4494 3198 4556; x_wconf 85' lang='lat' dir='ltr'><strong>secutus</strong></span> <span class='ocrx_word' id='word_1_924' title='bbox 3225 4494 3309 4539; x_wconf 89' lang='lat' dir='ltr'><strong>est</strong></span> <span class='ocrx_word' id='word_1_925' title='bbox 3342 4484 3648 4556; x_wconf 12' lang='lat' dir='ltr'><strong>collat.725</strong></span> <span class='ocrx_word' id='word_1_926' title='bbox 3668 4495 3781 4556; x_wconf 67' lang='lat' dir='ltr'><strong>cap.</strong></span> 
     </span>
    </p>
   </div>
   <div class='ocr_carea' id='block_1_112' title="bbox 2187 4552 3784 4625">
    <p class='ocr_par' dir='ltr' id='par_1_112' title="bbox 2187 4552 3784 4625">
     <span class='ocr_line' id='line_1_113' title="bbox 2187 4552 3784 4625; baseline -0.002 -15"><span class='ocrx_word' id='word_1_927' title='bbox 2187 4552 2340 4610; x_wconf 57' lang='lat' dir='ltr'><strong>5.’Et</strong></span> <span class='ocrx_word' id='word_1_928' title='bbox 2375 4557 2566 4611; x_wconf 91' lang='lat' dir='ltr'><strong>merito</strong></span> <span class='ocrx_word' id='word_1_929' title='bbox 2595 4556 2811 4621; x_wconf 87' lang='lat' dir='ltr'><strong>quidem</strong></span> <span class='ocrx_word' id='word_1_930' title='bbox 2862 4553 2976 4609; x_wconf 65' lang='lat' dir='ltr'><strong>haec</strong></span> <span class='ocrx_word' id='word_1_931' title='bbox 3033 4555 3192 4610; x_wconf 89' lang='lat' dir='ltr'><strong>lectio</strong></span> <span class='ocrx_word' id='word_1_932' title='bbox 3244 4555 3627 4625; x_wconf 65' lang='lat' dir='ltr'><strong>praeferenda.</strong></span> <span class='ocrx_word' id='word_1_933' title='bbox 3657 4552 3784 4607; x_wconf 83' lang='lat' dir='ltr'><strong>Cum</strong></span> 
     </span>
    </p>
   </div>
   <div class='ocr_carea' id='block_1_113' title="bbox 2188 4626 3783 4694">
    <p class='ocr_par' dir='ltr' id='par_1_113' title="bbox 2188 4626 3783 4694">
     <span class='ocr_line' id='line_1_114' title="bbox 2188 4626 3783 4694; baseline -0.003 -14"><span class='ocrx_word' id='word_1_934' title='bbox 2188 4628 2330 4680; x_wconf 86' lang='lat' dir='ltr'><strong>enim</strong></span> <span class='ocrx_word' id='word_1_935' title='bbox 2365 4636 2574 4682; x_wconf 89' lang='lat' dir='ltr'><strong>constet</strong></span> <span class='ocrx_word' id='word_1_936' title='bbox 2603 4626 2715 4681; x_wconf 77' lang='lat' dir='ltr'><strong>fieri</strong></span> <span class='ocrx_word' id='word_1_937' title='bbox 2748 4626 2833 4681; x_wconf 88' lang='lat' dir='ltr'><strong>hic</strong></span> <span class='ocrx_word' id='word_1_938' title='bbox 2857 4628 3319 4694; x_wconf 86' lang='lat' dir='ltr'><strong>comparationem</strong></span> <span class='ocrx_word' id='word_1_939' title='bbox 3369 4627 3520 4683; x_wconf 88' lang='lat' dir='ltr'><strong>inter</strong></span> <span class='ocrx_word' id='word_1_940' title='bbox 3569 4626 3783 4681; x_wconf 76' lang='lat' dir='ltr'><strong>Mariam</strong></span> 
     </span>
    </p>
   </div>
   <div class='ocr_carea' id='block_1_114' title="bbox 2190 4694 3787 4768">
    <p class='ocr_par' dir='ltr' id='par_1_114' title="bbox 2190 4694 3787 4768">
     <span class='ocr_line' id='line_1_115' title="bbox 2190 4694 3787 4768; baseline -0.001 -18"><span class='ocrx_word' id='word_1_941' title='bbox 2190 4707 2245 4750; x_wconf 88' lang='lat' dir='ltr'><strong>et</strong></span> <span class='ocrx_word' id='word_1_942' title='bbox 2272 4698 2553 4763; x_wconf 82' lang='lat' dir='ltr'><strong>Martham,</strong></span> <span class='ocrx_word' id='word_1_943' title='bbox 2578 4708 2633 4751; x_wconf 91' lang='lat' dir='ltr'><strong>et</strong></span> <span class='ocrx_word' id='word_1_944' title='bbox 2655 4699 2795 4751; x_wconf 86' lang='lat' dir='ltr'><strong>inter</strong></span> <span class='ocrx_word' id='word_1_945' title='bbox 2816 4698 3093 4765; x_wconf 82' lang='lat' dir='ltr'><strong>utriusque</strong></span> <span class='ocrx_word' id='word_1_946' title='bbox 3112 4699 3357 4752; x_wconf 83' lang='lat' dir='ltr'><strong>studium</strong></span> <span class='ocrx_word' id='word_1_947' title='bbox 3390 4709 3452 4755; x_wconf 87' lang='lat' dir='ltr'><strong>et</strong></span> <span class='ocrx_word' id='word_1_948' title='bbox 3472 4694 3787 4768; x_wconf 83' lang='lat' dir='ltr'><strong>occupatio-</strong></span> 
     </span>
    </p>
   </div>
   <div class='ocr_carea' id='block_1_115' title="bbox 2189 4768 3787 4839">
    <p class='ocr_par' dir='ltr' id='par_1_115' title="bbox 2189 4768 3787 4839">
     <span class='ocr_line' id='line_1_116' title="bbox 2189 4768 3787 4839; baseline -0.001 -17"><span class='ocrx_word' id='word_1_949' title='bbox 2189 4783 2339 4831; x_wconf 88' lang='lat' dir='ltr'><strong>nem,</strong></span> <span class='ocrx_word' id='word_1_950' title='bbox 2379 4779 2433 4821; x_wconf 94' lang='lat' dir='ltr'><strong>nt</strong></span> <span class='ocrx_word' id='word_1_951' title='bbox 2459 4777 2607 4824; x_wconf 90' lang='lat' dir='ltr'><strong>totus</strong></span> <span class='ocrx_word' id='word_1_952' title='bbox 2626 4775 2909 4839; x_wconf 78' lang='lat' dir='ltr'><strong>contextus</strong></span> <span class='ocrx_word' id='word_1_953' title='bbox 2934 4768 3122 4839; x_wconf 85' lang='lat' dir='ltr'><strong>docet:</strong></span> <span class='ocrx_word' id='word_1_954' title='bbox 3157 4782 3263 4822; x_wconf 91' lang='lat' dir='ltr'><strong>non</strong></span> <span class='ocrx_word' id='word_1_955' title='bbox 3295 4772 3489 4839; x_wconf 88' lang='lat' dir='ltr'><strong>potuit</strong></span> <span class='ocrx_word' id='word_1_956' title='bbox 3521 4770 3613 4825; x_wconf 88' lang='lat' dir='ltr'><strong>illa</strong></span> <span class='ocrx_word' id='word_1_957' title='bbox 3639 4778 3787 4821; x_wconf 88' lang='lat' dir='ltr'><strong>com-</strong></span> 
     </span>
    </p>
   </div>
   <div class='ocr_carea' id='block_1_116' title="bbox 2191 4837 3784 4912">
    <p class='ocr_par' dir='ltr' id='par_1_116' title="bbox 2191 4837 3784 4912">
     <span class='ocr_line' id='line_1_117' title="bbox 2191 4837 3784 4912; baseline 0.001 -22"><span class='ocrx_word' id='word_1_958' title='bbox 2191 4841 2428 4908; x_wconf 80' lang='lat' dir='ltr'><strong>paratio,</strong></span> <span class='ocrx_word' id='word_1_959' title='bbox 2457 4854 2577 4911; x_wconf 81' lang='lat' dir='ltr'><strong>qtttc</strong></span> <span class='ocrx_word' id='word_1_960' title='bbox 2603 4841 2655 4893; x_wconf 91' lang='lat' dir='ltr'><strong>in</strong></span> <span class='ocrx_word' id='word_1_961' title='bbox 2686 4838 2864 4912; x_wconf 71' lang='lat' dir='ltr'><strong>verbis</strong></span> <span class='ocrx_word' id='word_1_962' title='bbox 2892 4837 3113 4912; x_wconf 71' lang='lat' dir='ltr'><strong>latebat,</strong></span> <span class='ocrx_word' id='word_1_963' title='bbox 3143 4837 3342 4893; x_wconf 74' lang='lat' dir='ltr'><strong>melius</strong></span> <span class='ocrx_word' id='word_1_964' title='bbox 3376 4855 3552 4912; x_wconf 86' lang='lat' dir='ltr'><strong>quam</strong></span> <span class='ocrx_word' id='word_1_965' title='bbox 3577 4854 3673 4910; x_wconf 86' lang='lat' dir='ltr'><strong>per</strong></span> <span class='ocrx_word' id='word_1_966' title='bbox 3697 4850 3784 4912; x_wconf 71' lang='lat' dir='ltr'><strong>su-</strong></span> 
     </span>
    </p>
   </div>
   <div class='ocr_carea' id='block_1_117' title="bbox 2191 4906 3786 4981">
    <p class='ocr_par' dir='ltr' id='par_1_117' title="bbox 2191 4906 3786 4981">
     <span class='ocr_line' id='line_1_118' title="bbox 2191 4906 3786 4981; baseline 0 -18"><span class='ocrx_word' id='word_1_967' title='bbox 2191 4906 2517 4975; x_wconf 80' lang='lat' dir='ltr'><strong>perlativum</strong></span> <span class='ocrx_word' id='word_1_968' title='bbox 2546 4906 2799 4981; x_wconf 79' lang='lat' dir='ltr'><strong>exprimi,</strong></span> <span class='ocrx_word' id='word_1_969' title='bbox 2828 4920 2889 4965; x_wconf 89' lang='lat' dir='ltr'><strong>ut</strong></span> <span class='ocrx_word' id='word_1_970' title='bbox 2918 4908 3138 4981; x_wconf 82' lang='lat' dir='ltr'><strong>Latinus</strong></span> <span class='ocrx_word' id='word_1_971' title='bbox 3170 4906 3463 4981; x_wconf 74' lang='lat' dir='ltr'><strong>interpres</strong></span> <span class='ocrx_word' id='word_1_972' title='bbox 3499 4906 3786 4981; x_wconf 78' lang='lat' dir='ltr'><strong>expressit.</strong></span> 
     </span>
    </p>
   </div>
   <div class='ocr_carea' id='block_1_118' title="bbox 2181 4980 3785 5048">
    <p class='ocr_par' dir='ltr' id='par_1_118' title="bbox 2181 4980 3785 5048">
     <span class='ocr_line' id='line_1_119' title="bbox 2181 4980 3785 5048; baseline -0.002 -12"><span class='ocrx_word' id='word_1_973' title='bbox 2181 4981 2363 5036; x_wconf 85' lang='lat' dir='ltr'><strong>&#39;Habet</strong></span> <span class='ocrx_word' id='word_1_974' title='bbox 2379 4981 2523 5036; x_wconf 91' lang='lat' dir='ltr'><strong>enim</strong></span> <span class='ocrx_word' id='word_1_975' title='bbox 2554 4982 2690 5036; x_wconf 89' lang='lat' dir='ltr'><strong>hanc</strong></span> <span class='ocrx_word' id='word_1_976' title='bbox 2709 4980 3034 5048; x_wconf 86' lang='lat' dir='ltr'><strong>emphasim,</strong></span> <span class='ocrx_word' id='word_1_977' title='bbox 3053 4992 3117 5035; x_wconf 86' lang='lat' dir='ltr'><strong>ac</strong></span> <span class='ocrx_word' id='word_1_978' title='bbox 3137 4980 3181 5035; x_wconf 90' lang='lat' dir='ltr'><strong>si</strong></span> <span class='ocrx_word' id='word_1_979' title='bbox 3208 4980 3462 5038; x_wconf 68' lang='lat' dir='ltr'><strong>diceret:</strong></span> <span class='ocrx_word' id='word_1_980' title='bbox 3492 4980 3660 5037; x_wconf 74' lang='lat' dir='ltr'><strong>Maria</strong></span> <span class='ocrx_word' id='word_1_981' title='bbox 3685 4991 3785 5035; x_wconf 88' lang='lat' dir='ltr'><strong>non</strong></span> 
     </span>
    </p>
   </div>
   <div class='ocr_carea' id='block_1_119' title="bbox 2191 5051 3787 5121">
    <p class='ocr_par' dir='ltr' id='par_1_119' title="bbox 2191 5051 3787 5121">
     <span class='ocr_line' id='line_1_120' title="bbox 2191 5051 3787 5121; baseline -0.003 -14"><span class='ocrx_word' id='word_1_982' title='bbox 2191 5060 2397 5107; x_wconf 76' lang='lat' dir='ltr'><strong>tantum</strong></span> <span class='ocrx_word' id='word_1_983' title='bbox 2436 5053 2631 5108; x_wconf 87' lang='lat' dir='ltr'><strong>bonam</strong></span> <span class='ocrx_word' id='word_1_984' title='bbox 2666 5059 2867 5112; x_wconf 78' lang='lat' dir='ltr'><strong>partem</strong></span> <span class='ocrx_word' id='word_1_985' title='bbox 2891 5051 3083 5121; x_wconf 74' lang='lat' dir='ltr'><strong>elegit,</strong></span> <span class='ocrx_word' id='word_1_986' title='bbox 3108 5064 3207 5105; x_wconf 89' lang='lat' dir='ltr'><strong>nec</strong></span> <span class='ocrx_word' id='word_1_987' title='bbox 3235 5052 3635 5109; x_wconf 89' lang='lat' dir='ltr'><strong>tantummodo</strong></span> <span class='ocrx_word' id='word_1_988' title='bbox 3679 5063 3787 5104; x_wconf 88' lang='lat' dir='ltr'><strong>me-</strong></span> 
     </span>
    </p>
   </div>
   <div class='ocr_carea' id='block_1_120' title="bbox 2190 5120 3792 5194">
    <p class='ocr_par' dir='ltr' id='par_1_120' title="bbox 2190 5120 3792 5194">
     <span class='ocr_line' id='line_1_121' title="bbox 2190 5120 3792 5194; baseline 0 -17"><span class='ocrx_word' id='word_1_989' title='bbox 2190 5124 2403 5187; x_wconf 89' lang='lat' dir='ltr'><strong>liorem,</strong></span> <span class='ocrx_word' id='word_1_990' title='bbox 2433 5139 2592 5194; x_wconf 89' lang='lat' dir='ltr'><strong>quam</strong></span> <span class='ocrx_word' id='word_1_991' title='bbox 2618 5123 2846 5186; x_wconf 83' lang='lat' dir='ltr'><strong>Martha,</strong></span> <span class='ocrx_word' id='word_1_992' title='bbox 2868 5123 2962 5177; x_wconf 87' lang='lat' dir='ltr'><strong>sed</strong></span> <span class='ocrx_word' id='word_1_993' title='bbox 2982 5120 3232 5194; x_wconf 83' lang='lat' dir='ltr'><strong>absolute</strong></span> <span class='ocrx_word' id='word_1_994' title='bbox 3256 5125 3567 5192; x_wconf 78' lang='lat' dir='ltr'><strong>optimam,</strong></span> <span class='ocrx_word' id='word_1_995' title='bbox 3601 5134 3658 5179; x_wconf 90' lang='lat' dir='ltr'><strong>et</strong></span> <span class='ocrx_word' id='word_1_996' title='bbox 3685 5134 3792 5192; x_wconf 67' lang='lat' dir='ltr'><strong>pra</strong></span> 
     </span>
    </p>
   </div>
   <div class='ocr_carea' id='block_1_121' title="bbox 2189 5193 3626 5263">
    <p class='ocr_par' dir='ltr' id='par_1_121' title="bbox 2189 5193 3626 5263">
     <span class='ocr_line' id='line_1_122' title="bbox 2189 5193 3626 5263; baseline 0.001 -15"><span class='ocrx_word' id='word_1_997' title='bbox 2189 5196 2440 5249; x_wconf 87' lang='lat' dir='ltr'><strong>omnibus</strong></span> <span class='ocrx_word' id='word_1_998' title='bbox 2461 5193 2791 5263; x_wconf 82' lang='lat' dir='ltr'><strong>eligendam,</strong></span> <span class='ocrx_word' id='word_1_999' title='bbox 2826 5202 2883 5247; x_wconf 90' lang='lat' dir='ltr'><strong>et</strong></span> <span class='ocrx_word' id='word_1_1000' title='bbox 2902 5193 3150 5247; x_wconf 85' lang='lat' dir='ltr'><strong>omnibus</strong></span> <span class='ocrx_word' id='word_1_1001' title='bbox 3180 5195 3626 5262; x_wconf 62' lang='lat' dir='ltr'><strong>praeferendam.</strong></span> 
     </span>
    </p>
   </div>
   <div class='ocr_carea' id='block_1_122' title="bbox 2265 5263 3789 5329">
    <p class='ocr_par' dir='ltr' id='par_1_122' title="bbox 2265 5263 3789 5329">
     <span class='ocr_line' id='line_1_123' title="bbox 2265 5263 3789 5329; baseline 0 -11"><span class='ocrx_word' id='word_1_1002' title='bbox 2265 5275 2287 5302; x_wconf 72' lang='grc'><strong><em>⁸</em></strong></span> <span class='ocrx_word' id='word_1_1003' title='bbox 2310 5264 2540 5321; x_wconf 88' lang='lat' dir='ltr'><strong>&#39;l‘heoria</strong></span> <span class='ocrx_word' id='word_1_1004' title='bbox 2564 5263 2945 5329; x_wconf 89' lang='lat' dir='ltr'><strong>contemplatio</strong></span> <span class='ocrx_word' id='word_1_1005' title='bbox 2967 5274 3068 5329; x_wconf 85' lang='lat' dir='ltr'><strong>est,</strong></span> <span class='ocrx_word' id='word_1_1006' title='bbox 3099 5264 3211 5318; x_wconf 82' lang='lat' dir='ltr'><strong>sive</strong></span> <span class='ocrx_word' id='word_1_1007' title='bbox 3242 5274 3302 5318; x_wconf 90' lang='lat' dir='ltr'><strong>ut</strong></span> <span class='ocrx_word' id='word_1_1008' title='bbox 3338 5265 3674 5321; x_wconf 81' lang='lat' dir='ltr'><strong>Lactantius</strong></span> <span class='ocrx_word' id='word_1_1009' title='bbox 3702 5274 3789 5318; x_wconf 77' lang='lat' dir='ltr'><strong>ex-</strong></span> 
     </span>
    </p>
   </div>
   <div class='ocr_carea' id='block_1_123' title="bbox 2191 5332 3791 5414">
    <p class='ocr_par' dir='ltr' id='par_1_123' title="bbox 2191 5332 3791 5414">
     <span class='ocr_line' id='line_1_124' title="bbox 2191 5332 3791 5414; baseline -0.003 -24"><span class='ocrx_word' id='word_1_1010' title='bbox 2191 5335 2368 5414; x_wconf 47' lang='lat' dir='ltr'><strong>ponit,</strong></span> <span class='ocrx_word' id='word_1_1011' title='bbox 2422 5337 2709 5414; x_wconf 70' lang='lat' dir='ltr'><strong>spectatio.</strong></span> <span class='ocrx_word' id='word_1_1012' title='bbox 2755 5332 2844 5414; x_wconf 78' lang='lat' dir='ltr'><strong>Sic</strong></span> <span class='ocrx_word' id='word_1_1013' title='bbox 2875 5334 3021 5414; x_wconf 75' lang='lat' dir='ltr'><strong>enim</strong></span> <span class='ocrx_word' id='word_1_1014' title='bbox 3049 5333 3261 5414; x_wconf 83' lang='lat' dir='ltr'><strong>_scribit</strong></span> <span class='ocrx_word' id='word_1_1015' title='bbox 3309 5337 3526 5414; x_wconf 74' lang='lat' dir='ltr'><strong>lib._vti</strong></span> <span class='ocrx_word' id='word_1_1016' title='bbox 3558 5335 3791 5391; x_wconf 82' lang='lat' dir='ltr'><strong>Institut.</strong></span> 
     </span>
    </p>
   </div>
   <div class='ocr_carea' id='block_1_124' title="bbox 2188 5402 3793 5479">
    <p class='ocr_par' dir='ltr' id='par_1_124' title="bbox 2188 5402 3793 5479">
     <span class='ocr_line' id='line_1_125' title="bbox 2188 5402 3793 5479; baseline -0.001 -19"><span class='ocrx_word' id='word_1_1017' title='bbox 2188 5402 2307 5475; x_wconf 77' lang='lat' dir='ltr'><strong>cap.</strong></span> <span class='ocrx_word' id='word_1_1018' title='bbox 2339 5408 2401 5462; x_wconf 87' lang='lat'><strong>9:</strong></span> <span class='ocrx_word' id='word_1_1019' title='bbox 2434 5402 2561 5460; x_wconf 85' lang='lat' dir='ltr'><strong>Cum</strong></span> <span class='ocrx_word' id='word_1_1020' title='bbox 2587 5413 2754 5479; x_wconf 76' lang='lat' dir='ltr'><strong>status</strong></span> <span class='ocrx_word' id='word_1_1021' title='bbox 2774 5404 2837 5457; x_wconf 77' lang='lat' dir='ltr'><strong>sit</strong></span> <span class='ocrx_word' id='word_1_1022' title='bbox 2866 5402 3088 5479; x_wconf 77' lang='lat' dir='ltr'><strong>hominis</strong></span> <span class='ocrx_word' id='word_1_1023' title='bbox 3114 5415 3308 5479; x_wconf 70' lang='lat' dir='ltr'><strong>rectus,</strong></span> <span class='ocrx_word' id='word_1_1024' title='bbox 3354 5409 3626 5479; x_wconf 77' lang='lat' dir='ltr'><strong>originem</strong></span> <span class='ocrx_word' id='word_1_1025' title='bbox 3649 5416 3793 5479; x_wconf 71' lang='lat' dir='ltr'><strong>suam</strong></span> 
     </span>
    </p>
   </div>
   <div class='ocr_carea' id='block_1_125' title="bbox 2186 5474 3794 5544">
    <p class='ocr_par' dir='ltr' id='par_1_125' title="bbox 2186 5474 3794 5544">
     <span class='ocr_line' id='line_1_126' title="bbox 2186 5474 3794 5544; baseline -0.001 -14"><span class='ocrx_word' id='word_1_1026' title='bbox 2186 5474 2392 5543; x_wconf 65' lang='lat' dir='ltr'><strong>quierit,</strong></span> <span class='ocrx_word' id='word_1_1027' title='bbox 2421 5484 2468 5530; x_wconf 89' lang='lat' dir='ltr'><strong>et</strong></span> <span class='ocrx_word' id='word_1_1028' title='bbox 2498 5476 2643 5544; x_wconf 82' lang='lat' dir='ltr'><strong>quasi</strong></span> <span class='ocrx_word' id='word_1_1029' title='bbox 2661 5484 2957 5543; x_wconf 86' lang='lat' dir='ltr'><strong>contempta</strong></span> <span class='ocrx_word' id='word_1_1030' title='bbox 2984 5475 3268 5530; x_wconf 80' lang='lat' dir='ltr'><strong>humilitate</strong></span> <span class='ocrx_word' id='word_1_1031' title='bbox 3302 5474 3529 5533; x_wconf 75' lang='lat' dir='ltr'><strong>terrena</strong></span> <span class='ocrx_word' id='word_1_1032' title='bbox 3553 5477 3624 5532; x_wconf 83' lang='lat' dir='ltr'><strong>ad</strong></span> <span class='ocrx_word' id='word_1_1033' title='bbox 3636 5474 3794 5531; x_wconf 75' lang='lat' dir='ltr'><strong>altum</strong></span> 
     </span>
    </p>
   </div>
   <div class='ocr_carea' id='block_1_126' title="bbox 2188 5546 3794 5619">
    <p class='ocr_par' dir='ltr' id='par_1_126' title="bbox 2188 5546 3794 5619">
     <span class='ocr_line' id='line_1_127' title="bbox 2188 5546 3794 5619; baseline 0 -18"><span class='ocrx_word' id='word_1_1034' title='bbox 2188 5548 2553 5619; x_wconf 10' lang='lat' dir='ltr'><strong>nititur,gquia</strong></span> <span class='ocrx_word' id='word_1_1035' title='bbox 2600 5548 2751 5600; x_wconf 80' lang='lat' dir='ltr'><strong>sentit</strong></span> <span class='ocrx_word' id='word_1_1036' title='bbox 2790 5546 3277 5619; x_wconf 76' lang='lat' dir='ltr'><strong>sumntum_bonum</strong></span> <span class='ocrx_word' id='word_1_1037' title='bbox 3325 5548 3386 5600; x_wconf 79' lang='lat' dir='ltr'><strong>in</strong></span> <span class='ocrx_word' id='word_1_1038' title='bbox 3437 5565 3650 5619; x_wconf 77' lang='lat' dir='ltr'><strong>summa</strong></span> <span class='ocrx_word' id='word_1_1039' title='bbox 3692 5559 3794 5619; x_wconf 72' lang='lat' dir='ltr'><strong>esse</strong></span> 
     </span>
    </p>
   </div>
   <div class='ocr_carea' id='block_1_127' title="bbox 2187 5617 3795 5689">
    <p class='ocr_par' dir='ltr' id='par_1_127' title="bbox 2187 5617 3795 5689">
     <span class='ocr_line' id='line_1_128' title="bbox 2187 5617 3795 5689; baseline -0.003 -16"><span class='ocrx_word' id='word_1_1040' title='bbox 2187 5617 2539 5689; x_wconf 67' lang='lat' dir='ltr'><strong>quarendum,</strong></span> <span class='ocrx_word' id='word_1_1041' title='bbox 2570 5631 2856 5689; x_wconf 78' lang='lat' dir='ltr'><strong>memorque</strong></span> <span class='ocrx_word' id='word_1_1042' title='bbox 2879 5617 3192 5669; x_wconf 81' lang='lat' dir='ltr'><strong>conditionis</strong></span> <span class='ocrx_word' id='word_1_1043' title='bbox 3213 5631 3327 5670; x_wconf 69' lang='lat' dir='ltr'><strong>sum</strong></span> <span class='ocrx_word' id='word_1_1044' title='bbox 3348 5634 3460 5687; x_wconf 74' lang='lat' dir='ltr'><strong>qut.</strong></span> <span class='ocrx_word' id='word_1_1045' title='bbox 3488 5618 3630 5673; x_wconf 77' lang='lat' dir='ltr'><strong>Deus</strong></span> <span class='ocrx_word' id='word_1_1046' title='bbox 3649 5618 3795 5671; x_wconf 82' lang='lat' dir='ltr'><strong>illum</strong></span> 
     </span>
    </p>
   </div>
   <div class='ocr_carea' id='block_1_128' title="bbox 2186 5687 3795 5760">
    <p class='ocr_par' dir='ltr' id='par_1_128' title="bbox 2186 5687 3795 5760">
     <span class='ocr_line' id='line_1_129' title="bbox 2186 5687 3795 5760; baseline 0 -17"><span class='ocrx_word' id='word_1_1047' title='bbox 2186 5687 2305 5760; x_wconf 79' lang='lat' dir='ltr'><strong>fecit</strong></span> <span class='ocrx_word' id='word_1_1048' title='bbox 2326 5691 2591 5760; x_wconf 57' lang='lat' dir='ltr'><strong>eximium,</strong></span> <span class='ocrx_word' id='word_1_1049' title='bbox 2622 5688 2689 5741; x_wconf 77' lang='lat' dir='ltr'><strong>ad</strong></span> <span class='ocrx_word' id='word_1_1050' title='bbox 2717 5687 2970 5753; x_wconf 78' lang='lat' dir='ltr'><strong>artiﬁcem</strong></span> <span class='ocrx_word' id='word_1_1051' title='bbox 2998 5702 3147 5740; x_wconf 79' lang='lat' dir='ltr'><strong>suum</strong></span> <span class='ocrx_word' id='word_1_1052' title='bbox 3186 5695 3398 5760; x_wconf 70' lang='lat' dir='ltr'><strong>spectat</strong></span> <span class='ocrx_word' id='word_1_1053' title='bbox 3424 5706 3445 5743; x_wconf 89' lang='lat'><strong><em>:</em></strong></span> <span class='ocrx_word' id='word_1_1054' title='bbox 3473 5705 3639 5760; x_wconf 81' lang='lat' dir='ltr'><strong>quam</strong></span> <span class='ocrx_word' id='word_1_1055' title='bbox 3684 5700 3795 5760; x_wconf 68' lang='lat' dir='ltr'><strong>spe-</strong></span> 
     </span>
    </p>
   </div>
   <div class='ocr_carea' id='block_1_129' title="bbox 2184 5758 3793 5835">
    <p class='ocr_par' dir='ltr' id='par_1_129' title="bbox 2184 5758 3793 5835">
     <span class='ocr_line' id='line_1_130' title="bbox 2184 5758 3793 5835; baseline -0.003 -20"><span class='ocrx_word' id='word_1_1056' title='bbox 2184 5758 2458 5835; x_wconf 65' lang='lat' dir='ltr'><strong>cntionem</strong></span> <span class='ocrx_word' id='word_1_1057' title='bbox 2480 5759 2847 5835; x_wconf 26' lang='lat' dir='ltr'><strong>T‘rimtegistus</strong></span> <span class='ocrx_word' id='word_1_1058' title='bbox 2889 5760 3095 5835; x_wconf 62' lang='lat' dir='ltr'><strong>Oropi»</strong></span> <span class='ocrx_word' id='word_1_1059' title='bbox 3140 5758 3441 5835; x_wconf 60' lang='lat' dir='ltr'><strong>rectissime</strong></span> <span class='ocrx_word' id='word_1_1060' title='bbox 3471 5758 3793 5827; x_wconf 69' lang='lat' dir='ltr'><strong>nominarit,</strong></span> 
     </span>
    </p>
   </div>
   <div class='ocr_carea' id='block_1_130' title="bbox 2185 5826 3475 5902">
    <p class='ocr_par' dir='ltr' id='par_1_130' title="bbox 2185 5826 3475 5902">
     <span class='ocr_line' id='line_1_131' title="bbox 2185 5826 3475 5902; baseline 0.002 -17"><span class='ocrx_word' id='word_1_1061' title='bbox 2185 5845 2301 5902; x_wconf 66' lang='lat' dir='ltr'><strong>qua?</strong></span> <span class='ocrx_word' id='word_1_1062' title='bbox 2330 5834 2380 5887; x_wconf 88' lang='lat' dir='ltr'><strong>in</strong></span> <span class='ocrx_word' id='word_1_1063' title='bbox 2405 5832 2555 5886; x_wconf 85' lang='lat' dir='ltr'><strong>mutis</strong></span> <span class='ocrx_word' id='word_1_1064' title='bbox 2585 5826 2894 5885; x_wconf 70' lang='lat' dir='ltr'><strong>animalibus</strong></span> <span class='ocrx_word' id='word_1_1065' title='bbox 2916 5826 3065 5884; x_wconf 70' lang='lat' dir='ltr'><strong>nulla</strong></span> <span class='ocrx_word' id='word_1_1066' title='bbox 3086 5837 3180 5886; x_wconf 75' lang='lat' dir='ltr'><strong>est.</strong></span> <span class='ocrx_word' id='word_1_1067' title='bbox 3224 5829 3307 5885; x_wconf 80' lang='lat' dir='ltr'><strong>ita</strong></span> <span class='ocrx_word' id='word_1_1068' title='bbox 3349 5829 3475 5888; x_wconf 80' lang='lat' dir='ltr'><strong>ille.</strong></span> 
     </span>
    </p>
   </div>
  </div>
