3966 6326
434 314 540 375 495

1467 310 1751 368 ιοΑιιΝιδ
1789 309 2106 369 CASSIANI
2145 312 2641 371 COLLATIONES.

3575 324 3674 383 496

434 437 503 494 ad
530 436 794 492 modicum
818 435 958 490 utilis
982 443 1090 501 est;
1121 434 1284 507 pietas
1313 441 1504 499 autem,
1532 448 1656 504 qua:
1705 433 1823 489 sine
1854 432 2021 489 dubio
2047 435 2101 497 Α
2125 441 2325 504 gnante
2361 434 2597 490 cessabit
2627 449 2641 488 :
2673 447 2795 489 cum
2836 433 2947 503 jam
3004 448 3108 487 non
3148 431 3315 489 fuerit
3358 435 3675 509 inmqualitas

440 532 679 587 charitas
706 528 1123 600 intelligitur,ad
1149 528 1323 582 omnia
1344 526 1462 581 utili
1473 546 1486 576 ς
1512 537 1604 591 est,
1630 529 2025 600 promissionem

435 622 629 677 habens
652 623 769 677 vita:
790 636 908 693 qua
930 638 1063 675 nunc
1086 630 1180 683 est,
1212 632 1258 674 et
1281 623 1471 690 futura:
1500 618 1545 693 (l
1566 617 1754 674 Timot.
1772 620 1871 692 tv).
1895 620 2022 687 Quae

440 730 574 785 ergo
601 714 796 769 dicitur
824 715 890 767 ad
917 711 1186 768 modicum
1205 726 1327 767 esse
1354 711 1522 777 utilis,
1570 710 1852 769 manifeste
1902 727 2026 780 pro-

444 808 723 863 nuntiatur
754 820 854 862 nec
877 821 971 876 per
998 820 1159 860 omne
1188 813 1401 873 tempus
1428 804 1695 869 exerceri,
1740 819 1842 859 nec
1872 819 2026 859 sum-

444 916 589 955 mam
613 898 997 969 perfectionem
1027 911 1124 968 per
1146 911 1206 952 se
1228 896 1396 950 Solam
1420 895 1688 951 laboranti
1717 909 1876 965 posse
1895 909 2025 949 con-

445 992 610 1049 ferre.
642 991 907 1048 Modicum
935 990 1134 1061 quippe
1156 989 1222 1043 ad
1253 1000 1540 1059 utrumque
1585 988 1774 1044 referri
1824 995 2020 1059 potest,

439 1084 492 1140 id
520 1092 625 1150 est,
656 1084 743 1139 vel
766 1083 829 1137 sd
858 1082 1189 1137 brevitatem
1223 1084 1500 1152 temporis,
1515 1082 1658 1154 quod
1691 1082 1897 1138 scilicet
1928 1083 2024 1137 ho-

442 1178 571 1233 mini
603 1185 711 1231 tam
738 1176 791 1230 in
816 1174 1072 1244 praesenti
1098 1188 1256 1244 quam
1282 1173 1334 1229 in
1365 1173 1544 1229 futuro
1559 1173 1878 1229 exercitatio
1901 1188 2026 1228 eor-

413 1239 423 1290 t
440 1270 644 1341 poralis
668 1276 942 1324 coaeterna
968 1282 1089 1324 esse
1118 1280 1225 1322 non
1257 1268 1446 1337 possit,
1480 1266 1561 1322 vel
1581 1272 1729 1322 certe
1757 1267 1823 1320 ad
1848 1266 2024 1336 parvi-

422 1370 606 1432 ,tatem
630 1360 882 1417 utilitatis
909 1374 1028 1431 quae
1059 1358 1125 1414 de
1153 1357 1356 1414 carnali
1385 1357 1776 1412 exercitatione
1800 1356 2025 1426 conqui-

438 1455 596 1522 ritur,
640 1467 706 1508 eo
756 1449 899 1523 quod
954 1448 1176 1505 afflictio
1232 1447 1533 1518 corporalis
1581 1448 1731 1503 initia
1776 1448 2021 1516 quaedam

439 1545 733 1616 profectus,
757 1559 863 1598 non
893 1542 1064 1611 ipsam
1090 1541 1482 1612 perfectionem
1512 1540 1795 1595 charitatis
1828 1540 2021 1609 pariat,

438 1654 561 1710 quae
608 1637 1023 1708 promissionem
1067 1634 1231 1689 habet
1258 1632 1380 1688 vitai
1411 1633 1696 1701 prtesentis
1721 1641 1777 1689 et
1805 1631 2020 1688 futuras.

441 1732 511 1786 Et
531 1732 737 1787 idcirco
761 1728 1022 1785 exercitia
1053 1740 1276 1797 operum
1309 1726 1690 1795 praedictorum
1721 1724 2023 1781 necessaria

2129 539 2346 599 propter
2400 545 2559 597 quam
2611 528 2842 583 debeant
2872 528 2988 582 haec
3008 527 3278 595 exerceri,
3304 528 3396 584 sed
3419 535 3587 589 cuncti
3614 537 3676 593 ab

2130 619 2230 675 hac
2257 620 2562 689 multiplici,
2590 620 2642 675 id
2678 628 2785 685 est,
2811 619 3006 674 actuali
3035 620 3354 687 Operatione
3374 622 3438 675 ad
3465 623 3676 681 charito-

2128 722 2232 767 tetn
2264 712 2360 766 Dei
2388 720 2442 768 et
2463 712 2760 767 divinarum
2781 727 2956 768 rerum
2980 712 3483 779 contemplationem
3508 731 3675 786 perpc‘

2128 810 2217 858 tua
2248 803 2429 859 cordis
2460 804 2692 873 puritate
2722 802 3054 870 transibunt;
3083 804 3166 859 cui
3194 817 3253 859 se
3279 804 3332 859 hi
3352 806 3540 875 quibus
3561 822 3678 864 cura

2126 902 2211 949 est
2257 894 2340 950 vel
2383 895 2624 951 scientia:
2669 895 2755 951 vel
2804 895 3001 952 mentis
3026 895 3396 952 emundationi
3426 899 3675 965 insistere,

2120 985 2232 1056 jam
2258 987 2311 1041 in
2339 985 2445 1042 hoc
2469 987 2670 1042 steculo
2691 987 2993 1056 constituti,
3028 989 3311 1059 elegerunt
3335 990 3478 1045 omni
3500 1001 3681 1047 conatu

2123 1092 2189 1133 ac
2210 1077 2418 1134 viribus
2465 1079 2820 1148 mancipare;
2874 1079 2950 1134 illi
2990 1080 3195 1135 scilicet
3231 1081 3544 1150 semetipsos
3571 1083 3682 1137 ofti—

2127 1172 2213 1227 cio
2234 1172 2413 1228 adhuc
2442 1173 2496 1228 in
2527 1188 2689 1228 carne
2709 1172 3073 1242 corruptionis
3094 1174 3254 1243 positi
3281 1174 3609 1245 deputantes,
3630 1175 3681 1231 in

2124 1282 2232 1338 quo
2256 1274 2419 1322 erunt
2438 1266 2787 1336 corruptione
2802 1266 3072 1335 deposita,
3102 1267 3460 1336 permansuri,
3503 1283 3681 1338 perve-

2128 1358 2343 1416 nientes
2382 1358 2449 1414 ad
2481 1360 2628 1414 illam
2661 1359 3073 1428 promissionem
3128 1359 3339 1415 Domini
3383 1356 3681 1427 Salvatoris,

2124 1466 2228 1522 qua
2270 1450 2467 1506 dicitur
2504 1469 2516 1503 :
2547 1449 2697 1505 Beati
2716 1451 2908 1505 mundo
2937 1452 3113 1519 corde,
3142 1451 3385 1521 quoniam
3409 1452 3506 1524 ipsi
3532 1449 3684 1505 Deum

2127 1540 2371 1597 uidebunt
2401 1540 2616 1610 (Matth.
2648 1540 2723 1613 ν).

2741 1632 2969 1689 CAPUT
3006 1632 3097 1688 ΧΙ.

2519 1726 2600 1782 De
2647 1725 2918 1781 charitatis
2964 1727 3318 1798 perpetuitate.

437 1838 560 1880 esse
584 1838 889 1889 censemus,
919 1822 1044 1893 quia
1085 1822 1202 1875 sine
1231 1819 1369 1889 ipsis
1412 1819 1480 1875 ad
1506 1818 1787 1874 charitatis
1814 1818 2024 1887 fastigia
2054 1816 2105 1878 B
2204 1819 2272 1876 Et
2293 1818 2419 1892 quid
2451 1818 2747 1887 miramini,
2780 1818 2826 1873 si
2857 1818 2945 1873 illa
2976 1818 3152 1873 officia
3180 1818 3431 1887 superius
3454 1832 3689 1891 compre—

437 1932 546 1973 non
576 1918 748 1986 possit
793 1913 1051 1985 ascendi,
1092 1912 1220 1968 Haec
1254 1914 1416 1967 etiam
1446 1926 1566 1984 quae
1594 1910 1775 1967 dicitis
1806 1919 1833 1949 ι
1855 1924 2022 1981 opera

440 2010 656 2079 pietatis
686 2023 748 2063 ac
775 2003 1164 2062 misericordiae
1185 2004 1488 2060 necessaria
1513 2012 1639 2059 sunt
1669 2006 1720 2059 in
1754 2003 1855 2058 hoc
1882 2014 2021 2059 temo

440 2118 598 2173 pore,
649 2102 775 2155 dum
826 2099 1000 2155 adhuc
1043 2099 1322 2169 inaequalis
1351 2097 1637 2153 diversitas
1685 2097 2020 2167 dominatur,

441 2210 670 2265 quorum
700 2209 767 2249 ne
795 2193 882 2248 hic
911 2190 1131 2264 quidem
1173 2200 1578 2260 exspectaretur
1605 2192 1870 2260 operatio,
1920 2189 2024 2246 nisi

436 2290 680 2359 inopum,
725 2286 1083 2356 indigentium
1116 2284 1562 2354 infirmornmqne
1615 2298 1740 2353 pars
1784 2282 2017 2339 maxima

435 2378 770 2435 redundaret
818 2393 833 2431 :
889 2375 916 2415 δ
956 2391 1077 2448 quae
1127 2374 1411 2445 iniquitate
1443 2375 1717 2430 hominum
1751 2376 1885 2431 facta
1912 2385 2020 2439 est,

434 2488 621 2526 eorum
650 2471 856 2527 scilicet
881 2470 969 2538 qui
992 2483 1054 2524 ea
1077 2482 1200 2539 qua:
1220 2467 1480 2523 omnibus
1505 2483 1535 2521 a
1565 2469 1835 2523 communi
1866 2482 2022 2523 crea-

433 2577 554 2623 tore
595 2581 850 2621 concessa
906 2573 1056 2631 sunt,
1090 2564 1143 2618 in
1167 2576 1295 2618 suos
1337 2572 1543 2618 tantum
1569 2571 1837 2633 occupant
1863 2576 2017 2629 usus,

432 2675 535 2715 nec
584 2667 762 2714 tamen
816 2657 1016 2713 utenda
1069 2664 1380 2732 tenuerunt.
1442 2657 1620 2711 Donec
1649 2671 1780 2726 ergo
1831 2655 1883 2711 in
1914 2656 2019 2712 hoc

434 2749 635 2806 mundo
664 2749 1007 2817 inaequalitas
1035 2748 1136 2803 iSla
1163 2756 1462 2818 grassatur,
1492 2748 1593 2805 erit
1616 2748 1731 2804 haec
1761 2748 1902 2803 actio
1924 2763 2020 2805 ne-

433 2840 667 2897 cessat-ia
697 2851 751 2895 et
780 2841 927 2894 utilis
949 2837 1225 2894 exercenti
1252 2855 1264 2891 :
1290 2840 1586 2894 restituens
1615 2839 1830 2908 quidem
1874 2837 2019 2895 bono

433 2933 648 2988 aﬂ'ectui
703 2941 758 2987 et
798 2931 899 3001 piae
940 2930 1199 2986 voluntati
1230 2929 1643 2995 retributionem
1677 2929 2009 2986 luereditatis

434 3036 672 3090 aeternae,
726 3025 839 3097 ipsa
897 3038 1028 3080 vero
1085 3023 1139 3078 in
1190 3021 1368 3080 futuro
1399 3025 1600 3079 saeculo
1632 3024 1901 3093 parilitate
1931 3038 2018 3080 re-

2128 1912 2295 1968 hensa
2320 1911 2645 1977 transibunt,
2667 1926 2786 1964 cum
2819 1919 3039 1965 sanctus
3066 1909 3361 1980 Apostolus
3379 1911 3541 1965 etiam
3569 1913 3691 1967 sub-

2128 2004 2338 2060 limiora
2386 2002 2624 2073 Spiritus
2671 2002 2842 2057 sancti
2898 2000 3226 2056 charismata
3277 2001 3563 2057 transitura
3606 2002 3695 2059 de-

2128 2095 2349 2161 scribat,
2382 2094 2552 2147 solam
2595 2108 2726 2148 vero
2776 2093 3095 2152 charitatcm
3144 2095 3393 2164 designet
3440 2111 3553 2151 sme
3597 2095 3695 2151 line

2130 2183 2476 2240 mansuram?
2508 2183 2651 2249 Sive,
2683 2184 2953 2252 inquiens,
2985 2194 3010 2222 ο
3058 2186 3343 2258 prophetia
3385 2189 3694 2241 evacuabun-

2128 2288 2233 2347 tur,
2282 2281 2386 2334 sive
2429 2278 2619 2349 lingua:
2655 2280 2950 2344 cessabunt,
2977 2278 3080 2333 sive
3107 2280 3328 2334 scientia
3352 2281 3634 2336 destruetur
3656 2279 3697 2352 (Ῐ

2127 2369 2246 2427 Cor.
2280 2371 2421 2442 xm).
2456 2372 2533 2427 De
2562 2371 2664 2426 hac
2690 2381 2869 2427 autem
2904 2391 2917 2428 :
2947 2370 3189 2429 Charitas
3236 2390 3521 2445 numquam
3562 2372 3589 2413 ά
3617 2390 3698 2430 ea:-

2125 2465 2259 2520 cidet
2290 2462 2491 2536 (ibid.).
2521 2464 2714 2519 Omnia
2745 2480 2977 2536 namque
3003 2465 3140 2520 dona
3172 2482 3268 2536 pro
3302 2482 3401 2521 usu
3427 2483 3489 2523 ac
3517 2482 3697 2524 neces-

2126 2558 2287 2613 sitate
2331 2557 2638 2611 tribuuntur
2690 2554 2858 2628 [Lips.
2889 2556 2942 2610 in
2970 2573 3132 2625 marg.
3170 2557 3587 2631 distribuuntur]
3635 2559 3697 2614 ad

2129 2662 2361 2722 tempus,
2384 2661 2756 2707 consummata
2776 2650 3181 2720 dispensatione
3208 2669 3336 2709 mox
3362 2653 3701 2724 proculdubio

2129 2746 2446 2802 transitura.
2473 2745 2722 2800 Charitas
2747 2759 2880 2802 vero
2910 2746 3055 2801 nullo
3076 2748 3701 2820 intercipielur'tempo—

2125 2855 2186 2896 re
2218 2857 2231 2893 :
2259 2855 2365 2894 non
2394 2839 2570 2894 solum
2595 2840 2738 2893 enim
2770 2836 2824 2892 itt
2850 2841 3094 2907 prmsenti
3126 2841 3330 2895 mundo
3353 2843 3556 2898 utiliter
3579 2857 3702 2911 ope-

2125 2943 2276 2988 ratur
2300 2932 2353 2987 in
2383 2930 2670 2997 nobis,sed
2699 2929 2861 2985 etiam
2895 2931 2948 2984 in
2980 2930 3159 2986 futuro
3186 2934 3402 2989 sarcina
3435 2948 3700 3004 corporea:

2127 3023 2466 3081 necessitatis
2496 3022 2726 3091 abiecta,
2748 3020 3023 3077 efﬁcacior
3054 3023 3224 3079 multo
3253 3035 3421 3098 atque
3448 3026 3702 3083 excellen-

1500 3158 1760 3216 ALARDI
1797 3159 1883 3216 ΟΛ
1895 3158 2034 3215 ΖιΕΙ
2070 3154 2636 3215 COMMENTARIUS.

434 3282 628 3351 ferunt,
661 3279 749 3351 sed
777 3276 1005 3351 profecto
1024 3285 1194 3351 errant
1226 3292 1244 3351 ς
1272 3278 1591 3351 nequeenim
1621 3283 1701 3351 est
1727 3277 2011 3351 corporalis
2040 3277 2087 3342 C
2117 3279 2237 3351 quia
2267 3280 2520 3333 nimirum
2552 3293 2648 3344 per
2674 3278 3009 3349 iniquitatem
3062 3278 3175 3334 sive
3217 3279 3573 3349 cupiditatem
3608 3282 3698 3333 ho-

434 3346 731 3404 exercitatio
746 3349 1030 3421 jejunium,
1050 3350 1139 3401 sed
1160 3348 1467 3421 spiritualis.
1499 3346 1639 3421 Nam,
1657 3349 1703 3421 si
1727 3349 2013 3421 corporalis

434 3430 584 3485 esset,
614 3419 806 3489 corpus
832 3420 1002 3490 utique
1031 3420 1282 3485 nutriret;
1307 3433 1587 3490 nunc_oero
1625 3419 1758 3473 illud
1789 3419 2015 3475 macerat

433 3502 481 3545 et
502 3487 759 3545 extenuat.
793 3487 926 3544 llaec
964 3487 1404 3561 Chrysostomns.
1439 3488 1692 3560 lntelligit
1723 3505 1859 3561 Vero
1898 3492 2014 3555 ipse

436 3563 504 3618 de
530 3563 920 3616 exercitatione
974 3560 1321 3628 athletarum,
1351 3574 1473 3629 quas
1518 3560 1575 3613 fit
1629 3574 1813 3622 cursu,
1849 3560 2013 3627 lucta,

434 3637 647 3703 pugnis,
666 3636 746 3685 Vt‘l
770 3632 879 3687 alio
907 3631 1171 3695 modo,ad
1199 3646 1356 3697 quam
1381 3630 1695 3701 frequenter
1709 3635 1847 3687 solet
1879 3636 2017 3699 Apo-

434 3704 606 3758 stolus
645 3705 909 3766 alludere,
936 3715 988 3757 et
1014 3703 1082 3754 ab
1108 3717 1171 3756 ea
1201 3705 1634 3769 comparationes
1664 3717 1901 3763 smnere.
1955 3710 2017 3757 ut

433 3785 579 3844 patet
611 3774 626 3827 l
657 3774 782 3829 Cor.
814 3790 890 3837 rx,
922 3773 1113 3842 Philip.
1141 3788 1223 3837 tu,
1264 3772 1310 3827 ll
1349 3772 1493 3826 Tim.
1527 3788 1587 3828 ιι.
1622 3773 1746 3827 Ηωο
1771 3773 1916 3829 enim
1947 3774 2020 3828 ad

434 3843 718 3910 modicum,
746 3844 799 3898 id
822 3852 921 3907 est,
953 3858 1139 3912 parum
1170 3843 1314 3915 utilis
1341 3855 1441 3910 est,
1466 3845 1590 3915 quia
1619 3852 1825 3898 tantum
1869 3845 2016 3900 utilis

434 3916 501 3968 ad
532 3916 774 3983 corporis
803 3918 1089 3969 sanitatem
1118 3927 1171 3968 et
1206 3914 1395 3967 robur.

424 4006 445 4023 ι
510 3993 537 4022 η
568 3982 645 4039 Ad
670 3984 916 4039 eumdem
945 3986 1160 4037 modum
1190 3983 1252 4037 D.
1280 3982 1608 4054 Augustinus
1628 3999 1792 4039 serm.
1823 3984 1915 4051 27,
1946 3984 2016 4040 de

435 4055 630 4109 Verbis
658 4056 868 4109 Domini
897 4071 910 4106 :
936 4055 1297 4119 Attendamus,
1320 4054 1510 4124 inquit,
1528 4057 1894 4120 occupationes
1923 4073 2016 4109 no-

434 4138 569 4202 stras
590 4127 726 4178 circa
750 4124 933 4178 multa.
956 4124 1314 4202 Necessarium
1335 4136 1407 4202 est
1427 4126 1771 4202 ministerium
1801 4142 2018 4202 corpora

436 4198 708 4267 refectui-is
742 4211 937 4263 :qttare
959 4196 1094 4267 hoc_?
1112 4196 1235 4265 quia
1264 4196 1507 4249 esuritu'r.
1533 4196 1897 4250 Misericordia
1915 4199 2014 4250 nti-

434 4264 562 4321 seris
591 4268 878 4321 necessaria
904 4264 1258 4338 est.__Fr_angis
1284 4282 1466 4336 partem
1489 4268 1755 4338 esurienti,
1786 4269 1909 4338 quia
1936 4269 2017 4321 in-

438 4339 617 4409 uenisti
643 4338 964 4409 esurientem.
998 4334 1148 4390 Tolle
1183 4334 1402 4409 famem,
1433 4337 1517 4409 cui
1565 4338 1763 4409 frangis
1788 4334 2019 4409 panem?

435 4408 586 4462 Tolle
610 4408 1095 4480 peregrinationem,
1111 4411 1192 4461 cui
1214 4407 1416 4461 exhibes
1429 4407 1870 4480 hospitalitatem?
1890 4407 2017 4463 Tol-

435 4479 484 4533 le
512 4476 819 4542 nuditatem,
843 4481 923 4548 cui
952 4494 1213 4548 praeparat.
1244 4479 1467 4532 restem?
1496 4476 1615 4531 Non
1636 4479 1701 4533 sit
1727 4480 2011 4548 (egritudo,

435 4566 583 4618 quem
612 4550 787 4603 oisitas
809 4551 832 4603 7
857 4547 976 4602 Non
1007 4551 1072 4602 sit
1106 4549 1395 4615 captivitas,
1428 4565 1581 4617 quem
1619 4547 1869 4604 redimis?
1893 4549 2016 4604 Non

435 4622 502 4674 sit
522 4622 662 4685 rixa,
692 4636 845 4688 quem
869 4618 1327 4673 ConcordasINon
1357 4621 1421 4673 sit
1452 4636 1609 4685 mors,
1630 4637 1779 4690 quem
1804 4623 2019 4688 sepelis?

437 4690 505 4744 In
534 4691 629 4744 illo
651 4693 826 4763 futuro
855 4690 1044 4763 swculo
1065 4707 1167 4744 non
1193 4692 1457 4763 eruntista
1479 4690 1637 4763 mala,
1655 4708 1772 4763 ergo
1798 4708 1888 4744 nec
1914 4694 2016 4747 ista

438 4760 746 4815 ministeria.
774 4762 828 4816 ln
860 4761 1104 4815 eamdem
1126 4762 1445 4815 sententiam
1470 4760 1797 4816 scribunt‘D.
1831 4762 2018 4818 Hiero-

438 4847 637 4956 n'ymus
660 4833 715 4886 in
739 4848 858 4902 cap.
884 4848 941 4886 ιιι
961 4831 1203 4887 Lament.
1237 4831 1614 4895 llieremiae,et
1642 4832 1933 4903 Gregorius
1962 4849 2015 4889 vs

437 4903 466 4957 θ
492 4904 627 4958 oral.
656 4919 776 4958 can.
804 4903 898 4958 28.

492 4904 627 4973 oral.
656 4919 776 4973 cap.
804 4904 898 4958 28.

509 4972 536 5011 ι’
567 4974 686 5029 Non
715 4972 783 5027 ita
809 4972 1178 5042 accipiendum
1201 4973 1352 5041 quasi
1374 4973 1731 5029 dominiorutn
1756 4983 1807 5028 et
1832 4990 2011 5031 rerum

436 5044 653 5109 divisio,
685 5053 740 5100 et
767 5044 1045 5098 hominum
1095 5044 1232 5099 inter
1280 5057 1339 5097 se
1364 5045 1695 5113 inaequalitas
1730 5044 1913 5101 illicita
1944 5050 2016 5101 sit

436 5124 494 5171 et
542 5117 744 5185 iniqua,
802 5115 894 5169 sed
927 5114 1053 5184 quia
1097 5114 1407 5185 frequenter
1433 5129 1497 5168 ex
1528 5115 1580 5169 vi
1608 5124 1661 5169 et
1690 5115 1887 5184 injuria
1921 5130 2015 5180 no-

438 5184 650 5240 tentum
674 5200 737 5240 ac
759 5186 988 5239 divitum
1027 5185 1264 5254 sequitur
1294 5184 1509 5238 miseria
1538 5195 1591 5239 et
1636 5196 1850 5254 egestas
1898 5187 2015 5241 ino-

432 5272 565 5323 pum
593 5267 647 5312 et
678 5270 993 5326 pauperum,
1020 5269 1341 5326 quamquam
1372 5258 1535 5309 etiam
1565 5255 1765 5325 absque
1816 5273 2011 5326 pecca-

437 5336 528 5394 to,
583 5338 639 5381 ut
682 5325 874 5379 notum
907 5334 1029 5392 est,
1058 5341 1122 5378 ex
1170 5325 1462 5378 infortunio
1503 5326 1585 5378 vel
1631 5340 1758 5380 casu
1790 5328 2010 5383 fortuito

435 5411 584 5466 stepe
612 5398 908 5466 contingat,
937 5397 1019 5449 vel
1048 5395 1172 5466 quia
1202 5409 1267 5449 ex
1298 5404 1516 5464 peccato
1541 5404 1741 5466 ortum,
1774 5412 1868 5452 seu
1918 5413 2002 5452 oc-

435 5465 710 5522 casionem
738 5465 922 5521 habuit
948 5465 1262 5520 haecrerum
1290 5466 1483 5536 divisio
1531 5465 1617 5536 (S.
1667 5465 1848 5522 Thom.
1878 5468 2003 5535 2-2,

435 5553 489 5609 q.
510 5536 599 5599 66.
614 5555 665 5590 a.
696 5540 722 5592 l
745 5548 792 5591 et
818 5536 1069 5609 2).Un_de
1093 5536 1146 5589 in
1158 5551 1285 5609 cap.
1312 5535 1695 5600 Dilectissimis,
1711 5540 1848 5609 apud
1871 5540 2008 5594 Gra-

438 5608 641 5661 tianum
666 5622 767 5681 xu,
797 5605 865 5677 (ι.⁷
888 5608 939 5672 l,
969 5605 1394 5681 dicit_Clemens
1437 5610 1691 5681 primus;
1714 5607 2008 5664 Communis

436 5694 561 5731 usus
587 5678 811 5748 omnium
831 5693 946 5748 quae
973 5684 1092 5732 sunt
1111 5679 1166 5733 in
1197 5681 1293 5732 hoc
1315 5679 1504 5733 mundo
1529 5678 1761 5733 omnibus
1781 5697 1890 5735 esse
1915 5683 2006 5735 de-

437 5749 580 5809 buit;
627 5747 719 5801 sed
753 5763 843 5810 per
888 5748 1210 5816 iniquitatem
1241 5749 1377 5803 alius
1406 5750 1541 5804 dixit
1568 5748 1663 5802 hoc
1691 5765 1801 5804 esse
1832 5767 2005 5817 suum,

433 5830 483 5875 et
506 5820 642 5874 alius
666 5818 807 5873 istud
835 5833 853 5872 :
882 5828 929 5871 et
958 5819 1032 5872 sic
1063 5821 1195 5873 inter
1222 5820 1464 5876 mortales
1498 5821 1640 5889 [arta
1671 5831 1744 5876 est
1797 5821 2005 5881 divisio.

2043 4665 2096 4726 D

2120 3348 2324 3404 minum
2352 3351 2477 3404 data
2499 3361 2577 3405 est
2610 3348 2825 3403 occasio
2851 3364 2948 3403 cur
2979 3358 3123 3405 recta
3156 3348 3581 3418 ratiojudicirit
3629 3352 3702 3405 fs-

2120 3421 2371 3475 ciendam
2402 3436 2522 3475 esse
2547 3420 2887 3484 divisionem,
2920 3435 3042 3476 cum
3064 3430 3190 3476 ante
3212 3434 3504 3491 peccatum
3530 3423 3703 3478 omnia

2115 3503 2641 3546 essentcommunta.

2193 3573 2213 3601 σε
2238 3562 2542 3631 Prophetia:
2564 3562 2965 3617 evacuabuntur
2991 3564 3044 3616 in
3078 3561 3269 3631 patria,
3303 3565 3431 3630 quia
3477 3563 3701 3633 prophe-

2120 3634 2225 3687 tica
2257 3635 2490 3704 cognitio
2510 3632 2740 3687 obscura
2764 3645 2843 3686 est
2868 3642 2923 3686 et
2947 3636 3306 3702 annigmattca.
3325 3632 3546 3692 Uudeet
3565 3651 3705 3688 com-

2120 3715 2337 3773 paratur
2386 3706 2608 3777 lucernte
2656 3705 2845 3757 lucenti
2889 3704 2944 3757 in
2997 3707 3285 3777 caliginoso
3324 3706 3465 3760 loco.
3499 3706 3705 3776 Lingua:

2121 3776 2412 3839 cessabunt,
2444 3791 2548 3829 non
2582 3775 2776 3843 linguas
2805 3789 3082 3844 corporea:
3102 3775 3412 3842 beatorum,
3458 3793 3576 3842 qua:
3600 3775 3703 3830 non

2116 3847 2383 3899 cessabunt
2411 3846 2616 3900 assidue
2632 3845 2850 3901 laudare
2877 3862 3060 3899 nomen
3082 3859 3319 3900 sanctum
3340 3847 3592 3914 Domini;
3615 3847 3704 3901 sed

2118 3915 2317 3987 donum
2373 3916 2694 3986 linguarum,
2755 3932 2863 3982 quo
2889 3916 3094 3972 scilicet
3136 3919 3304 3987 aliqui
3335 3919 3391 3974 in
3441 3919 3701 3987 primitiva

2119 3986 2360 4042 Ecclesia
2383 3989 2546 4058 variis
2573 3987 2769 4055 linguis
2801 3988 3175 4058 loquebantur.
3215 3986 3407 4044 Actor.
3442 3986 3505 4044 ιι.
3537 3988 3595 4044 ln
3628 3987 3708 4042 fu-

2120 4067 2240 4112 tura
2263 4060 2406 4113 enim
2436 4057 2540 4112 vita
2569 4058 2791 4129 quilibet
2812 4057 3185 4127 etquamlihet
3235 4060 3481 4129 linguam
3513 4059 3705 4129 intelli-

2118 4138 2246 4201 get:
2279 4130 2417 4201 unde
2440 4144 2547 4182 non
2570 4128 2671 4181 erit
2701 4130 3267 4201 neceSsariunrvariis
3314 4128 3512 4199 linguis
3544 4128 3703 4201 loqui.

2121 4198 2352 4253 Scientia
2374 4202 2686 4261 destruetur,
2711 4215 2814 4252 non
2848 4214 2956 4268 quo
2985 4202 3049 4252 ad
3080 4199 3323 4253 habitum
3359 4198 3456 4256 aut
3482 4216 3572 4256 res
3611 4198 3705 4254 co-

2117 4270 2464 4343 gnitas,_sed
2515 4286 2622 4338 quo
2672 4269 2737 4323 ad
2791 4278 2967 4343 actum
2992 4282 3043 4325 et
3072 4270 3289 4325 modum
3343 4270 3705 4343 cognoscendi

2122 4340 2281 4406 hujus
2302 4340 2445 4399 vitae.
2472 4343 2561 4410 qui
2588 4348 2669 4396 est
2691 4356 2785 4411 per
2807 4340 3014 4408 species
3044 4359 3071 4393 τι
3097 4340 3570 4406 phantasmaitbns
3596 4343 3707 4397 alts-

2118 4418 2321 4483 tracms
2351 4430 2365 4466 :
2393 4413 2481 4481 qui
2513 4413 2703 4483 modus
2735 4411 3116 4483 noncongrnit
3146 4413 3264 4467 vita:
3296 4413 3706 4483 futuramque

2122 4482 2192 4553 ita
2233 4486 2520 4551 exponitur
2567 4482 2651 4535 illa
2684 4484 2789 4535 divi
2843 4482 3154 4552 Hieronymi
3186 4486 3401 4553 vulgata
3437 4482 3702 4539 sententia

2122 4551 2191 4626 in
2221 4554 2449 4626 eptsmla
2492 4553 2554 4607 ad
2606 4553 2906 4619 Paulinum,
2940 4551 3062 4621 qnze
3099 4551 3299 4626 Bibliis
3326 4557 3631 4626 pra-ligitur
3689 4570 3703 4608 :

2121 4618 2653 4701 Discumusiitterris
2677 4618 2901 4701 quorum
2925 4618 3139 4678 scientia
3169 4618 3442 4680 nobiscum
3472 4618 3705 4701 perseve-

2119 4695 2273 4765 retin
2295 4697 2451 4748 cretis.
2481 4694 2721 4749 Scit-mia
2747 4695 2889 4747 enim
2923 4710 3099 4749 rerum
3136 4694 3483 4765 cognitaruui
3534 4711 3707 4752 reuna-

2120 4764 2272 4836 nebit
2298 4766 2348 4817 in
2374 4766 2564 4829 beatis,
2600 4766 2692 4819 sed
2723 4766 3067 4836 critalterins
3091 4764 3308 4836 generis
3360 4777 3421 4823 et
3476 4769 3618 4836 modi
3676 4782 3704 4821 ιι

2117 4834 2340 4908 scientia
2368 4837 2524 4902 hujus
2553 4836 2674 4908 vita:
2704 4835 2792 4906 (S.
2830 4834 3011 4889 Thom.
3037 4834 3154 4902 Lit,
3179 4854 3232 4908 q.
3263 4838 3359 4907 89,
3391 4855 3445 4892 a.
3479 4834 3514 4895 3
3544 4840 3614 4893 ad
3645 4838 3701 4903 l;

2124 4902 2315 4977 Magis.
2342 4916 2557 4960 sentem.
2586 4906 2677 4960 lib.
2702 4902 2781 4969 tu,
2809 4908 2930 4961 dist.
2974 4907 3087 4977 3i).

2189 4975 2215 5011 (ί
2241 4979 2514 5043 Ἐκπίπτει,
2534 4980 2748 5043 excidit,
2766 4988 2819 5031 ut
2850 4975 3052 5032 habent
3078 4978 3320 5049 plerique
3343 4980 3588 5036 codices.
3619 4980 3709 5034 Βία

2114 5045 2257 5100 citur
2285 5050 2728 5120 autetncltaritas
2771 5063 3058 5120 numquam
3081 5045 3370 5115 excidere,
3406 5067 3517 5105 non
3565 5051 3703 5120 quod

2114 5122 2282 5171 semul
2306 5119 2481 5173 amitti
2507 5127 2754 5189 nequeat.
2786 5129 2844 5172 ut
2866 5119 3104 5173 haeretici
3126 5119 3591 5187 interpretantur,
3611 5121 3707 5176 sed

2120 5189 2242 5261 quia
2269 5199 2550 5253 permanet
2575 5195 2625 5243 in
2655 5191 2826 5245 beatis
2845 5208 2855 5241 :
2876 5205 2995 5243 cmn
3018 5190 3171 5261 ﬁdes,
3201 5202 3403 5260 etspes
3431 5194 3707 5261 multaque

2120 5259 2224 5311 alia
2253 5260 2484 5327 Sptritus
2507 5262 2674 5315 sancti
2695 5261 3014 5314 charismata
3048 5260 3116 5315 ab
3149 5259 3415 5330 Apostolo
3437 5259 3705 5317 recensita

2117 5339 2464 5385 evacuentur.
2496 5330 2651 5386 Unde
2679 5345 2870 5385 sensus
2913 5331 3159 5400 Apostoli
3184 5342 3287 5395 est,
3321 5334 3404 5387 ait
3446 5333 3511 5389 S.
3559 5334 3704 5388 Tho-

2118 5412 2232 5452 mas
2268 5418 2279 5451 :
2315 5400 2553 5455 Charitas
2583 5418 2861 5469 numquam
2894 5402 3106 5466 excidit,
3148 5404 3272 5471 quia
3302 5404 3472 5458 sicuti
3518 5414 3605 5459 est
3652 5406 3705 5457 itt

2116 5476 2256 5523 statu
2309 5474 2452 5535 vitae,
2505 5474 2582 5526 ita
2637 5472 2970 5539 permanebit
2998 5475 3049 5527 in
3073 5483 3214 5527 statu
3250 5476 3469 5543 pati-ite,
3505 5482 3562 5528 et
3583 5489 3705 5527 cum

2113 5550 2425 5609 augmento,
2474 5545 2770 5597 secundum
2813 5544 2941 5596 illud
2983 5542 3306 5601 Estiarxxxt
3352 5561 3369 5604 :
3417 5545 3569 5599 Dicit
3598 5543 3709 5598 Do-

2115 5612 2301 5682 minus,
2345 5615 2491 5682 cujus
2520 5615 2653 5681 ignis
2675 5623 2748 5667 est
2776 5615 2829 5667 in
2858 5612 3010 5679 Sion,
3039 5614 3090 5668 id
3115 5626 3218 5681 est,
3243 5616 3293 5670 in
3324 5615 3584 5671 Ecclesia
3609 5617 3706 5668 mi-

2116 5680 2324 5756 litante,
2355 5680 2407 5737 et
2427 5685 2657 5738 caminus
2685 5686 2795 5752 ejus
2822 5684 2874 5737 in
2900 5680 3250 5753 Hierusalem,
3274 5685 3327 5740 id
3353 5698 3466 5756 est,
3484 5687 3539 5741 in
3574 5699 3708 5756 pace

2114 5753 2351 5810 caelestis
2381 5756 2591 5824 patriae.
