3966 6326
205 331 276 387 497
867 325 1208 382 COLLATIO
1245 325 1288 384 Ι.
1319 356 1392 368 -
1421 326 1512 382 DE
1550 327 1858 384 MONACIII
1901 325 2316 382 INTE‘NTIONE
2379 325 2468 383 AC
2507 327 2690 386 FINE.
3329 333 3434 390 698

203 451 275 504 tior
299 445 646 516 permanebit,
671 444 819 502 nullo
843 461 1096 516 umquam
1122 451 1512 514 corrumpenda
1565 445 1732 502 dele-
1763 453 1812 508 Α
1837 446 1930 516 qui
1963 447 2016 502 in
2039 445 2392 516 iujustitia,et
2417 425 2712 516 discordia,
2729 459 2786 504 et
2813 450 3026 504 tristitia
3049 460 3274 506 mortem
3299 467 3428 520 ope-

204 539 382 606 ctu,sed
427 555 526 608 per
555 541 1012 608 incorruptionem
1067 552 1374 614 perpetuam
1420 541 1735 610 ﬂagrantius
1841 551 2019 606 rante,
2065 551 2375 608 versantur,
2407 540 2462 595 in
2519 555 2691 610 regno
2741 541 2937 598 diaboli
2970 553 3024 598 et
3051 544 3104 598 in
3131 541 3340 598 inferno
3369 559 3434 598 ac

205 637 298 696 lien,
325 643 478 703 atque
506 632 768 688 intentius
799 633 1110 688 adbmsura.
1843 641 2016 686 morte
2056 641 2178 686 sont
2215 631 2519 687 constituti.
2559 631 2654 688 llis
2695 633 2838 690 enim
2867 634 3079 689 indiciis
3105 633 3187 690 vel
3220 635 3312 690 Dei
3341 635 3430 690 vel

753 744 979 800 CAPUT
1021 743 1133 798 χιι⁸
1841 727 2046 781 diaboli
2088 739 2316 796 regnum
2363 725 2715 782 discernitur.
2771 728 2836 782 Et
2877 741 3069 782 revera
3119 729 3164 782 si
3211 726 3433 784 sublimi

281 839 608 908 Interrogatio
631 837 695 891 de
717 839 1095 904 perseverantia
1117 838 1369 908 spiritalis
1395 836 1626 892 theorite.

1843 819 2043 874 mentis
2076 818 2268 873 intuitu
2296 818 2706 874 consideremus
2729 829 2928 874 statum
2953 821 3100 876 illum
3127 821 3179 876 in
3205 837 3314 892 quo
3339 821 3436 878 de-

1839 917 1975 980 gunt
2004 911 2259 964 caelestes
2288 923 2647 980 supernaeque
2673 911 2927 976 virtutes,
2953 927 3074 984 qua:
3099 929 3230 969 vere
3259 914 3314 969 in
3337 929 3398 970 re
3415 943 3434 959 -

1841 1017 1947 1071 gno
1975 1002 2070 1058 Dei
2114 1011 2280 1070 sunt,
2313 1003 2434 1072 quis
2459 1011 2634 1058 status
2667 1003 2806 1060 alius
2847 1019 2970 1060 esse
3008 1004 3314 1062 credendus
3345 1017 3434 1064 est

1841 1109 2000 1164 quam
2031 1103 2284 1164 perpetua
2311 1093 2562 1166 iugisque
2590 1095 2814 1150 laetitia?
2841 1095 2980 1164 Quid
3003 1097 3147 1152 enim
3173 1105 3280 1153 tam
3306 1112 3432 1168 pro-

1843 1185 2020 1255 prium
2047 1199 2194 1240 verte
2225 1184 2547 1240 beatitudini
2575 1225 2590 1250 ,
2619 1195 2834 1256 tamque
2871 1187 3239 1252 conveniens,
3270 1202 3432 1256 quam

1841 1277 2203 1347 tranquillitas
2227 1275 2378 1348 jngis
2421 1285 2475 1330 et
2503 1276 2754 1346 gaudium
2802 1276 3231 1346 sempiternum?
3263 1276 3330 1332 Et
3371 1285 3434 1332 ut

1843 1369 1947 1424 hoc
1977 1370 2151 1440 ipsum
2182 1369 2324 1439 quod
2357 1367 2612 1434 dicimus,
2647 1369 2720 1424 ita
2771 1383 2916 1438 esse,
2949 1386 3056 1424 non
3088 1384 3210 1426 mea
3241 1369 3434 1440 conje-

1841 1473 2017 1526 ctura,
2050 1463 2148 1518 sed
2175 1463 2350 1532 ipsius
2381 1461 2592 1518 Domini
2619 1464 2940 1519 auctoritate
2965 1463 3168 1519 certius
3199 1464 3436 1520 instrua-

1841 1557 1940 1626 ris,
1973 1557 2100 1611 andi
2127 1572 2252 1612 eum
2279 1555 2593 1628 qualitatem
2625 1563 2680 1610 et
2696 1545 2898 1612 statum
2929 1556 3080 1626 regni
3113 1557 3254 1612 illius
3275 1572 3436 1626 aper-

199 1649 982 1746 ὧίέέηώὠωιξηωη
1010 1649 1057 1652 Ἷ
1301 1649 1328 1652 ⁷⁷
1361 1649 1445 1666 ’Ὗ
1492 1649 1500 1650 “
1528 1649 1531 1650 ⁷
1593 1649 1621 1650 ”
1688 1649 1725 1650 ”
1841 1651 2054 1706 tissime
2085 1651 2484 1706 describentem
2514 1666 2527 1702 :
2564 1649 2728 1716 Ecce,
2757 1649 2963 1721 inquit,
3007 1667 3099 1722 ego
3129 1666 3245 1705 creo
3281 1651 3436 1706 ctelos

435 1729 450 1754 ,
481 1713 731 1758 cupimus
748 1713 982 1743 cuuccrt.
2714 1713 2723 1716 '
2832 1713 2848 1721 '
2887 1742 2898 1754 .
2951 1713 2960 1716 '
3033 1713 3058 1722 '
3157 1742 3169 1754 .
3303 1741 3314 1752 .

738 1799 774 1816 Λ
795 1805 808 1816 ι
833 1801 963 1816 MM.
1003 1801 1119 1816 νη·
1841 1758 2018 1810 novos,
2044 1754 2234 1798 terram
2258 1758 2464 1810 novant,
2495 1749 2545 1796 et
2567 1759 2674 1796 non
2701 1751 2854 1796 erunt
2881 1759 2934 1796 tu
2957 1757 3202 1796 memoria
3233 1757 3435 1808 priora,

735 1799 963 1858 CAPUT
1003 1801 1142 1856 xm-
1767 1837 1816 1898 B
1844 1799 2310 1908 neque'asrendent
2353 1799 2506 1906 super
2532 1852 2658 1902 cor;
2695 1835 2786 1889 sed
2811 1835 3103 1908 gaudebitis
3125 1843 3174 1890 et
3205 1799 3438 1888 castella;

197 1915 430 1988 Responsio
461 1915 524 1968 de
555 1915 834 2000 directione
857 1915 1330 2000 cordisinHDeum,
1367 1925 1416 1969 et
1461 1916 1526 1970 de
1576 1931 1735 1988 regno

1841 1929 1960 1984 bilis
1991 1943 2145 1996 usque
2175 1927 2229 1980 in
2257 1927 2626 1998 sempiternum
2655 1927 2708 1978 in
2753 1925 2834 1980 his
2861 1941 2976 2000 quae
3003 1943 3094 1996 ego
3134 1942 3249 1980 creo
3281 1924 3434 1997 (lsa.

717 1987 814 2041 De:
856 1997 901 2040 ⁸⁸
944 1987 1161 2042 dudm!"
1841 2021 1988 2092 va).
2019 2022 2084 2076 Et
2105 2037 2318 2076 rursum
2345 2037 2360 2072 :
2387 2017 2653 2074 Gaudium
2675 2029 2722 2074 et
2745 1987 2930 2074 latitia;
2958 2019 3246 2073 invenietur
3271 2019 3326 2072 in
3352 2034 3436 2082 ea,

247 2104 430 2176 Moyses
455 2122 469 2160 :
497 2105 768 2160 Inhmrere
798 2104 1018 2174 quidem
1049 2103 1159 2160 Deo
1179 2105 1380 2174 jugiter
1400 2112 1454 2159 et
1493 2113 1736 2160 contem-

1841 2118 2131 2186 gratiarum
2165 2115 2320 2180 actio,
2352 2123 2400 2170 et
2422 2129 2520 2168 vos:
2540 2113 2736 2180 laudis,
2762 2125 2808 2168 et
2839 2115 2936 2168 erit
2960 2113 3148 2168 mensis
3165 2129 3228 2167 ex
3244 2129 3436 2180 mense,

195 2197 377 2266 plationi
399 2197 537 2268 ejus,
569 2197 1022 2268 quemadmodum
1055 2197 1251 2264 dicitis,
1299 2197 1736 2266 inseparabiliter

1841 2217 1885 2262 et
1913 2207 2181 2260 sabbatum
2211 2222 2276 2260 ex
2315 2205 2531 2259 sabbato
2564 2203 2718 2276 (Isa.
2751 2207 2856 2274 LI).
2909 2205 2976 2259 Et
3014 2203 3212 2260 iterum
3247 2223 3260 2257 :
3295 2202 3438 2260 Gau-

195 2291 410 2360 copulari,
429 2291 766 2360 impossibile
787 2302 868 2346 cs1
889 2289 1096 2346 homini
1119 2289 1222 2344 ista
1247 2293 1422 2346 carnis
1451 2289 1735 2360 fragilitate
1837 2301 1982 2355 dium
2026 2311 2074 2355 ει
2117 2299 2354 2355 (mitium
2391 2299 2696 2353 obtinebunt
2724 2340 2739 2365 ,
2767 2299 2930 2369 fugiet
2961 2297 3116 2352 dolor
3140 2307 3188 2353 et
3213 2299 3438 2370 gemitus

193 2383 502 2439 circumdato.
529 2383 722 2438 Verum
754 2395 968 2453 Oportet
993 2399 1092 2440 nos
1123 2387 1266 2440 scire
1295 2386 1384 2442 ubi
1415 2385 1609 2440 tuentis
1639 2399 1734 2439 uo-
1841 2395 2130 2468 (lbidcm),
2164 2393 2299 2448 Etsi
2332 2393 2510 2448 adhuc
2549 2393 2750 2448 clarius
2784 2392 2852 2446 de
2895 2392 2986 2446 illa
3019 2393 3438 2450 conversatione

193 2477 654 2532 strteintentioncm
703 2478 998 2534 debeamus
1043 2479 1246 2536 habere
1275 2479 1530 2544 deﬁxam,
1563 2487 1617 2536 et
1663 2479 1734 2536 ad
1839 2499 1892 2546 et
1941 2489 2164 2544 civitate
2213 2496 2527 2542 sanctorum
2577 2483 2742 2540 Vltllis
2789 2500 3127 2555 agnoscere.
3175 2485 3439 2542 aliendilc

190 2585 315 2640 quam
341 2572 754 2628 destinationem
785 2589 998 2644 semper
1037 2575 1231 2628 anima:
1278 2587 1480 2628 nostra:
1509 2587 1732 2630 revoce-
1837 2597 1958 2652 qua:
1989 2579 2058 2636 ad
2101 2581 2270 2652 ipsam
2317 2579 2620 2636 Jerusalem
2649 2591 2784 2633 voce
2827 2577 3042 2632 Domini
3085 2576 3436 2648 dirigantur;

192 2677 284 2716 Inus
319 2663 564 2720 intuitutu
615 2681 632 2720 :
680 2681 838 2734 quam
871 2680 992 2720 cum
1029 2665 1262 2736 potuerit
1285 2665 1532 2720 obtinere
1559 2681 1732 2732 mens,
1837 2672 1907 2728 Et
1936 2688 2145 2744 ponam.
2181 2671 2378 2740 inquit,
2405 2671 2754 2725 visitationem
2795 2678 2938 2723 tuam
2963 2683 3143 2738 pacem
3167 2713 3182 2736 ,
3225 2677 3272 2723 et
3303 2683 3438 2737 prat-

189 2757 399 2824 gaudcat,
430 2765 488 2812 et
513 2773 542 2814 a
581 2773 684 2828 qua
729 2759 1044 2814 distractam
1074 2773 1132 2814 se
1158 2759 1338 2815 doleat
1363 2771 1526 2830 atque
1559 2759 1736 2828 suspi-
1837 2769 2032 2837 positos
2055 2777 2168 2820 tuos
2189 2765 2488 2838 justitiam;
2515 2781 2620 2818 nou
2647 2763 2894 2818 audietur
2920 2763 3065 2817 ultra
3106 2761 3354 2832 iniquitas
3376 2761 3436 2816 in

189 2857 278 2912 ret;
322 2853 582 2921 totiesque
629 2865 690 2908 se
737 2865 768 2906 a
815 2867 1028 2906 summo
1057 2853 1199 2906 bono
1226 2853 1424 2908 sentiat
1453 2853 1732 2918 recidisse,

1841 2869 1978 2914 terra
2001 2869 2112 2925 tua,
2146 2859 2361 2914 uastitas
2379 2867 2429 2912 et
2449 2859 2692 2912 contritio
2721 2859 2776 2912 in
2801 2857 3030 2912 terminis
3061 2857 3180 2920 tuis,
3205 2867 3254 2910 et
3280 2871 3436 2910 occu-

188 2943 361 3010 qumies
385 2959 442 2998 se
473 2943 545 2998 ab
577 2943 670 2998 illo
710 2945 904 2999 intuitu
947 2943 1368 3013 deprehenderit
1388 2955 1687 3016 separatam
1715 2961 1730 3000 :
1837 2951 1978 3023 pabit
2001 2951 2148 3004 salus
2181 2966 2354 3004 muros
2383 2958 2500 3004 tuos
2521 2993 2537 3017 ,
2572 2959 2620 3003 et
2668 2959 2844 3022 portas
2875 2959 2990 3002 tuas
3017 2949 3272 3002 laudatio.
3308 2947 3435 3004 Non

189 3029 560 3090 lornicationem
582 3035 827 3106 judicans
853 3037 939 3091 vel
973 3047 1412 3092 momentaueum
1459 3053 1486 3090 a
1533 3036 1733 3093 Christi
1835 3045 1932 3098 erit
1953 3045 2050 3098 tibi
2077 3043 2306 3112 amplius
2333 3041 2412 3097 sol
2433 3041 2504 3096 ad
2535 3040 2814 3096 lucendum
2840 3057 2932 3112 per
2957 3041 3110 3104 diem,
3141 3055 3234 3094 nec
3257 3041 3434 3110 splen-

185 3129 605 3198 contemplatione
633 3129 959 3186 discessum.
1009 3131 1056 3186 Α
1104 3147 1210 3202 quo
1261 3147 1382 3186 cum
1433 3129 1734 3185 deviaverit
1836 3134 1932 3188 dor
1953 3133 2095 3190 luna
2119 3133 2439 3188 illuminabit
2466 3143 2534 3196 te,
2561 3133 2652 3186 sed
2671 3133 2770 3186 erit
2800 3131 2892 3186 tibi
2913 3127 3170 3184 Dominus
3191 3132 3244 3184 in
3265 3131 3435 3187 lucem

187 3223 424 3288 paululum
445 3235 637 3281 noster
661 3227 902 3290 obtutus,
927 3244 1114 3282 rursus
1145 3228 1212 3282 ad
1243 3244 1364 3284 eum
1396 3229 1578 3285 cordis
1607 3243 1735 3282 ocu-
1761 3225 1808 3291 C
1836 3227 2230 3294 sempiternam,
2261 3236 2308 3280 et
2339 3223 2480 3278 Deus
2511 3234 2630 3280 tuus
2661 3225 2712 3278 in
2742 3225 2962 3296 gloriam
3003 3233 3144 3278 tuam
3167 3239 3187 3278 :
3209 3238 3317 3279 non
3341 3240 3434 3278 oc-

185 3309 248 3366 los
269 3323 656 3386 retorquentes,
675 3317 819 3372 velut
841 3319 1137 3372 rectissima
1173 3318 1308 3374 linea
1342 3321 1538 3374 mentis
1559 3319 1728 3372 aciem
1837 3319 1973 3374 eidet
2007 3319 2148 3373 ultra
2193 3319 2274 3373 sol
2319 3327 2440 3372 tuus
2468 3360 2484 3384 ,
2516 3327 2565 3372 et
2601 3317 2732 3370 luna
2763 3325 2856 3370 tua
2883 3333 2984 3372 non
3023 3318 3322 3384 minuetur;
3343 3317 3435 3372 sed

185 3409 698 3464 tevocemus.’l‘utntn
733 3425 961 3480 namque
992 3413 1041 3464 in
1069 3412 1260 3464 animm
1284 3411 1530 3466 consistit
1559 3427 1734 3466 reces—
1835 3413 1932 3466 erit
1957 3410 2208 3466 Dominus
2230 3413 2282 3465 in
2314 3413 2478 3466 lucem
2505 3411 2872 3478 sempiternam
2897 3455 2912 3478 ,
2958 3421 3007 3466 et
3037 3411 3436 3482 complebantur

185 3512 251 3551 su.
279 3499 420 3556 Unde
443 3505 676 3574 expulso
698 3504 936 3568 diabolo,
963 3519 1024 3558 ac
1053 3519 1392 3573 nequaquam
1431 3505 1484 3557 in
1535 3519 1596 3558 ea
1619 3503 1730 3572 jam
1834 3507 1946 3560 dies
1979 3505 2150 3560 luctus
2178 3505 2254 3560 tui
2285 3503 2422 3575 (lsa.
2447 3503 2556 3562 ul.
2589 3503 2656 3558 Et
2681 3503 2882 3556 idcirco
2909 3503 3100 3558 beatus
3131 3504 3430 3572 Apostolus

185 3596 496 3660 regnantibus
539 3597 710 3658 vitiis,
742 3609 1134 3666 coast-quenter
1159 3611 1380 3666 rt-gnnm
1411 3597 1502 3651 Dei
1536 3595 1732 3650 l'niida-
1835 3613 1942 3652 non
1983 3597 2341 3668 generaliter,
2391 3609 2568 3666 neque
2613 3592 2936 3663 simpliciter
2965 3608 3128 3648 omne
3169 3594 3428 3662 gaudium

183 3686 250 3732 tur
273 3681 318 3736 in
347 3685 522 3752 nobis,
553 3686 768 3740 dicente
793 3685 1126 3756 Evangelista
1158 3704 1170 3739 :
1217 3685 1448 3758 Regnum
1496 3685 1592 3740 Dei
1629 3703 1731 3740 non
1835 3705 2060 3760 regnum
2091 3689 2184 3744 Dei
2211 3689 2555 3762 pronuntiat,
2589 3688 2684 3742 sed
2716 3687 2995 3756 signanter
3023 3700 3085 3740 ac
3117 3685 3431 3752 specialiter

183 3775 314 3828 ueniet
334 3793 445 3830 cum
471 3777 842 3844 obseruatione,
861 3797 1018 3846 neque
1031 3780 1197 3832 dicent
1219 3797 1230 3830 :
1251 3777 1385 3832 Ecce
1409 3777 1492 3832 hic
1511 3791 1598 3834 aut
1621 3797 1734 3836 ecce
1837 3787 1970 3842 illud
2001 3785 2180 3840 solum
2213 3783 2356 3854 quod
2390 3783 2446 3840 in
2491 3783 2697 3852 Spiritu
2726 3790 2914 3838 sancto
2939 3789 3022 3837 est
3049 3781 3068 3850 (
3093 3779 3244 3834 Rom.
3272 3797 3360 3836 stv
3382 3779 3428 3854 ).

182 3860 270 3916 illic
285 3878 372 3922 est.
389 3869 552 3924 Amen
571 3870 712 3924 enim
736 3871 852 3924 dico
878 3871 1018 3924 vobis
1043 3873 1168 3938 quia
1193 3881 1214 3907 ει
1245 3889 1456 3944 regnum
1477 3873 1572 3928 Dei
1595 3874 1734 3928 intra
1837 3878 1996 3934 Novit
2021 3877 2168 3932 enim
2199 3891 2322 3932 esse
2347 3875 2494 3931 aliud
2523 3889 2738 3946 quoque
2760 3873 3123 3937 vituperabile
3151 3873 3430 3944 gaudium,

184 3969 251 4010 tos
277 3971 343 4012 est
390 3961 544 4032 (Luc.
593 3962 748 4032 χιιι).
805 3963 946 4018 Intra
982 3980 1078 4018 nos
1119 3979 1248 4017 vero
1273 3965 1402 4018 IIIIIII
1437 3965 1582 4020 aliud
1613 3979 1734 4020 esse
1836 3972 1907 4027 de
1934 3985 2039 4040 quo
2067 3969 2286 4034 dicitur,
2319 3967 2546 4024 Mundus
2567 3969 2667 4021 iste
2683 3966 2924 4040 gaudebit
2957 3965 3139 4027 (Joan.
3176 3965 3313 4022 xvri.
3339 3966 3430 4033 Et,

183 4059 328 4114 potest
368 4069 528 4124 quam
583 4055 807 4110 scientia
847 4063 940 4108 aut
969 4057 1232 4127 ignoratio
1273 4057 1534 4122 veritatis,
1566 4065 1620 4112 et
1649 4055 1734 4111 vel
1847 4062 1938 4120 Va:
1964 4064 2103 4120 vobis
2130 4063 2221 4136 qui
2247 4063 2450 4125 ridetis,
2487 4061 2611 4133 quia
2641 4061 2912 4133 plorabitis
2936 4059 3085 4132 (Luc.
3121 4057 3224 4132 vl).
3255 4059 3284 4099 ιι
3323 4061 3432 4116 Re-

183 4144 400 4208 vitiorum
430 4148 692 4212 amicitia,
727 4149 808 4204 vel
833 4147 1086 4202 virtutum
1107 4167 1119 4202 :
1139 4165 1232 4217 per
1262 4165 1380 4219 qua:
1401 4161 1491 4204 aut
1521 4149 1735 4204 diabolo
1837 4173 2001 4228 gnum
2036 4171 2168 4212 sane
2185 4155 2449 4210 ccelorum
2480 4153 2767 4222 tripliciter
2791 4151 3168 4222 accipiendum
3197 4161 3302 4206 est.
3327 4155 3434 4210 Aut

179 4243 250 4287 aut
283 4233 492 4292 Christo
525 4255 752 4310 regnum
785 4255 1032 4307 paramus
1075 4241 1128 4294 in
1161 4241 1344 4296 corde.
1375 4239 1542 4310 Cujus
1571 4243 1734 4295 etiam
1838 4263 1946 4318 quo
1967 4247 2244 4317 regnaturi
2278 4255 2405 4300 sunt
2434 4245 2560 4300 coeli
2581 4285 2600 4312 ,
2633 4245 2684 4299 id
2711 4253 2829 4312 est,
2869 4245 3040 4299 sancti
3073 4245 3126 4298 in
3157 4243 3276 4298 aliis
3304 4245 3433 4298 sub-

180 4329 304 4396 regni
342 4331 660 4400 qualitatem
717 4331 976 4386 describit
1029 4333 1320 4402 Apostolus
1352 4333 1578 4388 dicens:
1612 4331 1734 4388 Non
1839 4341 1988 4408 ditis,
2016 4339 2314 4398 secundum
2349 4337 2478 4394 illud
2510 4357 2524 4394 :
2555 4336 2683 4392 Esto
2707 4346 2764 4391 tu
2807 4353 2966 4404 super
2993 4338 3216 4406 quinque
3257 4337 3436 4390 civim-

179 4421 290 4476 esim
315 4441 530 4494 regnum
566 4425 662 4480 Dei
685 4436 758 4479 est
782 4443 898 4480 esca
926 4435 973 4480 et
998 4437 1169 4492 potus,
1195 4428 1285 4482 sed
1298 4429 1588 4499 justitia,et
1607 4444 1732 4496 pax,
1839 4445 1934 4498 les,
1965 4443 2014 4488 et
2073 4445 2128 4488 tu
2151 4450 2306 4504 super
2335 4433 2508 4486 decem
2531 4431 2550 4501 (
2571 4431 2696 4484 Luc.
2723 4429 2854 4502 xu).
2886 4431 3017 4486 Illud
3049 4447 3264 4500 quoque
3291 4431 3434 4498 quod

177 4523 216 4564 et
237 4521 473 4586 gaudium
499 4523 555 4572 in
589 4519 796 4588 Spiritu
825 4529 1004 4574 sancto
1033 4520 1208 4590 (Rom.
1237 4523 1362 4592 stv).
1383 4521 1566 4591 Itaque
1585 4521 1630 4574 si
1652 4539 1738 4576 re-
1841 4525 2042 4580 dicitur
2061 4525 2126 4579 ad
2155 4503 2474 4590 discipulos,
2503 4520 2763 4576 Sedebitis
2785 4537 2941 4586 super
2961 4520 3108 4575 sedes
3130 4521 3430 4588 duodecim,
3483 4503 3488 4510 ί

175 4617 306 4671 gnum
334 4611 421 4664 Dei
451 4611 596 4666 intra
629 4627 728 4666 nos
769 4621 872 4676 est,
899 4621 954 4668 et
985 4615 1160 4682 ipsum
1191 4630 1410 4683 regnum
1443 4615 1540 4668 Dei
1567 4615 1728 4684 justi-
1761 4617 2129 4690 Djudicantes
2155 4613 2426 4668 duodecim
2449 4610 2610 4666 tribus
2627 4609 2791 4664 Israel
2816 4609 3010 4682 (Matth
3057 4610 3194 4682 xu).
3213 4613 3434 4682 Autipsi

177 4696 319 4759 tia.et
346 4715 540 4769 pax,et
570 4703 821 4774 gaudium
853 4712 966 4768 est;
997 4720 1126 4776 etgo
1155 4706 1244 4776 qui
1269 4705 1318 4760 in
1348 4706 1464 4760 istis
1494 4721 1728 4760 cummo-
1839 4709 1962 4766 coeli
1999 4707 2258 4777 incipiant
2283 4719 2310 4758 a
2344 4703 2565 4758 Christo
2597 4701 2808 4772 regnari
2829 4743 2844 4768 ,
2879 4712 2901 4740 ε
2927 4715 3049 4756 cum
3074 4703 3287 4758 scilicet
3316 4719 3433 4758 om-

177 4795 313 4856 ratur,
343 4793 460 4850 sine
481 4795 652 4850 dubio
679 4796 732 4850 in
755 4811 922 4866 regno
949 4797 1048 4852 Dei
1069 4809 1182 4862 est;
1211 4808 1266 4852 et.
1295 4812 1327 4854 e
1352 4799 1626 4852 contrario
1657 4799 1732 4853 illi
1839 4800 1998 4856 uibus
2041 4799 2091 4854 ei
2139 4796 2396 4867 subjectis
2439 4793 2670 4866 coeperit
2699 4808 2820 4850 esse
2849 4795 3029 4850 omnia
3071 4793 3126 4850 in
3174 4793 3428 4850 omnibus

255 950 700 1019 Germanuszouis
733 965 864 1020 ergo
897 959 1094 1018 potest,
1123 949 1294 1020 fragili
1317 963 1478 1004 carne
1505 948 1738 1004 circnm-

203 1048 335 1110 datus,
365 1043 431 1098 ita
457 1059 580 1099 esse
612 1044 738 1098 huic
770 1045 993 1098 theorite
1017 1059 1228 1108 semper
1256 1041 1470 1107 affixus,
1497 1049 1556 1096 ut
1585 1057 1740 1096 num-

203 1155 320 1210 quam
339 1138 532 1206 cogitet
559 1136 628 1190 de
655 1135 838 1189 fratris
883 1136 1140 1204 adventu,
1166 1137 1234 1191 de
1255 1135 1566 1190 visitatione
1587 1132 1740 1188 inﬁr-

201 1234 270 1294 ιιιί.
293 1231 348 1282 de
375 1245 540 1300 Opere
565 1245 840 1292 manuum,
873 1231 956 1283 vel
992 1241 1138 1284 certe
1164 1229 1231 1283 de
1259 1227 1614 1292 humanitate,
1649 1225 1736 1280 vel

203 1320 472 1394 peregrinis,
503 1321 584 1374 vel
643 1319 1052 1374 advenientibus
1084 1319 1424 1373 exhibenda?
1459 1318 1736 1372 Postremo

200 1417 288 1486 quis
308 1429 400 1467 non
429 1412 806 1480 interpelletur
837 1411 1084 1480 COrporis
1115 1414 1280 1481 ipsius
1317 1412 1624 1480 provisione
1653 1408 1736 1464 vel

201 1509 324 1562 cura?
347 1517 434 1560 aut
460 1507 914 1574 quemadmodum
939 1520 1112 1570 utens,
1145 1507 1228 1560 vel
1265 1505 1317 1558 in
1345 1520 1450 1574 quo
1483 1504 1562 1558 illi
1603 1503 1738 1557 invi-

199 1598 309 1654 sibili
330 1607 375 1650 et
401 1596 928 1667 incomprehensibili
957 1597 1065 1652 Dco
1094 1599 1270 1652 valeat
1300 1595 1736 1666 inseparabiliter

1213 4955 1472 5012 ALARDI
1507 4956 1740 5012 GAZJEI
1778 4954 2343 5013 COMMENTARIUS.

233 5073 254 5100 ι
293 5066 449 5142 varia
479 5081 540 5124 et
583 5071 862 5141 multiplex
913 5081 1000 5128 est
1037 5071 1198 5140 hujus
1240 5071 1522 5128 sententiae
1572 5071 1737 5128 inter-

1852 5087 1949 5141 per
1977 5071 2424 5142 prmlibationem,
2459 5081 2556 5122 seu
2600 5065 3092 5142 participationem,
3119 5071 3176 5120 et
3217 5072 3433 5142 gustum

181 5139 402 5214 ιβιδιίοτ
435 5141 577 5196 Nam
605 5144 714 5214 hic
743 5137 908 5200 abbas
925 5137 1144 5213 regnum
1177 5143 1270 5197 Dei
1305 5143 1444 5198 intra
1485 5157 1584 5196 nos
1621 5159 1743 5199 esse
1849 5137 2136 5214 quemdam
2169 5141 2310 5196 illius
2337 5181 2352 5206 ,
2388 5153 2547 5214 quem
2577 5139 2758 5214 animo
2783 5137 3150 5214 percipimus_:
3203 5145 3256 5189 et
3285 5137 3432 5214 quia,

177 5202 316 5284 dicit,
367 5211 500 5267 dum
563 5213 686 5282 ejus
743 5202 1012 5270 habemus
1049 5215 1434 5284 Cognitionetn.
1499 5214 1604 5268 Alii
1663 5217 1742 5268 in-
1853 5202 1910 5267 ιῖι
1951 5215 2026 5266 ait
2061 5202 2352 5280 Aposmlus
2383 5202 2829 5284 ,'_Ipse_spiritus
2878 5202 3218 5284 testimonium
3265 5202 3436 5284 reddit

178 5282 258 5373 ξιξ.
277 5295 370 5334 nos
405 5299 538 5338 esse
587 5277 728 5339 idem
775 5277 1144 5373 esseminant",
1171 5287 1312 5352 quod
1345 5287 1396 5340 in
1431 5297 1610 5373 nostra
1645 5301 1743 5354 po-
1849 5277 2453 5373 spiritui.ii‘asp;o,_quod
2483 5277 2740 5373 'ﬁliilDQei
2777 5295 2952 5373 :‘qmus
2983 5277 3164 5373 (R0121;
3188 5277 3337 5373 VIIII):
3361 5277 3438 5332 lla

180 5353 342 5430 testate
365 5369 524 5430 esse;
563 5345 1014 5426 quemadmodum
1051 5345 1338 5430 Deuterou.
1366 5373 1480 5430 χιι
1502 5345 1739 5412 dicitur:
1851 5345 2144 5430 Gregorius
2189 5345 2442 5430 Nazianz.
2490 5345 2629 5430 apud
2673 5349 3038 5430 S_._'I‘bomam
3094 5345 3199 5430 (In
3245 5347 3438 5430 Catena

181 5415 452 5498 laudatum
487 5415 598 5480 Ιὶοέ
617 5431 754 5494 quod
775 5445 868 5494 ego
901 5429 1141 5494 pra-‘cipio
1163 5429 1251 5480 tibi
1269 5427 1444 5490 hodie,
1467 5445 1566 5480 non
1585 5444 1744 5498 supra
1851 5415 2070 5496 Aurea).
2103 5427 2237 5492 Quae
2266 5415 2640 5491 interpretatio
2671 5421 2884 5498 videtur
2911 5421 3073 5474 etiam
3106 5419 3230 5474 huic
3255 5421 3438 5474 abbati

179 5497 232 5568 te.
257 5509 338 5546 nec
359 5501 552 5567 procul
585 5500 806 5562 positum
835 5513 940 5566 est;
969 5501 1058 5553 sed
1097 5503 1248 5568 juxta
1279 5510 1350 5554 est
1390 5515 1557 5553 sermo
1595 5494 1742 5554 valde
1851 5499 1905 5568 pl
1924 5494 2142 5568 tcuisse,
2176 5507 2232 5550 ut
2263 5507 2408 5564 patet
2439 5509 2504 5548 ex
2530 5494 2899 5568 sequentibus.

179 5559 220 5612 in
241 5579 316 5618 ore
341 5559 548 5640 fumus
579 5559 782 5636 facias,
813 5559 1058 5640 etcfAhi
1087 5559 1306 5638 regnum
1343 5571 1436 5624 Dei
1471 5577 1609 5624 intra
1643 5587 1742 5623 nos
1853 5559 1868 5568 ’
1923 5567 1947 5606 δ
1987 5559 2136 5624 Nota
2183 5559 2446 5637 triplicem
2505 5559 2656 5640 regni
2709 5563 2970 5616 caelorum
3023 5561 3394 5629 acceptionem
3419 5607 3433 5630 ,

179 5645 420 5707 pponam
449 5633 740 5696 Christum
769 5633 880 5706 per
929 5637 1089 5696 ﬁdem
1137 5633 1188 5696 in
1235 5641 1490 5696 cordibus
1543 5643 1743 5696 nostris
1850 5643 2102 5705 activi-ni,
2131 5633 2769 5707 passivam,elltipal_em.

181 5699 510 5780 habitantem.
543 5713 654 5768 Alli
697 5699 914 5780 regnum
959 5715 1050 5768 Dei
1083 5715 1222 5767 intra
1255 5728 1350 5768 nos
1381 5727 1503 5768 esse
1534 5715 1735 5780 dicunt,
1926 5723 1946 5750 ο
1991 5711 2066 5765 De
2091 5699 2212 5764 'b'ac
2249 5699 2515 5764 sententia
2555 5704 2790 5780 diximus
2821 5703 2929 5757 alio
2957 5702 3078 5780 loco
3111 5701 3253 5780 (ρει.
3285 5717 3314 5753 ν
3347 5701 3435 5780 In-

177 5777 278 5854 guie
307 5780 396 5837 Dei
433 5785 736 5852 imaginem
759 5774 840 5840 ‘ad
884 5801 1042 5854 quam
1077 5787 1202 5840 lacti
1230 5799 1436 5852 sumus,
1475 5786 1611 5840 intra
1645 5774 1742 5838 nos
1847 5781 2016 5854 stitut.
2049 5799 2102 5854 c.
2125 5781 2216 5848 4);
2251 5783 2318 5836 de
2346 5793 2446 5850 qua
2469 5785 2525 5832 et
2555 5775 2622 5830 D.
2653 5775 2877 5832 Hieron.
2908 5775 3069 5844 epist.
3105 5774 3172 5830 ad
3200 5775 3428 5852 Amnnd.

179 5841 430 5908 habemus.
461 5841 583 5910 Alii
615 5855 844 5924 denique
886 5841 1020 5912 intra
1069 5871 1168 5912 nos
1213 5871 1334 5910 esse
1382 5841 1604 5924 regnum
1648 5855 1738 5910 Dei
1851 5851 2042 5924 (Epist.
2079 5841 2214 5914 ἐπί
2363 5841 2375 5850 ’
2946 5841 2958 5844 “
3415 5849 3418 5852 ’
3475 5859 3492 5868 ·
