3966 6326
276 325 364 388 501
977 333 1315 390 COLLATIO
1356 335 1395 390 1.
1425 364 1497 376 -
1527 327 1616 390 DE
1657 335 1834 392 ΜΟΝΑ

1939 335 1967 392 ll
2011 333 2423 398 ΙΝΤΕΝΤΙΟΝΕ
2488 341 2575 397 AC
2613 342 2792 398 FlNE.

3427 337 3534 401 502

276 463 388 502 nem
415 445 576 516 huius
620 447 866 516 corporis
894 449 1086 504 animae
1115 494 1129 517 ,
1178 465 1352 520 neque
1394 451 1528 506 nihil
1563 453 1800 507 sentiant
1827 495 1841 520 ,
1873 466 1921 522 Α
1949 468 2096 519 aaro,
2128 463 2182 510 et
2206 455 2374 513 divite
2412 468 2704 528 purpurato
2738 458 3028 528 profertur,
3057 459 3295 515 ostendit
3321 458 3339 528 (
3371 457 3532 514 Luca!

273 543 423 594 etiam
462 541 744 612 Evangelii
779 543 1031 612 parabole
1054 586 1067 609 ,
1109 558 1230 614 quas
1257 543 1326 598 de
1354 543 1453 598 illo
1477 559 1712 614 paupere
1747 544 1845 600 La-

1954 548 2097 618 m);
2130 562 2354 618 quorum
2379 565 2519 604 unus
2543 551 2907 607 beatissimam
2932 551 3139 619 sedem,
3173 550 3226 606 id
3256 561 3360 616 est,
3380 552 3531 605 sinus

1325 725 1578 781 ALARDI
1615 726 1853 782 GAZEI
1890 725 2452 788 COMMENTARIUS.

273 864 508 928 potentia:
535 872 660 915 sunt
690 864 742 917 in
787 867 1061 923 coniuncto
1092 864 1170 932 (id
1199 871 1291 926 est,
1321 865 1623 931 composito,
1648 862 1841 918 scilicet

271 931 493 1002 homine)
528 933 659 986 sicut
692 935 743 987 in
771 936 1018 1004 subjecto,
1045 931 1175 988 sicut
1212 950 1384 987 omnes
1412 936 1656 1004 potentite
1681 934 1841 987 sensi-

269 1007 382 1057 tive
423 1005 611 1072 partis,
644 1015 691 1057 et
739 1005 1014 1058 nutritioc.
1067 1005 1338 1075 Destructo
1385 1015 1556 1058 autem
1610 1005 1842 1075 subjecto

269 1092 364 1130 non
395 1085 566 1145 potest
595 1077 835 1130 accidens
856 1092 1137 1131 remanere.
1170 1074 1320 1132 Unde
1349 1085 1598 1146 corrupto
1623 1074 1844 1143 coitiun-

268 1157 347 1199 cto
374 1147 448 1215 (id
472 1157 579 1210 e-I,
613 1148 938 1216 composito)
969 1164 1067 1201 non
1098 1156 1304 1200 manent
1336 1146 1640 1216 Itujusntodi
1665 1158 1844 1216 poten-

268 1218 351 1268 tia?
370 1227 513 1276 actu,
548 1215 638 1268 sed
673 1218 857 1270 rirtute
904 1227 1098 1270 tantum
1143 1225 1344 1269 manent
1385 1215 1434 1268 in
1484 1220 1675 1282 animo,
1711 1221 1842 1270 sicut

269 1288 317 1339 in
349 1288 724 1358 principio,sel
747 1288 936 1341 radice.
960 1289 1023 1342 Et
1052 1288 1125 1341 sic
1147 1289 1338 1356 falsum
1362 1297 1435 1340 est
1460 1289 1600 1358 quod
1629 1289 1840 1353 quidam

267 1357 465 1419 dicunt,
492 1357 800 1429 hujusmodt'
830 1361 1080 1421 potentias
1109 1361 1161 1414 in
1205 1360 1381 1414 anima
1408 1357 1668 1414 remanere
1688 1361 1841 1413 etiam

266 1439 510 1495 corrupto
539 1445 775 1497 corpore.
806 1429 873 1490 Et
903 1432 1066 1484 multo
1104 1431 1288 1498 [alsius
1318 1430 1456 1496 quod
1484 1431 1658 1484 dicunt
1688 1432 1840 1484 etiam

265 1509 408 1552 actus
435 1500 623 1552 harum
651 1503 996 1569 potentiorum
1021 1516 1280 1554 remanere
1305 1501 1355 1552 in
1378 1501 1549 1552 animo
1579 1513 1834 1565 separato,

265 1571 385 1636 quia
412 1571 600 1623 talium
626 1573 965 1637 potentiorum
997 1573 1141 1625 nulla
1166 1579 1238 1624 est
1263 1572 1416 1635 actio,
1434 1572 1535 1623 nisi
1562 1589 1651 1636 per
1681 1588 1838 1641 orga-

269 1658 388 1694 num
409 1657 740 1712 corporeum.
761 1642 832 1696 ita
856 1643 894 1698 S
932 1643 1173 1696 Thomas
1201 1644 1241 1712 (1
1260 1655 1422 1711 ραν-1.,
1457 1649 1507 1706 Δ,
1535 1643 1625 1705 77,
1645 1643 1836 1706 art.8;

264 1714 393 1788 ius,
419 1712 553 1767 dist.
579 1711 673 1788 μ,
701 1731 752 1784 q.
777 1717 833 1778 3,
859 1713 1136 1788 a_.A;’i,q.i_;
1159 1711 1460 1788 eiquodlib.
1485 1714 1538 1788 7_,
1573 1715 1659 1788 it,
1683 1731 1735 1767 a.
1757 1717 1836 1779 8).

265 1783 342 1837 Ad
384 1785 766 1838 auctoritatem
797 1801 859 1839 ex
896 1783 1036 1840 libro
1074 1784 1142 1839 de
1179 1783 1379 1854 Spiritu
1419 1794 1472 1836 et
1503 1783 1715 1848 Anima,
1748 1801 1838 1838 re-

264 1855 495 1922 spondet
527 1853 741 1908 Librnin
770 1855 915 1909 illum
949 1873 1049 1908 non
1082 1853 1268 1908 habere
1297 1855 1659 1908 auctoritatem
1686 1896 1700 1919 ,
1733 1870 1838 1908 non

264 1927 406 1976 t'ﬂltti
440 1935 528 1979 est
551 1925 869 1995 Augustini;
899 1928 967 1980 ile
992 1942 1098 1995 quo
1127 1927 1253 1982 vide
1285 1926 1670 1980 Bellarminum
1695 1925 1836 1996 (Lib.

264 1997 327 2068 de
361 1997 632 2068 Scriptor.
666 1997 814 2052 Eccl.
840 2002 892 2051 in
926 1997 1258 2068 Augustino).
1288 1996 1465 2052 Potest
1514 2007 1682 2052 tamen
1715 1999 1838 2062 dici,

263 2067 454 2134 inquit,
485 2069 625 2136 quod
646 2069 840 2140 anima
881 2067 1049 2126 secum
1083 2067 1241 2140 trahit
1264 2069 1558 2140 hujusiuodi
1587 2071 1840 2136 potentias

264 2155 365 2191 non
392 2148 533 2202 actu,
565 2139 655 2192 sed
680 2139 880 2194 virtute.
909 2140 1060 2206 Quod
1086 2139 1326 2205 intellige
1348 2139 1415 2193 de
1443 2141 1693 2192 sensibus
1720 2153 1840 2193 coro

266 2210 471 2274 porcis,
500 2220 558 2262 et
585 2213 987 2279 imaginatione,
1014 2219 1066 2263 t-t
1089 2215 1326 2280 appetitu
1350 2210 1756 2279 eoneupiscibili
1786 2219 1842 2265 et

263 2280 561 2345 irascib'ili;
604 2296 730 2336 nam
777 2281 1110 2338 intellectum
1161 2291 1215 2336 et
1255 2281 1586 2336 voluntatem
1625 2291 1832 2336 certum

261 2360 346 2406 est
376 2366 598 2406 manere
624 2360 744 2406 actu
775 2354 824 2406 in
855 2355 1031 2406 anima
1057 2364 1303 2419 separata
1335 2371 1345 2404 :
1378 2351 1633 2406 memoria
1657 2363 1836 2407 autem

261 2421 649 2476 intellectualis
693 2422 869 2490 rcipsa
935 2424 1074 2478 idem
1129 2432 1212 2477 est
1257 2438 1378 2477 cum
1434 2423 1733 2489 intellectu,
1782 2432 1840 2478 et

264 2504 474 2563 tantum
504 2493 720 2548 ratione
740 2494 917 2548 diﬂ‘crt
939 2510 952 2559 ;
977 2494 1043 2548 de
1069 2510 1170 2563 quzi
1190 2493 1353 2548 etiam
1385 2495 1597 2561 epuloni
1628 2497 1838 2562 sepulto

263 2562 315 2619 in
349 2565 565 2618 interno
593 2565 798 2620 dictum
827 2576 909 2619 est
935 2583 947 2619 ι
982 2562 1297 2625 Recordare,
1329 2566 1428 2635 ﬁli,
1449 2566 1570 2634 quia
1596 2566 1838 2635 recepisti

263 2635 396 2705 bona
425 2636 478 2688 in
503 2636 610 2689 vita
643 2645 731 2690 tua
755 2636 909 2705 (Luc.
943 2639 1072 2704 xw),
1103 2647 1207 2691 etc.
1241 2637 1501 2692 Similiter
1528 2646 1581 2689 et
1614 2636 1748 2689 lilier
1771 2637 1838 2691 de

263 2701 665 2760 Ecclesiasticis
696 2701 1042 2771 Dogmutibus
1071 2724 1176 2760 non
1209 2716 1293 2760 est
1321 2707 1378 2760 D.
1411 2707 1714 2774 Augustini,
1743 2707 1834 2761 sed

263 2776 533 2830 Gennadil
565 2777 917 2831 Massiliensis
947 2792 1048 2830 non
1077 2791 1282 2845 magna:
1322 2778 1658 2830 auctoritatis
1699 2779 1839 2833 inter

263 2848 669 2918 ecclesiasticos
697 2849 994 2915 scriptores
1019 2866 1034 2910 ;
1068 2849 1160 2918 qui
1186 2857 1367 2903 tamen
1399 2852 1566 2902 etiam
1595 2849 1834 2916 seipsum

265 2928 412 2999 recte
454 2917 712 2999 explicat,
733 2920 857 2986 dum
880 2917 1262 2999 _:iit(Cap..l9)
1294 2936 1309 2973 :
1344 2919 1556 2972 Duabus
1596 2920 1838 2999 substan-

268 2990 352 3041 tiis
383 2998 591 3041 tantum
641 3002 837 3044 constat
871 2997 1040 3057 homo,
1072 2991 1246 3042 anima
1285 3001 1329 3043 et
1379 3006 1592 3052 corpore
1624 2993 1836 3045 :aninia

264 3075 381 3112 cum
412 3062 615 3112 ratione
641 3075 752 3116 sua.
783 3071 829 3114 et
872 3077 1086 3132 corpore
1128 3075 1244 3112 cum
1270 3061 1501 3113 sensibus
1531 3063 1658 3118 suis.
1695 3061 1836 3127 Quos

264 3141 438 3185 tamen
468 3148 648 3184 sensus
671 3132 862 3202 absque
885 3135 1074 3186 animi:
1108 3133 1351 3185 societate
1386 3149 1486 3186 non
1533 3145 1694 3186 movet
1720 3149 1839 3187 cor-

265 3219 380 3261 pus.
416 3203 606 3255 Anima
635 3220 746 3256 twro
769 3215 818 3257 et
848 3205 960 3258 sine
980 3219 1194 3264 corpore
1221 3203 1476 3256 rationale
1505 3220 1655 3256 suum
1679 3215 1831 3264 tenet.

262 3269 422 3332 Unde
465 3272 629 3327 infert
659 3277 712 3325 ε.
747 3274 980 3328 Thomas
1015 3271 1304 3340 (Quod/ib.
1337 3273 1364 3326 ‘i
1409 3287 1507 3326 art.
1554 3275 1607 3340 8)
1645 3294 1654 3326 :
1692 3273 1833 3340 Ergo

262 3344 515 3411 defuncta
561 3359 716 3398 carne
754 3346 993 3413 poteiitia'
1034 3345 1285 3398 sensitive:
1337 3360 1439 3397 non
1491 3355 1718 3398 manent.
1752 3344 1833 3400 Ad

260 3413 649 3469 Cassiodorum
677 3417 983 3484 respondet,
1011 3415 1150 3484 quod
1203 3416 1334 3468 sicut
1378 3418 1701 3476 Operationes
1747 3433 1835 3470 oo-

262 3487 479 3540 liintatis
537 3496 750 3558 prapter
796 3486 1076 3558 quamdam
1111 3485 1502 3558 similitudinem
1541 3487 1832 3558 nominibus

1951 877 2121 938 tanget
2163 869 2279 922 illas
2302 878 2616 938 tormentum
2651 871 2849 925 mortis.
2878 870 3005 934 Sap.
3034 887 3112 925 ιιι.
3163 871 3232 925 Et
3266 871 3430 927 nolite
3468 873 3532 925 tie

1949 937 2083 991 mere
2115 956 2197 989 eos
2226 937 2310 1011 qui
2330 941 2572 1011 occidunt
2595 957 2800 1011 corpus,
2830 943 3060 994 animam
3087 952 3255 995 autem
3279 959 3380 997 non
3409 959 3529 1009 pos«

1946 1020 2064 1062 sunt
2093 1010 2345 1083 occidere.
2375 1009 2431 1063 In
2466 1009 2724 1080 Symbol'o
2756 1022 2864 1065 tam
2899 1013 3210 1083 Apusiolico
3241 1029 3401 1083 quam
3431 1013 3527 1068 Ni-

1946 1093 2098 1134 c-a'no
2145 1090 2199 1134 et
2245 1082 2659 1148 Constantinop.
2704 1083 3020 1147 proﬁtemur
3081 1082 3528 1139 Resurrectionem

1947 1153 2140 1220 carnis,
2174 1153 2292 1203 sive
2321 1162 2654 1213 mortuorum.
2686 1163 2733 1206 et
2769 1155 2922 1207 vitam
2963 1165 3228 1218 internum,
3257 1170 3378 1220 qua:
3405 1155 3523 1210 atii-

1949 1238 2088 1275 aiam
2133 1230 2369 1275 nostram
2403 1223 2656 1291 supponit
2700 1239 2821 1278 esse
2857 1225 3241 1280 immortalem.
3274 1223 3409 1279 Hinc
3437 1225 3518 1280 di-

1946 1307 2041 1344 vus
2072 1293 2434 1363 Hieronymus
2463 1295 2530 1346 ad
2573 1294 2747 1348 locum
2793 1295 2941 1348 illum
2978 1295 3162 1349 Mitih.
3197 1312 3328 1359 uti,
3363 1309 3522 1362 quem

1947 1364 2033 1418 liic
2059 1366 2192 1418 citat
2217 1365 2381 1435 etiam
2413 1367 2657 1419 Auctor:
2689 1365 2771 1418 Ad
2800 1367 3161 1429 aeternitatem,
3189 1368 3383 1435 inquit,
3408 1369 3523 1420 ani-

1947 1451 2148 1487 marum
2173 1434 2531 1507 probandam;
2546 1435 2609 1489 de
2639 1435 2784 1490 Mose
2807 1436 2886 1507 (id
2916 1447 3017 1498 est.
3049 1437 3116 1491 de
3135 1434 3299 1507 libris
3330 1437 3517 1507 Mosis)

1946 1507 2086 1576 ponit
2119 1503 2405 1576 escinplam
2439 1521 2455 1576 ί
2484 1503 2598 1576 Ego
2643 1524 2754 1576 sum
2799 1503 2937 1560 Deus
2982 1506 3260 1570 Abraham,
3289 1519 3336 1562 et
3383 1503 3522 1564 Deus

1947 1524 2085 1571 ροητι
2119 1524 2258 1559 ϐῙιἸΗ
2302 1524 2405 1557 tum
2439 1524 2455 1556 .'
2484 1524 2598 1576 bgo
2643 1524 2754 1559 sum
2799 1524 2937 1560 uetts
2982 1524 3260 1570 Atiranam,
3289 1524 3336 1562 et
3383 1524 3521 1564 U€u8

1947 1575 2098 1648 istinc
2161 1584 2211 1630 et
2253 1524 2394 1628 Beas
2421 1573 2583 1629 Iacob
2612 1575 2807 1648 (Exod.
2861 1583 2964 1645 iit).
2999 1579 3286 1648 Statimque
3312 1578 3469 1647 infert
3501 1595 3521 1633 :

1948 1645 2068 1699 Non
2120 1658 2190 1699 est
2243 1655 2560 1700 mortuorum
2604 1645 2765 1710 Deus,
2803 1651 2893 1702 sed
2941 1645 3210 1702 uiuentium
3244 1665 3261 1702 :
3294 1645 3375 1702 ut'
3401 1665 3520 1703 cum

1944 1718 2228 1790 probaverit
2251 1718 2453 1790 animus
2475 1735 2772 1785 permanere
2792 1730 2905 1790 post
2935 1732 3146 1772 mortem
3178 1721 3362 1789 (neque
3383 1723 3519 1774 enim

1944 1797 2142 1862 poterat
2176 1788 2288 1862 ﬁeri
2310 1797 2364 1841 ut
2396 1806 2572 1841 eorum
2603 1799 2729 1862 esset
2769 1788 2901 1862 Deus
2932 1794 3018 1860 qui
3050 1788 3366 1862 nequaquam
3394 1795 3518 1844 sub-

1943 1858 2224 1927 sisterent),
2272 1867 2632 1925 consequenter
2675 1858 3088 1913 introduceretur
3124 1858 3189 1913 ἐι
3225 1858 3515 1926 corporum

1944 1932 2430 2002 resurrectio,qute
2475 1946 2590 1983 cum
2636 1932 2909 1985 animabus
2975 1933 3108 1984 bona
3156 1933 3353 1985 malaue
3403 1949 3519 2002 ges-

1943 2013 2134 2055 serunt.
2163 2001 2256 2055 llis
2284 2001 2499 2054 demum
2527 2006 2772 2070 accessit
2801 2017 3057 2070 expressa
3093 2003 3348 2056 Ecclesia:
3371 2001 3507 2057 deli-

1946 2075 2086 2125 nitio
2140 2071 2191 2125 iu
2241 2071 2473 2124 concilio
2524 2069 2868 2127 Lateriinensi
2922 2075 3131 2136 ultimo,
3165 2088 3300 2127 sess.
3334 2075 3386 2138 8,
3425 2074 3516 2127 ubi

1944 2143 2107 2195 etiam
2160 2141 2444 2195 damnatur
2499 2142 2598 2195 iste
2645 2143 2838 2198 modus
2883 2144 3134 2208 loquendi
3168 2162 3180 2196 :
3212 2143 3398 2196 Anima
3439 2155 3516 2198 est

1941 2213 2248 2266 immortalis
2297 2213 2578 2266 secundum
2606 2214 2795 2280 ﬁdem;
2824 2214 2914 2267 sed
2957 2215 3189 2267 mortalis
3233 2214 3515 2268 secundum

1940 2285 2217 2345 rationem.
2251 2284 2326 2337 vel
2357 2283 2755 2350 philosophiam.
2786 2285 2900 2350 Qun
2933 2287 3220 2339 utebantur
3267 2286 3511 2340 nonnulli

1941 2354 2297 2425 philostipltim
2323 2353 2546 2425 nimium
2575 2353 2797 2409 addicti.
2825 2355 2978 2409 Circa
3019 2355 3264 2418 tertium,
3299 2358 3512 2425 animas

1942 2424 2250 2480 Sanctmum
2276 2424 2642 2494 acorporibus
2672 2435 2948 2492 separatas
2978 2441 3081 2478 non
3111 2424 3507 2488 videreDeuui,

1942 2511 2041 2551 nec
2072 2499 2172 2550 trul
2203 2495 2533 2549 beatitudine
2576 2496 2804 2560 cmlesti,
2834 2497 2927 2549 sed
2966 2496 3032 2549 ad
3074 2510 3246 2565 usque
3274 2498 3509 2550 extremi

1933 2566 2124 2636 judicii
2149 2567 2290 2622 diem
2316 2567 2518 2620 servari
2554 2567 2605 2618 iii
2639 2567 2955 2631 quibusdam
2979 2567 3174 2620 abditis
3197 2575 3508 2635 receptacu-

1941 2639 2029 2702 lis,
2064 2638 2150 2694 iibi
2186 2653 2286 2692 nec
2332 2637 2498 2692 Deum
2543 2638 2778 2701 videant,
2810 2652 2909 2691 nec
2939 2638 3107 2691 beatas
3148 2637 3251 2691 dici
3281 2638 3504 2705 possint,

1943 2707 2046 2762 nisi
2080 2708 2131 2763 in
2163 2724 2279 2776 spe.
2304 2708 2485 2761 docuit
2515 2707 2568 2762 in
2616 2707 2804 2778 primis
2853 2707 3218 2763 Tertullianus
3261 2708 3508 2778 pluribus

1941 2779 1996 2832 in
2027 2779 2178 2833 locis.
2211 2779 2415 2833 Deinde
2439 2777 2955 2848 Vigilantiiis,quem
2985 2779 3278 2848 suggillans
3301 2777 3510 2831 D.Hle-

1941 2866 2201 2921 rooymus
2235 2849 2371 2919 (Lib.
2413 2847 2593 2903 contra
2635 2847 2906 2919 Vigilant.)
2935 2867 2948 2902 :
2981 2850 3100 2921 Ais,
3133 2847 3324 2921 inquit,
3353 2849 3429 2901 uel
3453 2851 3510 2902 its

1940 2918 2058 2992 sinu
2093 2918 2330 2984 Abrahae,
2356 2922 2430 2974 vel
2462 2924 2513 2972 in
2560 2921 2673 2974 loco
2699 2918 2996 2992 refrigerii,
3024 2920 3103 2973 vel
3153 2918 3329 2992 subter
3358 2935 3507 2972 arum

1940 2991 2042 3046 Dei
2070 2994 2270 3045 animas
2300 2991 2651 3059 apostolorum
2677 2999 2722 3044 et
2764 2990 3048 3061 martyrum
3081 2990 3390 3053 consedisse,
3415 3007 3510 3043 nec

1941 3080 2086 3131 posse
2113 3067 2222 3116 suis
2247 3063 2454 3116 tumulis
2482 3071 2530 3115 et
2560 3062 2645 3114 tibi
2675 3062 2928 3115 coluerint
2956 3077 3065 3115 esse
3089 3070 3360 3131 priesentes
3385 3075 3402 3111 :
3428 3075 3510 3113 sc-

1941 3136 2158 3187 natoriw
2185 3135 2417 3187 uidelicet
2447 3133 2713 3205 dignitatis
2739 3142 2878 3194 sunt,
2905 3143 2962 3186 ut
2992 3147 3092 3205 non
3122 3133 3255 3185 inter
3277 3131 3497 3184 homici-

1939 3205 2032 3258 άιιις
2065 3206 2322 3258 teterrima
2353 3203 2578 3268 carcere,
2602 3203 2691 3256 sed
2721 3205 2772 3258 in
2812 3205 2969 3258 libera
2997 3204 3301 3268 honestoque
3340 3212 3510 3256 custo-

1938 3279 2046 3336 dia,
2081 3276 2131 3326 in
2156 3275 2537 3344 fortunatorum
2572 3275 2776 3341 insulis,
2801 3282 2853 3344 et
2898 3277 2950 3327 in
2975 3274 3168 3344 cantpis
3202 3271 3393 3344 Elysiis
3420 3290 3504 3327 re-

1938 3345 2236 3398 cludantur.
2269 3343 2374 3398 llos
2414 3344 2585 3399 secuti
2624 3353 2751 3399 sunt
2786 3343 2981 3410 Grzcci,
3009 3354 3065 3397 ut
3091 3343 3242 3413 patet
3281 3358 3346 3398 ex
3375 3357 3506 3396 con-

1937 3418 2064 3470 cilio
2115 3417 2366 3470 Florent.
2408 3431 2545 3470 ωδε.
2574 3416 2626 3479 1,
2665 3429 2726 3468 ac
2777 3417 2993 3470 demum
3036 3417 3203 3468 nostri
3251 3416 3506 3481 temporis

1938 3488 2178 3552 sectarii,
2207 3485 2501 3549 Lutberus,
2532 3485 2809 3551 Calvinus,
2834 3496 2891 3538 et
2928 3485 3036 3547 alii,
3088 3495 3142 3537 ut
3191 3485 3376 3538 videre
3419 3493 3505 3540 est

262 3547 580 3630 passionum,
612 3547 727 3626 qua:
765 3547 884 3630 sunt
926 3557 978 3610 in
1018 3553 1247 3630 appetitu
1286 3557 1556 3630 sensitivo;
1578 3557 1650 3630 ita
1677 3559 1830 3630 etiam
1859 3547 1902 3609 C
1936 3557 2076 3630 apud
2119 3547 2496 3612 Bellaruiinuui
2523 3555 2709 3630 (ωλι
2741 3547 2806 3608 tle
2838 3555 3028 3622 Beatis,
3058 3570 3172 3624 cap.
3208 3557 3232 3610 1
3264 3564 3310 3608 et
3341 3557 3496 3626 seq.),

258 3627 558 3681 intellectus
605 3627 923 3697 operationes
956 3627 1285 3680 nominantur
1335 3627 1398 3680 ab
1445 3629 1829 3697 operationibus

257 3713 507 3750 sensuum
539 3696 748 3766 propter
792 3697 1181 3752 similitudinem
1207 3714 1224 3756 .°
1252 3708 1302 3752 et
1329 3698 1400 3749 sic
1443 3696 1674 3768 lbquitur
1708 3696 1827 3753 Cas-

256 3768 521 3823 tiodorus.
548 3772 722 3837 Atque
752 3769 940 3824 eodem
990 3768 1150 3821 modo
1184 3767 1376 3836 exponi
1409 3767 1581 3837 pi'itest
1620 3769 1832 3823 Cassia-

257 3854 380 3897 iius.
418 3840 546 3892 dum
592 3843 669 3893 ait
719 3843 949 3894 animam
997 3848 1299 3906 separatam
1347 3855 1452 3895 non
1496 3854 1681 3896 carere
1713 3843 1832 3896 istis

259 3911 568 3980 aﬂeciibus,
603 3925 797 3979 nempe
840 3911 1035 3980 gaudio
1077 3919 1133 3963 et
1183 3910 1418 3972 tristitia.
1453 3926 1546 3979 spe
1576 3923 1629 3966 et
1661 3922 1828 3968 metu.

257 3979 388 4034 Nam
446 3982 582 4036 sicut
627 3979 912 4038 beatorum
962 3983 1156 4036 animai
1201 3981 1432 4049 gaudent
1461 3985 1528 4036 de
1577 3985 1830 4048 praemiis.

255 4054 324 4105 ita
357 4061 573 4106 certum
603 4065 687 4107 est
714 4053 1088 4107 damnatorum
1113 4054 1317 4106 animas
1342 4054 1545 4108 tristari
1571 4055 1637 4108 de
1660 4056 1836 4124 pinnis

255 4133 310 4174 et
332 4125 716 4189 suppliciis,et
739 4123 928 4179 eadem
959 4133 1224 4192 metuere,
1245 4133 1302 4177 ut
1325 4133 1468 4191 patet
1486 4125 1554 4179 de
1580 4123 1831 4193 epulone.

253 4198 321 4246 At
347 4193 660 4262 huiusmodi
686 4194 962 4265 passiones
986 4209 1089 4248 non
1112 4207 1235 4248 sunt
1266 4197 1536 4264 appetitus
1563 4199 1831 4258 seusitivl.

252 4266 348 4336 sed
395 4265 716 4320 intellectivi
758 4275 812 4319 et
843 4266 1144 4330 rationalis.
1179 4266 1313 4336 Spes
1357 4277 1533 4321 autem
1573 4282 1694 4322 cum
1735 4285 1836 4324 nec

255 4333 443 4390 beatis
482 4350 577 4390 nec
615 4336 885 4391 damnatis
931 4333 1245 4399 conveniat,
1288 4337 1422 4391 solis
1463 4339 1741 4394 animabus
1781 4342 1832 4394 iii

255 4409 575 4471 [iurgatorio
601 4407 958 4462 existentibus
990 4407 1153 4462 tribui
1182 4417 1387 4476 potest,
1414 4410 1554 4462 sicut
1579 4420 1632 4462 et
1676 4409 1833 4467 ﬁdes.

253 4478 500 4541 Speraui
525 4478 666 4550 enim
693 4489 745 4533 et
776 4480 1006 4534 credunt
1034 4479 1202 4533 vitam
1225 4487 1485 4534 icternain
1517 4489 1568 4534 et
1593 4480 1829 4550 beatam,

252 4562 420 4616 quam
461 4549 689 4603 nondum
719 4551 988 4604 obtinent.

321 4619 520 4684 Quoad
559 4623 881 4682 secundum.
910 4631 1098 4675 contra
1138 4621 1594 4676 immortalitatem
1635 4622 1836 4678 animat

251 4690 540 4744 rationalis
577 4692 685 4744 duo
727 4694 1064 4746 exstiterunt
1107 4707 1340 4746 errores.
1374 4692 1587 4746 Primus
1618 4693 1833 4748 Saddu-

251 4774 517 4822 eteorum,
560 4764 649 4830 qui
698 4764 889 4818 animae
937 4761 1395 4817 immortalitatem
1438 4763 1728 4829 negabant,
1782 4773 1836 4819 et

249 4829 378 4884 ideo
405 4829 1079 4895 etiam’resurrectionem,
1108 4832 1294 4887 Matth.
1327 4848 1455 4888 nit.
1493 4833 1578 4901 (S.
1607 4833 1790 4890 Thom.
1817 4853 1834 4891 ι

230 4912 422 4968 -port.,
451 4913 632 4972 quast.
658 4903 750 4970 75,
777 4916 878 4958 art.
903 4905 981 4973 6.)
1005 4904 1157 4959 Alter
1185 4905 1540 4969 quorumdam
1564 4905 1828 4973 Arabum,

248 4973 364 5049 qui,
403 4986 460 5025 ut
489 4974 860 5049 ait‘Eusebius
911 4974 1420 5049 Ctesarieusiswib.
1454 4990 1505 5028 vi
1534 4974 1676 5030 Hist.
1711 4994 1826 5049 cap.

246 5043 364 5112 50).
397 5045 692 5098 asserebant
712 5045 980 5100 hominum
1001 5045 1202 5099 animos
1228 5043 1329 5100 una
1357 5061 1476 5099 cum
1503 5043 1827 5116 corporibus,

246 5129 350 5166 uno
381 5117 660 5185 eodemque
687 5118 929 5182 temporis
972 5116 1193 5169 articulo
1243 5128 1406 5170 morte
1434 5117 1755 5185 occumbere,
1783 5131 1831 5176 et

245 5187 457 5253 penitus
500 5188 794 5257 exstingui;
843 5200 894 5240 at
943 5187 1148 5240 demum
1193 5196 1418 5258 tempore
1437 5190 1831 5246 resurrectionis

247 5257 505 5310 universe
529 5261 724 5322 carnis,
756 5275 874 5311 cum
899 5258 1091 5311 eisdem
1117 5259 1273 5310 vitam
1296 5257 1466 5312 denuo
1493 5273 1830 5320 recuperatu-

244 5341 350 5379 ros.
387 5326 548 5395 (Vide
565 5329 843 5398 Augustin.
875 5329 966 5383 tib.
993 5330 1056 5382 de
1080 5327 1284 5384 Hatres.
1315 5346 1459 5387 num.
1480 5330 1598 5399 23.)
1624 5328 1824 5386 Contra

245 5406 533 5467 utrumque
556 5414 826 5466 err0rem,
861 5403 1052 5454 animae
1085 5399 1335 5454 humana:
1368 5401 1826 5459 immortalitatem

243 5476 393 5541 certa
440 5469 538 5541 tide
585 5470 873 5541 tenendam
929 5469 1210 5541 manifeste
1235 5471 1455 5541 "docent
1504 5472 1823 5541 Scriptum,

242 5533 563 5606 Symbolum
592 5538 765 5602 Fidei.
789 5550 846 5595 et
871 5541 1126 5595 Ecclesiae
1149 5540 1414 5605 deﬁnitio,
1441 5533 1646 5610 printer
1665 5533 1825 5599 ratio;

245 5622 340 5660 nes
377 5617 484 5662 tatu
520 5612 924 5680 philosophicas
950 5627 1109 5680 quam
1139 5612 1498 5679 theologicns.
1536 5612 1694 5680 (Vide
1715 5612 1821 5667 Pe-

239 5681 560 5753 reriumtib.
592 5697 646 5735 iv
695 5683 748 5735 in
767 5679 1182 5753 AGengquuatst.
1232 5682 1313 5753 2.)
1342 5682 1482 5738 Loca
1527 5679 1824 5753 Scriptura:

240 5752 504 5825 nonnulla
539 5755 628 5825 Itic
658 5751 863 5820 profert
891 5750 1216 5825 Cassianus,
1247 5750 1443 5825 quibus
1492 5755 1621 5810 addi
1653 5750 1820 5825 pote-

237 5832 365 5876 rant
395 5823 508 5878 lucc
543 5842 556 5878 i
580 5822 855 5878 Justoruin
878 5825 1068 5880 animle
1091 5824 1146 5879 in
1169 5841 1328 5880 manu
1349 5822 1446 5881 Dei
1467 5833 1610 5893 sunt,
1640 5822 1688 5883 et
1716 5843 1822 5882 non

1932 3623 2023 3696 qui
2056 3629 2190 3683 hanc
2228 3623 2652 3681 controversiam
2684 3623 2801 3680 fuse
2838 3637 2892 3680 et
2931 3623 3182 3679 accurate
3209 3623 3502 3694 pertracta-

1933 3705 2030 3764 vit,
2067 3709 2121 3754 et
2187 3700 2367 3753 multis
2414 3698 2811 3766 Scripturarum
2858 3696 3202 3759 testimoniis,
3251 3709 3350 3748 nec
3392 3710 3499 3748 non

1933 3773 2240 3824 sanctorum
2267 3769 2486 3823 Patrum
2515 3767 2946 3831 auctoritatibus,
2977 3775 3184 3834 partem
3227 3766 3502 3819 afﬁrman-

1934 3848 2041 3894 tem
2075 3851 2134 3896 iit
2162 3842 2483 3898 catholicam
2523 3842 2807 3893 veritatem
2851 3839 3071 3901 astruit;
3118 3837 3249 3890 niltil
3290 3845 3350 3889 ut
3388 3849 3501 3889 am-

1936 3913 2076 3982 plius
2103 3912 2226 3966 addi
2249 3921 2340 3965 aut
2366 3910 2566 3978 requiri
2593 3924 2752 3979 posse
2782 3909 3026 3982 videatur
3051 3927 3060 3958 :
3086 3924 3243 3982 quem
3277 3907 3503 3982 proinde

1935 3979 2124 4038 lectori
2152 3983 2459 4037 adeundum
2490 3992 2544 4035 et
2573 3979 2966 4036 Consulenduui
3018 3980 3354 4045 relinquens,
3395 3979 3503 4031 duo

1936 4063 2142 4109 tantum
2171 4055 2257 4109 vel
2298 4055 2397 4108 tria
2434 4053 2590 4122 liuius
2618 4051 2878 4106 doctrina:
2907 4048 3267 4122 stabilimenta
3299 4054 3505 4122 propo-

1938 4141 2098 4189 nam;
2131 4141 2360 4191 quorum
2393 4121 2623 4194 primum
2674 4131 2756 4176 est
2796 4121 3049 4176 Ecclesia:
3105 4121 3496 4194 testiinonium,

1937 4213 2058 4250 cum
2115 4190 2183 4251 de
2215 4197 2269 4253 S.
2295 4190 2585 4267 Gregorio,
2617 4197 2825 4267 ctrnliis
2856 4194 3056 4267 sanctis
3101 4190 3504 4267 conlessoiibus

1938 4268 2101 4322 dicit:
2135 4267 2298 4331 Deus,
2327 4261 2632 4337 qui'anima:
2663 4266 2847 4334 {amuli
2878 4261 3258 4337 tuirGregorii.
3300 4263 3383 4316 vel
3410 4261 3500 4329 N.,

1937 4349 2138 4393 (eterna:
2188 4335 2515 4394 beatitudinis
2543 4338 2756 4408 praemia
2800 4335 3081 4408 contulisti,
3113 4345 3217 4388 etc.
3244 4348 3504 4408 ;_secun-

1938 4411 2064 4464 dum
2095 4411 2326 4464 duorum
2377 4403 2726 4463 conciliorum
2767 4405 3242 4468 tecumenicorum,
3276 4403 3504 4457 Floren-

1941 4481 2037 4536 tini
2065 4490 2120 4535 et
2161 4481 2485 4540 Tridciitini,
2517 4478 2810 4532 auctoritas
2836 4488 2890 4530 et
2931 4476 3191 4530 delinitin.
3219 4473 3499 4542 Siquidem

1941 4554 2042 4606 hoc
2069 4552 2241 4620 ipsum
2267 4549 2650 4620 deﬁiiitumiest
2674 4546 3344 4620 inconcilioFlorentino,
3361 4559 3501 4598 sess.

1943 4623 2062 4687 ult.,
2092 4618 2190 4674 ubi
2234 4621 2406 4676 Graeci
2438 4619 2650 4674 tandem
2683 4618 2749 4671 ad
2803 4618 3054 4671 Ecclesia:
3097 4619 3364 4687 unitatem
3415 4631 3502 4667 re-

1938 4686 2107 4754 ducti,
2129 4691 2288 4745 simul
2319 4706 2439 4744 cum
2480 4689 2701 4744 Latinis.
2730 4704 2796 4743 es
2841 4688 3058 4740 decreto
3089 4686 3310 4753 Eugenii
3351 4699 3503 4752 papa:

1938 4763 2033 4832 (In
2065 4763 2254 4815 dccret.
2302 4757 2540 4830 unionis)
2583 4759 2900 4832 proﬁtentur
2934 4756 3147 4832 illorum
3191 4757 3388 4832 animas
3416 4754 3504 4822 qui

1940 4825 2050 4904 post
2083 4835 2334 4904 baptisma
2359 4825 2668 4904 susceptum,
2703 4828 2902 4904 nullam
2929 4828 3136 4880 omnino
3159 4825 3352 4896 peccati
3394 4842 3504 4878 ma-

1939 4902 2110 4958 calam
2147 4902 2497 4967 incurrerunt,
2528 4903 2646 4956 illas
2676 4902 2830 4955 etiam
2871 4916 2983 4968 qua?
3032 4908 3144 4965 post
3189 4905 3503 4950 contractam

1936 4976 2134 5047 peccati
2176 4973 2473 5047 maculam,
2506 4974 2584 5027 vel
2626 4973 2680 5026 in
2726 4972 2834 5047 suis
2861 4969 3178 5047 corporibus,
3210 4968 3289 5047 uel
3315 4968 3502 5020 eisdem

1937 5040 2104 5102 exuta:
2133 5045 2435 5113 corporibus
2458 5045 2634 5115 (prout
2654 5045 2892 5109 superius
2913 5043 3106 5115 dictum
3135 5040 3229 5115 est)
3252 5048 3367 5115 sunt
3389 5053 3503 5108 pur-

1935 5126 2088 5188 gatte,
2122 5119 2174 5171 in
2227 5110 2409 5170 ctutum
2447 5110 2566 5169 mox
2603 5115 2863 5188 recipipet
2906 5110 3286 5188 intuerbctare
3337 5110 3504 5176 ipsum

1938 5181 2105 5243 Deum
2134 5190 2342 5247 trinum,
2369 5196 2417 5242 et
2460 5201 2639 5248 unum,
2668 5185 2814 5240 sicuti
2855 5191 2970 5236 est:
3003 5181 3294 5233 nteritorum
3337 5190 3504 5232 tamen

1935 5260 2247 5331 diversitate,
2277 5259 2438 5312 alium
2467 5259 2590 5331 (alio
2621 5255 2924 5331 perfectius;
2958 5252 3162 5331 illorum
3184 5251 3505 5331 lauteniani:

1935 5346 2044 5384 nias
2072 5331 2160 5400 qui
2197 5321 2252 5383 in
2278 5330 2497 5400 actuali,
2528 5321 2734 5400 mortali
2764 5323 3094 5400 p:_'ccato,_rel
3117 5321 3227 5375 solo
3257 5321 3505 5400 originali

1934 5393 2208 5463 decedunt,
2244 5416 2362 5453 mox
2392 5403 2444 5452 in
2483 5399 2742 5468 infernum
2766 5393 3107 5468 descendere,
3134 5393 3311 5468 pae_ni_s_
3335 5401 3507 5444 tamen

1933 5471 2230 5543 disparibus
2258 5463 2570 5542 puniendos.
2603 5469 2659 5523 In
2698 5467 2929 5543 concilio
2964 5476 3144 5520 autem
3187 5463 3506 5543 Tridentiiio

1933 5536 2098 5614 (Séss.
2133 5542 2204 5597 ‘25
2235 5536 2297 5594 de
2319 5543 2537 5614 invocat.
2569 5538 3157 5614 sanctor.)i_l:uniianlur
3174 5536 3266 5614 qui
3309 5543 3509 5614 negant.

1929 5605 2136 5668 iunctos
2162 5624 2354 5667 aeterna
2379 5611 2626 5681 felicitate
2668 5612 2722 5664 in
2763 5605 2886 5662 caelo
2907 5607 3156 5681 fruentes.
3190 5605 3505 5681 invocandos

1929 5700 2062 5739 esse.
2095 5683 2228 5738 Vide
2257 5676 2454 5737 Cattet'a
2481 5681 2619 5746 apud
2669 5680 3050 5734 llellzii'iuinuui
3098 5684 3154 5729 et
3193 5676 3415 5739 Scotum
3452 5676 3502 5724 iii

1927 5755 1982 5819 4,
2013 5756 2140 5809 dist.
2170 5753 2262 5819 45,
2283 5755 2381 5822 q.l
2415 5762 2516 5808 art.
2551 5752 2604 5816 3,
2630 5753 2717 5806 ubi
2744 5753 2916 5822 etiam
2931 5746 3507 5822 pleraqneScripturai

1928 5818 2047 5880 loca
2074 5842 2105 5880 a
2132 5818 2390 5879 CasSiauo
2423 5822 2510 5878 liic
2540 5823 2702 5879 citata
2725 5820 2949 5892 exponit
2983 5827 3038 5876 et
3067 5818 3320 5889 explicat.
