3966 6326
419 281 525 341 ωτ

1480 279 1764 341 JOANNIS
1798 279 2119 338 CASSIANI
2152 281 2654 342 COLLA'I‘KONEI.

386 397 598 460 .nobis.
637 395 750 455 Nec
780 404 959 455 tamen
1001 412 1068 454 ex
1214 395 1358 469 quod
1398 395 1636 454 diximus
1674 396 2015 468 impossibile
2038 403 2099 465 Α
2118 397 2480 455 tentationum
2512 400 2874 469 torrentibus,
2904 400 3256 471 circumacta,
3286 414 3451 461 neua
3473 405 3669 476 quidem

417 501 802 549 esseomeutem
831 491 1248 563 cogitationibus
1276 506 1382 547 non
1404 490 1566 559 adiri,
1601 500 1773 548 totum
1812 492 1901 548 vel
1926 492 2014 548 in-

417 587 635 653 cursui,
669 585 758 642 vel
800 584 908 643 illis
941 585 1221 657 spiritibus
1264 585 1613 642 tribuendum
1647 594 1736 642 est
1778 587 1871 658 qui
1915 602 2013 643 eas

421 679 577 734 nobis
599 678 844 735 nituntur
869 679 1144 749 ingerere;
1176 678 1415 749 alioquin
1444 692 1547 735 nec
1576 678 1805 734 liberum
1826 678 1884 734 in
1907 678 2031 733 ιιοε

440 772 568 827 nine
595 784 842 828 maneret
863 771 1175 839 arbitrium,
1206 786 1308 827 nec
1328 772 1381 826 in
1409 772 1567 829 nobis
1594 782 1768 829 staret
1803 781 2009 829 nostra)

438 864 782 934 'orreptionis
809 864 1075 920 industria
1103 864 1283 939 [Lips.
1310 866 1367 921 in
1383 882 1551 937 marg.
1582 866 1941 923 correctionis
1958 865 2006 939 ].

436 956 529 1012 Sed
558 965 664 1023 est,
697 956 936 1027 inquam,
966 967 1208 1014 nostrum
1236 973 1429 1030 magna
1466 975 1533 1015 ex
1570 968 1740 1029 parte,
1775 969 1836 1015 ut
1862 961 2010 1029 cogi-

425 1051 682 1107 talionum
712 1051 945 1117 qualitas
985 1052 1323 1119 emendetur,
1350 1062 1407 1108 et
1439 1054 1525 1108 vel
1565 1061 1764 1108 sanctre
1805 1069 1869 1109 ac
1897 1053 2011 1123 spi-

422 1143 604 1200 ritales
634 1146 687 1199 iu
714 1144 966 1201 cordibus
995 1146 1225 1212 nostris,
1264 1146 1350 1201 vel
1391 1154 1622 1202 terrente
1663 1148 2016 1217 carnalesque

421 1245 791 1299 concrescant.
839 1235 964 1291 Ideo
994 1252 1396 1309 nonnumquam
1445 1238 1700 1309 frequens
1741 1239 1905 1295 lectio
1959 1249 2017 1295 et

416 1328 559 1397 jugis
603 1328 893 1383 adhibetur
938 1329 1217 1384 meditatio
1256 1329 1679 1399 Scripturarutn,
1720 1338 1782 1385 ut
1815 1330 2017 1386 exinde

420 1419 580 1474 nobis
605 1419 867 1489 spiritalis
894 1423 1171 1477 memoriae
1201 1422 1506 1491 praebeatur
1532 1422 1768 1477 occasio.
1811 1421 2018 1478 Idcirco

422 1511 729 1566 deesntatio
748 1513 939 1568 crebra
961 1513 1322 1578 Psalmornm,
1343 1522 1401 1567 ut
1420 1514 1632 1570 assidua
1651 1514 1808 1571 nobis
1821 1514 2019 1570 exinde

421 1603 863 1660 subministretur
914 1606 1278 1672 compunctio.
1342 1606 1550 1663 Idcirco
1603 1606 1906 1678 vigiliarum
1952 1621 2020 1663 ac

418 1694 749 1765 jejuniorum
772 1699 1182 1768 orationumque
1202 1698 1462 1754 sedulitas
1490 1698 1801 1766 adhibetur,
1828 1710 1887 1755 ut
1923 1716 2019 1755 ex-

2114 494 2503 565 oogitationum
2527 494 2753 551 aestibus
2779 509 2903 552 esse
2929 510 3038 552 non
3065 496 3299 566 poterit;
3346 498 3528 568 quales
3550 516 3671 560 vero

2114 587 2208 645 vel
2236 587 2545 655 admittere,
2577 588 2663 645 vel
2694 603 2888 660 parare
2909 589 3017 646 sibi
3040 588 3259 658 debeat,
3286 591 3447 648 studii
3472 604 3533 650 ac
3554 605 3578 635 ι
3600 595 3675 652 di-

2120 679 2362 751 ligentiae
2388 695 2504 736 suae
2538 681 2851 752 providebis
2879 680 3172 738 industria.
3198 679 3260 738 Si
3282 683 3447 750 enim,
3477 693 3534 739 ut
3550 686 3672 742 dlxi-

2116 787 2255 838 mus,
2287 772 2354 827 ad
2385 783 2695 829 sanctarum
2723 772 3125 844 Scriptursrum
3169 774 3565 834 meditationem
3597 780 3672 850 ju-

2115 867 2256 936 giter
2275 880 2639 931 recurramus,
2666 882 2734 922 ac
2761 868 3078 922 memoriam
3108 879 3350 929 nostram
3362 868 3430 923 ad
3444 871 3678 926 recorda-

2118 958 2321 1019 tionem
2340 958 2664 1028 spiritalium
2693 973 2874 1014 rerum
2894 967 2953 1015 et
2971 957 3301 1015 desiderium
3331 957 3677 1031 perfectionis,

2118 1064 2378 1119 spemque
2423 1048 2617 1109 futurae
2647 1049 3003 1107 beatitudinis
3037 1050 3333 1120 erigamus,
3366 1065 3583 1109 necesse
3605 1060 3681 1110 est

2117 1150 2179 1205 ut
2206 1152 2342 1201 ortae
2368 1142 2727 1213 cogitationes
2773 1141 2970 1198 exinde
3008 1141 3309 1212 spiritales,
3340 1142 3398 1198 in
3442 1142 3528 1199 bis
3570 1159 3683 1215 qua

2119 1235 2362 1291 meditati
2390 1250 2578 1293 sumus
2609 1246 2848 1293 mentem
2878 1234 3079 1293 iaciant
3118 1237 3416 1295 immorari.
3447 1236 3540 1299 Sin
3563 1252 3684 1296 vero

2119 1328 2328 1383 desidia
2355 1342 2454 1383 seu
2475 1328 2799 1400 negligentia
2824 1330 3085 1399 superati,
3114 1329 3260 1389 vitiis
3283 1339 3340 1391 et
3363 1328 3547 1389 otiosis
3565 1344 3687 1387 eon-

2122 1421 2545 1481 tabulationibus
2573 1438 2921 1493 occupemur,
2969 1437 3067 1479 seu
3122 1423 3273 1481 curis
3319 1422 3604 1480 mundanis
3633 1432 3686 1481 et

2121 1512 2412 1585 superﬂuis
2457 1514 2915 1581 sollicitudinibus
2963 1515 3329 1585 implicentur,
3372 1530 3689 1586 consequen-

2121 1616 2205 1663 ter
2230 1607 2444 1673 exinde,
2475 1608 2625 1662 velut
2648 1603 2676 1644 ἀ
2707 1606 2952 1677 quedam
2984 1607 3317 1663 zizaniorum
3359 1608 3568 1678 species
3602 1622 3690 1679 go-

2122 1710 2332 1767 nerata,
2375 1698 2744 1769 operationem
2802 1714 3020 1771 quoque
3057 1707 3248 1757 nostro
3289 1699 3446 1759 cordi
3486 1699 3691 1757 noxiam

427 1795 645 1843 tenuata
686 1804 840 1845 mens
867 1805 971 1844 non
1003 1798 1218 1845 terrena
1249 1791 1443 1860 sapiat,
1476 1791 1573 1847 sed
1602 1792 1844 1848 ctelestia
1881 1807 2020 1849 con-
2049 1784 2103 1847 Β
2126 1792 2493 1860 ministrabit;
2522 1801 2576 1848 et
2602 1790 2898 1855 secundum
2929 1791 3257 1849 sententiam
3278 1790 3491 1849 Domini
3515 1790 3691 1847 Salva-

427 1880 741 1951 templetur.
770 1880 975 1948 Quibus
1002 1897 1217 1938 rursum
1249 1882 1571 1953 negligentia
1599 1883 1872 1955 irrepente
1900 1900 2018 1941 ces-

429 1970 697 2035 santibus,
731 1980 758 2008 ⁸
791 1987 1015 2027 necesse
1061 1983 1145 2027 est
1181 1984 1238 2028 ut
1272 1988 1427 2029 mens
1468 1973 1729 2030 vitiorum
1759 1976 2019 2047 squalore

429 2074 683 2120 concreta
714 2064 769 2119 in
798 2066 1069 2122 carnalem
1100 2075 1307 2137 partem
1341 2081 1466 2123 mox
1503 2067 1797 2125 inclinetur
1818 2077 1873 2125 et
1898 2083 2019 2124 cor-

428 2163 570 2211 ruat.

885 2299 891 2305 .
991 2248 1220 2307 CAPUT
1259 2248 1446 2306 XVIII.

673 2340 1010 2412 Camparatia
1036 2346 1266 2415 aquariis
1293 2343 1449 2399 molas
1477 2352 1526 2399 et
1552 2346 1769 2401 animus.

498 2431 528 2472 1³
567 2433 720 2500 Quod
749 2436 1070 2492 exercitium
1097 2435 1281 2492 cordis
1304 2451 1411 2493 non
1434 2436 1731 2508 incongrue
1753 2437 2018 2493 molarum

430 2526 768 2582 similitudini
808 2537 1153 2598 comparatur
1178 2543 1313 2598 quas
1347 2537 1559 2585 meatus
1591 2545 1853 2599 aquarum
1882 2546 2022 2601 prae-

431 2632 560 2689 ceps
588 2618 794 2686 impetu
823 2626 1039 2675 rotante
1068 2620 1365 2690 provolvit.
1401 2620 1533 2688 Qum
1562 2620 1872 2677 nullatenus
1900 2622 2023 2693 qui-

431 2708 555 2764 dem
583 2724 805 2765 cessare
831 2721 1058 2779 possunt
1086 2710 1153 2767 ab
1174 2726 1343 2783 Opere
1362 2728 1463 2769 suo
1484 2727 1743 2784 aquarum
1773 2715 2016 2784 impulsi-

432 2802 533 2857 bus
562 2802 939 2871 circumactae;
975 2804 1028 2858 in
1059 2806 1176 2875 ejus
1204 2821 1336 2860 vero
1380 2808 1474 2879 qui
1513 2817 1717 2889 praeest
1745 2807 1907 2869 situm
1936 2818 2023 2864 est

431 2901 725 2963 potestate,
774 2902 1081 2955 utrumnam
1124 2896 1364 2953 triticum
1416 2900 1604 2960 molat,
1646 2915 1714 2957 an
1756 2900 2019 2956 hordeum

432 2984 689 3047 loliumve
717 2990 1068 3045 comminuat.
1120 2989 1254 3045 Illud
1280 3006 1517 3061 namque
1546 3002 1629 3047 est
1658 2993 2017 3067 proculdubio

2121 1888 2284 1952 toris,
2308 1886 2398 1943 ubi
2428 1885 2594 1942 fuerit
2614 1889 2902 1942 thesaurus
2921 1900 3145 1957 operum
3173 1894 3482 1943 nostrorum
3504 1898 3594 1941 seu
3617 1883 3695 1939 in-

2120 1977 2384 2034 tentionis
2409 1985 2629 2045 nostris,
2659 1978 2736 2035 ibi
2755 1987 2812 2036 et
2847 1992 2944 2035 cor
2974 1986 3218 2037 nostrum
3247 1976 3558 2034 necessario
3583 1990 3696 2047 per-

2120 2072 2359 2133 manebit
2378 2070 2602 2146 (Hattlt.
2635 2071 2746 2145 rt).

2711 2188 2942 2246 CAPUT
2978 2187 3123 2245 XIX;

2264 2304 2345 2361 De
2371 2304 2534 2359 tribus
2551 2303 2921 2375 cogitationum
2945 2308 3237 2356 nostrarum
3264 2298 3564 2373 principiis.

2192 2439 2329 2496 Illud
2359 2455 2491 2497 sane
2521 2454 2631 2511 prae
2654 2438 2904 2501 omnibus
2931 2452 3093 2497 nosse
3119 2436 3406 2502 debemus,
3444 2445 3469 2473 ο
3498 2434 3703 2491 triaco-

2121 2534 2441 2606 gitaiionum
2466 2541 2774 2588 nostrarum
2797 2545 2919 2586 esse
2945 2528 3234 2603 principia,
3267 2527 3321 2591 id
3347 2538 3455 2599 est,
3488 2541 3554 2582 ex
3580 2525 3704 2590 Deo,

2122 2642 2192 2685 ex
2220 2627 2435 2684 diabolo
2473 2635 2528 2682 et
2551 2642 2619 2683 ex
2648 2624 2824 2687 nobis.
2873 2626 2950 2682 Ex
2989 2624 3102 2682 Deo
3141 2622 3361 2693 quidem
3413 2631 3559 2688 sunt,
3588 2633 3706 2675 eum

2124 2721 2361 2793 Spiritus
2401 2723 2576 2779 sancti
2621 2720 2988 2777 illustrations
3025 2733 3128 2777 nos
3163 2718 3392 2775 visitare
3422 2714 3709 2783 dignatur,

2124 2815 2342 2884 erigens
2371 2830 2470 2870 nos
2491 2813 2558 2868 ad
2584 2812 2958 2869 sublimiorem
2993 2808 3321 2879 profectum,
3355 2817 3416 2865 et
3439 2806 3496 2862 in
3523 2804 3709 2876 quibus

2125 2906 2211 2962 vel
2233 2906 2415 2962 minus
2444 2904 2852 2976 acquisivimus,
2883 2902 2971 2958 vel
3001 2901 3274 2957 desidiose
3299 2908 3531 2971 agentes
3555 2909 3710 2965 supe-

2123 2997 2230 3054 rati
2259 3011 2472 3063 sumus,
2506 2994 2867 3051 saluberrima
2894 2993 3310 3063 compunctinne
3341 2989 3602 3057 castigat;
3627 2984 3710 3049 vel

430 3079 885 3153 commolendum,
919 3083 1060 3151 quod
1082 3082 1349 3152 ingestum
1374 3086 1442 3139 ab
1469 3084 1559 3138 illo
1588 3083 1752 3140 fuerit
1779 3086 1865 3140 cui
1890 3100 2021 3159 ope-
2126 3104 2248 3145 cum
2277 3098 2487 3145 reserat
2520 3088 2678 3144 nobis
2707 3085 2953 3144 cmlestia
2983 3091 3345 3151 sacramenta,
3385 3090 3445 3137 et
3475 3077 3713 3151 proposi-

431 3171 508 3227 ris
536 3172 679 3229 illius
710 3189 839 3229 cura
880 3175 1167 3233 commissa
1207 3188 1308 3233 est.
1342 3178 1418 3232 Ita
1458 3177 1621 3248 igitur
1668 3178 1831 3233 etiam
1865 3193 2019 3233 mens
2045 3164 2093 3227 θ
2123 3190 2238 3237 tum
2268 3190 2515 3238 nostrum
2544 3181 2611 3236 ad
2645 3180 2898 3236 meliores
2926 3188 3077 3237 actus
3104 3178 3556 3244 νοιιιηιαιθηιειυε
3581 3185 3709 3227 con'

431 3278 529 3335 per
572 3265 698 3322 vita:
733 3269 1018 3340 praesentis
1050 3271 1318 3340 incursus,
1358 3271 1601 3342 undique
1647 3272 2020 3344 ingruentibus
2124 3275 2309 3342 vertit,
2338 3283 2399 3328 ut
2426 3273 2523 3340 ibi,
2553 3286 2677 3329 cum
2710 3270 2732 3311 ί
2758 3287 2856 3329 rex
2903 3270 3173 3328 Assuerus
3213 3269 3518 3340 castigatus
3545 3280 3577 3319 a
3605 3263 3709 3319 Do-

1501 3408 1758 3464 ALARDI
1793 3408 2032 3466 GAZAEI
2069 3408 2643 3465 COMMENTARIUS.

506 3536 534 3565 ιι
572 3526 742 3582 Divus
783 3527 1072 3599 Gregorius
1106 3529 1284 3599 IReg.
1314 3544 1434 3599 cap.
1482 3530 1548 3584 li
1581 3546 1598 3586 :
1634 3528 1813 3584 Vitare
1842 3537 2019 3597 turpes

432 3600 769 3672 cogitationes
790 3616 893 3654 non
917 3600 1180 3670 prtevalet,
1204 3603 1293 3672 qui
1313 3601 1549 3655 honestas
1568 3602 1621 3654 in
1641 3617 1695 3654 se
1720 3616 1823 3672 non
1845 3600 2015 3654 habet.

440 3670 577 3743 Quia
616 3670 752 3724 enim
798 3686 995 3740 semper
1036 3670 1344 3743 cogitainus,
1378 3673 1697 3742 exquirenda
1730 3671 1877 3725 nobis
1902 3678 2022 3725 sunt

433 3740 601 3812 bonaL
617 3756 681 3794 ne
704 3743 842 3795 mala
869 3740 1168 3812 cogitemus.

504 3809 532 3850 1³
575 3810 833 3881 Eamdem
858 3809 1266 3868 similitudinem
1284 3824 1341 3869 et
1356 3813 1820 3881 comparationem
1840 3813 2025 3869 cordis

436 3882 688 3953 humani,
730 3878 848 3937 sive
885 3888 1080 3938 animm
1134 3886 1440 3949 rationalis,
1484 3878 1540 3937 et
1580 3885 1735 3939 mohe
1777 3885 2022 3953 aquariae

436 3951 653 4019 egregie
679 3954 917 4019 explicat
941 3956 1003 4009 I).
1034 3956 1333 4009 Bernartius
1361 3955 1414 4008 in
1442 3955 1558 4009 suis
1581 3951 2020 4009 Meditationibus

434 4020 800 4096 devotissimis
823 4026 1020 4096 cap.9.
1048 4026 1216 4087 Sicut,
1241 4027 1433 4094 inquit,
1458 4025 1808 4079 molendinum
1826 4026 2022 4079 veloci-

437 4102 512 4145 ter
532 4092 781 4166 statuitur,
810 4105 855 4147 et
886 4092 1014 4149 nihil
1039 4099 1275 4165 respuit;
1306 4092 1395 4149 sed
1423 4096 1676 4166 quidquid
1701 4096 2017 4161 imponitur,

436 4161 615 4238 malit;
642 4164 687 4215 si
726 4173 898 4219 autem
943 4167 1072 4221 nihil
1117 4161 1679 4238 apponiturfseipsum
1725 4167 2022 4238 consumit:

436 4234 620 4306 sicgcor
632 4250 798 4306 meum
815 4252 1015 4305 semper
1024 4246 1099 4291 est
1116 4238 1169 4289 in
1186 4234 1348 4301 metu,
1362 4245 1412 4291 et
1428 4252 1703 4304 numquam
1722 4237 1989 4306 requiescit
2008 4253 2027 4301 ;

435 4304 526 4379 sed
547 4304 651 4379 sive
672 4305 943 4375 dormiam,
973 4312 1074 4362 sive
1100 4309 1321 4379 uigilem,
1343 4309 1564 4361 sonmiat
1588 4315 1638 4360 et
1663 4304 1851 4379 cOgitat
1872 4308 2023 4376 quid.

434 4375 563 4444 quid
589 4376 634 4428 ei
663 4381 905 4431 occurrit.
940 4379 1004 4431 Et
1032 4375 1167 4434 sicut
1193 4379 1563 4443 molendinum,
1593 4375 1751 4431 arena
1779 4379 1825 4432 si
1849 4375 2021 4444 impo—

439 4455 616 4512 natur,
667 4452 996 4519 exterminat,
1028 4452 1118 4521 pix
1155 4450 1427 4521 inquinat,
1467 4450 1619 4519 palea
1658 4460 1909 4521 occupat;
1950 4451 2024 4502 sic

436 4530 529 4570 cor
565 4529 733 4591 meum
758 4522 1007 4591 cogitatio
1032 4520 1210 4591 amara
1226 4520 1431 4588 turbat,
1466 4520 1734 4591 immunda
1760 4520 2017 4586 maculat,

438 4602 571 4641 uana
590 4588 841 4655 inquietat
865 4605 913 4646 et
943 4591 1143 4663 fatigat.
1178 4589 1264 4645 Ita
1294 4608 1382 4644 cor
1412 4606 1599 4663 meum,
1629 4590 1754 4644 dum
1788 4592 2023 4663 futurum

440 4673 543 4732 non
574 4671 721 4714 curat
742 4660 1020 4732 gaudium,
1040 4660 1145 4715 'nec
1172 4662 1401 4715 diuinum
1425 4662 1610 4732 quierit
1647 4663 1927 4725 auxilium,
1956 4660 2019 4714 ab

438 4728 613 4784 amore
650 4728 938 4802 caelestium
980 4732 1268 4802 elongatur,
1316 4742 1362 4785 et
1400 4728 1455 4786 in
1493 4747 1666 4786 notore
1705 4734 2023 4786 terrestrium

439 4813 739 4869 occupatur.
773 4801 1258 4870 Cumque.elabitur
1293 4803 1358 4857 ab
1383 4805 1512 4867 illis,
1571 4814 1619 4856 et
1666 4803 1940 4857 involvitur
1968 4804 2023 4857 in

438 4844 809 4945 ξεᾷεζνιῖἇῖίὲαἷ
817 4844 2023 4945 ἶὶὶῖἇέἓὲἓὲἷὶξῖατῖὗιέἓὲἱ’ἀεῖιάσῖἱζὲῐξὶεὲἓιὶιῖ
2049 4844 2101 4906 Ῑ)

438 4942 626 5016 allicit,
674 4946 911 5016 soluptas
935 4942 1152 5011 seducit,
1197 4945 1408 5001 luxuria
1440 4945 1658 5013 polluit,
1708 4953 1909 5013 torquet
1945 4947 2027 4998 in-

439 5014 597 5077 vidia,
629 5014 800 5070 turbat
834 5018 1130 5081 iracundia,
1182 5021 1379 5071 cruciat
1420 5016 1661 5079 tristitia;
1698 5017 1869 5085 sicque
1920 5017 2022 5069 mi-

437 5087 566 5159 seris
590 5088 790 5142 casibus
807 5088 1148 5159 submergitur
1170 5090 1402 5142 omnibus
1423 5089 1580 5151 uitiis,
1600 5089 1840 5159 quoniam
1861 5104 2023 5142 unum

439 5150 628 5230 psum,
654 5160 745 5229 qui
788 5160 833 5214 ei
858 5150 1086 5230 suﬁeére
1122 5170 1340 5230 poterat,
1372 5161 1587 5213 dimisit.
1613 5150 1757 5212 'llaec
1788 5159 2022 5213 Bernar-

440 5222 561 5289 dus,
588 5234 647 5300 et
666 5222 783 5299 quae
812 5222 1129 5300 seqp'untur.

513 5306 537 5371 ξ
569 5297 923 5371 gooperante
949 5302 1037 5356 Ilei
1069 5302 1267 5371 gratia;
1298 5317 1402 5371 qua
1425 5301 1493 5356 de
1519 5316 1579 5355 re
1605 5300 1737 5354 alias
1762 5300 1940 5371 latius.

510 5362 802 5446 ‘}_Zizania,
830 5374 913 5427 vcl
933 5362 1225 5446 similium,
1253 5362 1372 5446 qua:
1398 5372 1598 5446 Graicis
1620 5385 1748 5446 mra,
1774 5373 1865 5446 vel
1888 5370 2012 5446 αἵρα

441 5432 623 5511 suidm
651 5432 864 5509 dicitur,
898 5442 1083 5497 vitium
1126 5432 1287 5498 tritici
1333 5443 1629 5511 hordeique
1659 5432 1821 5495 nimia
1850 5432 2009 5498 terrae

442 5504 761 5583 humiditate
781 5504 1043 5578 corrupti,
1072 5514 1399 5583 jugibusque
1429 5504 1623 5581 pluviis
1649 5512 1836 5577 diluti;
1863 5515 2010 5579 (μιοά

439 5574 634 5653 [catino
659 5586 917 5639 vocabulo
943 5574 1480 5653 loliuinappellatur.
1510 5583 1743 5637 lsidorus
1768 5574 2008 5653 Etymol.

441 5601 634 5634 uautlo
659 5601 917 5639 vocabulo
943 5601 1127 5638 tonum
1155 5601 1183 5637 a
1228 5601 1480 5653 peuautr.
1513 5601 1743 5637 (sxuorns
1768 5601 2008 5653 mymot.

441 5647 540 5703 lib.
575 5665 681 5705 xm
710 5668 829 5721 cap.
875 5656 941 5710 i0
970 5655 1153 5727 (Hom.
1188 5601 1280 5726 ἕο)
1308 5673 1319 5708 :
1346 5654 1584 5720 Zisania,
1625 5653 1828 5727 inquit,
1874 5658 2014 5724 quod

437 5730 601 5796 pocae
627 5739 821 5795 seatper
844 5724 1029 5795 infelix
1062 5728 1246 5782 lotium
1262 5724 1470 5794 dicunt,
1496 5724 1633 5796 quod
1665 5727 1731 5779 sit
1759 5727 1939 5779 inutile
1965 5736 2013 5781 et

440 5794 792 5862 infecundum.
828 5794 987 5851 At’D.
1022 5798 1247 5853 Basilius
1274 5800 1325 5852 in
1355 5794 1690 5855 Hexaemero
1730 5799 1846 5851 haec
1873 5813 2011 5853 non-

2128 3528 2263 3583 nihil
2287 3527 2623 3598 distinguere
2659 3525 2893 3589 videtur,
2924 3539 3046 3598 cum
3075 3522 3147 3598 ait
3180 3539 3193 3575 :
3227 3520 3372 3598 Nam
3399 3521 3458 3574 id
3479 3520 3615 3587 quod
3642 3517 3716 3570 lo-

2125 3600 2252 3653 lium
2273 3593 2588 3670 appellatur,
2612 3607 2894 3670 ctrteraque
2911 3596 3202 3649 adulterina
3221 3593 3450 3670 semina,
3480 3606 3596 3658 qua
3612 3602 3716 3643 sese

2124 3686 2244 3742 cum
2264 3661 2533 3742 esculentis
2573 3661 2781 3721 miscere
2810 3661 2999 3742 solent,
3020 3678 3242 3742 quisque
3266 3661 3555 3742 scriptura
3575 3670 3718 3742 sacra

2126 3740 2351 3811 (Matth.
2377 3742 2510 3807 xui)
2538 3753 2841 3807 nuncupare
2864 3733 3344 3811 zizaniaconsueoit
3367 3748 3385 3785 ι
3418 3748 3522 3785 non
3552 3733 3721 3784 tritico

2124 3806 2353 3886 nuntiato,
2398 3812 2488 3864 sed
2530 3827 2595 3865 ea:
2627 3806 2823 3886 origine
2864 3824 2960 3862 sua
2989 3806 3347 3886 principioque
3395 3812 3715 3886 nascuntur,

2127 3884 2493 3952 propriumque
2530 3897 2679 3935 suum
2707 3874 2935 3952 obtinent
2956 3874 3168 3952 genus.’
3193 3874 3364 3952 Porro
3411 3874 3623 3952 simois
3661 3874 3715 3952 in

2124 3941 2295 4008 sacris
2314 3941 2531 4008 Litteris
2551 3950 2915 4020 metapliorice
2937 3941 3188 4020 dicuntur
3203 3946 3286 4020 vel
3310 3946 3620 4020 doctrinae,
3631 3941 3718 3997 vel

2126 4039 2368 4086 morum.
2408 4024 2494 4078 vel
2534 4016 2925 4091 cogitationum
2965 4019 3059 4091 (ut
3104 4016 3222 4091 hic)
3257 4032 3435 4091 pigra
3485 4016 3716 4091 semina.

2128 4093 2280 4149 Unde
2321 4095 2480 4149 divus
2510 4086 2872 4164 Hieronymus
2912 4086 3074 4158 epist.
3103 4087 3175 4164 22
3204 4086 3269 4140 ad
3302 4086 3715 4164 Eustochium:

2127 4164 2179 4218 Ν
2184 4164 2267 4218 alo
2293 4165 2433 4219 sinas
2461 4154 2823 4236 cogitationem
2849 4154 3110 4236 crescere;
3140 4159 3263 4212 dum
3294 4164 3497 4229 paruus
3525 4166 3599 4236 est
3625 4154 3721 4208 Ito-

2125 4237 2234 4299 stis,
2267 4228 2546 4304 interfice;
2576 4236 2823 4305 nequitia,
2856 4250 2917 4287 ηε
2941 4233 3145 4286 zizania
3173 4228 3436 4293 crescant,
3488 4228 3719 4284 elidatur

2125 4324 2179 4360 ιη
2203 4323 2414 4362 semine.

2200 4389 2223 4417 °
2263 4376 2442 4444 Quaeri
2478 4388 2648 4448 potest
2679 4392 2775 4430 cur
2795 4375 2892 4429 tria
2919 4385 3122 4428 tantum
3151 4370 3399 4448 posuerit
3428 4368 3722 4448 cogitatio-

2128 4464 2253 4502 num
2287 4442 2595 4504 iiostrarum
2630 4448 2913 4518 principia,
2942 4460 3065 4499 cum
3097 4452 3152 4497 et
3188 4443 3317 4496 boni
3343 4442 3538 4518 angeli
3574 4452 3717 4506 sape

2128 4518 2419 4574 immittant
2449 4521 2603 4575 uobis
2632 4513 2818 4572 bonas
2844 4533 2907 4570 ac
2946 4517 3206 4569 salutares
3238 4513 3632 4583 cogitationes,
3659 4517 3718 4563 ut

2126 4599 2312 4645 notum
2354 4599 2456 4645 est.
2488 4590 2677 4644 Paucis
2708 4587 2998 4658 respondet
3027 4586 3090 4639 D.
3125 4583 3368 4639 Thomas
3400 4583 3459 4655 (ι
3491 4592 3633 4655 part.
3664 4596 3717 4649 q.

2128 4662 2252 4744 l
2282 4671 2384 4743 art.
2411 4659 2513 4744 2),
2540 4661 2680 4744 quod
2731 4662 2885 4744 bona:
2922 4658 3306 4744 cogitationes
3326 4658 3721 4744 attribuantur

2123 4732 2304 4786 altiori
2345 4724 2632 4801 principio,
2677 4730 2881 4785 scilicet
2922 4724 3053 4792 Deo,
3089 4727 3214 4780 licet
3246 4724 3585 4794 angelorum
3616 4724 3719 4776 mi-

2126 4804 2352 4858 nisterio
2385 4814 2757 4873 procurentur.

2200 4873 2219 4911 τ
2265 4862 2496 4945 Derege
2541 4879 2775 4945 Assuero
2820 4867 3295 4945 quisnani__l'uerit,
3327 4864 3519 4945 habes
3539 4862 3721 4945 varias

2125 4935 2608 5011 sententias'apud
2641 4935 3026 4995 Bellarininuin
3074 4939 3168 4992 lib.
3200 4953 3230 5011 At
3264 4937 3366 5011 de”
3390 4935 3578 5011 verbo
3602 4935 3723 5011 _l)ei

2125 5030 2246 5084 cap.
2275 5016 2328 5077 7,
2362 5024 2419 5069 et
2454 5006 2731 5071 Sérarium
2766 5014 2817 5065 in
2848 5008 3263 5084 Conmentariis
3307 5006 3446 5084 libri
3478 5006 3719 5084 Esther.

2125 5076 2408 5152 Quomodo
2437 5092 2613 5138 autem
2645 5086 2689 5137 is
2718 5099 2747 5136 a
2775 5081 3002 5137 Domino
3025 5080 3315 5152 castigatus
3348 5076 3721 5152 intelligatur,

2127 5146 2318 5223 partim
2346 5173 2413 5212 ex
2454 5156 2732 5229 Scriptura
2763 5156 2780 5225 (
2804 5153 2989 5229 Esther
3012 5150 3117 5229 si),
3146 5146 3345 5229 partim
3376 5164 3457 5229 _ex
3484 5146 3724 5229 dosephi

2124 5218 2286 5283 veluti
2311 5218 2716 5285 Commentario
2735 5218 2990 5292 colligere
3013 5218 3135 5276 licet
3168 5218 3429 5292 (Ioseph.
3458 5218 3721 5292 Antiqua.

2124 5299 2212 5370 liii.
2247 5316 2430 5370 ucap.
2458 5296 2545 5368 6).
2574 5296 2783 5351 Toxlus
2812 5289 3107 5370 Scriptura
3129 5290 3407 5370 δίο-βψς
3442 5305 3459 5344 :
3496 5289 3728 5370 Noctem

2119 5368 2271 5423 illam
2297 5359 2442 5425 duiut
2466 5359 2558 5422 rea:
2580 5369 2883 5429 insomnem,
2900 5359 3158 5436 jussitque
3182 5363 3279 5417 sibi
3306 5360 3508 5429 afferri
3542 5359 3729 5436 Histo-

2113 5442 2221 5494 rias
2260 5451 2305 5495 et
2352 5440 2577 5494 Annales
2622 5441 2857 5511 priorum
2900 5429 3422 5511 iMporum_5_qum_
3446 5448 3573 5485 cum
3634 5429 3726 5511 illo

2114 5524 2360 5579 prasente
2398 5499 2705 5584 legerentur,
2750 5518 2953 5584 uentum
2978 5499 3060 5584 est
3090 5505 3159 5559 ad
3176 5499 3352 5584 illum
3400 5499 3733 5584 locum,.ul.ti

2113 5574 2361 5647 scriptum
2385 5574 2515 5645 erat,
2542 5582 2800 5650 quomodo
2843 5580 3127 5650 nuntiasset
3167 5574 3569 5650 Mardocltcus
3602 5574 3733 5626 iusi-

2116 5645 2234 5709 dias
2268 5645 2613 5725 Bagathau'et
2636 5650 2841 5725 Thares
2873 5648 3244 5725 cunuchorum,
3292 5660 3484 5725 regem
3533 5645 3734 5725 Assue-

2114 5742 2232 5797 rum
2260 5713 2497 5797 iugulare
2525 5724 2859 5797 cupientium.
2897 5720 3050 5787 Quod
3078 5713 3459 5797 cantandi-sset
3483 5730 3605 5781 rex,
3634 5713 3737 5766 ait:

2120 5786 2268 5861 Quid
2284 5786 2379 5864 pio
2401 5796 2497 5846 hac
2521 5786 2622 5860 ﬁde
2651 5794 2861 5846 honoris
2882 5786 2943 5845 ac
2965 5792 3165 5861 prwmii
3194 5786 3585 5844 Μαι-ἀθάρης
3604 5797 3737 5839 con-
