3966 6326
285 347 380 406 5υ9

1009 339 1348 398 εοιιΑτιο
1381 335 1426 394 1.
1457 366 1526 379 -
1557 335 1645 393 DE
1685 333 1990 391 MONAClll
2027 331 2438 390 lNTENTIONE
2479 331 2566 388 AC
2603 329 2780 388 FINE.
2851 401 2858 408 .

3437 331 3550 390 5l0

285 456 438 526 mino,
487 453 662 512 libros
707 453 929 512 annales
979 451 1264 522 instigatur
1309 449 1607 524 inquirere,
1659 447 1852 522 quibus
1881 457 1934 518 Α
1958 447 2252 502 ascenderit
2277 463 2432 520 super
2459 457 2526 514 te,
2561 449 2730 502 locum
2773 457 2918 502 tuum
2945 463 3010 504 ne
3033 448 3265 505 dimittas
3294 447 3315 522 (
3336 445 3537 507 δίεισι.

283 547 599 608 Mardocbmi
629 547 890 604 benelicia
917 545 1251 612 recordatus,
1293 541 1488 598 summi
1531 557 1654 598 eum
1679 539 1848 612 gradu

283 643 489 702 honoris
541 641 765 704 exultat,
811 655 873 694 ac
919 639 1162 708 protinus
1206 634 1636 691 crudelissimam
1688 647 1850 704 super

279 753 400 794 nece
440 735 620 804 gentis
645 733 844 789 .ludzeze
873 733 1196 787 sententiam
1229 739 1448 785 revocat
1476 725 1698 794 (Esther
1739 725 1847 796 vi).

279 830 370 886 Vel
390 844 505 884 cum
531 825 806 896 Propheta
830 832 1242 890 commemorat,
1277 821 1492 875 Audiam
1523 819 1646 888 quid
1671 819 1851 890 loqua-

280 933 354 976 tur
372 921 420 972 in
451 937 527 972 me
556 915 812 971 Dominus
845 913 984 970 De'us
1009 913 1194 986 (Psal.
1231 911 1482 982 Lxxxw).
1521 911 1670 964 Alius
1713 925 1850 980 quo-

277 1033 388 1084 que,
425 1013 488 1067 Et
519 1013 674 1076 dixit,
719 1011 916 1080 inquit,
955 1009 1168 1082 angelus
1209 1008 1297 1078 qui
1345 1005 1648 1076 loquebatur
1687 1005 1740 1058 in
1771 1019 1852 1058 me

279 1105 458 1178 (lactt.
479 1103 558 1174 ι).
595 1103 688 1158 γει
720 1117 843 1160 cum
877 1100 1052 1156 Filius
1077 1099 1173 1154 Dei
1205 1109 1488 1154 venturum
1519 1111 1577 1152 se
1601 1111 1702 1150 una
1726 1111 1848 1152 cum

275 1202 442 1264 Patre,
477 1208 534 1252 ιιι
573 1197 911 1251 mansionem
951 1193 1094 1263 apud
1127 1209 1224 1246 nos
1263 1193 1530 1247 facturum
1571 1204 1696 1245 esse
1723 1205 1852 1258 pro-

277 1295 420 1348 mittit
450 1289 640 1360 (Joau.
671 1287 822 1358 xw).
851 1287 939 1354 Et,
969 1285 1092 1352 Non
1121 1285 1244 1339 estis
1273 1301 1380 1352 eos,
1417 1281 1610 1354 inquit,
1655 1283 1742 1352 qui
1772 1282 1852 1336 lo-

273 1383 494 1452 quimini,
522 1382 612 1438 sed
637 1381 866 1452 Spiritus
893 1377 1066 1432 Patris
1086 1379 1239 1432 uestri
1267 1377 1354 1448 qui
1377 1373 1605 1446 loquitur
1632 1376 1683 1430 in
1711 1375 1851 1432 vobis

273 1478 494 1550 (Matth.
531 1475 621 1550 ιι).
655 1474 723 1532 Et
765 1490 860 1528 vas
902 1471 1208 1536 electionis,
1265 1470 1684 1542 Experimentum
1734 1473 1848 1536 eius

271 1573 486 1644 qttmitis
517 1573 606 1642 qui
647 1571 702 1624 in
745 1586 824 1622 me
868 1569 1090 1637 loquitur
1133 1565 1368 1620 Christus
1395 1565 1472 1636 (11
1502 1565 1623 1620 Cor.
1675 1561 1848 1632 xm)?

273 1678 294 1706 ι
318 1667 392 1722 Ex
415 1665 636 1722 diabolo
657 1679 788 1720 vero
811 1662 1200 1732 cogitationum
1227 1659 1466 1716 nascitur
1493 1661 1688 1724 series,
1723 1672 1846 1712 cum

269 1759 576 1814 subvertere
623 1771 724 1810 nos
771 1763 880 1810 tam
925 1755 1184 1808 vitiorum
1229 1751 1630 1817 oblectatione,
1684 1763 1848 1820 quam

273 1851 420 1905 etiam
451 1847 687 1904 occultis
719 1857 946 1901 conatur
973 1843 1205 1910 insidiis,
1253 1841 1608 1898 subtilissima
1635 1841 1844 1896 callidi-
1873 1871 1920 1931 Β

270 1941 517 1996 tateunla
547 1955 645 2012 pro
673 1940 830 1994 bouis
857 1935 1225 1994 fraudulenter
1247 1943 1552 1998 ostentans,
1581 1942 1638 1990 et
1661 1945 1840 1990 trans-

271 2034 496 2102 figuratus
525 2047 586 2088 se
633 2031 795 2088 nobis
819 2031 872 2084 in
903 2029 1156 2097 angelum
1191 2029 1326 2084 lucis
1347 2027 1366 2096 (
1387 2025 1428 2082 ll
1455 2025 1574 2082 Cor.
1606 2027 1716 2098 ιι).
1739 2025 1839 2082 Vel

267 2139 374 2178 cum
393 2122 724 2192 evangelista
745 2122 910 2176 refert
935 2137 948 2176 :
971 2119 1038 2174 Et
1055 2136 1200 2174 cana
1225 2123 1388 2190 facta,
1409 2118 1438 2160 δ
1461 2135 1578 2174 cum
1599 2121 1838 2174 diabolus

263 2220 360 2290 jam
381 2217 600 2270 misisset
631 2217 684 2268 in
705 2231 794 2272 cor
809 2211 964 2268 Judte
989 2213 1216 2268 Simonis
1239 2211 1505 2280 Scarioth,
1541 2221 1594 2266 ut
1617 2211 1839 2266 traderet

267 2308 536 2364 Dominum
565 2305 758 2378 (Joan.
793 2307 944 2376 xm).
979 2305 1046 2360 Et
1071 2305 1274 2360 iterum
1307 2321 1322 2362 :
1359 2302 1483 2360 Post
1513 2303 1796 2358 bucceliam
1819 2343 1836 2360 .

267 2401 446 2471 inquit,
485 2400 714 2454 introivit
757 2401 811 2454 in
853 2399 1003 2452 illum
1033 2397 1260 2452 Satanas
1297 2395 1594 2468 (Ibidem).
1647 2396 1842 2452 Petrus

267 2511 466 2564 quoque
499 2493 564 2548 ad
589 2493 879 2556 Ananiam,
917 2491 1108 2558 Quare,
1135 2491 1228 2550 ait,
1255 2491 1464 2544 tentavit
1495 2489 1717 2546 Satanas
1749 2505 1839 2544 cor

266 2567 418 2652 tuitui,
453 2585 668 2642 mentiri
695 2597 742 2640 te
771 2583 996 2654 Spiritui
1025 2591 1204 2638 sancto
1234 2583 1250 2656 (
1279 2583 1456 2642 Actor.
1491 2583 1593 2656 v)?
1617 2585 1682 2640 Et
1705 2583 1836 2640 illttd

265 2678 391 2748 quod
433 2679 490 2730 in
535 2675 851 2746 Evangelio,
881 2685 934 2730 et
967 2676 1136 2730 multo
1165 2684 1292 2730 ante
1323 2691 1420 2746 per
1451 2677 1836 2733 Ecclesiastem

265 2769 575 2838 praedictum
607 2767 874 2838 legimus:
901 2766 962 2823 Si
993 2765 1224 2836 Spiritus
1267 2777 1574 2838 potestatem
1602 2768 1839 2826 habentis

1953 557 1984 596 ι
2001 539 2041 612 ).
2073 541 2208 595 Illud
2228 556 2441 612 quoque
2461 540 2608 613 quod
2635 541 2832 597 dicitur
2853 539 2920 598 ad
2943 541 3112 598 Deum
3139 549 3331 598 contra
3355 541 3541 598 Achab

1953 633 2008 688 in
2041 634 2202 688 tertio
2227 633 2434 702 Regum
2463 634 2603 688 libro
2631 649 2698 690 ex
2727 649 2956 704 persona
2987 635 3214 704 spiritus
3240 635 3537 690 immundi:

1953 725 2210 798 Egredior
2237 731 2282 778 et
2303 741 2390 780 ero
2409 727 2620 796 spiritus
2641 727 2867 780 mendae:
2891 728 2942 781 in
2963 743 3052 782 ore
3073 729 3298 782 omnium
3319 727 3540 800 prophe-

1954 827 2123 872 tarum
2152 821 2262 892 ejus
2289 815 2390 886 (Ill
2425 815 2550 888 Reg.
2586 819 2757 887 xxn).
2793 829 2816 857 ε
2847 817 2927 872 Ex
2953 819 3112 874 nobis
3139 827 3322 874 autem
3355 820 3541 874 oriun-

1953 919 2063 974 tur,
2093 924 2214 964 cum
2247 907 2568 964 naturaliter
2595 923 2659 964 ea
2693 923 2811 978 quae
2835 913 3094 980 gerimus,
3129 911 3216 966 vel
3245 911 3537 980 gessimus,

1951 1002 2038 1058 vel
2059 1001 2386 1066 audivimus,
2407 1001 2757 1058 recordamur
2779 1002 2800 1072 (
2830 1001 2956 1056 Vide
2978 1003 3362 1056 cunctationem
3385 1017 3537 1070 quar-

1951 1103 2058 1148 tam
2084 1089 2301 1164 Cuychii
2325 1101 2438 1164 post
2460 1092 2616 1162 ﬁnem
2641 1093 2859 1164 aperis).
2889 1093 2966 1148 De
2992 1093 3186 1164 quibus
3209 1093 3403 1148 beatus
3431 1093 3537 1147 Da-

1951 1187 2062 1252 vid,
2091 1185 2348 1258 Cogitaui,
2393 1187 2587 1255 inquit,
2619 1187 2728 1240 dies
2755 1187 3018 1257 antiquos,
3045 1195 3092 1242 et
3119 1202 3284 1242 annos
3314 1195 3534 1242 teter-nos

1951 1280 2007 1334 in
2031 1289 2198 1334 mente
2216 1278 2392 1344 habui,
2417 1287 2466 1332 et
2487 1279 2758 1332 meditatus
2779 1295 2892 1333 sum
2915 1288 3056 1334 nocte
3083 1295 3198 1332 cum
3221 1279 3374 1334 corde
3398 1294 3532 1343 meo,

1953 1383 1998 1428 et
2037 1373 2376 1438 exercitabar,
2417 1379 2467 1428 et
2506 1371 2778 1442 scopebam
2828 1371 3070 1442 spiritum
3127 1387 3296 1426 meum
3345 1369 3532 1444 (Psal.

1953 1467 2178 1538 ιιινι).
2212 1465 2280 1520 Ει
2314 1467 2537 1534 iterant,
2571 1463 2824 1520 Dominus
2869 1465 2968 1520 scit
2995 1465 3324 1536 cogitationes
3365 1461 3537 1518 homi-

1952 1575 2097 1622 num,
2123 1559 2368 1626 quoniam
2393 1573 2538 1612 rauce
2565 1567 2688 1612 sunt
2717 1555 2904 1628 (Psal.
2931 1572 3056 1612 scut
3079 1557 3120 1626 ).
3154 1557 3212 1612 In
3245 1556 3540 1626 Evangelia

1950 1665 2169 1722 quoque
2217 1647 2475 1703 Dominus
2503 1648 2568 1702 ad
2599 1649 2927 1718 Pharisaeos,
2965 1649 3102 1716 Quid
3132 1649 3368 1722 cogitatis
3398 1647 3538 1712 mala

1952 1743 2005 1796 in
2032 1741 2272 1798 cordibus
2303 1741 2481 1796 uestris
2511 1739 2743 1812 (Matth.
2775 1741 2900 1812 ut)?

2549 1898 2774 1958 CAPUT
2816 1897 2935 1956 XX.

1953 2007 2110 2066 Docet
2130 2025 2194 2064 ea:
2223 2007 2559 2064 similitudine
2591 2011 2792 2082 probati
2811 2011 3072 2082 trapezitae
3099 2009 3354 2082 quomodo
3396 2009 3542 2082 cogi.-

2267 2083 2482 2140 tatioues
2505 2091 2692 2136 nostra:
2722 2081 3071 2136 discernenda:
3094 2083 3215 2137 sint.

2021 2215 2172 2272 Hanc
2198 2215 2359 2286 igitur
2380 2223 2602 2288 oportet
2631 2215 2947 2288 tripertitam
2979 2217 3242 2276 rationem
3275 2231 3373 2273 nos
3392 2217 3542 2292 jugl-

1949 2319 2033 2368 ter
2059 2311 2385 2380 observare,
2413 2321 2467 2368 et
2497 2314 2774 2368 universas
2814 2311 3169 2384 cogitationes
3213 2329 3334 2384 qua:
3361 2329 3541 2372 emer-

1945 2414 2082 2476 gunt
2129 2405 2182 2459 in
2209 2405 2376 2460 corde
2401 2415 2614 2469 notro,
2643 2405 2826 2476 sagaci
2865 2407 3194 2462 discretione
3235 2407 3534 2474 discutere,

1945 2495 2183 2567 origines
2205 2511 2391 2552 earum
2415 2505 2473 2552 et
2495 2511 2692 2552 causas
2721 2507 3078 2568 auctoresque
3105 2499 3355 2570 primitus
3381 2499 3534 2553 inda-

1945 2601 2164 2664 gantes,
2195 2603 2248 2652 ιιι
2273 2591 2460 2662 quales
2483 2605 2582 2648 nos
2605 2591 2684 2648 eis
2718 2592 2961 2664 praebere
2986 2591 3296 2656 debeamus.
3329 2607 3391 2648 es
3415 2591 3538 2648 illo-

1943 2703 2064 2742 rum
2115 2691 2314 2744 merito
2345 2689 2437 2755 qui
2485 2705 2578 2744 eas
2623 2697 2936 2760 suggerunt,
2968 2687 3310 2744 considente
3358 2688 3534 2758 possi-

1947 2793 2088 2844 mus,
2113 2777 2139 2815 ά
2171 2788 2228 2834 ιιι
2253 2779 2556 2836 efﬁciantur
2597 2779 2896 2836 secundum
2939 2789 3272 2852 praeceptum
3315 2771 3536 2836 Domini

1320 2885 1578 2944 ALARDI
1619 2888 1852 2948 GAZtEl
1885 2892 2458 2952 COMMENTARIUS.

263 3009 442 3056 secutus
477 3000 588 3056 est!
617 2999 872 3055 Dixerunt
899 3001 946 3072 ei
973 2999 1106 3054 servi
1143 3001 1258 3072 ejus
1285 3015 1346 3072 ac
1385 3001 1610 3056 ministri
1639 3021 1658 3060 :
1681 3005 1836 3063 Nihil

262 3073 452 3126 omnino
477 3073 729 3141 mercedis
755 3069 970 3140 accepit,
1001 3079 1106 3124 etc.
1137 3067 1359 3141 Iosephi
1393 3087 1522 3128 vero
1548 3073 1836 3132 Commen-

263 3143 456 3214 tarius:
497 3139 654 3208 Deus,
693 3139 894 3214 inquit,
934 3157 1076 3214 spem
1115 3139 1394 3214 malignam
1423 3146 1588 3198 Anton
1633 3147 1838 3204 deride-

264 3213 355 3278 bat,
396 3225 468 3278 et,
507 3213 787 3268 accidentia
814 3211 1120 3284 prteeidens,
1154 3211 1218 3266 de
1242 3211 1434 3284 'futuris
1463 3215 1836 3276 delectabatur.

265 3283 390 3338 Nam
411 3287 524 3356 regi
538 3299 774 3360 somnum
791 3283 880 3354 per
899 3283 1048 3336 illam
1072 3283 1268 3360 noc_!em
1288 3285 1523 3360 abstulit,
1542 3297 1728 3360 etquae
1749 3305 1838 3346 se-

263 3353 514 3424 quuntur.
552 3353 878 3424 Castigatum
921 3369 1052 3422 ergo
1083 3371 1112 3408 a
1153 3353 1382 3408 Domino
1426 3353 1717 3414 Assuer'um
1751 3361 1840 3417 hic

262 3423 486 3482 insinuat
509 3423 730 3492 Auctor,
751 3441 870 3480 cum
896 3425 1134 3480 immissa
1159 3425 1412 3496 divinitus
1437 3425 1524 3482 illa
1549 3427 1833 3496 insomnia,

263 3497 512 3566 lectisque
537 3513 719 3552 coram
746 3511 812 3551 eo
853 3497 1137 3566 Annalium
1170 3505 1222 3551 et
1253 3495 1614 3554 Historiarum
1649 3495 1838 3556 monu-

265 3561 468 3640 mentis,
523 3565 844 3640 Mardocbaei
889 3561 1051 3640 iidem,
1079 3567 1394 3622 etol'ticium
1423 3570 1474 3622 in
1519 3571 1836 3640 detegendis

261 3639 458 3695 insidiis
489 3639 616 3694 olim
647 3641 944 3710 praestitum
989 3639 1053 3692 ad
1099 3640 1414 3710 memoriam
1445 3639 1735 3710 revocans,
1768 3645 1836 3700 de

263 3712 390 3780 ipso,
426 3721 488 3766 ut
529 3726 622 3778 par
648 3707 797 3775 erat,
848 3707 1477 3782 digttegremunerando,
1511 3709 1624 3766 Deo
1667 3713 1836 3782 inspi-

263 3779 428 3846 rante,
463 3783 613 3836 serio
638 3783 874 3850 cogitare
902 3779 1102 3846 οωιιὶιε
1137 3779 1282 3834 unde
1319 3792 1606 3836 consecuta
1640 3779 1836 3842 deinde

262 3853 647 3908 crudelissima:
676 3853 958 3910 sententia;
989 3853 1040 3924 in
1069 3851 1288 3924 intimos
1327 3851 1600 3924 abAtnan
1644 3869 1836 3924 procu-

263 3935 382 3977 rata:
411 3925 694 3978 revocatio
722 3931 778 3976 et
803 3923 1102 3990 altrogatio.
1133 3919 1301 3976 Porro
1329 3921 1458 3990 quid
1491 3919 1654 3978 inin
1674 3925 1840 3980 ltisto-

263 3995 358 4048 rias
393 4007 440 4050 e!
473 3997 700 4062 annales
730 3993 1064 4050 discriminis
1104 3993 1196 4057 sit,
1242 3993 1407 4046 tradit
1436 3993 1643 4050 Gellius
1677 3996 1771 4052 lib.
1803 4015 1834 4052 v

261 4077 368 4140 c_ap.
393 4065 486 4132 18,
513 4075 566 4140 et
595 4063 830 4140 Isidorus
854 4065 1088 4140 Etytuol.
1111 4063 1205 4140 li_b.
1228 4079 1244 4116 ι
1266 4077 1384 4140 cap.
1413 4065 1511 4140 ult.
1539 4065 1615 4140 li;
1641 4069 1838 4140 quibus

265 4133 520 4192 Batonius
545 4138 617 4190 ita
641 4137 822 4191 retulit
845 4133 948 4206 (In
977 4139 998 4189 1
1025 4137 1233 4206 prwfat.
1265 4133 1452 4206 Atinal.
1475 4135 1494 4204 )
1520 4153 1530 4188 :
1553 4137 1628 4192 Eo
1653 4133 1838 4194 discri-

263 4211 388 4284 mine
425 4217 618 4284 ueteres
659 4207 722 4262 ab
767 4205 978 4261 historia
1019 4205 1230 4260 annales
1274 4205 1650 4274 distinxerunt,
1703 4213 1840 4284 quod

263 4277 348 4350 illa
377 4279 587 4345 proprie
615 4295 694 4350 res
717 4293 926 4334 suorum
953 4287 1240 4350 temporum
1273 4289 1459 4346 gestas,
1499 4297 1626 4350 quas
1657 4277 1839 4338 auctor

261 4347 332 4400 rei
370 4351 518 4414 vidit,
566 4349 642 4404 vel
687 4351 850 4420 potuit
876 4349 1067 4412 uidere,
1105 4357 1398 4418 pertractat,
1435 4347 1596 4418 neque
1639 4361 1840 4406 tantum

261 4421 374 4494 quid
405 4429 616 4494 gestum
635 4419 723 4494 sit,
751 4423 838 4474 sed
868 4431 914 4473 et
935 4419 1279 4494 quaratione,
1309 4435 1469 4494 quove
1493 4423 1724 4494 consilio,
1755 4425 1836 4478 in-

263 4489 422 4547 dicetK
441 4491 730 4550 Annalibus
755 4489 1180 4564 contra’scriptor
1201 4505 1280 4543 res
1303 4491 1560 4564 antiquas,
1587 4501 1643 4546 ut
1673 4493 1840 4564 pluri-

263 4573 412 4634 mum,
443 4579 576 4632 quas
605 4579 698 4616 sua
734 4579 835 4616 non
864 4563 1000 4615 novit
1029 4561 1177 4626 tetas,
1221 4561 1522 4630 easdemque
1551 4579 1642 4634 per
1673 4561 1840 4618 annos

263 4631 490 4703 singulos
516 4635 809 4688 litterarum
840 4635 1166 4686 monimentis
1195 4635 1529 4686 commendet.
1552 4631 1650 4688 'Sic
1683 4639 1816 4702 ipse.

331 4713 355 4740 ι
396 4705 760 4759 Damascenus
791 4703 884 4758 lib.
920 4719 956 4760 ιι
986 4705 1053 4758 de
1081 4703 1210 4758 Fide
1241 4717 1360 4760 can.
1393 4706 1446 4758 4.
1477 4708 1542 4758 de
1581 4705 1814 4760 daemonii

331 4713 355 4740 ι
396 4713 760 4759 Damascenus
791 4713 884 4758 ltb.
920 4719 956 4760 tt
986 4713 1053 4758 de
1081 4713 1210 4758 Fide
1241 4717 1360 4760 cat).
1393 4713 1446 4758 4.
1477 4713 1542 4758 de
1581 4713 1842 4760 daemoni-

331 4719 355 4740 ι
396 4719 760 4759 Itamascenus
791 4719 884 4758 ιιι).
920 4719 956 4760 ιι
986 4719 1053 4758 ue
1081 4719 1210 4758 M08
1241 4719 1360 4770 cap.
1393 4719 1446 4758 4.
1477 4719 1542 4758 ue
1581 4719 1842 4760 daemoni-

266 4772 357 4828 bus
384 4789 551 4845 agens
583 4793 594 4828 :
627 4773 828 4840 Omnis,
861 4775 1054 4842 inquit,
1085 4775 1308 4846 pravitas
1340 4773 1403 4826 ab
1437 4775 1563 4842 ipsis
1595 4792 1842 4846 procura-

267 4854 339 4918 tur
362 4887 387 4918 ,ν
407 4844 457 4900 et
489 4847 703 4916 impura:
749 4844 1172 4918 perturbationes.
1209 4844 1276 4898 Et
1316 4844 1602 4918 suggerere
1634 4847 1842 4916 quidem

266 4913 452 4970 homini
496 4913 904 4983 permissi'suut,
949 4933 1127 4988 cogere
1157 4926 1330 4970 autem
1373 4913 1474 4970 non
1501 4913 1737 4986 possunt.
1773 4919 1843 4976 In

266 4999 434 5042 nostra
464 4990 596 5042 enim
637 4995 882 5060 potestate
910 4987 1290 5060 cstfadmittere
1315 4996 1551 5060 autinoni
1575 4989 1845 5046 admittere

265 5073 434 5112 eorum
457 5057 852 5130 suggestionem.
886 5059 958 5114 Ita
986 5059 1367 5130 Damascenus.
1405 5059 1464 5130 D.
1491 5057 1728 5114 Tlmmas
1755 5063 1842 5118 ubi

267 5141 420 5200 supra
453 5149 465 5184 :
498 5129 780 5202 ita'mones,
807 5129 899 5192 ait,
929 5145 1030 5184 non
1059 5139 1268 5196 possunt
1289 5129 1558 5182 immittere
1576 5131 1846 5202 cogitatio-

267 5215 366 5262 nes,
401 5201 614 5252 interius
642 5217 728 5253 eas
759 5202 1043 5268 causando,
1077 5215 1192 5252 cum
1221 5215 1344 5252 usus
1375 5201 1660 5268 cogitationi:
1685 5203 1844 5256 virtu-

267 5272 326 5322 tis
345 5272 608 5328 subfaceat
626 5271 893 5326 voluntati.
923 5269 1124 5326 Dicitur
1152 5279 1320 5323 tamen
1345 5269 1576 5322 diabolus
1605 5272 1841 5326 incensor

268 5343 654 5414 cogitationum,
687 5343 738 5396 in
765 5351 1017 5414 quantum
1053 5343 1239 5414 incitat
1260 5341 1326 5394 ad
1367 5343 1720 5410 cogitandum,
1763 5345 1839 5400 uel

269 5413 332 5472 ad
360 5413 986 5496 appetendumfttgitataL
1003 5431 1094 5486 per
1112 5413 1332 5496 (modum.
1361 5415 1730 5496 persuadentis,
1764 5417 1841 5496 uel

271 5482 556 5550 passionem
581 5482 906 5540 concitahtis.
945 5482 1118 5538 Potest
1143 5485 1276 5536 enim
1313 5482 1612 5554 hujusmodi
1639 5487 1842 5554 passio-

269 5569 349 5606 nes
379 5564 640 5610 concatare
659 5557 713 5610 in
737 5558 1090 5622 sensualitate,
1121 5563 1272 5626 atque
1301 5555 1372 5608 ita
1411 5555 1716 5610 voluntatem
1745 5575 1844 5610 mo-

273 5637 410 5690 vere;
443 5643 544 5696 non
583 5637 750 5681 tamen
791 5644 854 5681 ea:
879 5629 1193 5694 necessitate,
1231 5627 1350 5694 quia
1385 5625 1618 5678 voluntas
1646 5643 1842 5696 semper

273 5707 494 5768 remanet
523 5695 678 5752 libera
706 5699 772 5752 ad
799 5699 1208 5754 consentiendum
1253 5698 1328 5750 uel
1357 5699 1692 5768 resistentium
1722 5695 1842 5768 pias-

273 5767 422 5840 sioai.
461 5767 676 5840 Duobus
705 5785 834 5840 ergo
875 5771 1048 5824 modis
1099 5769 1338 5840 immittit
1385 5767 1542 5824 nobis
1594 5767 1840 5824 diabolus

273 5837 642 5908 cogitationes,
672 5837 1132 5896 aut'immutando
1179 5839 1538 5910 phantasiam,
1581 5853 1678 5896 seu
1707 5841 1840 5895 ima-

1939 3009 2292 3086 ginationem.
2319 3021 2372 3070 ct
2395 3013 2539 3068 varia
2562 3013 2611 3068 ei
2635 3013 2846 3086 objecta
2870 3013 3112 3086 suasoria
3141 3011 3528 3086 proponendo;

1939 3095 2029 3158 aut
2063 3085 2370 3158 passionem
2414 3083 2701 3158 excitando
2733 3086 2784 3140 in
2813 3085 3188 3158 sensualitate,
3235 3083 3328 3158 per
3358 3083 3522 3158 quam

1941 3151 2193 3226 voluntas
2223 3155 2474 3210 allicitur.
2513 3155 2808 3224 Utcumque
2838 3157 2983 3212 enim
3016 3151 3196 3226 potest
3225 3151 3475 3212 diabolus
3506 3197 3522 3222 ,

1941 3223 2172 3298 siﬂDeus
2227 3229 2531 3294 permittat;
2577 3223 2908 3282 Voluntatetn
2955 3223 3136 3284 tamen
3193 3242 3388 3298 cogere
3437 3235 3532 3284 aut

1941 3293 2240 3378 efficaciter
2271 3313 2486 3356 movere
2518 3314 2623 3352 non
2657 3309 2856 3368 potest,
2889 3299 2992 3354 nisi
3035 3299 3150 3370 ipsa
3180 3293 3372 3366 sponte
3396 3313 3530 3354 con-

1944 3375 2166 3420 sentiat.

2015 3435 2042 3474 b
2088 3437 2150 3490 D.
2183 3435 2510 3502 Augustinus
2539 3447 2695 3492 tract.
2727 3439 2794 3495 55
2817 3439 2869 3494 in
2891 3439 3189 3494 Joannem:
3219 3435 3404 3494 Missio
3427 3441 3528 3496 ista

1942 3507 2233 3580 spiritualis
2264 3511 2652 3580 suggestioiest,‘
2685 3519 2732 3564 et
2759 3526 2860 3564 non
2889 3511 2948 3580 ﬁt
2975 3525 3068 3580 per
3096 3527 3293 3576 aurem,
3326 3513 3416 3566 sed
3437 3528 3531 3580 per

1942 3579 2322 3650 cogitationem.
2357 3579 2634 3650 Diaboiicte
2654 3581 2783 3632 enim
2806 3579 3136 3650 cogitationes
3163 3579 3528 3648 immittuntur,

1942 3657 1986 3700 et
2008 3649 2254 3702 humanis
2281 3649 2666 3721 cogitationibus
2697 3649 3062 3704 itttmisContur.

1967 3783 1970 3790 ι
2019 3729 2039 3756 ο
2082 3719 2364 3786 Quomodo
2408 3721 2764 3790 cogitationes
2795 3721 3040 3786 oriantur
3070 3735 3142 3774 ex
3183 3719 3366 3784 nobis,
3405 3736 3526 3776 cum

1943 3789 2239 3872 Apostolus
2290 3791 2433 3872 dicat
2473 3789 2493 3848 Ξ
2541 3789 2662 3872 Non
2707 3791 3244 3872 sumushsumcientes
3302 3791 3529 3872 qogitare

1941 3853 2142 3936 aliquid
2169 3877 2232 3914 ea:
2261 3861 2689 3936 nobis,_qttasi_e:c
2713 3863 2858 3936 nobis
2891 3862 2967 3936 (11
2994 3853 3110 3916 Cor.
3143 3877 3200 3936 ιιι
3220 3865 3260 3934 ).
3312 3853 3442 3918 νῖἀθ
3474 3864 3526 3918 in

1945 3931 2218 4004 notatione
2245 3931 2392 3984 dom.
2424 3931 2649 4004 Cttychii
2677 3935 2740 3986 ad
2763 3931 2979 4004 calcem
3009 3933 3210 4004 operis.

2013 3999 2038 4038 ά
2070 4003 2140 4056 De
2169 4003 2268 4058 hac
2295 4017 2425 4058 voce
2452 3999 2522 4056 ac
2538 4003 2806 4058 sententia
2853 4003 2984 4058 nihil
3024 4003 3138 4060 fere
3175 4011 3258 4059 est
3287 4003 3428 4074 quod
3463 4005 3528 4060 ad

1943 4074 2247 4146 notationes
2288 4073 2510 4146 Cuyeltii
2563 4083 2618 4128 et
2665 4075 2906 4130 Ciaconii
2953 4075 3111 4146 adjici
3161 4073 3360 4144 possit,
3396 4091 3528 4146 quas

1943 4144 2166 4210 proinde
2191 4143 2446 4214 utrasque
2465 4145 2636 4198 visum
2660 4157 2741 4201 θμι
2767 4147 2850 4199 ltic
2873 4143 3180 4210 ascribere;
3205 4161 3268 4200 ac
3299 4143 3526 4214 primum

1942 4214 2169 4284 Cuycltii
2201 4217 2406 4270 notatio
2436 4215 2511 4270 sic
2535 4219 2696 4270 habet
2727 4234 2741 4274 :
2774 4217 3072 4283 Trapezita‘.
3101 4216 3312 4272 Grazcis
3341 4219 3530 4272 dicun-

1945 4297 2055 4356 tur,
2089 4305 2220 4352 quos
2253 4287 2438 4342 Latine
2468 4289 2878 4356 nummularius,
2915 4290 3234 4356 mensarios,
3263 4289 3376 4344 sive
3407 4305 3526 4342 mo-

1943 4357 2181 4429 notarios
2209 4359 2478 4429 appellare
2525 4374 2846 4426 possumus;
2889 4360 2966 4414 sic
3008 4359 3183 4414 dictos
3210 4373 3239 4412 a
3287 4368 3524 4424 moneta,

1944 4427 2057 4500 sive
2105 4427 2374 4498 argento:
2423 4445 2527 4482 non
2573 4431 2713 4500 quod
2764 4442 3014 4500 argentea
3046 4443 3170 4500 vasa
3216 4433 3410 4490 cadent
3440 4431 3522 4500 vel

1945 4497 2212 4570 inattrent,
2249 4501 2348 4552 hoe
2380 4502 2520 4552 enim
2571 4497 2847 4552 fabrorum
2891 4511 2968 4554 est
2997 4515 3010 4558 ς
3041 4499 3133 4554 sed
3187 4500 3330 4566 quod
3385 4497 3523 4570 apud

1944 4567 2066 4622 illos
2111 4569 2546 4638 examinareutur
2591 4571 2858 4638 peruuizu,
2889 4579 2942 4622 et
2991 4567 3528 4638 deponerentur.'itt-

1945 4639 2153 4692 tertium
2187 4637 2449 4700 fenerutt-t,
2483 4641 2748 4692 interdum
2779 4641 3030 4708 gratuito,
3063 4637 3255 4694 horum
3289 4641 3524 4696 taberna:

1944 4709 2264 4776 argentariae
2297 4709 2647 4786 vocabantur.
2689 4709 2905 4786 ϐιηθεὶς.
2933 4720 3110 4786 autem
3151 4715 3453 4786 τραπεζίιςαι
3479 4727 3526 4786 _a

1948 4795 2130 4856 mensa
2148 4796 2356 4856 nomen
2388 4779 2614 4856 habent;
2659 4795 2778 4834 natu
2815 4783 3051 4856 τρὸιπεζα
3082 4779 3318 4856 mensam
3355 4781 3524 4856 signi-

1949 4851 2094 4904 ficat.
2131 4851 2284 4918 Apud
2332 4849 2548 4904 Judams
2585 4865 2799 4920 quoque
2847 4849 3008 4920 inisse
3057 4849 3372 4918 trapezitas,
3409 4849 3528 4906 sive

1949 4921 2369 4980 nunttuttlarios.
2417 4921 2503 4990 qui
2550 4922 2600 4974 in
2636 4919 2834 4988 templo
2887 4919 3396 4990 llierosolymitano,
3429 4921 3522 4976 de-

1947 5001 2096 5046 creto
2124 4989 2464 5046 sacerdotum
2506 4991 2816 5050 constituti.
2853 5003 3090 5044 mutuam
3129 4989 3231 5044 Sub
3275 4995 3526 5046 cautione

1947 5063 2228 5130 pecuniam
2278 5062 2509 5125 dabant,
2574 5077 2639 5116 ex
2689 5061 2977 5130 Evangelio
3025 5059 3366 5114 manifestum
3417 5073 3520 5116 est.

1945 5133 2209 5200 Quoniam
2254 5143 2432 5190 autem
2467 5143 2687 5202 prOpter
2715 5136 3026 5188 continuum
3057 5133 3300 5200 pecunia:
3331 5143 3482 5186 usum
3507 5175 3520 5196 ,

1947 5204 2282 5258 adulterinos
2311 5213 2366 5258 et
2393 5205 2637 5258 exitticos
2688 5219 2938 5258 nummos
2981 5219 3007 5255 ιι
3042 5204 3174 5256 bona
3219 5211 3270 5255 et
3303 5203 3520 5270 probata

1946 5285 2162 5328 moneta
2190 5277 2390 5344 optime
2430 5275 2828 5336 discernebant,
2867 5276 2989 5344 hinc
3013 5273 3388 5342 trapezitarum
3423 5289 3518 5343 ap-

1947 5347 2165 5414 pellatio
2197 5343 2492 5415 generatim
2525 5343 2590 5396 ad
2635 5359 2824 5398 omnes
2871 5343 2992 5398 illos
3031 5345 3345 5397 extenditur
3366 5387 3379 5410 ,
3411 5345 3522 5415 qui

1941 5413 2219 5486 judicandi
2251 5416 2442 5485 peritia
2474 5416 2677 5480 valent,
2705 5423 2760 5469 et
2797 5416 2936 5468 inter
2961 5429 3150 5468 aurum
3179 5425 3232 5467 et
3257 5413 3526 5486 aurichal-

1948 5485 2094 5552 eum,
2127 5491 2269 5541 inter
2291 5487 2525 5542 triticum
2545 5497 2597 5540 et
2621 5486 2844 5550 zizania,
2876 5486 3210 5538 iuterverum
3234 5495 3289 5538 et
3312 5485 3524 5552 falsum,

1951 5561 2090 5613 inter
2123 5559 2319 5614 bonum
2351 5569 2403 5612 et
2441 5559 2670 5620 malum,
2705 5567 2851 5610 recte
2889 5555 3288 5625 prudenterque
3326 5553 3528 5610 discer-

1949 5637 2104 5683 nunt.
2141 5631 2205 5683 Et
2237 5632 2288 5683 in
2323 5631 2422 5682 bac
2457 5627 2974 5696 sigttiﬁcationeihoe
3003 5627 3268 5680 vocabulo
3290 5642 3416 5682 usus
3447 5639 3528 5682 est

1949 5699 2187 5754 Joannes
2212 5699 2515 5754 Cassianus.
2569 5697 2695 5752 ll:ee
2725 5698 3013 5768 Cuyehius.
3068 5697 3353 5752 Ciaconius
3393 5714 3524 5752 vero

1949 5771 2064 5824 bare
2093 5771 2331 5825 addidit:
2358 5769 2636 5838 Trapezita
2669 5767 2855 5824 Latine
2879 5769 3270 5838 nummularius
3295 5769 3524 5824 dicitur:

1947 5843 2248 5896 mensarius
2299 5843 2366 5896 ad
2405 5837 2625 5894 verbum
2675 5839 2826 5894 reddi
2879 5847 3078 5910 potest.
3124 5837 3258 5896 Nam
3293 5839 3525 5912 τρᾶπιεα
