3966 6326
1593 252 1877 310 JOANNIS
1910 251 2226 311 CASSIANI
2265 251 2759 312 COLLA'I'IONES.

3683 270 3774 329 M0

539 381 742 437 tatione
790 385 887 433 aut
933 375 1110 448 aliqua
1141 373 1394 430 novitatis
1426 371 1845 443 praesumptione
1873 368 1948 425 sit
1973 359 2130 434 leve;
2162 377 2211 435 Α
2241 367 2294 423 in
2327 383 2425 425 eos
2447 368 2674 439 vestigia
2707 367 3052 440 indagatione
3078 369 3425 441 sagacissima
3449 381 3778 452 retractanda,

538 476 581 529 si
633 473 809 529 meriti
837 472 956 555 eius
988 470 1197 541 pondus
1250 467 1425 524 inanis
1453 467 1768 522 cenodoxia:
1808 481 1914 520 non
1955 464 2132 520 immi-

539 569 739 634 nuerit,
775 564 1141 623 vellarroserit
1163 563 1356 634 gloria.
1387 562 1455 618 Et
1484 561 1565 618 sic
1587 577 1648 616 ea
1673 560 1916 629 protinus
1942 558 2006 614 ad
2041 573 2133 628 pu-

538 660 739 714 blicum
772 647 1145 726 inpendentes
1161 670 1414 720 examen,
1438 654 1487 708 id
1512 663 1616 717 est,
1650 653 1714 706 ad
1741 654 2126 722 prophetarum

537 763 589 807 et.
621 750 990 820 apostolorum
1019 757 1192 812 actus,
1225 763 1288 802 ac
1318 748 1630 803 testimonia
1648 744 2012 809 conferentes,
2044 742 2128 797 vel

539 853 807 913 tamquam
833 844 1038 912 integra
1062 853 1224 911 atque
1251 839 1509 911 perfecta,
1540 839 1752 907 illisque
1772 851 2129 906 compensan-

537 937 609 992 tia
633 937 1024 1006 suscipiamus;
1049 935 1134 991 vel
1177 944 1446 1004 tamquam
1488 932 1800 1002 imperfecta
1843 941 2001 1002 atque
2029 929 2126 985 da-

535 1044 744 1094 mnosa,
781 1044 880 1084 nec
907 1028 1120 1083 illorum
1154 1026 1380 1098 ponderi
1412 1025 1790 1092 consonantia,
1819 1023 1967 1080 omni
1998 1038 2126 1079 cau-

534 1122 682 1177 tione
711 1119 1032 1178 refutamus.

1120 1210 1349 1267 carur
1387 1207 1556 1265 χχιι.
1598 1269 1610 1287 ,

776 1304 855 1361 De
894 1305 1286 1376 quadripartito
1313 1301 1636 1356 discretionis
1664 1301 1887 1355 ratione.

605 1397 725 1454 Erit
748 1407 772 1434 ἰ
803 1412 936 1468 ergo
967 1398 1070 1452 hoc
1097 1394 1518 1466 quadripartito,
1551 1407 1660 1464 quo
1683 1391 1934 1456 diximus,
1962 1390 2124 1445 modo

532 1492 847 1548 necessaria
873 1489 1030 1544 nobis
1059 1489 1158 1543 ista
1203 1486 1487 1554 discretio,
1535 1485 1585 1539 id
1636 1492 1739 1549 est,
1773 1484 2026 1554 primum,
2064 1492 2128 1538 ut

533 1586 760 1639 materia
803 1597 901 1638 nos
947 1580 1064 1636 auri
1103 1581 1221 1635 veri
1266 1594 1364 1635 seu
1407 1577 1571 1634 fucati
1621 1577 1972 1645 fallentisque
2015 1591 2122 1630 non

531 1675 732 1739 lateat;
779 1673 1042 1740 secundo,
1094 1683 1150 1727 ut
1198 1672 1297 1725 bas
1327 1670 1546 1726 easdem
1595 1669 1951 1741 cogitationes
2000 1683 2122 1738 quae

2236 477 2304 517 ne
2329 477 2432 533 qua
2471 463 2611 518 forte
2639 463 3018 518 intellectualis
3049 462 3249 518 ibidem
3277 463 3469 531 bestia,
3499 469 3577 523 vel
3605 471 3681 528 leo
3706 476 3777 530 vel

2234 554 2401 611 draco
2427 556 2815 625 pertransiens,
2846 556 3150 626 perniciosa
3185 557 3404 627 vestigia
3434 559 3649 618 latenter
3689 566 3776 619 im-

2235 650 2514 718 presserit,
2562 649 2762 718 quibus
2790 662 3046 704 accessus
3084 649 3247 702 etiam
3297 651 3506 707 exteris
3548 653 3596 708 in
3621 656 3776 712 abdita

2232 741 2474 813 pectoris
2515 743 2689 798 nostri
2719 757 2815 810 per
2844 742 3234 812 cogitationum
3269 744 3632 814 negligentiam
3663 765 3780 820 pra:-

2232 834 2446 889 beatur.
2495 835 2564 889 Et
2615 835 2688 888 ita
2723 849 2822 905 per
2845 834 3086 904 singulas
3131 836 3296 888 horas
3338 846 3499 906 atque
3536 850 3777 895 momenta

2235 935 2434 982 terram
2469 927 2658 982 cordis
2710 929 2881 981 nostri
2941 926 3278 996 Ettangelico/
3297 936 3500 992 aratro,
3551 928 3650 985 hoc
3688 943 3778 998 est,

2227 1017 2344 1088 jugi
2396 1018 2691 1073 Dominicre
2739 1020 2919 1073 crucis
2964 1018 3343 1074 recordatione
3389 1019 3681 1088 sulcantes,
3708 1025 3780 1080 vel

2233 1110 2517 1164 noxiarum
2551 1125 2616 1165 ex
2675 1109 2832 1165 nobis
2862 1109 3098 1165 ferarum
3127 1109 3350 1175 cubilia,
3400 1110 3485 1165 vel
3520 1112 3783 1168 virulento-

2229 1219 2346 1259 rum
2373 1205 2708 1272 serpentium
2737 1204 3106 1262 exterminare
3151 1204 3396 1270 latibula,
3439 1214 3592 1275 atque
3617 1215 3780 1262 extru-

2227 1297 2360 1354 dere
2386 1303 2708 1366 poterimus.

2798 1391 3028 1449 CAPUT
3065 1392 3259 1449 XXIII.

2253 1483 2334 1542 De
2353 1501 2590 1541 sermone
2607 1487 2833 1540 doctoris
2860 1485 3148 1540 secundum
3184 1485 3506 1539 audientium
3527 1484 3758 1540 meritum.

2301 1582 2384 1638 Ad
2432 1582 2548 1636 lucc
2589 1579 2998 1650 obstupefactus
3029 1593 3128 1633 nos
3173 1581 3390 1633 intuens
3431 1592 3612 1643 senex,
3652 1586 3702 1631 et
3725 1577 3782 1632 ad

2231 1676 2400 1732 verba
2457 1674 2780 1730 narrationis
2830 1688 2942 1728 suae
2995 1671 3302 1740 inexplebili
3346 1670 3538 1726 ardore
3583 1686 3784 1728 succen-

531 1767 868 1825 mentiuntur
895 1781 1062 1836 opera
1094 1765 1338 1834 pietatis,
1374 1772 1652 1834 tamquam
1683 1763 1982 1817 adulterina
2019 1777 2121 1818 nu-
2148 1779 2196 1840 Β
2221 1783 2334 1832 sos,
2368 1783 2463 1838 pro
2490 1767 2850 1822 admiratione
2879 1765 3130 1821 desiderii
3159 1764 3331 1820 nostri
3373 1764 3642 1834 paulisper
3677 1778 3783 1818 ser-

530 1861 778 1917 mismata
805 1868 862 1916 et
887 1859 1363 1938 paracliaragmata
1384 1859 1768 1923 reproliemus,
1795 1865 1982 1927 utpote
2003 1871 2122 1925 qua:

530 1953 720 2008 falsam
760 1954 1048 2022 imaginem
1077 1951 1222 2021 regis
1265 1967 1370 2006 non
1405 1951 1648 2020 legitime
1692 1949 1902 2022 signata
1948 1951 2123 2004 conti-

529 2056 728 2112 neant;
759 2048 843 2101 vel
873 2047 961 2102 illa
989 2061 1111 2118 quae
1139 2047 1192 2101 in
1215 2061 1350 2102 auro
1378 2045 1782 2116 pretiosissima
1813 2045 2124 2114 Scriptura-

529 2154 673 2208 rum,
703 2139 903 2194 vitioso
931 2149 988 2194 et
1021 2138 1280 2194 haeretica
1323 2155 1510 2203 sensu,
1543 2155 1650 2192 non
1682 2140 1795 2194 veri
1830 2139 1993 2209 regis,
2025 2139 2121 2194 sed

529 2231 742 2302 tyranni
769 2230 1064 2302 prteferunt
1093 2231 1325 2292 vultum,
1351 2232 1608 2286 similiter
1630 2231 2008 2287 discernentes
2038 2246 2123 2288 re-

528 2322 708 2378 futare
755 2323 1057 2392 possimus;
1096 2320 1211 2377 sive
1246 2321 1336 2376 illa
1365 2338 1595 2393 quormn
1645 2322 1866 2394 pondus
1905 2337 1967 2378 ac
2001 2338 2122 2392 pre-

529 2415 664 2468 tium
712 2429 896 2484 aerugo
948 2414 1211 2468 vanitatis
1266 2414 1534 2470 arrodens
1593 2415 1786 2485 exagio
1845 2416 2120 2470 seniorum

528 2503 558 2544 δ
582 2505 856 2577 adiequari
886 2520 992 2561 non
1025 2506 1178 2570 sinit,
1211 2514 1270 2560 ut
1295 2506 1624 2561 nomismata
1657 2508 1790 2562 levia
1835 2519 1997 2578 atque
2025 2506 2123 2560 da-

528 2613 742 2664 mnosa,
770 2601 1056 2668 minusque
1086 2600 1365 2668 pensantia
1399 2613 1740 2654 recusemus:
1773 2615 1842 2655 ne
1883 2600 1936 2654 in
1988 2598 2121 2654 illud

527 2691 832 2748 incidentes
889 2692 1034 2762 quod
1093 2693 1395 2749 observare
1442 2703 1552 2748 tota
1597 2695 1798 2749 virtute
1850 2705 2122 2764 prarcepto

529 2783 743 2839 Domini
773 2799 1208 2853 commonemur,
1259 2787 1469 2840 cunctis
1520 2785 1763 2840 laborum
1812 2793 2120 2840 nostrorum

528 2876 812 2947 stipendiis
838 2877 1158 2947 meritisque
1182 2877 1524 2934 fraudemur.
1561 2878 1760 2942 Nolite,
1788 2879 1982 2948 inquit,
2005 2880 2119 2933 tlte-

527 2969 794 3024 saurizare
819 2969 960 3023 uobis
987 2968 1263 3023 thesauros
1292 2970 1346 3023 in
1371 2979 1528 3036 terra,
1563 2969 1652 3024 ubi
1681 2986 1859 3042 atrugo
1883 2980 1933 3024 et
1984 2972 2122 3024 tinea

526 3061 831 3128 demolitur,
863 3072 910 3115 et
944 3063 1030 3115 ubi
1077 3066 1218 3133 fures
1265 3061 1520 3129 effodiunt
1558 3073 1605 3116 et
1637 3064 1879 3134 [urantur
1903 3062 2118 3136 (Matth.

2223 1877 2384 1915 mone
2405 1873 2693 1929 suspenso,
2723 1871 2911 1913 rursus
2930 1857 3166 1912 addidit:
3195 1856 3464 1924 Quoniam
3488 1870 3605 1924 nos,
3632 1872 3662 1908 ο
3683 1854 3782 1919 lilii,

2220 1954 2288 2009 ad
2316 1955 2738 2024 disputationem
2769 1959 2879 2005 tam
2914 1950 3127 2019 Iungam
3169 1958 3351 2006 vestra
3403 1949 3652 2006 sedulitas
3679 1961 3786 2016 pro-

2221 2045 2458 2111 vocavit,
2484 2055 2538 2099 et
2567 2044 2706 2114 ignis
2733 2043 2954 2113 quidam
2977 2041 3255 2098 cullationi
3291 2050 3492 2096 nostra:
3521 2039 3785 2097 ferventio-

2221 2152 2312 2193 res
2339 2152 2536 2193 sensus
2566 2153 2665 2204 pro
2695 2149 2880 2192 vestro
2918 2136 3191 2191 desiderio
3215 2134 3612 2199 subministrat,
3653 2143 3707 2188 ut
3728 2147 3786 2189 ex

2221 2231 2328 2286 hoc
2357 2232 2523 2287 etiam
2553 2231 2671 2300 ipso
2701 2231 2988 2285 maniteste
3009 2228 3350 2298 eontempler
3381 2228 3436 2283 in
3464 2227 3681 2282 veritate
3703 2238 3786 2280 vos

2221 2323 2572 2396 perfectionis
2617 2322 2774 2378 sitire
2827 2322 3131 2376 doctrinam
3180 2338 3194 2374 :
3250 2320 3376 2374 volo
3422 2318 3576 2374 Vobis
3624 2315 3784 2372 adhuc

2221 2433 2384 2487 super
2409 2417 2760 2472 discretionis
2788 2417 3102 2472 eximietate
3128 2415 3213 2470 vel
3237 2414 3438 2484 gratia,
3469 2423 3492 2452 ε
3516 2426 3633 2483 quae
3660 2411 3787 2466 inter

2221 2518 2446 2566 cunctas
2490 2510 2722 2565 virtutes
2769 2524 2952 2564 arcem
2980 2524 3045 2564 ac
3090 2508 3383 2578 primatum
3430 2516 3597 2570 tenet,
3639 2518 3788 2576 pauca

2221 2602 2515 2669 disserere,
2563 2602 3062 2673 excellentiamque
3111 2603 3230 2671 ejus
3262 2610 3318 2655 et
3363 2599 3648 2656 utilitatem
3695 2611 3787 2651 non

2222 2693 2398 2749 solum
2451 2695 2794 2764 quatidiauis
2844 2695 3109 2764 exemplis
3139 2735 3153 2760 ,
3211 2692 3308 2749 sed
3372 2693 3535 2749 etiam
3581 2688 3791 2758 antiquis

2222 2787 2442 2843 Patrum
2473 2788 2863 2844 collationibus
2887 2803 2954 2842 ac
2977 2788 3265 2844 sententiis
3303 2787 3624 2858 approbare.
3672 2781 3788 2838 Fre-

2221 2891 2457 2951 quenter
2489 2897 2720 2952 namque
2759 2881 2980 2937 memini
3011 2881 3284 2936 nonnullis
3332 2877 3644 2952 hujusmodi
3689 2891 3791 2933 ser-

2221 2988 2438 3029 monem
2467 2988 2589 3030 cum
2617 2973 2824 3043 gemitu
2870 2975 3231 3045 lacrymisque
3283 2975 3670 3045 poscentibus,
3716 2987 3792 3028 me

2221 3079 2437 3134 quoque
2494 3064 2695 3135 aliquid
2749 3066 2830 3120 eis
2878 3065 3139 3121 doctrina:
3189 3065 3447 3123 conferre
3495 3066 3786 3135 cupientem

527 3152 642 3224 vr).
671 3152 945 3223 Quidquid
992 3153 1136 3208 enim
1177 3154 1635 3224 contemplatione
1665 3153 1912 3209 humanae
1935 3155 2122 3224 gloriae
2146 3163 2193 3225 ο
2225 3156 2532 3211 nullatenus
2565 3156 2830 3225 patuisse,
2858 3165 2914 3212 et
2937 3157 3010 3211 ita
3038 3157 3092 3212 in
3121 3171 3209 3212 me
3240 3172 3345 3212 non
3373 3154 3554 3214 solum
3597 3167 3788 3219 sensus,

527 3242 842 3310 fecerimus,
870 3245 922 3298 in
950 3255 1089 3298 terra
1119 3259 1221 3298 nos
1248 3244 1619 3301 tltesaurizare
1660 3246 1966 3301 secundum
2018 3246 2123 3300 Do-

530 3336 663 3390 mini
703 3336 1028 3391 sententiam
1069 3336 1403 3402 noverimus,
1445 3348 1499 3392 et
1545 3349 1944 3408 consequenter
1988 3338 2119 3394 illud

527 3430 676 3484 velut
698 3428 848 3484 humi
888 3428 1233 3485 reconditum
1271 3438 1540 3501 terraeque
1587 3431 1890 3496 defosmm,
1919 3431 2003 3486 vel
2035 3431 2120 3486 di-

527 3524 705 3579 versis
723 3524 1008 3578 dtemoniis
1024 3524 1486 3594 depopulandum,
1503 3525 1590 3579 vel
1615 3525 1770 3580 edaci
1802 3526 2120 3580 cenodoxiae

526 3616 770 3688 aerugine
817 3619 1289 3682 consumendum,
1334 3631 1430 3671 seu
1482 3617 1758 3685 superbiae
1813 3617 1975 3674 tineis
2019 3618 2116 3673 de-

526 3711 849 3778 vorandum,
872 3720 935 3766 ut
963 3710 1029 3766 ad
1059 3711 1262 3766 nullam
1293 3710 1638 3766 recondentis
1657 3710 1946 3766 utilitatem
1969 3726 2120 3767 emo-

527 3804 939 3877 lumentumque
963 3806 1231 3874 proficiat.
1261 3806 1464 3861 Omnes
1510 3806 1676 3877 igitur
1724 3806 1904 3862 Cordis
1945 3807 2118 3862 nostri

527 3911 776 3954 recessus
799 3899 1003 3969 iugiter
1031 3899 1412 3968 perscrutandi
1446 3909 1594 3968 sunt,
1626 3910 1682 3957 et
1708 3900 2117 3956 ascendentium

2223 3262 2412 3302 verum
2440 3249 2606 3303 etiam
2638 3249 2810 3316 ipsum
2842 3248 3115 3318 eloquium
3143 3248 3439 3319 defecisse,
3488 3258 3548 3305 ut
3593 3263 3693 3303 non
3714 3247 3791 3302 in-

2223 3341 2466 3396 venirem
2498 3341 2951 3412 quemadmodum
2981 3357 3097 3409 eos,
3131 3342 3217 3397 vel
3247 3359 3374 3398 cum
3429 3343 3535 3398 levi
3562 3339 3791 3397 consola-

2223 3435 2374 3490 tione
2399 3433 2748 3490 dimitterem.
2792 3436 2999 3502 Quibus
3039 3435 3254 3490 indiciis
3300 3435 3590 3492 evidenter
3642 3445 3792 3503 agno-

2223 3528 2414 3591 scitur,
2449 3526 2664 3582 Domiui
2690 3527 2921 3598 gratiam
2965 3543 3060 3595 pro
3094 3527 3288 3583 merito
3319 3544 3386 3584 ac
3413 3527 3680 3584 desiderio
3705 3539 3793 3578 au-

2224 3617 2486 3674 dientium
2521 3618 2922 3690 disputantibus
2965 3620 3210 3689 aspirare
3264 3635 3600 3677 sermonem.
3642 3618 3794 3687 Quem

2225 3713 2351 3783 quia
2391 3712 2771 3767 brevissimum
2800 3713 2964 3776 istud,
2992 3713 3134 3783 quod
3165 3724 3441 3782 superest,
3478 3712 3649 3769 noctis
3689 3722 3796 3780 sps-

2227 3806 2364 3859 tium
2397 3821 2502 3859 non
2527 3806 2764 3860 occurrit
2789 3805 3030 3874 explere,
3079 3805 3426 3877 indulgentes
3456 3806 3592 3863 illud
3633 3803 3800 3876 potius

2227 3899 2391 3970 quieti
2423 3914 2724 3969 corporeae,
2749 3899 2836 3955 cui
2862 3915 3086 3956 necesse
3130 3910 3210 3956 est
3253 3910 3431 3957 totum
3481 3900 3730 3972 persolvi,
3757 3897 3796 3953 si

1612 4059 1866 4117 ALARDI
1907 4059 2135 4117 GAZAaI
2175 4059 2366 4116 COMM
2379 4058 2742 4116 ENTARIUS.

604 4201 628 4260 τί
660 4190 1135 4259 Anacephalzeosis
1167 4192 1614 4260 prmeedentium.

602 4259 808 4334 brAli-as
833 4278 1146 4332 congruere:
1174 4259 1266 4315 ubi
1289 4264 1562 4334 Cuyctiius
1590 4280 1605 4318 :
1644 4263 1867 4333 Exagio,
1917 4267 2108 4334 tnquit,

531 4333 806 4387 seniorqu
839 4344 1146 4403 congruunt
1173 4348 1258 4399 ea,
1293 4333 1413 4402 qua:
1446 4334 1657 4389 illorum
1685 4335 1890 4403 judicio
1912 4333 2114 4391 exami-

531 4417 652 4457 Itala
714 4405 1032 4471 probantur.
1066 4403 1291 4458 Videtur
1339 4407 1484 4459 enim
1515 4407 1685 4475 exegii
1726 4407 2046 4461 vocabulum
2081 4425 2108 4461 a

529 4475 721 4529 Graeco
747 4477 1011 4547 ἐξαγέομαι
1039 4475 1324 4528 deductum
1354 4492 1500 4538 esse,
1545 4477 1711 4546 quod,
1747 4489 1945 4546 praeter
1980 4480 2109 4545 alia,

530 4547 692 4600 etiam
740 4547 1006 4614 signiﬁcat
1049 4561 1292 4609 narrare,
1341 4562 1636 4616 exponere,
1693 4551 2006 4604 examinare
2057 4563 2108 4604 et

527 4607 902 4688 commentari.
930 4619 1012 4672 Ab
1043 4617 1143 4670 hac
1172 4607 1436 4672 sententia
1471 4635 1577 4672 non
1611 4607 1770 4688 longe
1810 4621 2014 4674 ret-edit
2045 4621 2108 4675 D.
2141 4607 2190 4666 ί)

527 4686 772 4758 Βὶοηγπὶι
810 4688 1171 4758 paraplirasis,
1213 4705 1334 4757 qua:
1377 4689 1536 4745 liabet
1565 4707 1577 4742 :
1609 4686 1871 4744 seniOrum
1914 4691 2108 4746 actibus

527 4757 812 4828 adaequari.
869 4757 939 4812 Ita
971 4759 1266 4828 Cttycltith.
1321 4761 1388 4813 At
1428 4761 1586 4814 aliter
1613 4763 1916 4815 Ciaconius.
1967 4764 2110 4816 Exa-

527 4827 698 4898 ginnt,
721 4830 818 4890 ait,
847 4828 972 4896 quid
998 4827 1165 4892 esset,
1198 4833 1546 4896 nesciremus,
1576 4832 1675 4886 nisi
1713 4847 1808 4883 nos~
1837 4833 2112 4888 docuisset

532 4914 834 4952 marmorea
871 4901 1068 4962 tabula,
1099 4916 1221 4969 qua:
1264 4911 1346 4954 est
1377 4902 1564 4955 Romae
1593 4901 1646 4956 in
1685 4903 1885 4968 palatio
1932 4904 2112 4957 Culu-

529 4971 856 5040 tnuensinm,
893 4974 942 5023 in
972 4985 1073 5040 qua
1121 4973 1198 5024 sic
1230 4981 1310 5024 cst
1351 4973 1642 5040 scriptum:
1680 4973 1762 5026 Ex
1809 4976 2113 5028 auctoritate

530 5038 685 5093 Turci
714 5038 1002 5110 Aproniani
1040 5041 1102 5096 V.
1147 5042 1206 5094 C.
1243 5038 1475 5108 prtrt‘ecti
1505 5043 1678 5108 Urbis,
1735 5046 1867 5097 ratio
1913 5046 2109 5108 docuit,

529 5111 754 5164 utilitate
782 5112 1047 5170 suadente.
1074 5113 1448 5166 consuetudine
1469 5116 1694 5168 micandi
1715 5131 1989 5176 summota,
2017 5117 2110 5169 sub

529 5183 711 5254 exagiu
735 5183 901 5251 potius
928 5199 1114 5253 prcora
1145 5189 1378 5240 vendere.
1407 5201 1561 5254 quam
1588 5187 1765 5252 digitis
1793 5189 2111 5240 concluden-

531 5251 688 5317 libus,
722 5264 774 5306 ut
796 5251 1021 5325 appenso
1047 5270 1244 5326 pecore,
1299 5251 1484 5322 capite,
1528 5251 1739 5326 pedzbus
1784 5266 1829 5308 et
1869 5272 2002 5310 διευο
2030 5265 2109 5309 la-

531 5335 728 5389 ctatnu,
765 5333 810 5376 et
853 5325 1177 5395 subjugulari
1205 5325 1347 5377 lanio
1377 5325 1692 5394 cedentibus,
1743 5328 1942 5396 reliqua
1988 5343 2108 5380 caro

530 5409 655 5468 cum,
669 5396 798 5466 pelle
814 5405 859 5448 et
875 5397 1148 5468 interaneis
1170 5397 1699 5468 pro/iciatvenilitori,
1725 5399 1817 5451 sub
1840 5407 2112 5468 conspectu

535 5465 743 5539 publica
781 5468 883 5533 ﬁde
907 5465 1558 5539 ponderiscomprobitn;
1612 5477 1662 5521 ut
1692 5465 2111 5539 qttantum'caro

535 5536 913 5606 occisipecoris
952 5536 1229 5604 appendat,
1266 5548 1309 5589 et
1350 5550 1548 5605 emptor
1585 5536 1740 5604 norit,
1774 5549 1818 5592 et
1856 5540 2110 5606 cemitur,

535 5615 640 5658 etc.
664 5605 816 5680 ΔΙίτεο
845 5608 1036 5676 esagiu
1067 5607 1263 5675 aliquid
1309 5610 1643 5680 aquuatur,
1672 5626 1793 5665 cum
1837 5611 1901 5663 ad
1956 5605 2112 5665 iidem

533 5675 794 5748 ponderis
814 5680 1007 5746 publici
1037 5680 1266 5748 exigitur
1293 5691 1346 5735 et
1373 5675 1728 5736 examinator.

607 5756 631 5786 α
661 5747 779 5814 Qua
804 5748 1012 5804 ratione
1053 5747 1356 5820 prudentia,
1400 5768 1560 5823 quam
1613 5753 1701 5808 hic
1728 5751 2113 5810 discretionem

2217 4205 2400 4265 vocat,
2435 4196 2577 4270 inter
2601 4197 2851 4262 virtutes,
2884 4212 3079 4270 nempe
3118 4200 3471 4270 cardinales,
3526 4201 3799 4270 primatum

2219 4277 2418 4344 teneat,
2454 4267 2763 4344 declaratur
2801 4269 2990 4344 collat.
3015 4267 3455 4344 sequentitCap.
3488 4267 3550 4344 2)
3583 4287 3646 4328 ex
3685 4287 3800 4344 sen-

2219 4339 2382 4392 tcntia
2413 4340 2589 4402 magni
2618 4339 2866 4404 Antonii,
2903 4341 2991 4406 qui
3033 4342 3377 4408 prudentiam
3402 4339 3612 4399 docuit
3638 4343 3801 4399 omni-

2218 4409 2316 4462 bus
2348 4409 2466 4463 aliis
2497 4411 2784 4464 virtutibus
2810 4410 3222 4480 praeferendam,
3255 4424 3534 4483 tamquam
3565 4413 3802 4470 directri-

2215 4495 2331 4534 cem
2362 4492 2704 4542 cmterarmn,
2741 4497 2862 4550 qua:
2893 4497 2998 4536 non
3026 4483 3171 4538 sinat
3212 4499 3306 4538 eas
3343 4500 3375 4538 a
3412 4498 3570 4542 reeto
3602 4489 3803 4539 tramite

2215 4551 2282 4628 ad
2315 4551 2583 4628 dextram,
2626 4552 2833 4628 velAad
2863 4553 3136 4628 sinistram
3189 4555 3484 4611 deflectere
3540 4556 3699 4628 (Vide
3745 4555 3801 4628 ετ

2217 4620 2402 4692 Thom.
2439 4623 2554 4687 1-2,
2587 4639 2637 4692 q.
2687 4623 2778 4687 66,
2825 4639 2877 4676 a.
2919 4624 2999 4691 5).
3031 4625 3266 4680 (ἔπεμπες
3305 4628 3456 4680 enim
3488 4620 3734 4690 virtutes,
3762 4626 3802 4680 si

2214 4691 2480 4766 discretio
2501 4691 2662 4754 absit,
2694 4700 3004 4749 necessario
3036 4697 3357 4766 impingere,
3392 4699 3480 4754 vel
3513 4699 3682 4752 nimio
3702 4697 3803 4752 fer-

2214 4778 2366 4828 vore,
2401 4765 2483 4818 vel
2538 4773 2778 4830 torpore,
2811 4774 2864 4819 et
2899 4765 3223 4821 remissione
3255 4784 3267 4820 :
3301 4767 3448 4824 hattc
3480 4771 3652 4823 solam
3697 4767 3805 4825 effi-

2215 4849 2362 4905 cere,
2395 4844 2455 4888 ut
2510 4834 2742 4888 medium
2773 4846 3048 4903 teneatur,
3090 4848 3144 4891 et
3183 4839 3328 4905 regia
3361 4841 3452 4893 via
3502 4841 3798 4896 incedatur.

2216 4903 2462 4978 Denique
2494 4907 2630 4958 lianc
2659 4921 2801 4971 esse,
2829 4922 2948 4978 qute
2975 4908 3027 4960 in
3055 4903 3342 4978 Evangelio
3372 4922 3607 4966 vocatur
3635 4909 3805 4965 oculus

2215 4984 2262 5028 et
2290 4974 2503 5028 lucerna
2528 4979 2758 5043 corporis
2787 4977 2947 5031 nostri
2977 4993 2995 5030 :
3026 4993 3055 5030 a
3094 4974 3227 5048 qua'
3253 4989 3430 5037 totum
3460 4983 3636 5038 veluti
3690 4997 3802 5036 cor-

2217 5061 2314 5114 pus
2361 5057 2617 5100 virtutum
2647 5052 2718 5102 sit
2748 5047 3144 5102 illustrandum.
3182 5051 3242 5104 Ι).
3295 5051 3631 5107 Ambrosius
3675 5053 3761 5106 lib.
3792 5066 3805 5102 ι

2215 5117 2283 5192 de
2312 5116 2468 5192 ωηο.
2498 5132 2619 5192 cap.
2645 5117 2714 5192 27
2739 5119 2867 5192 dicit
2899 5120 3236 5192 prudentiam
3260 5135 3388 5177 esse
3415 5126 3654 5192 primum
3697 5125 3806 5178 otti-

2215 5187 2281 5262 cii
2316 5187 2366 5241 id
2394 5199 2498 5262 est,
2533 5190 2654 5262 boni
2689 5191 2883 5262 operis
2909 5188 3132 5262 fontem.
3160 5191 3304 5246 Idem
3335 5187 3504 5248 docet
3531 5193 3594 5249 Ι).
3627 5193 3802 5262 Augu-

2215 5259 2387 5310 Stinus
2410 5258 2504 5313 lib.
2546 5259 2653 5314 ide
2683 5260 2920 5314 Moribus
2953 5261 3208 5316 Ecclesia:
3247 5277 3300 5318 c.
3335 5263 3433 5318 24.
3473 5265 3641 5318 Divus
3682 5258 3801 5317 it'em

2217 5327 2538 5400 Benedictus
2565 5330 2951 5385 discretionem
2979 5343 3205 5387 tttatrem
3229 5335 3499 5390 virtutum
3529 5336 3665 5391 dicit
3691 5349 3801 5400 cap.

2217 5400 2286 5454 64
2339 5399 2576 5467 Regulm.
2633 5402 2692 5454 ι).
2750 5402 3058 5457 llernardus
3105 5418 3272 5458 serm.
3323 5405 3397 5460 49
3432 5406 3488 5459 in
3542 5399 3800 5460 Cantica:

2221 5470 2517 5547 [)iscretio,
2538 5472 2634 5537 ait,
2687 5474 2824 5547 omni
2865 5475 3039 5527 uirtuti
3067 5476 3302 5530 ordinem
3330 5477 3521 5547 ponit;
3550 5478 3677 5531 ordo
3705 5492 3801 5547 nio-

2216 5542 2340 5595 dum
2365 5541 2569 5616 tribuit,
2610 5552 2656 5595 et
2703 5545 2933 5598 decorem
2965 5554 3013 5598 et
3060 5541 3508 5616 perpetuitatem,»
3549 5560 3657 5604 etc.
3724 5544 3806 5598 Est

2216 5628 2340 5682 ergo
2361 5612 2602 5688 discretio
2625 5629 2729 5688 non
2761 5624 2865 5666 tam
2894 5612 3238 5683 virtus'qnam
3284 5612 3536 5688 quaedam
3577 5617 3804 5672 modera-

2241 5698 2323 5736 ηπ
2366 5693 2410 5737 et
2443 5685 2629 5759 auriga
2682 5685 2948 5759 uirtutum,
2999 5685 3393 5759 ordinatrixque
3423 5688 3736 5757 aﬂ'ectuum,
3763 5695 3806 5739 ct

2220 5769 2418 5808 morum
2445 5753 2686 5821 ductriu;
2724 5755 2848 5810 tolle
2872 5756 3024 5821 hanc,
3055 5767 3100 5811 et
3130 5753 3500 5813 virtus'uitium
3523 5762 3618 5814 erit
