3966 6326
242 257 338 314 831

975 258 1316 318 COLLA‘I‘IO
1351 260 1394 318 l.
1425 289 1496 304 —
1521 259 1615 318 DE
1653 255 1961 320 MONACHI
1998 257 2428 318 lNTENTlONE.
2463 259 2554 318 ΛΟ
2593 260 2776 320 FINE.

3405 270 3512 328 5‘22

243 373 292 431 id
321 371 464 443 quod
486 372 763 432 modicum
789 383 876 432 est
900 375 1066 433 fuerit
1084 376 1430 447 denegatum,
1459 378 1676 448 plenum
1703 393 1828 432 nar-
1853 384 1906 444 Α
1931 375 2284 445 disserentes,
2318 378 2698 446 disputationis
2745 394 2958 452 quoque
2988 381 3074 436 vel
3108 385 3364 454 temporis
3395 403 3518 444 mo-

244 469 464 524 rationis
489 468 742 523 ordinem
774 468 989 539 integro
1030 468 1193 524 futuri
1223 470 1329 525 diei
1370 485 1467 526 seti
1491 471 1668 526 noctis
1696 485 1825 526 exa-

246 561 366 615 mini
390 575 758 617 reservemus.
787 561 952 618 Decet
979 576 1214 632 namque
1230 561 1574 618 discretionis
1593 565 1827 634 optimos

243 654 607 719 consultores.
641 654 695 710 in
727 657 830 711 hoc
873 655 1105 725 primum
1152 654 1461 724 patefacere
1489 670 1602 712 sua:
1625 655 1827 711 mentis

246 746 587 816 industriam,
619 756 674 803 et
702 757 881 803 utrum
912 749 1023 803 sint
1066 747 1148 802 vel
1198 755 1401 818 queant
1438 747 1559 818 ejus
1597 761 1828 818 capaces

244 855 360 895 esse
385 840 489 895 hoc
522 839 730 897 indicio
751 855 815 896 ac
844 841 1104 908 patientia
1127 840 1506 910 comprobare,
1540 840 1683 896 utde
1710 840 1825 907 illa,

246 949 363 1000 qua:
385 933 778 990 moderationis
805 935 1118 1006 generatrix
1151 943 1258 1001 est,
1281 934 1478 991 virtute
1509 944 1826 1001 tractantes,

245 1039 580 1096 nequaquam
605 1026 814 1086 vitium.
838 1026 980 1095 quod
1011 1026 1112 1097 ipsi
1135 1029 1468 1083 contrarium
1497 1037 1601 1094 est,
1630 1029 1826 1085 nimie-

245 1121 363 1175 tatis
410 1121 692 1176 incurrant
718 1135 734 1186 ;
759 1120 868 1176 vim
908 1121 1135 1177 ratioiiis
1163 1135 1228 1177 ac
1256 1129 1464 1178 naturae
1508 1121 1626 1192 ejus
1663 1136 1826 1192 quam

245 1213 423 1268 verbis
451 1213 732 1278 excolunt,
783 1213 980 1268 ell’ectu
1036 1223 1201 1283 atque
1250 1228 1418 1284 opere
1445 1213 1735 1269 violantes.
1768 1211 1827 1267 In

247 1305 339 1360 hoc
366 1320 498 1376 ergo
530 1305 688 1362 nobis
709 1305 1054 1362 discretionis
1083 1306 1306 1374 bonum,
1337 1307 1406 1363 de
1434 1323 1538 1379 qua
1568 1315 1826 1378 quantum

250 1397 506 1453 Dominus
530 1397 760 1466 dederit,
807 1398 986 1454 adhuc
1033 1399 1291 1470 indagare
1327 1399 1689 1470 disponimus,
1723 1400 1830 1470 pri-

247 1490 400 1546 initus
432 1493 626 1560 prosit,
661 1501 720 1548 ut
751 1507 852 1548 nos
895 1492 965 1548 de
1005 1493 1176 1564 ipsius
1205 1493 1529 1549 excellentia
1558 1501 1611 1548 et
1645 1491 1827 1548 mode-

247 1583 449 1640 ratione
469 1600 593 1656 qua:
619 1586 794 1654 prima
819 1585 996 1642 eidem
1025 1587 1196 1642 virtus
1241 1587 1424 1643 inesse
1451 1586 1820 1657 cognoscitur,

1935 469 2064 525 dum
2088 485 2194 526 non
2219 476 2495 542 permittat
2515 473 2803 529 excedere.
2842 473 2936 528 His
2960 475 3140 546 itaque
3160 475 3352 532 beatus
3369 479 3518 552 Moy-

1933 579 2024 620 ses
2052 564 2334 620 collationi
2361 576 2560 621 nostrai
2589 565 2724 622 dans
2763 568 2950 633 linem,
2981 569 3164 625 adhuc
3209 586 3308 626 nos
3333 574 3524 630 avidos

1935 672 1998 712 ac
2025 657 2095 713 de
2141 672 2239 712 suo
2284 672 2380 714 ore
2435 658 2734 728 pendentes
2763 657 3056 730 degustare
3103 676 3352 718 somnum
3393 679 3526 731 pau-

1935 748 2100 822 lisper
2140 750 2384 806 hortatus
2430 761 2534 817 est,
2563 760 2588 789 α
2616 751 2807 808 iisdem
2844 753 2976 822 ipsis
3023 754 3219 824 quibus
3252 756 3525 813 insideba-

1935 857 2079 910 mus,
2147 843 2396 913 psiathiis
2447 843 2745 900 admonens
2793 845 3072 912 incubare,
3134 846 3161 885 ι’
3217 848 3522 906 euibrimiis

1932 935 2136 1007 pariter
2161 935 2326 1006 capiti
2376 945 2564 991 nostro
2618 937 2970 993 cervicalium
3023 939 3143 993 vice
3193 942 3518 1011 suppositis,

1933 1029 2296 1100 grossioribus
2341 1028 2560 1100 papyris
2608 1028 2661 1084 in
2692 1029 2881 1099 longos
2910 1030 3254 1100 gracilesque
3289 1031 3524 1089 fascicu-

1935 1122 2019 1177 los
2043 1120 2334 1191 coaptatis.
2361 1120 2491 1189 Quae
2523 1120 2698 1190 pedali
2729 1122 3017 1177 intervallo
3047 1127 3251 1192 pariter
3269 1126 3521 1196 colligata

1935 1229 2078 1270 nunc
2103 1213 2320 1284 quidem
2370 1212 2729 1268 humillimum
2771 1213 2944 1269 sedile
2973 1214 3040 1268 ad
3072 1217 3290 1272 scabelli
3321 1217 3517 1286 vicem,

1934 1307 2199 1364 fratribus
2239 1307 2292 1362 in
2335 1306 2535 1378 Synaxi
2586 1305 2994 1362 considentibus
3045 1318 3330 1377 praestant,
3380 1327 3525 1368 nunc

1931 1416 2062 1458 vero
2089 1401 2332 1471 subjecta
2354 1399 2656 1456 cervicibus
2684 1399 3070 1456 dormientium
3097 1402 3525 1474 praebentcapiti

1931 1507 2041 1548 non
2068 1492 2234 1547 nimie
2271 1489 2624 1564 durumksed
2667 1491 2954 1545 tractabile
2981 1503 3274 1561 aptumque
3310 1506 3330 1533 ο
3367 1494 3528 1551 fulci-

1932 1593 2199 1639 mentum.
2248 1581 2329 1638 Ad
2379 1596 2516 1652 quos
2569 1582 2961 1637 monachorum
2991 1599 3121 1639 usus
3171 1585 3286 1640 lucc
3317 1584 3524 1644 idcirco

1313 1744 1572 1810 ALARDI
1612 1743 1846 1802 GAZEI
1883 1741 2450 1800 COMMENTARIUS.

311 1894 337 1924 ι
367 1885 444 1962 De
498 1881 1010 1962 psiatbiis_d_iximus
1061 1883 1319 1962 nonnulla
1349 1882 1490 1938 libro
1516 1881 1824 1962 quart_o_ln-
1858 1883 1906 1944 Β
1935 1877 2010 1936 De
2045 1887 2213 1962 stratn
2264 1895 2361 1962 seu
2395 1881 2589 1962 cubitu
2645 1882 2864 1962 cilicino
2893 1883 3046 1951 plura
3079 1896 3205 1962 sunt
3254 1889 3524 1962 exempla,

248 1957 584 2014 stitutionuin
606 1970 731 2022 cap.
760 1955 847 2018 l3,
877 1971 1108 2024 quorum
1133 1955 1404 2023 duplicem
1455 1969 1609 2008 nsunt
1661 1953 1827 2008 fuisse

248 2027 384 2098 apttd
425 2028 550 2098 illos
581 2023 960 2098 anachoretas.
992 2035 1102 2080 tuin
1153 2026 1262 2098 hic,
1297 2035 1408 2079 tum
1436 2025 1558 2078 alibi
1608 2023 1823 2098 (Gallat.

255 2095 312 2153 l7
339 2115 453 2167 cap.
484 2096 520 2150 3
547 2105 598 2150 et
646 2095 834 2151 Cotlat.
890 2099 958 2153 18
987 2113 1108 2164 cap.
1143 2096 1243 2165 ll)
1290 2099 1551 2160 innititur.
1603 2096 1825 2150 sedendi

249 2169 499 2225 videlicet
549 2174 605 2222 et
645 2167 934 2223 incubandi
973 2171 1089 2222 vice
1121 2169 1248 2221 lecti
1285 2171 1349 2222 ad
1378 2167 1699 2234 capiendum
1741 2183 1831 2221 so-

249 2255 426 2297 mnum
454 2258 466 2293 :
501 2243 574 2292 ita
601 2246 778 2294 tamen
811 2251 868 2292 ut
911 2239 1228 2294 sedentibus
1274 2239 1443 2308 magis
1465 2253 1627 2307 quam
1654 2240 1832 2305 jacen-

249 2314 389 2366 tibus
438 2309 673 2372 similes,
707 2313 759 2363 in
790 2309 869 2364 eis
900 2311 1278 2364 dormitarent.
1328 2308 1493 2377 Cujus
1540 2311 1831 2363 occasione

249 2381 511 2438 succurrit
544 2380 631 2435 hic
658 2381 970 2445 nutandntn,
997 2383 1142 2436 viros
1163 2382 1293 2434 olim
1320 2379 1622 2445 religiosos,
1656 2378 1715 2431 l0
1738 2386 1833 2433 aut

250 2452 393 2508 bumi
421 2453 630 2507 cubare
650 2451 863 2516 solitos,
895 2452 959 2505 2°
990 2463 1083 2505 aut
1129 2453 1181 2505 in
1227 2451 1414 2504 stratis
1438 2450 1672 2519 junceis,
1715 2449 1833 2504 sive

249 2523 580 2584 stratitineis.
639 2521 695 2578 3'
742 2531 835 2576 attt
877 2521 1090 2578 ciliciis.
1139 2523 1212 2576 De
1261 2522 1604 2590 cltamettnia,
1640 2519 1690 2575 id
1724 2529 1827 2590 est,

250 2593 392 2650 humi
414 2593 746 2663 dormitione
785 2592 845 2663 Ι).
893 2592 1252 2663 Hieronymus
1283 2595 1594 2662 exemplum
1626 2589 1836 2663 profert

251 2667 328 2720 sui
358 2666 527 2733 ipsius
553 2662 714 2731 epist.
751 2662 956 2726 22,ubi
982 2662 1133 2719 suam
1169 2666 1220 2718 iii
1269 2678 1454 2718 eremo
1485 2662 1699 2733 vivendi
1750 2677 1834 2716 ra-

254 2732 474 2797 tionem,
504 2742 561 2788 et
607 2733 980 2789 austeritatem
1021 2749 1478 2793 commemorans.
1512 2732 1828 2798 Horrebam,

255 2808 440 2873 inquit,
468 2821 620 2860 sacco
642 2804 868 2877 membra
891 2806 1168 2877 deformia,
1192 2815 1240 2858 et
1266 2804 1504 2877 squalida
1526 2804 1658 2856 cutis
1680 2805 1835 2857 situm

256 2877 569 2946 .Etbiopicw
596 2877 765 2930 carnis
786 2875 1110 2940 obduxerat;
1152 2876 1380 2943 quotidie
1409 2875 1674 2946 lacryrnte,
1707 2891 1836 2945 quo-

256 2951 378 3022 tidie
411 2949 664 3022 gemitus;
694 2956 755 3022 et
787 2949 831 3002 si
860 2947 1070 3022 quando
1096 2954 1482 3022 repugnantem
1501 2962 1714 3022 somnus
1741 2947 1837 3022 int-

257 3015 444 3073 ntinen's
472 3019 828 3086 Oppressisset,
854 3015 997 3071 nuda
1025 3015 1180 3071 humo
1213 3015 1298 3071 trix
1319 3033 1437 3071 ossa
1463 3016 1711 3071 [terentia
1731 3015 1839 3070 col-

257 3090 496 3144 lidcbam.
538 3087 683 3142 ldctn
730 3087 784 3142 in
816 3087 1135 3144 Hilarione:
1176 3086 1348 3155 Super
1385 3089 1581 3141 nudam
1625 3089 1838 3140 humum

255 3162 823 3231 stratumqucjunccum
846 3175 1003 3229 usque
1022 3160 1092 3212 ad
1123 3169 1339 3231 mortem
1365 3158 1627 3231 cubitavit.
1648 3158 1806 3212 Memi
1821 3186 1836 3194 -

258 3234 334 3315 nit
350 3229 512 3313 etiam
528 3229 966 3321 .dechameuniis
987 3231 1040 3284 in
1057 3245 1173 3311 cap.
1202 3245 1287 3311 xm
1312 3229 1700 3321 Isaiaez‘ealsque
1716 3243 1837 3310 cum
1867 3256 1914 3321 ο

257 3302 470 3371 jejtiniis
491 3309 547 3356 et
575 3300 748 3356 victus
772 3301 1110 3356 continentia
1137 3303 1436 3370 conjungit.
1468 3303 1529 3356 υ.
1549 3299 1840 3369 Gregorius

258 3371 629 3425 Nazianzenus
656 3380 795 3425 orat.
834 3371 893 3425 ll
939 3370 1055 3425 haec
1098 3372 1241 3425 inter
1271 3370 1374 3424 alia
1404 3369 1474 3425 de
1501 3385 1693 3425 sorore
1742 3386 1836 3424 sua

258 3370 629 3429 Nazianzenus
656 3380 795 3426 orat.
834 3371 893 3427 ll
939 3370 1055 3427 haec
1098 3372 1241 3427 inter
1271 3370 1374 3424 alia
1404 3370 1474 3425 de
1501 3385 1693 3425 sorore
1742 3386 1836 3424 sua

258 3442 528 3513 Gorgonis
559 3458 574 3496 :
619 3441 664 3496 0
693 3451 866 3496 tenera
896 3442 1121 3523 membra
1151 3441 1585 3523 humi‘prostrala
1613 3458 1674 3523 ac
1709 3455 1844 3523 prai-

261 3525 336 3569 ter
361 3511 603 3568 naturam
628 3529 738 3567 sese
765 3515 1152 3583 exsuperantia.
1185 3511 1248 3567 Ι).
1292 3513 1616 3583 Athanasius
1646 3511 1842 3566 invita

258 3583 320 3642 S.
349 3584 562 3639 Antonii
596 3600 609 3636 :
637 3583 811 3650 Quieti
848 3582 1077 3638 membra
1113 3582 1396 3636 concedens
1415 3583 1580 3653 junco
1603 3591 1841 3636 contexto

260 3656 381 3728 (pro
398 3670 503 3724 quo
526 3653 716 3710 Graece
742 3653 969 3728 habetur
988 3653 1204 3728 ψιαθὶῳ)
1227 3662 1378 3728 atque
1398 3653 1568 3706 cilicio
1581 3654 1842 3728 utebatur:

262 3723 645 3808 ferenumquam
672 3725 851 3808 ἐάσω
892 3723 1046 3794 super
1070 3723 1306 3808 laudum;
1347 3724 1575 3808 (ιιιειξιιηιΔ
1608 3723 1839 3806 jacebat.

261 3793 513 3853 Sidonius
546 3795 791 3866 Apollin.
843 3793 1014 3851 carni.
1063 3795 1133 3851 16
1186 3794 1369 3850 laudat
1417 3793 1674 3850 Faustum
1723 3795 1841 3864 epi-

260 3882 356 3924 κο
394 3883 516 3923 um:

357 3884 392 3938 Ρ
445 3959 726 4010 Succinctos
741 3956 907 4022 gelido
925 3962 1214 4020 carpentem
1238 3958 1425 4020 ceSpite
1446 3969 1657 4007 somnos.

264 4041 518 4098 Paulinus
545 4041 644 4096 lib.
671 4057 723 4096 tv
745 4040 816 4096 de
847 4051 1036 4096 sancto
1065 4041 1332 4096 Martino:

357 4134 424 4186 At
442 4136 480 4184 si
499 4135 691 4194 quando
715 4134 854 4184 brevi
877 4135 1147 4184 cessissent
1169 4134 1348 4182 lumina
1373 4146 1561 4194 somno,

357 4197 499 4247 Nuda
517 4197 691 4246 humus
706 4197 763 4244 ad
788 4205 990 4246 tenuem
1009 4202 1082 4246 sat
1101 4202 1209 4245 erat
1233 4197 1455 4257 subjecta
1479 4207 1730 4258 soporem.

265 4280 342 4335 De
395 4289 588 4341 stratu.
645 4293 741 4333 seu
792 4286 963 4332 strato
1015 4277 1234 4347 junceo,
1286 4287 1379 4332 aut
1417 4279 1714 4332 stramineo
1737 4277 1847 4348 jam

264 4351 432 4405 modo
461 4365 522 4402 es
555 4349 850 4404 Athanasio
877 4361 930 4404 et
964 4349 1289 4420 Hieronymo
1311 4348 1612 4403 audivimus
1638 4367 1650 4401 :
1683 4350 1848 4416 quod.

261 4421 392 4491 quia
424 4429 582 4474 terra;
603 4421 968 4484 sternebatur,
1005 4419 1127 4491 ideo
1151 4419 1384 4474 Stratum
1414 4421 1610 4491 dicitur
1626 4420 1850 4491 Novella

261 4489 458 4561 quinta
510 4491 829 4549 Justiniani;
880 4493 970 4561 ubi
1029 4490 1298 4558 interpres
1354 4490 1638 4561 culcitram
1701 4489 1850 4544 hutni

264 4560 497 4618 stratam
526 4563 704 4617 vertit.
736 4563 867 4627 Quae
895 4560 1155 4615 Cassiano
1186 4561 1382 4616 dicitur
1413 4560 1731 4628 psiathium.
1761 4562 1817 4613 Si
1843 4591 1848 4598 -

1930 1967 2051 2020 quae
2082 1952 2297 2024 utinam
2320 1952 2610 2020 imitemur,
2643 1968 2674 2006 e
2703 1955 2902 2022 quibus
2933 1971 3095 2024 pauca
3117 1952 3529 2019 dttmtaxat'an;

1932 2023 2162 2093 tiquiora
2203 2031 2257 2093 ct
2287 2022 2583 2077 illustriora
2638 2022 2942 2093 suggeram
2974 2043 2987 2079 :
3034 2029 3261 2091 primum
3297 2032 3422 2085 illtid
3457 2035 3523 2090 Ι).

1931 2092 2175 2168 dtitonii,
2224 2092 2292 2147 de
2338 2108 2681 2168 quosnpra;
2714 2092 2773 2149 Ι).
2808 2096 3038 2156 Martini.
3086 2101 3198 2168 qui,
3249 2111 3306 2154 ut
3361 2107 3530 2161 refert

1931 2163 2196 2229 Sttlpitius
2216 2204 2230 2224 .
2261 2163 2421 2216 nobili
2453 2164 2548 2218 illo
2580 2175 2745 2218 strata
2773 2184 2865 2220 suo
2897 2163 3117 2234 (nempe
3146 2163 3326 2225 cinere
3354 2185 3408 2228 et
3447 2177 3528 2230 ci-

1933 2233 2086 2318 licio)
2140 2235 2390 2316 recubans
2417 2236 2660 2318 spiritum
2693 2235 2802 2290 Deo
2829 2233 3056 2318 reddidit
3072 2257 3116 2318 _;.
3137 2241 3357 2318 Eugenii
3395 2245 3530 2318 Car—

1934 2305 2268 2383 thaginiensis
2291 2307 2574 2383 episcopi._
2604 2306 2808 2383 dv_qno
2852 2308 3034 2364 Victor
3072 2305 3338 2368 Uticensis
3386 2316 3525 2383 (Lib.

1934 2391 1988 2431 ιιι
2007 2378 2070 2430 de
2090 2376 2297 2450 Persae.
2331 2375 2620 2450 Vandali:
2647 2376 2912 2445 Eugenr’us
2939 2390 3167 2450 sanctus,
3193 2383 3316 2436 dum
3339 2375 3530 2442 nostra:

1934 2449 2303 2517 persecutionis
2334 2447 2546 2515 deﬁeret
2588 2449 2933 2511 incommoda.
2967 2463 3012 2502 et
3050 2447 3328 2511 asperitate
3369 2457 3530 2512 cilicii

1933 2517 2094 2591 senile
2137 2526 2373 2571 attereret
2410 2535 2624 2588 corpus,
2657 2518 2958 2591 nudamque
2993 2538 3146 2591 super
3191 2522 3404 2578 humum
3437 2543 3529 2581 cu-

1937 2588 2108 2665 bitans
2132 2591 2515 2665 stratuntsacci
2546 2591 2627 2642 sui
2651 2592 2843 2665 rigaret
2869 2588 3117 2665 imbribus
3147 2593 3518 2665 lacryniarunt,

1937 2669 2044 2715 etc.
2082 2656 2318 2726 Denique
2349 2658 2401 2713 in
2433 2674 2564 2712 sexu
2593 2656 2756 2715 etiain
2791 2661 3056 2714 femineo:
3092 2656 3528 2722 Paulm'nobilis;

1936 2729 2087 2807 sitnze
2113 2739 2375 2807 matrona;
2409 2730 2592 2807 “inin,
2621 2730 2688 2807 de
2717 2746 2817 2807 qui
2851 2733 2913 2807 ι)ἶ
2945 2731 3301 2807 Hieronymus
3329 2737 3380 2789 in
3409 2739 3529 2807 ejus

1937 2798 2435 2879 epitapliio_(Epist.
2467 2800 2563 2869 Ξῖ)
2590 2819 2603 2853 :
2633 2801 2821 2879 illailia
2848 2805 2999 2879 etiam
3028 2805 3080 2856 in
3118 2798 3532 2879 grauissima'fc-

1939 2871 2028 2946 bre
2056 2871 2238 2924 lectuli
2286 2880 2447 2946 strata
2479 2888 2583 2946 non
2624 2870 2967 2946 habuit._scd
2998 2870 3152 2946 super
3198 2870 3532 2934 durissimum

1939 2941 2150 3014 humum
2177 2943 2349 2994 stratis
2374 2942 2612 3014 ciliciolis
2641 2943 2962 3011 quiescebat:
2990 2945 3034 2996 si
3062 2941 3241 2999 tamen
3267 2949 3411 3014 quies
3441 2950 3526 3003 di-

1939 3012 2103 3066 cenda
2131 3021 2232 3084 est,
2255 3027 2370 3084 qua;
2410 3013 2622 3084 jugibus
2654 3030 2780 3084 pune
2810 3014 3125 3068 orationibus
3169 3012 3286 3069 dies
3331 3029 3530 3074 noctes-

1939 3100 2037 3154 que
2048 3083 2320 3154 jungebat.
2354 3083 2521 3138 Porro
2545 3085 2706 3138 etiam
2741 3083 2792 3136 itt
2839 3085 3019 3138 cilicio
3049 3098 3102 3139 et
3149 3090 3334 3142 cinere
3388 3093 3526 3145 mori

1941 3154 2220 3226 monachis
2243 3164 2590 3226 consuetum,
2626 3163 2823 3226 praeter
2869 3157 3116 3224 exempla
3168 3159 3419 3226 superius
3448 3165 3527 3215 al-

1943 3224 2072 3285 lata,
2105 3223 2302 3296 docent
2334 3224 2519 3296 itidem
2553 3223 2923 3296 hiﬂc_$lli|)i0ii
2960 3228 3118 3281 verba
3153 3223 3351 3296 (Epist.
3400 3231 3436 3285 3
3462 3232 3528 3286 dc

1945 3295 2085 3367 obitu
2134 3294 2196 3367 S._
2227 3292 2558 3367 Martinijde
2580 3294 2636 3350 S.
2666 3293 2897 3367 Martino
2923 3295 3032 3363 jam
3067 3292 3524 3367 mortiproxinio:

1943 3364 2152 3420 Perna:
2179 3365 2234 3418 in
2259 3364 2575 3418 orationibus
2601 3375 2649 3416 et
2679 3365 2885 3432 vigiliis,
2922 3367 3218 3434 fatiscentes
3245 3364 3391 3423 artus
3416 3389 3524 3426 ser-

1940 3436 2047 3489 vire
2071 3435 2276 3501 spiritui
2305 3436 2534 3505 cogebat,
2560 3436 2719 3488 nobili
2749 3436 2827 3488 illi
2858 3446 3019 3489 strato
3040 3454 3157 3503 suo,
3188 3439 3240 3491 in
3269 3441 3438 3494 cinere
3478 3455 3527 3496 et

1940 3506 2108 3560 cilicia
2138 3504 2408 3576 recubans.
2441 3504 2509 3558 Et
2539 3522 2651 3557 cum
2674 3522 2705 3556 a
2729 3505 2997 3572 discipulis
3039 3520 3305 3576 rogaretur
3342 3519 3398 3563 ut
3423 3515 3527 3565 sal-

1945 3587 2043 3647 tem
2083 3577 2204 3629 vilia
2240 3575 2351 3647 sibi
2363 3576 2548 3647 sineret
2578 3585 2855 3647 stramenta
2892 3575 3113 3646 supponi
3138 3593 3155 3629 :
3190 3577 3311 3632 Non
3359 3581 3524 3647 decet,

1942 3646 2128 3720 inquit,
2160 3647 2279 3720 lilii,
2310 3643 2665 3720 Christianum
2716 3646 2810 3720 nisi
2857 3647 2909 3699 in
2940 3643 3107 3720 cinere
3139 3650 3287 3703 mori.
3326 3647 3436 3720 Ego
3479 3643 3528 3706 si

1944 3717 2087 3770 aliud
2143 3716 2280 3769 vobis
2320 3718 2608 3785 exemplum
2661 3717 2967 3782 relinquam,
3017 3717 3126 3780 ipse
3180 3716 3405 3785 peccavi.
3466 3723 3530 3776 Et

1945 3787 2138 3842 Petrus
2193 3785 2457 3840 Venerab.
2509 3786 2648 3840 idem
2683 3785 2904 3841 disertis
2952 3786 3128 3842 verbis
3185 3791 3409 3854 astruit,
3460 3792 3530 3846 de

1946 3859 2097 3912 obitu
2141 3855 2364 3911 Gilberti
2391 3854 2640 3928 monachi
2668 3873 2830 3927 agens
2868 3875 2878 3908 :
2916 3857 3163 3927 Contigit,
3202 3860 3392 3928 inquit,
3426 3878 3532 3917 non

1948 3929 2108 3982 multo
2136 3937 2360 3997 tempore
2397 3927 2591 3996 elapso.
2637 3943 2753 3981 eum
2783 3942 2846 3997 ea:
2875 3928 3193 3995 inﬁrmitate,
3242 3927 3395 3996 quam
3451 3935 3534 3986 in-

1947 4007 2198 4060 currerat.
2230 3995 2299 4050 ad
2327 3995 2551 4052 extrema
2580 3999 2769 4051 venire.
2799 3995 3046 4064 Cumque,
3075 4000 3207 4052 sicut
3242 4015 3351 4054 mos
3383 4001 3535 4056 Chri-

1948 4072 2234 4127 stianorum
2273 4078 2368 4132 est,
2400 4078 2447 4122 et
2495 4069 2717 4121 maxime
2747 4067 3136 4135 ntonacltornm,
3185 4071 3238 4123 in
3273 4073 3536 4127 substrata

1950 4140 2144 4214 cilicio,
2176 4148 2223 4193 et
2255 4139 2445 4214 cinere,
2479 4156 2508 4190 a
2538 4138 2781 4209 fratribus
2803 4140 3115 4214 compositus
3127 4144 3348 4209 jaceret,
3381 4154 3534 4214 atque

1952 4213 2132 4266 harant
2162 4210 2441 4264 vocationis
2469 4227 2576 4263 sure
2614 4218 2951 4280 exspectaret,
2983 4210 3166 4279 fratres
3216 4210 3532 4280 monasterii,

1953 4293 2008 4336 ut
2039 4286 2149 4354 ejus
2180 4282 2373 4354 cantum
2402 4280 2718 4354 orationibus
2752 4283 3185 4354 commendarent,
3220 4295 3458 4336 venerunt
3490 4296 3538 4339 et

1953 4352 2070 4426 enni
2115 4352 2663 4426 ttttqe'iqtte‘psqll‘ettdo
2715 4352 3340 4426 circumsteteruiit,_etc.
3390 4353 3534 4426 (Pet.

1962 4422 2092 4477 Ven.
2133 4422 2224 4494 lib.
2257 4419 2293 4494 ξι
2340 4423 2401 4472 de
2455 4420 2640 4494 Mirac.
2667 4438 2783 4494 cap.
2814 4419 2908 4494 fl).
2945 4421 3008 4474 Et
3038 4437 3156 4494 cap.
3186 4422 3261 4494 _l9
3292 4419 3533 4494 ejustietii

1955 4495 2075 4548 libri
2111 4511 2123 4544 :
2164 4490 2413 4551 (labetur,
2448 4491 2636 4560 inquit,
2685 4491 2737 4542 in
2789 4490 2942 4543 donto
2975 4493 3142 4544 media
3175 4490 3339 4560 locus,
3386 4497 3538 4549 unius

1956 4562 2185 4634 corporis
2215 4575 2400 4634 capita,
2430 4563 2497 4612 ad
2530 4563 2874 4634 lioc_u_ptatus,
2925 4572 2979 4612 ut
3023 4565 3209 4634 fratres
3258 4565 3436 4617 itidem
3487 4568 3542 4618 in

262 4633 438 4713 (lanio
459 4632 680 4713 epistola
703 4632 774 4686 24
802 4631 1014 4713 libroiv
1043 4627 1604 4713 lectusnniliilnhabens
1623 4631 1847 4700 plumae;
1882 4627 1928 4686 D
1955 4627 2124 4687 cinere
2149 4627 2704 4713 atril’iciq‘compositi’.
2738 4627 3030 4713 extremum
3070 4631 3176 4713 ρρο
3219 4633 3340 4687 inde
3383 4637 3543 4704 spiri-

261 4702 536 4774 Gregorio
561 4702 861 4757 Turonensi
912 4703 1161 4774 libro_de
1209 4702 1327 4757 Vita
1369 4702 1844 4774 Patrum,’ma_tta.

264 4771 413 4830 Hinc
439 4772 630 4828 Petrus
657 4774 1027 4828 Cluniacensis
1058 4772 1194 4826 libro
1222 4788 1279 4827 Ill
1322 4773 1548 4842 epistola
1575 4773 1682 4827 20:
1711 4771 1851 4825 Mat-

263 4854 373 4913 tas,
425 4845 613 4914 inquit,
652 4844 920 4910 antiquum
977 4842 1342 4897 monac/torum
1394 4859 1522 4914 Opus
1562 4859 1849 4914 compone:

259 4931 428 4983 super
455 4931 580 4984 quas
613 4924 700 4967 aut
739 4929 933 4984 semper
975 4923 1063 4967 aut
1105 4916 1518 4980 stepc‘dormias.
1567 4914 1709 4969 Idem
1737 4914 1852 4980 epis

263 4987 415 5040 stula
446 4985 513 5039 50
541 4984 678 5039 libro
707 5001 742 5038 Il
772 5001 788 5038 :
820 4984 941 5055 Ipse
988 4987 1034 5039 ei
1073 4987 1124 5038 in
1180 4994 1341 5038 malta
1379 4984 1704 5049 monachica,
1736 4999 1852 5055 quia

263 5057 385 5111 sedi
430 5056 512 5126 illi
554 5056 806 5126 contigua
855 5065 985 5126 erat,
1039 5057 1247 5109 assedit.
1313 5055 1475 5108 Divus
1529 5057 1850 5109 Benedictus

263 5142 400 5196 cap.
434 5125 506 5181 55
547 5125 805 5194 Regula:
854 5125 1151 5179 Stramenta
1197 5134 1369 5179 autem
1418 5126 1661 5178 lectorum
1701 5126 1856 5196 sufﬁ-

263 5198 624 5268 ciantimatta
653 5206 929 5268 elsagutn,
977 5207 1084 5250 etc.
1117 5197 1316 5268 Eodem
1342 5205 1567 5268 spectat
1620 5197 1748 5250 illud
1800 5197 1852 5250 in

269 5267 484 5336 Regula
504 5268 565 5322 S.
594 5265 867 5320 Pachumii
891 5276 996 5320 art.
1029 5267 1124 5320 50:
1167 5265 1283 5337 Non
1314 5267 1531 5320 dormiat
1566 5268 1680 5332 quis
1722 5282 1857 5337 pra:-

266 5349 370 5404 ter,
411 5337 466 5392 id
493 5345 610 5400 est,
641 5347 797 5392 extra
829 5339 1072 5392 reclinem
1111 5336 1377 5392 scllutam.
1441 5337 1604 5391 Vetus
1659 5336 1854 5403 Regula

265 5407 665 5464 monacbarutn
695 5405 846 5477 (Cap.
880 5407 971 5476 32)
997 5410 1137 5475 apud
1172 5409 1232 5463 υ.
1270 5406 1684 5478 Hieronymum:
1717 5410 1858 5471 Qua-

263 5489 507 5550 propter,
539 5479 880 5540 cliarissimaz,
933 5481 1051 5532 uola
1085 5495 1193 5550 eos”
1216 5480 1432 5547 singulis
1459 5477 1695 5550 noctibus
1721 5477 1857 5531 brevi

264 5560 314 5604 et
343 5552 489 5603 duro
515 5558 682 5602 stratu
726 5563 909 5602 uacare
934 5550 985 5601 in
1015 5549 1224 5604 cellulis
1265 5551 1438 5603 res'ris
1464 5565 1484 5615 ;
1512 5565 1613 5603 non
1651 5549 1703 5602 in
1736 5553 1850 5619 ptu-

265 5621 370 5675 mis
398 5629 494 5673 aut
520 5619 782 5682 mollibus,
804 5619 894 5672 sed
937 5630 1028 5673 aut
1055 5621 1109 5673 in
1138 5620 1327 5690 paleis.
1353 5628 1443 5674 aut
1498 5621 1856 5686 straminibus,

264 5692 438 5744 immo
463 5691 516 5742 in
545 5690 727 5761 ligneis
757 5691 924 5761 potius
947 5692 1115 5761 capsis
1137 5707 1290 5759 quam
1311 5689 1533 5752 lectulis.
1560 5699 1615 5743 ut
1637 5700 1687 5745 et
1707 5706 1863 5744 mem—

266 5761 370 5816 ιω
390 5769 565 5816 strata
587 5758 759 5830 potius
785 5758 972 5814 lectum
1000 5758 1244 5815 horreant
1265 5778 1421 5831 qttam
1449 5761 1688 5829 affectent
1707 5800 1724 5828 ,
1753 5771 1862 5819 etc.

569 5853 838 5914 Ρλτιιοι.
894 5851 1120 5913 XLIX.

1953 4714 2060 4759 tum
2090 4702 2332 4755 reddant.
2369 4699 2431 4772 Et
2458 4701 2554 4754 lib.
2576 4715 2622 4772 _tt
2648 4713 2766 4767 cap.
2798 4697 2891 4772 ἓξ,
2928 4700 3014 4772 ubi
3055 4700 3123 4754 de
3169 4697 3440 4772 essequiis
3487 4717 3541 4760 et

1955 4773 2307 4829 tumulatione
2351 4770 2590 4825 Μαιηιωὶ
2630 4771 2868 4836 episcopi
2924 4769 3242 4824 Albancnsis
3273 4769 3333 4825 in
3354 4789 3537 4827 mona-

1954 4857 2124 4900 sterio
2177 4841 2515 4896 Cluniacensi
2566 4841 2806 4894 defuncti
2847 4855 2862 4894 :
2908 4838 3047 4910 Hoc.
3110 4841 3298 4910 inquit,
3359 4845 3540 4899 ultimo

1953 4915 2122 4978 verba,
2144 4923 2413 4984 postquam
2460 4911 2655 4984 cunctis
2685 4908 3009 4984 sermonibus
3061 4908 3350 4984 suis—ﬁnem
3381 4913 3541 4980 dedit,

1953 4987 2010 5040 in
2039 4981 2227 5039 lectum
2274 4981 2576 5041 reclinatus.
2602 4982 2823 5051 indeque
2855 4992 2968 5048 post
3005 4981 3260 5036 modicum
3283 5023 3296 5042 .
3330 4985 3397 5037 ad
3424 4986 3543 5038 cili-

1955 5059 2094 5110 cium
2120 5055 2292 5108 cinere
2335 5068 2665 5121 conspersum
2714 5071 2746 5104 a
2804 5052 3050 5121 fratribus
3103 5053 3386 5108 translatus
3449 5066 3541 5110 est.

1959 5128 2109 5197 Step2
2142 5134 2310 5197 autem
2329 5125 2540 5197 eosdem
2563 5127 2888 5197 [Μίνῳ-αιτιοι
2913 5133 3206 5197 rogaverat,
3238 5139 3299 5176 ne
3339 5140 3393 5177 se
3419 5142 3544 5180 casu

1957 5190 2154 5263 aliqua,
2187 5195 2284 5247 nisi
2323 5196 2375 5246 in
2401 5190 2571 5248 cinere
2599 5206 2645 5248 et
2683 5192 2874 5259 cilicio,
2908 5190 3204 5248 Christiano
3244 5211 3386 5249 more
3415 5199 3545 5251 mori

1961 5269 2331 5338 permitterent.
2369 5275 2474 5338 etc.

2034 5337 2060 5376 δ
2095 5337 2423 5391 Vocabulum
2454 5335 2763 5395 barbarum,
2799 5344 2856 5387 ut
2897 5334 3001 5388 alia
3059 5335 3228 5388 multa
3260 5336 3399 5405 apud
3429 5337 3547 5395 illus

1965 5419 2235 5469 usurpata.
2264 5405 2401 5474 Quid
2454 5421 2581 5461 vero
2614 5405 2968 5474 significaret,
3012 5408 3163 5478 satis,
3191 5407 3548 5478 liicrexplica-

1966 5488 2072 5533 tur.
2100 5477 2322 5547 Lt-gisse
2347 5493 2404 5530 se
2434 5477 2570 5542 apud
2603 5481 3016 5547 metaphrastem
3043 5477 3236 5529 scribit
3255 5477 3545 5536 Ciacbnius

1968 5549 2174 5623 in_Vita
2203 5549 2478 5623 Euthyniii
2516 5546 2748 5623 abbatis,
2781 5557 2986 5623 et-cnm
3037 5562 3069 5614 y
3094 5547 3300 5623 _Graa_co
3345 5551 3549 5623 embry-

1968 5621 2148 5683 mium,
2179 5621 2400 5690 Cuycliii
2433 5618 2740 5690 conjectura
2783 5617 2962 5670 minus
2992 5618 3309 5690 probabilis.

2043 5701 2064 5729 ε
2104 5687 2361 5748 Usitaiius
2381 5704 2540 5759 quam
2568 5689 2888 5760 fulmentum
2909 5729 2924 5752 ,
2957 5687 3549 5760 ut_hahctCiaconius;

1970 5762 2098 5818 licet
2125 5763 2287 5818 etiam
2321 5757 2560 5831 probatis
2599 5757 2911 5814 auctoribus
2954 5757 3231 5814 usitatum.

2962 5850 3022 5909 1'1
