3966 6326
483 228 588 293 τιὶό

1535 230 1832 316 ιοΑιιιιιεΔ
1851 218 2164 291 desstam
2201 218 2697 291 COLLATlONES.

3628 224 3724 295 ω

484 351 570 408 vel
600 349 837 407 maxime
862 357 1168 422 opportuna
1215 349 1481 408 habentur
1523 359 1580 408 et
1624 366 1888 423 congrua,
1919 354 2062 422 quod
2090 354 2139 414 Δ
2166 351 2335 409 fuerit
2370 351 2441 408 ad
2490 350 2821 409 movendum
2852 348 3050 407 Itsbilis
3081 349 3322 408 materia
3366 349 3602 425 levisque
3642 373 3726 417 ιιι.

486 463 594 502 non
647 447 820 501 solum
871 451 983 502 sint
1023 447 1364 517 aliquatenus
1408 446 1632 514 mollia,
1693 460 1973 518 parvoque
2015 453 2073 501 et

2177 455 2313 501 tum
2363 445 2493 500 sint.
2540 445 2719 516 Atque
2757 444 2829 499 its
2878 451 3150 514 praecepto
3193 444 3340 500 senis
3392 448 3596 505 tandem
3647 468 3722 508 su

488 556 653 611 opere
684 550 1059 613 pra-parentur
1096 550 1152 597 et
1181 542 1387 611 pretio,
1421 550 1607 610 utpote
1637 540 1837 611 passim
1871 554 2074 612 papyro
2171 553 2291 593 rans
2345 538 2413 592 ad
2465 536 2900 608 degustationern
2954 538 3130 593 somni
3181 552 3411 593 onerosa
3467 546 3729 612 compositi

490 646 809 707 emergente
840 650 936 707 per
952 634 1094 690 llNili
1115 634 1359 690 ﬂuminis
1383 637 1729 705 ripas,quam
1751 634 1947 704 cuique
1977 648 2075 688 vo-

488 729 621 785 lenti
651 730 705 785 in
751 745 907 785 usum
938 743 1219 786 assumere
1263 743 1422 785 nemo
1459 729 1744 798 prohibeat
1787 728 2075 795 desecare,

458 824 588 911 :sed
628 824 793 881 etiam
820 823 967 895 quod
996 823 1065 880 ad
1095 823 1492 880 removendum
1511 867 1526 892 ,
1558 837 1655 878 seu
1689 836 1811 878 cum
1849 832 2077 877 necesse

450 918 468 995 Ξ

2173 628 2388 700 quiete,
2433 635 2541 683 tam
2585 626 2810 696 digesta
2852 627 3161 683 collationis
3190 628 3501 685 inﬂammati
3528 636 3726 703 gaudio,

2173 736 2339 794 quam
2371 720 2719 791 repromissio
2758 721 3144 792 disputationis
3181 722 3582 792 exepectatione
3621 740 3731 782 sus-

2179 815 2356 887 pensi.

1525 937 1783 995 ALARDI
1823 933 2059 993 GAZEI
2095 930 2662 992 COMMENTARIUS.

501 1104 509 1106 _
566 1043 593 1072 ι
621 1030 1014 1106 NilnsEgypti
1044 1032 1238 1089 ﬂuvius
1270 1028 1618 1106 (Pliniusl.‘_v
1641 1047 1760 1102 cap.
1786 1030 1855 1106 9;
1881 1028 2070 1106 Strabo
2172 1035 2262 1082 tur
2282 1042 2305 1106 ;_
2347 1041 2411 1082 es
2459 1026 2577 1106 ipso
2624 1033 2817 1081 trunco
2856 1023 3068 1096 navigia
3108 1032 3330 1106 texunt,
3372 1040 3438 1106 εξ
3477 1025 3610 1081 libro
3654 1043 3741 1106 seu

490 1104 534 1176 l_.
568 1121 716 1171 xvn;
745 1095 880 1160 Gen.
901 1095 993 1176 it}.
1016 1112 1091 1176 et
1133 1095 1288 1176 unus
1310 1116 1343 1158 e
1375 1101 1677 1176 majoribus
1705 1095 1879 1176 'totius
1919 1100 2071 1176 orbis
2172 1098 2375 1176 cortice
2405 1095 2511 1176 tela
2531 1137 2546 1162 ,
2580 1105 2822 1176 tegetes,
2852 1095 3071 1176 vesteg.
3100 1099 3337 1176 stragula
3358 1138 3375 1163 ,
3407 1095 3590 1176 funes,
3622 1099 3744 1155 alia-

488 1166 769 1242 ﬂuviis,a
799 1166 1323 1244 quibusdamGihon
1354 1166 1571 1237 dictus,
1613 1182 1836 1244 septeni
1865 1170 2071 1229 habens
2172 1184 2279 1244 que
2330 1166 2663 1244 huiusmodi.
2724 1168 2804 1244 E‘x
2861 1166 2964 1225 hoc
3017 1168 3144 1223 item
3197 1166 3385 1244 frutice
3435 1169 3748 1244 parabantur

494 1247 629 1302 ostia
679 1242 875 1318 quibus
915 1260 978 1301 se
1005 1254 1282 1318 _ex_onerat
1324 1244 1385 1318 in_
1426 1258 1597 1318 mare
1622 1242 1974 1318 Egyptiurn,
2016 1251 2075 1298 et

492 1312 712 1389 partem
745 1316 961 1389 Egypti
1003 1315 1313 1389 inferiorem
1355 1312 1825 1389 dextra_lgevaqtte
1868 1312 2075 1367 divisus

492 1382 743 1455 implexu
784 1382 881 1440 suo
924 1388 994 1440 ita
1037 1386 1398 1447 determinat,
1439 1395 1495 1438 ut
1532 1382 1871 1455 Triquetram
1902 1392 2073 1455 terrae

497 1454 719 1526 figuram
748 1458 965 1513 eiliciat.
1011 1455 1164 1512 Unde
1190 1468 1244 1511 et
1276 1456 1482 1511 Deltatn
1511 1470 1542 1509 a
1571 1466 1609 1510 Δ
1635 1454 1838 1526 Grajcte
1878 1454 2074 1509 litterae

496 1524 851 1601 similitudine
881 1536 1230 1601 vocaverunt.
1258 1527 1427 1583 Porro
1450 1540 1703 1601 papyrus,
1729 1524 1917 1601 Pliniq
1938 1533 2076 1601 teste

500 1595 877 1668 (Lib.xtttcap.
902 1597 986 1667 ll)
1005 1640 1020 1665 ,
1050 1601 1332 1652 arbuscula
1360 1594 1745 1663 est’praiceipue
1771 1597 1821 1668 in
1851 1594 2077 1668 Egypti

502 1666 833 1736 palustribus
876 1683 1139 1733 nascens,
1185 1678 1279 1723 aut
1315 1668 1719 1738 quiescentibus
1775 1666 1879 1738 Nili
1927 1666 2079 1738 aquis

501 1740 589 1811 ubi
620 1751 857 1811 evagata;
886 1746 1166 1807 stagnant,
1194 1750 1250 1811 et
1279 1737 1547 1811 gurgitum
1573 1737 1797 1811 altitudo
1823 1737 1932 1792 duo
1959 1737 2075 1790 bra-

500 1808 617 1865 chia
647 1808 752 1866 non
784 1811 1011 1867 excedit.
1047 1808 1337 1867 iladicibus
1364 1809 1553 1869 incola:
1592 1824 1692 1881 pro
1732 1809 1878 1881 ligno
1917 1816 2077 1879 utun-

2171 1238 2376 1312 clmrtm
2406 1253 2506 1294 acu
2546 1238 2730 1312 divisa:
2761 1239 2814 1295 in
2848 1248 3151 1311 praetenues
3190 1248 3245 1297 ot
3278 1238 3567 1312 latissimas
3609 1241 3750 1312 pliyl-

2175 1309 2305 1365 liras
2336 1325 2452 1379 qua}
2482 1324 2549 1364 eo
2580 1309 3018 1380 nteiinreslerant
3055 1324 3161 1379 quo
3191 1310 3382 1364 medim
3412 1324 3612 1380 papyro
3641 1309 3753 1377 pro-

2177 1382 2511 1450 pinquiores.
2538 1396 2660 1450 quae
2687 1381 2756 1434 ab
2782 1379 2941 1448 hujus
2968 1379 3176 1434 fruticis
3203 1379 3564 1449 appellatione
3603 1381 3753 1437 etiam

2179 1452 2365 1523 papyri
2396 1467 2596 1508 nomen
2633 1459 2993 1523 acceperunt,
3032 1450 3224 1523 quibns
3266 1461 3491 1523 Veteres
3520 1452 3589 1506 ad
3627 1452 3753 1508 acri-

2176 1522 2414 1581 bernium
2460 1527 2536 1577 usi
2576 1532 2723 1581 sunt.
2769 1522 2958 1579 Postea
3001 1537 3134 1593 vero
3166 1522 3216 1577 id
3243 1537 3416 1593 genus
3447 1522 3646 1578 charta
3683 1525 3759 1577 in-

2180 1602 2397 1647 ventum
2441 1604 2521 1648 est
2558 1609 2665 1664 quo
2706 1608 2847 1649 nunc
2880 1591 3074 1660 passim
3108 1591 3363 1649 mortales
3395 1604 3653 1658 utuntur;
3682 1593 3759 1648 lit-

2182 1679 2288 1735 que
2326 1679 2392 1723 ex
2436 1664 2671 1721 linteolis
2696 1664 2944 1720 contritis
2964 1705 2980 1733 ,
3011 1675 3066 1719 et
3095 1664 3455 1722 nihilominus
3483 1665 3757 1736 pristinum

2185 1736 2372 1807 papyri
2400 1750 2599 1791 nomen
2626 1737 2844 1793 retinet.

1344 2053 2137 2167 COLLATIO
2224 2053 2409 2167 SE
2423 2054 2639 2165 Ου’
2626 2056 2970 2171 ΝΒΑ

1536 2240 1692 2319 Qute
1723 2245 1824 2309 est
1866 2241 2149 2307 secunda
2182 2242 2431 2307 abbatis
2476 2241 2735 2324 Moysis.

1858 2363 1945 2417 DE
1986 2350 2423 2417 DISCRE'TIONE.

1016 2561 1245 2620 CAPUT
1283 2558 1572 2616 PRIMUM.

576 2663 869 2734 Degustato
916 2659 1097 2728 itaque
1144 2656 1413 2711 matutino
1459 2666 1691 2724 sopore,
1740 2666 1862 2711 cum
1910 2660 2090 2707 ortum

504 2757 640 2814 lucis
679 2754 895 2811 tandem
938 2752 1095 2809 nobis
1133 2750 1397 2807 claruisse
1438 2747 1766 2818 gaudentes.
1800 2746 2096 2818 repromis-

504 2842 619 2908 sam
663 2850 1026 2905 narrationem
1069 2858 1364 2915 reposcere
1408 2844 1796 2911 coepissemus,
1833 2849 1859 2880 ι
1904 2840 2094 2895 beatus

504 2944 716 3015 Moyses
741 2942 816 2997 ita
842 2953 1067 2996 exorsus
1095 2945 1179 2993 est
1207 2953 1220 2991 :
1251 2936 1384 2992 Cum
1413 2933 1626 2991 videam
1654 2947 1753 2988 vos
1781 2931 1918 2987 tanti
1948 2930 2091 2986 desi-

503 3034 642 3092 derii
669 3032 864 3089 ardore
902 3029 1241 3095 flammatos,
1287 3037 1345 3082 ut
1385 3041 1454 3082 ne
1493 3028 1668 3097 ipsum
1709 3023 1927 3095 quidem
1969 3038 2094 3094 par—

505 3126 789 3183 vissimum
833 3122 1033 3194 quietis
1073 3129 1442 3181 momentum,
1477 3118 1620 3186 quod
1662 3115 1899 3187 spiritali
1926 3114 2095 3171 colla-

512 3217 651 3274 tioni
678 3216 1005 3272 subtrahens
1029 3253 1045 3281 ,
1074 3210 1359 3269 refectioni
1387 3210 1567 3267 carnis
1596 3208 1890 3267 malueram
1921 3207 2094 3283 depu-

505 3317 644 3376 tare,
675 3305 741 3362 ad
772 3306 1012 3376 requiem
1039 3305 1256 3359 credam
1286 3301 1449 3358 vestri
1471 3302 1718 3372 corporis
1759 3299 2055 3371 profecisse
2074 3341 2090 3367 ,

505 3401 638 3456 mibi
680 3414 898 3470 quoque
943 3398 1085 3453 hunc
1125 3401 1366 3451 vestrum
1407 3393 1778 3451 consideranti
1816 3391 2088 3449 fervorem

504 3494 812 3551 sollicitudo
842 3492 1015 3561 major
1043 3489 1329 3545 incumbit.
1374 3488 1607 3544 Necesse
1634 3496 1720 3544 est
1748 3488 1891 3542 enim
1923 3489 2090 3543 etiam

506 3604 594 3645 me
621 3588 676 3643 in
706 3584 1065 3658 persolvendo
1090 3583 1296 3649 debito,
1323 3592 1474 3640 tanto
1501 3581 1761 3652 majorem
1785 3581 2091 3640 devotionis

504 3695 691 3736 curam
729 3693 924 3750 gerere
946 3718 962 3743 ,
990 3686 1196 3747 quanto
1224 3690 1320 3731 vos
1359 3675 1619 3732 attentius
1648 3673 1803 3732 video
1834 3674 1963 3733 illud
1996 3690 2092 3731 ex-

509 3784 735 3844 petere,
784 3770 1080 3826 secundum
1134 3769 1281 3824 illam
1331 3769 1698 3824 sententiam:
1730 3767 1760 3808 ιι
1790 3768 1851 3826 Si
1890 3769 2088 3824 sederis

507 3881 706 3920 camare
744 3864 814 3919 ad
854 3880 1078 3920 mensam
1121 3864 1376 3937 potentis,
1408 3865 1669 3936 sapienter
1705 3862 1936 3935 intellige
1973 3879 2091 3936 qua:

2116 2566 2450 2630 ngressus,
2509 2557 2677 2613 linem
2733 2566 2937 2614 nostra
2990 2558 3350 2630 disputationi
3406 2563 3601 2632 dedit,
3655 2579 3776 2621 con-

2196 2666 2390 2724 gruum
2440 2649 2712 2707 credimus
2759 2650 2879 2722 ejus
2919 2654 3294 2713 excellentiam
3339 2654 3571 2715 Patrum
3613 2661 3781 2734 primo

2195 2743 2518 2817 consignare
2546 2744 2833 2801 sententiis
2856 2787 2872 2815 ,
2904 2756 2964 2803 ut
2988 2762 3110 2804 cum
3150 2750 3389 2819 patuerit
3428 2754 3561 2823 quid
3597 2753 3666 2810 de
3692 2753 3779 2811 illa

2194 2837 2466 2895 senserint
2494 2837 2583 2892 vel
2614 2839 3088 2908 primuntiaverint
3128 2842 3370 2911 majores
3406 2845 3628 2913 nostri,
3671 2854 3779 2900 tum

2195 2931 2424 3003 prolatis
2477 2941 2583 2987 tam
2632 2933 2871 3005 antiquis
2915 2936 3211 2992 multorum
3257 2953 3425 3008 quam
3473 2940 3784 2995 recentibus

2195 3024 2370 3081 ruinis
2397 3033 2449 3080 et
2481 3025 2695 3083 casibus
2724 3025 2850 3098 qui,
2886 3042 2985 3099 pro
3014 3043 3081 3085 eo
3104 3029 3249 3101 quod
3280 3030 3470 3089 minus
3509 3047 3636 3092 eam
3678 3032 3788 3089 fue-

2194 3125 2316 3173 rant
2360 3117 2632 3185 assecuti,
2686 3120 2993 3189 pernicioso
3038 3121 3237 3191 dejeeti
3290 3133 3428 3179 sunt
3482 3125 3677 3195 lapsu,
3728 3125 3780 3180 in

2193 3218 2456 3280 quantum
2486 3226 2782 3285 possumus
2804 3258 2818 3283 ,
2851 3214 3112 3269 utilitates
3138 3215 3254 3285 ejus
3284 3225 3339 3272 et
3370 3218 3669 3275 commoda
3713 3232 3791 3275 re-

2196 3311 2518 3362 tractemus:
2542 3307 2740 3378 quibus
2762 3305 3025 3367 diacnssis
3045 3309 3517 3378 quemadmodum
3544 3312 3790 3371 excolere

2193 3413 2313 3455 eam
2339 3409 2502 3469 atque
2533 3410 2789 3472 expetere
2820 3402 3137 3467 debeamus,
3160 3404 3594 3464 considerantes
3619 3407 3794 3463 meriti

2191 3490 2312 3559 ejus
2348 3500 2404 3546 et
2446 3493 2635 3562 gratia:
2675 3492 2924 3561 pondus,
2971 3492 3244 3549 efﬁcacius
3284 3494 3665 3553 instruamur.
3700 3495 3792 3555 Est

2192 3584 2336 3643 enim
2367 3599 2471 3641 non
2504 3582 2797 3641 mediocris
2837 3584 3081 3661 quasdam
3132 3585 3340 3652 virtus.
3376 3602 3488 3648 nec
3531 3603 3657 3660 qua:
3698 3586 3793 3644 ltu-

2192 3692 2348 3733 mana
2402 3678 2601 3747 passim
2650 3681 2830 3736 valeat
2877 3678 3143 3737 industria
3189 3681 3652 3749 eoruprehendi.
3696 3679 3795 3739 nisi

2191 3771 2380 3827 divino
2427 3772 2591 3827 fuerit
2637 3787 2863 3828 munere
2908 3772 3188 3844 gratiaque
3230 3775 3467 3830 collata.
3512 3775 3795 3847 Siquidem

2193 3862 2333 3918 inter
2374 3862 2708 3919 nobilissima
2750 3863 2989 3934 Spiritus
3028 3865 3201 3920 sancti
3244 3867 3390 3921 dona
3416 3908 3435 3934 ,
3485 3868 3632 3924 hanc
3672 3883 3799 3937 quo-

506 3966 843 4027 apponuntur
872 3956 1001 4023 tibi,
1031 3965 1080 4011 et
1110 3957 1323 4012 immitte
1348 3972 1559 4011 manum
1589 3966 1751 4016 tuam.
1784 3957 1946 4013 sciens
1971 3956 2092 4027 quia
2118 3966 2163 4029 ρ
2193 3970 2296 4025 que
2339 3953 2412 4008 ita
2459 3953 2685 4024 legimus
2726 3954 2794 4010 ab
2835 3954 3094 4024 Apostolo
3124 3957 3409 4012 numerari
3442 3976 3454 4010 :
3489 3958 3602 4013 Atii
3644 3964 3797 4012 datur

506 4051 631 4103 talia
677 4055 874 4120 aportet
916 4056 962 4102 te
1004 4063 1298 4119 praeparare
1337 4046 1542 4121 (Prov.
1575 4062 1707 4102 χχιιι
1734 4063 1837 4101 sec.
1879 4046 2081 4118 LXX).

505 4140 870 4208 Quamobrem
912 4139 980 4195 de
1031 4139 1174 4195 bono
1220 4138 1570 4194 discretionis
1610 4139 1837 4209 ejusque
1882 4139 2082 4199 virtute

508 4234 740 4300 dicturi,
791 4232 847 4289 in
890 4247 1049 4303 quam
1093 4246 1274 4289 sermo
1311 4242 1593 4289 nocturnae
1643 4232 1949 4289 solistimis
1994 4235 2077 4289 in-

2188 4065 2279 4120 per
2326 4048 2569 4116 spiritum
2614 4064 2786 4103 sermo
2829 4049 3137 4123 sapientia;
3176 4050 3268 4105 alii
3314 4051 3461 4122 fides
3514 4053 3573 4106 in
3627 4052 3800 4106 eodem

2187 4140 2379 4207 spiritu
2402 4156 2422 4208 ;
2448 4141 2542 4199 alii
2567 4142 2735 4214 gratia
2772 4141 3054 4199 sanitatum
3094 4143 3151 4199 in
3190 4159 3293 4199 suo
3333 4144 3543 4215 spiritu
3584 4144 3646 4217 (i
3677 4143 3799 4199 Cor.

2190 4248 2265 4289 sn
2297 4231 2339 4303 ).
2399 4233 2465 4290 Et
2518 4242 2643 4303 post
2694 4248 2862 4303 pauca
2905 4251 2920 4291 :
2982 4244 3006 4275 α
3053 4234 3159 4293 Alii
3207 4236 3470 4295 discretio
3525 4239 3801 4309 spirith

1573 4342 1828 4401 ALARDI
1865 4344 2095 4402 GAZIEI
2133 4343 2698 4405 COMMENTARIUS.

584 4474 609 4501 ιι
633 4462 758 4517 11ωο
786 4461 1017 4533 secunda
1043 4459 1261 4533 collatio
1288 4459 1501 4533 abbatis
1542 4460 1741 4533 Moysis
1767 4479 1779 4514 :
1812 4464 1967 4531 cujus
1990 4464 2080 4519 iti-

507 4535 629 4588 dem
660 4548 924 4603 sutnmnm
955 4531 1180 4603 Photius
1210 4532 1396 4603 paucis
1425 4531 1600 4586 verbis
1631 4531 1958 4603 complexus
1996 4544 2081 4590 est

506 4605 752 4675 (l’ltotius
781 4602 988 4675 Bibliot.
1020 4600 1088 4655 ϐ.
1118 4601 1263 4675 197).

576 4674 604 4714 δ
646 4676 719 4730 ita
750 4674 1045 4745 secundum
1073 4674 1375 4745 versionem
1410 4671 1549 4727 LXX
1580 4671 1787 4745 Interp.
1823 4674 2078 4745 Vulgatns

504 4763 633 4801 vern
662 4746 741 4801 sic
767 4762 779 4799 :
825 4744 1047 4816 Quando
1074 4743 1266 4797 sederis
1291 4753 1346 4797 ut
1374 4746 1613 4799 comedas
1653 4743 1772 4797 cum
1812 4743 2038 4816 principe
2057 4787 2072 4812 ,

501 4819 777 4889 diligenter
800 4815 1003 4889 attende
1028 4829 1139 4889 qua
1162 4816 1399 4885 apposita
1417 4824 1532 4868 sunt
1555 4825 1676 4889 ante
1701 4816 1885 4887 faciem
1909 4815 2071 4884 tuom,

503 4899 551 4941 et
580 4885 745 4941 sintne
774 4886 995 4940 cultrum
1020 4886 1073 4938 in
1101 4892 1302 4955 gutture
1329 4895 1437 4949 tuo,
1468 4896 1573 4939 etc.
1603 4885 1771 4955 Cujus
1797 4889 2079 4944 Sententia:

501 4960 649 5013 varia
675 4955 1083 5028 expositionum
1111 4955 1363 5028 liuet-alis
1388 4970 1436 5008 et
1465 4970 1719 5024 germana
1741 4998 1755 5021 ,
1789 4970 1900 5028 tum
1931 4972 2075 5028 mys—

503 5031 605 5083 tica
637 5037 696 5084 et
718 5027 1017 5095 spiritualis
1053 5040 1083 5080 a
1124 5024 1372 5079 Patribns
1410 5028 1730 5094 prononitur
1764 5026 1927 5095 (Vide
1957 5024 2078 5081 Del-

501 5101 636 5152 rium
662 5100 714 5151 in
739 5097 979 5164 Adagial.
1004 5115 1057 5166 p.
1082 5096 1183 5166 '1).
1215 5096 1471 5165 Mysticus
1501 5097 1640 5152 inter
1687 5098 1825 5154 alios
1865 5107 1946 5157 est
1988 5098 2077 5154 ltic

500 5184 691 5224 sensus
718 5183 879 5235 quem
910 5165 1155 5236 sequitur
1182 5170 1403 5236 Auctor,
1433 5181 1542 5233 quo
1571 5168 1730 5224 docet
1758 5170 2072 5234 magistrum

504 5249 653 5293 tanto
724 5236 913 5306 majori
966 5235 1329 5306 scilicitudine
1379 5237 1657 5303 discipulis
1713 5238 2069 5304 satisfacere,

498 5320 701 5379 quanto
748 5307 1006 5376 majorem
1051 5307 1263 5379 illorum
1309 5305 1579 5379 fervorettt
1621 5318 1677 5363 et
1714 5309 2068 5379 attentionem

498 5376 621 5435 esse
650 5377 1114 5433 animadverterit.
1147 5377 1238 5430 Sic
1268 5379 1427 5431 etiam
1457 5376 1626 5431 ieiune
1658 5379 1720 5435 Ι).
1754 5378 2069 5434 Ambrosius

497 5451 592 5507 lib.
622 5466 638 5504 t
662 5450 814 5504 Ollio.
847 5464 969 5511 cap.
994 5446 1067 5502 22
1090 5448 1213 5501 hinc
1240 5449 1428 5517 probat
1452 5447 1790 5504 referendam
1812 5450 2064 5519 gratiam,

495 5522 540 5574 si
572 5521 692 5589 quis
736 5522 803 5574 ab
841 5519 1023 5587 aliquo
1062 5519 1380 5574 beneﬁcium
1424 5521 1712 5584 acceperit,
1759 5518 2067 5574 etimitan-

495 5591 619 5644 dum
649 5591 803 5644 nobis
834 5599 1081 5643 naturam
1120 5598 1381 5644 terrarum
1407 5631 1421 5655 ,
1467 5603 1588 5656 quas
1625 5600 1934 5651 susceptum
1972 5605 2061 5646 se-

493 5674 614 5715 men
644 5660 1065 5737 multiplicatiori
1095 5660 1235 5717 solet
1260 5675 1486 5716 numero
1515 5660 1746 5719 reddere
1779 5674 1940 5732 quam
1970 5674 2063 5717 ac-

493 5736 719 5787 εεοοιιι.

2258 4472 2281 4502 ο
2306 4463 2459 4539 Dona
2488 4461 2723 4539 Spiritus
2762 4462 2973 4539 sancti,
3015 4477 3110 4518 seu
3151 4465 3385 4539 gratias,
3413 4482 3567 4539 quas
3609 4479 3802 4525 vocent

2180 4535 2351 4607 gratis
2379 4533 2533 4607 datas
2552 4576 2567 4601 ,
2598 4534 2668 4588 ab
2687 4535 3030 4607 epostolqet
3056 4549 3124 4588 ex
3159 4533 3569 4607 Apostolo'hic
3614 4556 3804 4598 recen-

2182 4603 2315 4658 sitas
2337 4604 2553 4673 egregie
2581 4603 2812 4674 explicat
2844 4606 2903 4658 υ.
2933 4603 3168 4658 Thomas
3197 4603 3302 4659 tam
3350 4608 3412 4662 in
3448 4622 3802 4668 commenta-

2180 4674 2296 4739 rio,
2324 4689 2488 4751 quam
2510 4680 2573 4751 _tn
2605 4675 3342 4751 Summ_a_'l‘heolo_giea__(l-2
3375 4695 3435 4749 ιι.
3473 4682 3587 4736 112
3613 4700 3668 4735 ιι.
3699 4684 3764 4751 4)
3785 4723 3799 4747 .

2179 4759 2277 4814 per
2297 4745 2687 4820 discretionem
2720 4746 3006 4814 spirituum
3054 4745 3366 4820 intelligens
3390 4745 3803 4820 cognitionem

2178 4816 2362 4890 cordis
2404 4816 2618 4890 humani
2660 4826 2713 4890 et
2748 4827 3079 4890 secretorum
3107 4817 3246 4886 ejus.
3280 4819 3449 4875 Sicut
3485 4816 3681 4890 enim,
3719 4825 3803 4879 in-

2180 4888 2328 4954 qnlt.
2361 4886 2641 4957 prophetia
2680 4886 2839 4942 datur
2881 4888 2947 4942 ad
2995 4890 3376 4957 cognoscenda
3430 4902 3495 4947 et
3537 4886 3806 4951 manifes-

2182 4958 2342 5012 tandt
2388 4955 2571 5013 futura
2620 4959 2981 5027 contingentia
3032 4955 3153 5026 qua
3198 4960 3376 5015 solitis
3427 4964 3533 5019 Dei
3578 4981 3666 5022 eet
3716 4982 3809 5020 ro-

2179 5041 2478 5096 gnoscere,
2519 5027 2593 5081 ita
2632 5028 2889 5083 discretio
2927 5029 3213 5097 spirituum
3261 5030 3331 5085 ad
3383 5036 3805 5092 mnum-stantia

2179 5100 2389 5168 occulta
2415 5099 2657 5153 cordium
2686 5113 2807 5168 quae
2831 5100 2977 5153 solus
3025 5101 3164 5154 Dens
3202 5112 3506 5160 scrutatur
3532 5124 3547 5138 ε
3599 5115 3665 5162 ut
3704 5109 3809 5162 scio

2179 5166 2302 5250 licet
2330 5168 2491 5250 liomn
2519 5166 2828 5250 discernere
2859 5172 3028 5250 possit
3053 5184 3161 5238 quo
3189 5173 3395 5250 spiritu
3445 5178 3663 5250 aliquis
3695 5192 3809 5232 nio-

2177 5249 2365 5314 veat‘ur
2409 5237 2476 5314 ad
2522 5239 2957 5314 loquentlunt‘et
2984 5237 3332 5314 operandorn
3354 5285 3372 5307 ,
3423 5237 3570 5314 puta
3619 5260 3806 5303 utrum

2173 5310 2363 5379 spiritu
2407 5311 2718 5377 charitatts,
2742 5310 2827 5364 vel
2855 5310 3048 5365 invidia
3072 5352 3088 5379 ,
3109 5311 3257 5379 juxta
3295 5310 3453 5369 illud
3480 5316 3502 5371 ι
3527 5317 3688 5375 Joan‘
3724 5333 3807 5374 tv:

2175 5377 2355 5455 ﬂatile
2381 5380 2520 5455 omni
2544 5382 3009 5455 spirituicredere,
3035 5377 3125 5435 sed
3152 5381 3373 5455 probare
3401 5391 3646 5455 spiritus
3674 5392 3723 5443 si
3747 5403 3810 5442 es

2174 5449 2282 5503 Deo
2308 5452 2432 5505 sint.
2477 5449 2646 5505 Paulo
2679 5453 2840 5507 latius
2867 5466 3080 5507 sumere
3108 5451 3321 5507 Videllll'
3356 5449 3447 5508 DC
3467 5458 3809 5514 Ambrosius

2169 5519 2306 5597 dum
2325 5524 2398 5597 ait
2423 5539 2436 5597 :_
2472 5522 2721 5597 Discretio
2750 5524 3059 5597 spirituum,
3078 5532 3144 5597 Διιι
3160 5521 3460 5597 intelligat
3493 5540 3548 5583 et
3577 5531 3806 5597 iudicet,

2166 5592 2306 5665 quod
2333 5593 2640 5665 dicitur,_an
2668 5591 2894 5664 Spiritus
2920 5593 3090 5665 sancti
3125 5593 3197 5665 sit
3231 5609 3300 5665 est
3346 5591 3659 5665 mundani.
3708 5591 3810 5655 La;

2170 5663 2378 5746 tissime
2396 5677 2525 5746 vero
2547 5662 2633 5746 llic
2654 5662 2847 5746 aenipit
2868 5663 3035 5746 abbas
3060 5662 3405 5746 prejudicio
3434 5662 3810 5746 discretionis

2167 5746 2328 5803 quam
2349 5732 2640 5804 Apostolus
2668 5733 2856 5805 (Hebr.
2884 5737 2941 5803 ν)
2969 5744 3125 5791 vocat
3141 5732 3569 5797 discretionem
3591 5742 3733 5800 boni
3759 5750 3811 5799 et
