3966 6326
239 311 328 380 625
1243 319 1586 382 COLLATIO
1625 321 1688 380 Il.
1719 351 1788 370 -ι
1820 323 1910 386 DE
1945 323 2430 386 DISCRETIONE.
3371 333 3476 392 596

237 443 272 512 (l
292 441 402 502 Cor.
427 437 542 512 xu).
567 436 774 498 Deinde
795 437 1068 510 completo
1085 439 1232 496 omni
1258 441 1504 512 catalogo
1526 439 1784 508 spiritua-
1811 443 1868 506 Α
1891 439 2080 498 dicens
2113 457 2128 496 :
2167 441 2368 508 Venite,
2399 441 2645 498 benedicti
2684 441 2846 514 patris
2885 445 3006 514 mei,
3029 447 3286 520 possidete
3322 467 3480 522 para-

237 535 344 588 lium
377 531 798 602 charismatum,
847 532 1048 590 infert:
1102 534 1292 590 Omnia
1319 535 1630 594 autemluec
1659 549 1786 604 ope-
1893 541 2004 586 tum
2055 532 2192 588 vobis
2245 549 2458 604 regnum
2507 550 2542 588 α
2594 536 2958 590 constitutione
3005 539 3232 594 mundi:
3287 542 3478 600 csuriei

235 637 358 682 ratur
404 641 536 684 unus
589 632 744 692 atque
791 626 928 680 idem
977 624 1242 700 Spiritus,
1290 626 1518 682 dividens
1571 627 1788 702 singulis
1889 623 2060 690 enim,
2093 635 2138 678 et
2165 625 2381 680 dedistis
2412 627 2538 682 mihi
2565 628 2919 696 manducare;
2959 631 3134 696 silici,
3175 643 3222 688 et
3263 634 3479 692 dedistis

235 725 362 786 prout
387 713 488 772 uult
515 711 694 788 (Ibid.
723 713 764 784 ).
799 713 1004 776 Videtis
1045 731 1180 786 ergo
1223 731 1330 776 non
1379 725 1656 774 terrenum
1689 733 1790 776 nec
1889 717 2016 774 mihi
2045 717 2212 774 bibere
2231 759 2248 786 ,
2275 729 2379 776 etc.
2410 719 2629 792 (Matth.
2652 721 2804 794 xxv).
2833 720 3078 796 Cumque
3103 725 3158 782 in
3187 725 3332 784 hunc
3362 743 3480 786 mo-

235 823 428 878 parvum
457 821 580 866 esse
607 806 958 868 discretionis
985 824 1213 878 munus,
1243 808 1344 866 sed
1370 807 1570 868 divinae
1599 811 1792 882 gratia:
1891 808 2018 868 dum
2047 809 2282 868 diversis
2307 811 2602 872 virtutibus
2627 814 2834 870 aditum
2865 817 3160 874 certiorem
3193 818 3259 874 ad
3303 819 3474 878 Deum

235 902 494 960 maximum
547 901 878 974 praemium:
935 919 1098 974 quam
1143 903 1248 960 nisi
1295 904 1596 964 monachus
1639 904 1790 964 omni

235 994 508 1052 intentione
559 994 724 1056 fuerit
769 1005 1058 1056 assecutus
1095 1039 1114 1066 ,
1165 1006 1222 1058 et
1271 997 1680 1056 ascendentium
1735 999 1790 1056 in

235 1101 336 1144 sese
377 1085 662 1157 spirituum
716 1087 1102 1146 discretionem
1144 1097 1294 1150 certa
1340 1088 1554 1148 ratione
1597 1105 1790 1161 posse-

235 1177 386 1246 derit,
410 1193 640 1236 necesse
669 1188 754 1238 est
781 1195 908 1236 eum
937 1181 1088 1238 velut
1127 1179 1184 1240 in
1221 1189 1384 1240 nocte
1421 1195 1566 1240 cazca
1610 1183 1792 1242 tetris-

235 1287 322 1341 (ιω
362 1270 596 1330 tenebris
641 1271 1011 1342 oberrantem,
1043 1281 1070 1312 ι
1097 1289 1208 1332 non
1252 1274 1430 1334 solum
1467 1274 1792 1346 perniciosis

235 1365 382 1426 foveis
407 1365 808 1436 prcruptisque
851 1367 1132 1438 Incidere,
1177 1367 1272 1426 sed
1313 1369 1474 1428 etiam
1521 1368 1576 1428 in
1619 1367 1794 1440 planis

233 1471 284 1520 ac
307 1455 518 1518 directis
549 1455 872 1530 frequenter
901 1457 1200 1518 ollendere.

830 1548 1060 1610 CAPUT
1101 1549 1164 1606 ll.

232 1641 540 1704 Discrels'anis
589 1641 788 1700 utilitas
822 1657 888 1698 es
923 1641 1272 1713 disputatione
1325 1643 1526 1702 abbatis
1583 1643 1796 1702 Antonii

807 1713 1206 1768 demonstratur.

1893 903 2078 972 parari
2127 919 2290 974 posse
2335 903 2728 976 decernerent,
2773 917 3028 980 essetque
3073 912 3258 970 noctis
3305 913 3478 970 niaxi-

1893 1011 2040 1054 mum
2070 1007 2284 1066 tempus
2323 997 2426 1056 hac
2465 1001 2818 1074 inquisitione
2857 1009 3480 1078 consumptumﬁntulit

1891 1088 2114 1146 demum
2143 1089 2334 1148 beatus
2359 1093 2626 1150 Antonius
2658 1110 2672 1148 :
2697 1092 2722 1130 ά
2749 1093 2940 1154 Omnia
2969 1099 3186 1168 quidem
3215 1101 3332 1158 haec
3358 1117 3481 1174 qua:

1892 1181 2106 1242 dixistis
2147 1185 2458 1244 necessaria
2495 1194 2624 1244 sunt
2660 1197 2716 1243 et
2759 1189 2912 1248 utilia
2953 1193 3264 1250 sitientibus
3307 1195 3482 1252 Deum

1893 1283 2056 1346 atque
2085 1275 2154 1332 ad
2182 1291 2306 1332 eum
2336 1278 2678 1350 cupientibus
2708 1283 2993 1354 pervenire
3019 1301 3034 1352 ;
3061 1285 3160 1342 sed
3203 1287 3286 1342 his
3327 1289 3483 1358 prin-

1895 1367 2124 1438 cipalem
2165 1369 2402 1426 tribuere
2443 1373 2672 1444 gratiam
2701 1389 3040 1448 nequaquam
3071 1395 3174 1436 nos
3205 1380 3484 1442 innumeri

1895 1457 2190 1518 multorum
2235 1474 2394 1518 casus
2439 1471 2498 1520 et
2543 1465 2916 1534 experimenta
2963 1471 3303 1542 permittunt.
3347 1473 3482 1530 Nam

1895 1549 2162 1616 quosdam
2205 1566 2582 1622 saepenumero
2622 1557 2886 1616 acerrime
2909 1558 3136 1634 jejuniis
3161 1578 3258 1620 seu
3284 1564 3484 1636 vigiliis

1895 1641 2252 1712 incubantes,
2308 1659 2373 1704 ac
2428 1647 2658 1706 mirilice
2697 1648 2750 1704 in
2791 1652 3084 1710 solitudine
3121 1656 3482 1728 accedentes,

1898 1732 2260 1802 privationem
2287 1749 2502 1810 quoque
2530 1739 2770 1796 omnium
2799 1739 3112 1800 facultatum
3157 1745 3230 1800 ita
3269 1757 3487 1805 sectan-

289 1827 487 1886 Iletnii
519 1826 694 1898 igitur
721 1825 998 1900 quondam
1029 1825 1084 1884 in
1127 1825 1288 1884 annis
1325 1826 1506 1886 adhuc
1545 1827 1794 1898 pueritia:
1824 1827 1874 1894 Β
1901 1833 2002 1894 tes,
2027 1835 2086 1882 ut
2105 1843 2169 1882 ex
2204 1827 2334 1898 ipsis
2365 1845 2432 1886 ue
2463 1834 2620 1888 unius
2650 1831 2868 1902 quidem
2897 1835 3004 1892 diei
3033 1837 3236 1894 victum
3263 1841 3486 1900 sibimet

234 1919 530 1983 wastitutus
557 1919 616 1978 in
647 1918 894 1990 partibus
919 1917 948 1958 1³
968 1917 1284 1988 Thebaidis,
1305 1919 1392 1976 ubi
1421 1918 1614 1976 beatus
1631 1920 1798 1978 Auto-

237 2011 340 2072 nius
361 2010 704 2080 morabatur,
739 2021 760 2052 ο
791 2010 1038 2070 seniores
1067 2011 1134 2068 ad
1165 2025 1296 2068 eum
1325 2011 1681 2086 perfectionis
1709 2011 1798 2072 in-

235 2103 488 2176 quirendae
513 2105 698 2180 gratia
727 2103 1078 2164 convenisse.
1112 2103 1356 2176 Cumque
1399 2119 1426 2160 a
1473 2107 1802 2174 vespertinis

235 2195 362 2256 horis
421 2211 600 2266 usque
646 2197 714 2254 ad
763 2196 938 2254 lucem
985 2197 1180 2254 luisset
1225 2205 1502 2270 protracta
1547 2197 1800 2266 collatio,

235 2291 566 2362 quastionem
621 2289 758 2350 hanc
805 2290 1102 2350 maximum
1151 2291 1329 2350 noctis
1381 2293 1618 2366 spatium
1665 2305 1802 2348 con—

233 2383 530 2454 sumpsisse.
591 2382 724 2444 Nam
782 2384 1096 2444 diutissime
1146 2385 1502 2456 quaarebatur
1552 2401 1804 2458 quosnam

233 2473 380 2534 virtus
415 2476 500 2536 vel
543 2475 901 2534 observantia
937 2477 1264 2536 monachum
1311 2478 1484 2550 possit
1529 2493 1558 2536 a
1601 2477 1804 2540 diaboli

233 2565 414 2640 laqueis
437 2584 500 2626 ac
529 2569 950 2642 deceptionibus
980 2570 1260 2630 custodire
1287 2585 1506 2642 semper
1537 2571 1802 2642 illaesum,

235 2659 468 2722 volcerta
510 2671 670 2722 recte
709 2665 926 2720 tramite
969 2665 1234 2736 tinuoque
1275 2679 1472 2736 gressu
1511 2663 1580 2720 ad
1623 2663 1806 2734 perie-

234 2753 404 2812 ctionis
433 2755 659 2814 culmen
692 2755 1008 2826 perducere.
1055 2755 1308 2828 Cumque
1337 2770 1434 2826 pro
1460 2765 1626 2828 captu
1653 2771 1812 2812 men-

234 2843 290 2902 tis
313 2859 418 2906 sua:
449 2848 834 2918 unusquisque
863 2846 1192 2906 sententiam
1223 2860 1380 2906 suam
1411 2845 1680 2916 proterret
1703 2885 1722 2916 ,
1751 2854 1810 2904 et

232 2937 309 2994 alii
335 2938 554 3012 quidem
587 2937 694 2998 hoc
721 2938 776 2996 iu
801 2937 1136 3008 jejuniorutn
1165 2938 1582 3012 vigiliarumque
1623 2939 1812 3002 studio

235 3031 586 3100 collocarent,
617 3031 763 3104 quod
795 3031 882 3088 bis
913 3031 1172 3092 videlicet
1209 3040 1508 3092 extenuata
1551 3046 1708 3088 mens
1745 3047 1812 3090 ac

233 3127 502 3196 puritatem
547 3127 734 3186 cordis
759 3135 816 3186 et
839 3127 1090 3198 corporis
1117 3135 1370 3184 assecuta
1391 3167 1407 3194 ,
1441 3127 1555 3184 Deo
1591 3125 1810 3184 facilius

1903 1935 2176 1990 unumque
2201 1921 2484 1980 denarium
2527 1939 2814 1996 superesse
2855 1938 3190 1998 paterentur,
3234 1935 3490 1994 humani-

1902 2011 2029 2066 tatis
2051 2013 2210 2066 etiam
2236 2015 2412 2068 studia
2439 2023 2549 2070 tota
2572 2016 2865 2076 devotione
2887 2023 3226 2091 complentes
3249 2068 3264 2093 ,
3295 2028 3366 2082 ita
3401 2029 3486 2083 vi-

1901 2102 2078 2160 dimus
2119 2112 2342 2174 repente
2369 2105 2628 2176 deceptos
2649 2147 2668 2174 ,
2700 2117 2758 2166 ut
2785 2121 3064 2182 arreptum
3091 2130 3228 2185 opus
3257 2133 3364 2174 non
3395 2135 3490 2189 po-

1901 2197 2104 2250 tuerint
2129 2211 2372 2266 congruo
2400 2201 2552 2252 exitu
2583 2202 2878 2258 terminare
2899 2245 2913 2268 ,
2957 2220 3338 2278 summumque
3381 2210 3490 2266 fer-

1901 2303 2088 2344 vorem
2118 2300 2172 2346 et
2201 2293 2672 2347 conversationem
2697 2295 3020 2352 laudabilem
3045 2299 3356 2356 detestabili
3385 2303 3490 2360 line

1902 2381 2216 2436 clauserint.
2249 2383 2616 2449 Quamobrem
2649 2385 2776 2456 quid
2807 2387 3178 2458 principaliter
3219 2393 3380 2448 ducat
3423 2397 3490 2452 ad

1904 2473 2073 2530 Deum
2109 2475 2398 2530 manifeste
2429 2477 2728 2546 poterimus
2757 2495 3093 2548 agnoscere,
3131 2482 3178 2536 si
3219 2485 3390 2539 ruinae
3428 2501 3492 2540 at:

1905 2567 2244 2636 deccptionis
2273 2567 2486 2624 illorqu
2518 2585 2680 2624 causa
2708 2571 3022 2642 diligentius
3061 2589 3088 2628 a
3132 2575 3290 2630 nobis
3333 2575 3496 2633 fuerit

1907 2660 2180 2732 indagata.
2213 2661 2326 2718 Illis
2355 2677 2592 2734 namque
2628 2679 2752 2718 eum
2794 2666 3160 2721 exuberareut
3201 2667 3492 2736 prmdicta-

1907 2769 2030 2808 rum
2058 2767 2222 2824 opera
2249 2753 2506 2810 virtutum
2531 2796 2546 2822 ,
2578 2755 2838 2812 discretio
2881 2757 2996 2812 sola
3035 2757 3296 2814 deﬁciens
3325 2775 3498 2832 usque

1907 2846 1974 2902 ad
2019 2845 2182 2902 linem
2221 2862 2284 2904 ea
2327 2847 2528 2902 durare
2555 2863 2662 2904 non
2693 2849 2838 2904 sivit.
2867 2849 2976 2905 Nec
3001 2849 3148 2906 enim
3177 2852 3282 2907 alia
3311 2853 3498 2924 lapsus

1909 2955 2097 2996 eorum
2129 2954 2290 2995 causa
2322 2939 2772 3008 deprehenditur,
2807 2943 2909 2997 nisi
2957 2943 3104 3013 quod
3147 2945 3326 2999 minus
3355 2959 3384 2998 a
3415 2959 3502 3000 se-

1912 3033 2156 3088 nioribus
2181 3034 2453 3100 instituti,
2503 3049 2842 3104 nequaquam
2891 3045 3189 3103 potuerunt
3231 3039 3500 3094 rationem

1913 3125 2258 3182 discretionis
2294 3125 2558 3198 adipisci,
2587 3143 2706 3197 qum
2741 3131 3172 3196 praetermittens
3215 3141 3504 3201 utramque

237 3221 453 3284 coiretm'
481 3239 493 3278 :
525 3221 628 3280 alii
673 3224 728 3278 in
777 3221 1028 3280 nuditate
1069 3228 1128 3277 et
1165 3229 1484 3292 contemptu
1527 3221 1810 3278 universa-
1837 3222 1884 3292 c
1913 3219 2246 3273 nimietatem
2269 3260 2284 3284 ,
2317 3219 2400 3272 via
2433 3218 2577 3288 regis
2609 3217 2770 3274 docet
2811 3219 3138 3276 nionacbum
3179 3235 3393 3292 semper
3423 3221 3504 3278 in.

233 3328 336 3372 nun
365 3329 552 3372 rerum
585 3313 780 3386 quibus
807 3329 962 3370 meus
993 3314 1040 3370 si
1071 3315 1296 3386 penitus
1323 3325 1638 3380 exueretur,
1671 3323 1809 3370 tam-

235 3421 376 3478 quam
403 3409 572 3468 nullis
601 3408 864 3479 deinceps
891 3407 1260 3464 retinentibus
1299 3407 1509 3477 laqueis
1538 3407 1606 3462 ad
1637 3406 1810 3464 Deum

235 3501 524 3568 expeditior
553 3501 906 3570 perveniret;
935 3501 1030 3558 alii
1056 3502 1398 3578 ἀναχώρησιν
1421 3499 1810 3567 necessariam.

237 3593 282 3650 id
303 3604 412 3662 est.
443 3595 812 3656 resectionem
837 3604 896 3652 et
917 3595 1094 3652 eremi
1132 3603 1346 3650 secreta
1386 3603 1710 3658 censerent,
1755 3593 1812 3652 in

237 3703 326 3758 qua
351 3703 710 3748 communem
737 3687 860 3759 quis
891 3689 1216 3746 familiarius
1248 3687 1598 3756 interpellare
1639 3686 1812 3744 Deum

240 3780 382 3851 eique
431 3782 614 3852 possit
667 3781 1002 3854 peculiarius
1052 3779 1372 3840 inhaerere:
1425 3777 1670 3836 nonnulli
1729 3791 1818 3836 se-

238 3875 410 3932 cunda
447 3872 778 3940 charitatis,
823 3871 876 3928 id
917 3881 1038 3942 est,
1073 3869 1426 3928 humanitatis
1455 3868 1632 3926 cilicia
1679 3867 1820 3928 deli-

241 3963 434 4032 nirent,
465 3963 618 4037 quod
657 3964 742 4020 bis
786 3979 952 4035 regna
998 3962 1268 4020 ctelorutn
1311 3961 1564 4018 daturum
1607 3974 1670 4016 se
1709 3959 1818 4016 Do-

245 4056 408 4116 minus
446 4058 504 4118 in
549 4055 852 4128 Evangelio
901 4053 1052 4116 velut
1089 4051 1384 4124 specialius
1427 4051 1812 4122 repromittat,

1914 3308 2148 3373 cedere,
2179 3319 2234 3364 et
2277 3323 2376 3364 nec
2421 3309 2640 3365 dextera
2685 3311 2942 3364 virtutum
2986 3311 3248 3380 permittit
3271 3313 3504 3378 extolli,

1917 3401 1970 3455 id
2001 3408 2122 3468 est,
2153 3400 2384 3456 fervoris
2416 3415 2646 3456 excessu
2683 3403 3036 3458 continentiae
3073 3403 3238 3472 justae
3284 3406 3502 3460 modum

1917 3493 2102 3564 inepta
2131 3493 2556 3564 pmsumptione
2588 3497 2977 3550 transcendere
2998 3535 3012 3558 ,
3045 3509 3148 3550 nec
3175 3497 3506 3554 oblectatum

1919 3585 2240 3642 rernissione
2267 3585 2558 3644 deﬂectere
2588 3587 2656 3644 ad
2683 3588 2810 3643 vitia
2841 3589 3056 3644 sinistra
3083 3591 3370 3656 concedit,
3403 3591 3508 3647 hoc

1918 3687 2035 3742 est,
2087 3679 2190 3733 sub
2237 3688 2508 3748 praetequ
2554 3681 2888 3750 gubernandi
2933 3683 3182 3750 corporis
3228 3686 3508 3742 contrario

1919 3771 2142 3842 spiritus
2197 3783 2390 3842 tepore
2443 3775 2766 3830 lentescere.
2817 3775 2941 3830 Haec
2991 3791 3224 3846 namque
3268 3785 3352 3832 est
3399 3777 3502 3833 dis-

1919 3867 2128 3933 cretio,
2159 3883 2280 3935 quae
2323 3867 2550 3934 oculus,
2597 3877 2651 3922 et
2691 3867 2910 3922 lucerna
2952 3869 3198 3938 corporis
3241 3869 3292 3923 in
3337 3869 3510 3924 Evan-

1919 3959 2063 4031 gelio
2092 3971 2454 4028 nuncupatur,
2478 3959 2774 4015 secundum
2797 3960 2942 4014 illam
2973 3961 3298 4016 sententiam
3324 3963 3510 4017 Salva.

1921 4052 2053 4106 toris
2079 4069 2090 4104 :
2129 4059 2152 4087 ο
2181 4049 2418 4106 Lucerna
2446 4053 2678 4122 corporis
2709 4053 2784 4106 tui
2811 4061 2886 4107 est
2916 4053 3094 4108 oculus
3124 4061 3284 4110 tuus:
3311 4057 3446 4126 quod
3470 4056 3512 4110 si

1305 4164 1564 4222 ALARDI
1605 4163 1840 4220 GAZIEI
1877 4164 2444 4222 COMMENTARIUS.

243 4262 386 4328 mali,
413 4277 516 4320 seu
543 4259 802 4322 facultate
829 4257 1174 4318 discernendi
1207 4256 1350 4328 inter
1394 4271 1579 4328 verum
1625 4265 1687 4328 et
1722 4253 1824 4310 fal-

243 4325 381 4398 sum,
405 4333 606 4387 bonum
635 4339 690 4386 et
715 4331 913 4384 malum
934 4371 948 4394 ,
984 4327 1342 4399 appetendum
1383 4335 1438 4399 et
1480 4325 1786 4399 fugiendum
1807 4367 1824 4394 ,

242 4414 348 4470 quae
365 4395 502 4458 nihil
530 4401 679 4457 aliud
702 4409 783 4456 est
808 4415 966 4470 quam
989 4395 1114 4454 vera
1139 4407 1193 4452 et
1218 4395 1824 4470 Christianaprudentia

243 4467 386 4548 quam
413 4473 572 4548 divus
607 4467 932 4543 Augustinus
961 4470 1054 4525 lib.
1091 4485 1108 4524 ι
1137 4470 1203 4522 de
1235 4469 1410 4548 libero
1439 4467 1674 4548 Arbitrio
1701 4481 1823 4548 cap.

249 4537 323 4596 13³
347 4543 537 4602 deﬂuit
580 4537 715 4598 esse'
751 4557 930 4596 rerum
989 4539 1510 4610 appetendarum_et
1551 4537 1826 4608 fugienda-

245 4626 350 4690 rum
381 4613 671 4672 scientiam
689 4631 710 4690 ;_
729 4623 780 4668 et
811 4613 904 4666 lib.
937 4607 1139 4672 exstitit
1165 4611 1276 4678 QQ.
1296 4625 1351 4682 q.
1384 4607 1822 4690 39,es_se’rcrum

247 4679 496 4742 bacarum
527 4695 580 4742 et
609 4679 870 4740 malarum
891 4722 904 4744 ,
937 4695 990 4736 et
1019 4679 1336 4738 neutraruni
1367 4679 1675 4734 scientiam.

309 4763 334 4792 ⁸
363 4755 418 4834 in
447 4757 702 4834 editione
727 4753 1073 4834 Lugdunensl
1115 4753 1350 4834 legitur;
1395 4747 1519 4803 Non
1559 4749 1728 4805 solum
1767 4749 1821 4804 in

247 4827 538 4892 perniciosis
569 4827 728 4896 foveis
758 4823 1134 4896 prteruptisque
1161 4823 1450 4876 concidere.

307 4895 334 4932 ι’
361 4895 438 4952 De
458 4897 738 4952 Thebaide
764 4897 964 4950 dictum
985 4905 1072 4964 est
1093 4892 1219 4948 alibi
1244 4891 1381 4964 (Lib.
1404 4889 1650 4964 tvrlnstit.
1671 4907 1716 4964 c.
1739 4891 1822 4964 3),

245 4967 384 5034 cujus
412 4970 578 5024 etiam
608 4969 802 5023 crebra
829 4963 1036 5022 mentio
1070 4965 1122 5020 iu
1169 4963 1274 5018 vita
1321 4963 1464 5020 beati
1495 4963 1712 5016 Antonii
1755 4963 1824 5016 ab

249 5035 536 5094 Athanasio
563 5037 854 5107 descripta.

312 5119 332 5144 ε
376 5109 506 5166 Haec
549 5101 779 5164 formula
817 5105 1124 5162 collationis
1173 5105 1314 5160 inter
1363 5103 1487 5158 illos
1535 5101 1722 5158 Patres
1763 5111 1818 5158 et

246 5179 596 5234 anachoretas
621 5178 808 5246 agitari
839 5177 1052 5242 solitm;
1094 5175 1179 5232 cui
1225 5189 1332 5230 non
1373 5175 1544 5228 solum
1594 5187 1818 5244 magnus

248 5251 508 5306 Antonius
552 5249 754 5320 saepius
797 5247 982 5320 aﬂuit;
1029 5261 1214 5320 verum
1243 5255 1298 5300 et
1341 5257 1670 5320 magnopere
1697 5258 1818 5298 eain

249 5259 508 5306 Antonius
552 5259 754 5320 saepius
797 5259 982 5312 aﬂuit;
1029 5261 1214 5301 verum
1243 5259 1298 5300 et
1341 5259 1670 5366 magnopere
1697 5259 1818 5298 eain

249 5320 662 5375 riuumendavit.
691 5317 826 5374 Nam
859 5317 1185 5372 Athanasius
1209 5358 1224 5382 ,
1253 5331 1414 5386 quam
1457 5329 1542 5366 am
1575 5327 1690 5382 eius
1721 5329 1818 5368 ex-

251 5387 604 5466 hortationem
629 5389 926 5466 adl‘ratres
963 5389 1016 5442 in
1057 5385 1364 5456 huiusmodi
1412 5395 1680 5466 conventu
1724 5399 1822 5466 seu

253 5460 540 5518 collatione
589 5461 827 5516 habitam
875 5455 1309 5514 commemorans
1337 5498 1352 5520 ,
1399 5457 1467 5510 ab
1515 5455 1598 5508 bis
1643 5455 1823 5509 verbis

251 5541 362 5600 eum
405 5545 660 5586 exorsum
701 5533 778 5586 ait
807 5548 820 5582 :
853 5530 932 5584 All
975 5527 1424 5600 omnentquidem
1462 5526 1824 5600 mandatorum

252 5597 578 5679 disciplinam
625 5603 924 5679 Scripturas
972 5595 1450 5679 posse_sufﬁcere:
1502 5597 1590 5650 sed
1631 5607 1680 5650 et
1720 5595 1826 5679 liae

251 5667 498 5738 Optimum
521 5673 654 5742 fore,
681 5667 942 5742 si'mutuis
967 5667 1021 5726 se
1048 5667 1265 5742 lttvlt‘ettt
1294 5673 1483 5742 fratres
1510 5667 1827 5742 sermonibus

1935 4266 2014 4328 lus
2043 4273 2179 4322 sum,
2209 4261 2357 4328 quasi
2382 4257 2512 4328 filiis
2543 4259 2798 4314 indicabo.
2831 4259 3010 4316 Habes
3031 4258 3174 4316 aliud
3200 4260 3382 4320 simile
3401 4265 3515 4320 Cul-

1937 4327 2151 4396 lationis
2179 4327 2487 4396 exemplum
2521 4329 2658 4382 intra
2687 4331 2862 4396 capite
2895 4331 2982 4386 il.

2007 4393 2034 4434 ἀ
2067 4393 2624 4470 Praeclarascnlcntia
2648 4393 2958 4470 BLAutonii
2985 4401 3050 4456 de
3101 4401 3382 4470 prudentia
3420 4419 3516 4458 seu

1933 4468 2290 4524 discretione.
2325 4469 2422 4522 Cui
2453 4469 2680 4524 succinit
2713 4469 2770 4522 Β.
2807 4471 3039 4525 Basilius
3067 4468 3359 4527 Constitui.
3399 4475 3516 4529 Μυ-

1935 4549 2076 4615 nast.
2125 4553 2246 4615 cap.
2295 4537 2365 4594 95
2392 4538 2476 4615 his
2522 4538 2702 4615 verbis
2729 4539 2878 4615 εῄΙηΔ
2907 4543 3046 4615 enini
3069 4559 3200 4615 quo:
3239 4547 3516 4615 suscipitur

1935 4609 2134 4662 actione
2175 4609 2504 4682 intercedere
2531 4607 2806 4682 prudentia
2844 4611 3007 4664 debet.
3049 4607 3194 4682 Nam
3245 4607 3518 4682 prudentia

1847 4671 1902 4731 Ῑ)
1929 4689 2121 4760 remora
2153 4677 2282 4732 nihil
2299 4671 2760 4760 .cujtts-t'is'genert's
2785 4689 2890 4760 est,
2917 4681 3056 4749 quod
3083 4683 3198 4760 licet
3225 4671 3410 4737 bonum
3440 4689 3514 4740 υἰ-

1927 4751 2134 4818 deatur,
2167 4765 2272 4824 non
2297 4749 2784 4824 inbitiumfrecidat
2804 4793 2817 4816 ,
2842 4753 2890 4824 si
2919 4763 3008 4824 aut
3044 4755 3214 4806 ntimo
3254 4765 3479 4824 tentpore
3499 4801 3514 4824 ,

1927 4831 2018 4896 aut
2049 4837 2150 4896 non
2181 4819 2412 4896 adhibita
2445 4821 2795 4896 moderatione
2821 4821 2933 4890 ﬁat.
2967 4821 3121 4876 Ratio
3162 4839 3279 4878 vero
3310 4819 3365 4878 et
3387 4819 3518 4896 ρηιὲ

1927 4892 2104 4944 denlia
2153 4891 2238 4944 ubi
2281 4891 2434 4946 rebus
2478 4891 2620 4946 bonis
2670 4891 2911 4944 idoneum
2949 4903 3146 4956 tempus
3193 4911 3254 4948 ac
3303 4891 3516 4950 modum

1927 4961 2178 5032 deﬁniunt
2197 5001 2214 5028 ,
2248 4961 2480 5016 mirabile
2506 4973 2578 5015 est
2605 4971 2853 5031 quantum
2881 4979 2946 5016 ex
2975 4979 3156 5016 carum
3187 4981 3303 5032 usu,
3329 4979 3434 5020 tum
3469 4971 3520 5022 in

1929 5010 2942 5106 gg..ii:;ji...‘i."ngyamiiiginni;
2965 5010 3434 5106 ;é&.;‘,'.'i.7(tri;;;'
3451 5010 3518 5092 ίίῖ

1932 5101 2112 5176 Thom.
2143 5103 2240 5176 L2
2269 5119 2323 5176 q.
2355 5101 2416 5156 6|
2454 5101 2562 5158 a.’i
2599 5113 2644 5176 et
2673 5101 2746 5170 δέ
2768 5113 2818 5160 et
2841 5104 2938 5176 2-2
2965 5121 3014 5176 ιι.
3051 5105 3153 5176 188
3179 5123 3232 5158 a.
3259 5101 3333 5176 7).

1999 5183 2022 5210 ε
2055 5173 2208 5240 Quod
2232 5173 2376 5226 enim
2399 5181 2482 5228 est
2503 5175 2690 5228 oculus
2714 5173 2954 5240 corpori,
2977 5175 3028 5228 lu
3050 5191 3080 5230 c
3109 5173 3416 5230 intellectus
3443 5190 3518 5224 ι--ι

1919 5243 2120 5316 anitum
2145 5287 2160 5310 ,
2201 5241 2752 5316 aitAChrysostomus.
2801 5245 2858 5316 Ι).
2893 5245 3184 5314 Gregorius
3228 5247 3317 5300 lib.
3353 5263 3520 5304 xsmt

1925 5313 2112 5386 Μαι-ιιι.
2138 5327 2259 5382 cap.
2289 5313 2354 5368 15
2382 5331 2393 5365 :
2424 5313 2564 5380 Quid
2595 5332 2684 5382 per
2709 5314 2950 5386 oculum,
2985 5313 3156 5378 inquit
3177 5359 3190 5382 ,
3218 5319 3520 5386 capi-linitur

1927 5385 2030 5440 nisi
2057 5401 2184 5452 Opus
2212 5400 2360 5466 suum
2390 5389 2702 5468 Prmcnicus
2746 5385 2914 5468 cordis
2953 5387 3168 5468 intentio
3189 5387 3212 5439 2’
3235 5385 3348 5468 qua:
3373 5389 3517 5468 prius

1928 5473 2079 5526 quam
2119 5455 2266 5528 sein
2305 5455 2505 5528 actione
2543 5467 2810 5528 exerceat,
2855 5455 2952 5511 hoc
2987 5459 3102 5528 jam
3146 5458 3284 5528 quod
3325 5455 3520 5528 appstit

1932 5527 2334 5600 contemplatur.
2387 5526 2450 5580 Et
2479 5527 2602 5597 quid
2630 5526 3241 5600 appellatione—corporis
3272 5526 3520 5600 designa»

1934 5607 2040 5660 tur,
2076 5597 2196 5670 nisi
2245 5613 2562 5670 unaqquue
2613 5597 2746 5652 actio
2795 5615 2909 5670 qum
2951 5599 3280 5670 intentionem
3337 5597 3518 5668 suam,

1932 5669 2084 5740 quasi
2111 5669 2386 5723 intuentem
2413 5669 2619 5723 oculum
2646 5669 2914 5738 sequitur?
2938 5669 3172 5724 Lucerna
3207 5672 3376 5740 itaque
3403 5688 3521 5724 cor-

253 5738 656 5820 consolarcnlur'.
699 5741 768 5800 Et
794 5759 876 5798 vos
918 5757 1059 5820 ergo,
1094 5738 1304 5820 inquit,
1335 5749 1390 5795 ut
1430 5739 1566 5814 patri
1591 5780 1606 5806 ,
1647 5738 1832 5806 referte
1936 5738 2176 5820 perirest
2199 5739 2404 5820 oculus,
2429 5741 2548 5820 quia
2577 5757 2664 5820 per
2690 5743 2834 5820 boum
2863 5741 3158 5820 intentionis
3185 5738 3392 5820 rudium
3417 5759 3520 5820 ine-

253 5827 360 5868 σιντ
389 5815 594 5870 nostis:
623 5825 670 5868 et
704 5831 816 5885 ego,
845 5829 958 5883 qua?
974 5813 1070 5880 ’per
1095 5813 1310 5884 longam
1347 5813 1546 5867 letalem
1588 5825 1829 5862 conseruo

1937 5807 2038 5863 rita
2065 5807 2397 5867 illustrantur
2420 5807 2654 5870 actionis.
2684 5809 2754 5868 Et
2781 5813 2821 5868 si
2850 5813 3028 5868 oculus
3064 5819 3182 5868 tuus
3202 5814 3358 5880 fuerit
3400 5813 3520 5866 siin-
