3966 6326
711 252 733 278 1

471 326 576 387 527

1528 311 1808 373 JOANNIS
1843 308 2161 369 CASSIANI
2197 307 2696 368 COLLATIONES.

3607 311 3702 372 ωε

470 445 648 501 oculus
674 451 796 498 tuus
821 438 1042 512 simplex
1069 435 1263 509 fuerit,
1305 441 1467 488 totum
1505 448 1693 506 corpus
1735 439 1879 485 tuum
1921 428 2050 483 luci-
2077 432 2126 490 Α
2155 429 2388 486 cundum
2442 427 2572 482 illud
2602 469 2616 490 ,
2675 425 2772 482 Sol
2825 441 2926 480 non
2975 423 3176 480 occidat
3218 441 3367 496 super
3399 427 3700 486 iracundiam

469 539 597 593 dum
625 537 762 602 erit;
791 535 836 588 si
866 543 1040 586 autem
1067 529 1244 584 oculus
1273 536 1393 580 tuus
1424 539 1642 594 nequam
1675 523 1864 592 fuerit,
1897 530 2056 574 totum

469 648 654 702 corpus
701 640 846 685 tuum
892 626 1209 680 tenebrosum
1261 619 1358 674 erit
1403 615 1621 688 (Matth.
1644 612 1762 686 vr):
1805 628 1873 668 eo
1913 611 2054 679 quod

469 727 623 795 ipsa,
672 719 1029 792 cogitationes
1073 712 1307 769 hominis
1350 710 1633 766 universas
1661 717 1918 774 actusque
1947 703 2056 759 dis-

451 783 699 875 ‘c-eruens
721 783 958 883 ,vcuncta
985 825 1106 882 qua:
1136 805 1376 878 gerenda
1410 811 1541 860 sunt
1579 799 1862 873 pervideat
1891 809 2056 868 atque

440 905 783 985 iperlustret.
815 909 950 974 Quze
974 903 1020 960 si
1045 904 1098 960 in
1131 903 1351 958 homine
1378 914 1607 970 nequam
1633 896 1792 953 fuerit
1812 937 1827 960 ,
1856 893 1908 949 id
1934 899 2055 957 est,

469 1021 576 1062 non
607 1018 737 1061 vero
761 999 970 1072 judicio
997 1007 1052 1054 et
1077 995 1301 1052 scientia
1330 993 1666 1048 communita
1689 1004 1785 1046 seu
1811 986 2058 1056 quolibet

468 1115 656 1157 errore
680 1112 743 1153 ac
772 1094 1196 1167 praesumptione
1219 1090 1466 1156 decepta,
1497 1095 1670 1142 totum
1702 1095 1900 1154 corpus
1927 1093 2055 1134 nos-
2105 1123 2108 1127 ,

468 1201 612 1248 trum
660 1189 822 1246 faciet
868 1185 1255 1241 tenebrosum.
1308 1181 1413 1236 hoc
1455 1189 1573 1244 est,
1623 1189 1840 1230 onmem
1888 1171 2057 1226 aciem

467 1285 670 1342 mentis
709 1292 969 1350 actusque
1012 1289 1231 1334 nostros
1258 1272 1454 1330 reddet
1484 1273 1783 1332 obscuros,
1817 1266 2060 1321 caecitate

467 1378 680 1435 scilicet
705 1375 959 1431 vitiorum
998 1379 1054 1428 et
1090 1364 1557 1440 perturbationum
1607 1360 1853 1418 tenebris
1895 1359 2058 1413 invo-

470 1471 638 1526 lutos.
673 1467 734 1524 Si
763 1467 898 1520 enim
919 1505 933 1530 ,
966 1462 1140 1533 tnquit
1162 1501 1177 1527 ,
1210 1458 1383 1513 lumen
1413 1455 1554 1528 quod
1584 1456 1635 1508 in
1666 1462 1716 1506 te
1738 1461 1809 1506 est
1839 1447 2062 1504 tenebrae

469 1573 630 1632 sunt,
663 1563 881 1618 tenebrae
919 1560 1046 1630 ipsa:
1071 1550 1286 1627 quantis
1305 1551 1498 1608 erunt!
1529 1548 1668 1604 Nulli
1700 1559 1932 1616 namque
1963 1543 2064 1597 du-

467 1661 620 1716 bium
661 1666 778 1724 est,
821 1662 1041 1711 errante
1079 1649 1282 1720 judicio
1324 1645 1506 1702 cordis
1547 1641 1718 1697 nostri
1755 1648 1810 1696 et
1850 1643 2062 1708 ignora-

469 1752 635 1807 tionis
664 1757 824 1806 nocte
850 1759 1129 1818 possesso,
1159 1741 1518 1812 cogitationes
1558 1747 1772 1804 quoque
1811 1743 1864 1787 et
1896 1742 2060 1798 opera

2160 534 2380 577 vestram
2412 518 2649 591 (Ep/res.
2678 535 2730 574 tv
2759 516 2800 591 ).
2839 517 2962 572 litec
3010 519 3132 572 vita:
3177 528 3370 573 nostra:
3411 520 3704 585 gubernatio

2160 613 2356 668 dicitur
2384 611 2682 667 secundum
2727 609 2858 664 illud
2885 651 2900 669 .
2934 607 3131 675 Quibus
3177 625 3279 662 non
3303 617 3376 662 est
3403 610 3697 681 gubernatio,

2159 706 2352 760 cadunt
2390 714 2444 759 ut
2472 703 2623 776 folia.
2678 702 2805 758 Haec
2832 701 3122 757 consilium
3164 701 3463 756 rectissime
3484 703 3706 758 nomina-

2161 807 2270 863 tur,
2300 799 2419 852 sine
2439 811 2550 867 quo
2569 795 2705 850 nihil
2735 807 2898 865 agere
2930 792 3171 857 omnino,
3204 791 3494 860 Scriptura:
3537 803 3706 848 aucto-

2160 890 2336 954 ritate,
2359 887 2721 957 permittitnur
2745 903 2759 942 :
2790 887 2863 941 ita
2892 895 2947 939 ut
2969 898 3038 940 ne
3066 883 3240 953 ipsum
3255 882 3463 952 quidem
3485 884 3708 952 spiritale

2160 983 2372 1047 vinum,
2395 981 2540 1052 quod
2568 980 2806 1036 laetificat
2828 993 2924 1034 cor
2947 977 3184 1032 hominis
3213 973 3398 1048 (Psal.
3428 990 3516 1031 ent
3540 974 3577 1046 ),
3608 977 3713 1034 sine

2162 1076 2330 1146 ipsius
2384 1076 2630 1130 sinamur
2677 1072 3050 1128 moderatione
3099 1071 3396 1139 percipere,
3441 1069 3710 1125 secundum

2163 1167 2297 1223 illud
2332 1184 2346 1222 :
2377 1166 2509 1223 Cum
2533 1166 2749 1221 consilio
2795 1166 2968 1218 omnia
3004 1164 3110 1234 fac,
3160 1177 3278 1215 cum
3324 1161 3528 1215 consilio
3558 1161 3716 1216 uinum

2162 1261 2291 1314 bibe.
2321 1259 2388 1314 Et
2425 1261 2621 1314 iterum
2657 1275 2671 1312 :
2701 1254 2729 1295 ἀ
2759 1257 2909 1313 Sicut
2943 1255 3123 1308 civitas
3161 1255 3321 1306 muris
3366 1255 3535 1306 diruta
3559 1261 3602 1305 et
3625 1267 3717 1306 non

2162 1352 2505 1419 circumdata,
2537 1351 2612 1404 sic
2640 1360 2714 1404 est
2740 1351 2817 1404 uir
2843 1348 2932 1417 qui
2976 1364 3079 1401 non
3124 1362 3240 1399 cum
3293 1344 3501 1398 consilio
3537 1342 3717 1404 aliquid

2165 1447 2272 1517 agit
2303 1447 2321 1512 (
2351 1443 2599 1499 Proverb.
2635 1458 2762 1508 xxv,
2785 1457 2886 1497 sec.
2922 1457 3026 1496 ιιι
3054 1440 3096 1510 ).
3128 1438 3294 1508 Cujus
3324 1437 3546 1508 privatio
3574 1451 3718 1504 quam

2167 1538 2464 1608 perniciosa
2489 1536 2554 1590 sit
2583 1540 2872 1596 monacho,
2903 1531 3198 1586 testimonii
3234 1528 3388 1598 hujus
3439 1528 3720 1597 exemplum

2165 1646 2228 1685 ac
2256 1629 2424 1700 lignra
2445 1627 2705 1684 declarat.
2729 1625 2925 1680 dirutae
2954 1639 3076 1679 eum
3099 1638 3163 1678 ac
3188 1623 3305 1676 sine
3329 1621 3492 1676 muris
3517 1634 3721 1687 compa-

2166 1740 2293 1780 rans
2318 1723 2547 1778 civitati.
2574 1723 2630 1778 lu
2657 1721 2757 1775 hac
2775 1719 3061 1790 sapientia,
3086 1717 3139 1772 in
3166 1717 3265 1771 hac
3292 1716 3590 1771 intellectus
3611 1729 3724 1770 sen-

471 1853 656 1899 ttostra
706 1856 826 1911 qua:
853 1805 938 1894 ἐκ
987 1805 1336 1892 discretionis
1387 1827 1784 1886 deliberatione
1833 1824 2061 1878 descen-
2091 1818 2140 1879 B
2165 1832 2364 1886 susque
2381 1816 2654 1880 consistit,
2672 1814 2791 1868 sine
2807 1812 3000 1880 quibus
3017 1826 3117 1866 nec
3143 1810 3374 1866 interior
3388 1813 3560 1864 n'nstra
3574 1805 3725 1861 aedili-

471 1937 643 2001 dunt,
676 1931 974 2002 majoribus
1003 1936 1355 1999 peccatorum
1391 1920 1639 1978 tenebris
1671 1915 1958 1987 implicari.

473 2096 554 2152 De
577 2109 750 2151 errore
768 2092 944 2151 Saulis
965 2099 1012 2145 et
1027 2013 1466 2157 agitaverint:
1493 2082 1820 2157 discretionis
1844 2077 2060 2145 imperi-

1007 2161 1130 2214 tiam
1166 2155 1284 2213 sunt
1310 2155 1529 2226 decepti.

550 2260 796 2327 Denique
846 2264 872 2292 ει
924 2253 1015 2308 ille
1040 2250 1131 2321 qui
1184 2248 1396 2319 primus
1438 2244 1645 2313 judicio
1684 2240 1780 2296 Dei
1836 2253 2060 2309 regnum

476 2350 661 2422 pOpuli
732 2345 950 2402 lsraelis
1024 2340 1303 2405 emeruit,
1367 2336 1498 2408 quia
1567 2334 1712 2389 hunc
1775 2329 2066 2386 discretio-

472 2445 559 2500 nis
593 2441 814 2498 oculum
851 2448 1192 2506 nequaquam
1228 2429 1440 2494 habuit,
1491 2427 1640 2482 velut
1676 2433 1790 2480 toto
1835 2434 2080 2492 corpore,

474 2536 799 2592 tenebrosus
827 2530 1075 2593 effectus,
1100 2528 1263 2584 etiam
1289 2528 1405 2594 ipse
1433 2522 1680 2591 deiectus
1725 2529 1813 2575 est
1852 2515 2019 2584 regno
2047 2531 2063 2582 ;

471 2631 622 2695 dum,
638 2630 874 2686 lucernae
888 2623 1048 2695 hujus
1061 2621 1301 2677 tenebris
1312 2627 1473 2689 atque
1483 2631 1669 2673 errore
1681 2613 1966 2682 deceptus,
1982 2623 2067 2664 ac-

471 2720 822 2791 ceptabiliora
841 2718 954 2772 Deo
977 2712 1242 2770 sacrificia
1266 2726 1360 2767 sua
1383 2724 1566 2780 quam,
1585 2721 1710 2776 erga
1735 2711 2066 2776 praeceptum

470 2811 744 2869 Samuelis
769 2805 1161 2873 obedientiam,
1193 2802 1427 2858 credidit
1449 2799 1769 2871 iudicanda,
1801 2807 1965 2868 atque
1999 2809 2066 2850 ex

471 2905 563 2961 illa
596 2903 767 2973 magis
798 2913 952 2971 parte
972 2913 1191 2954 causam
1220 2894 1544 2950 offensionis
1575 2892 1828 2956 incurrit,
1861 2906 1929 2945 ex
1963 2903 2069 2958 qua

469 2995 932 3068 repropitiandam
957 2992 1062 3048 sibi
1091 2990 1328 3046 divinam
1355 2996 1674 3059 speraverat
1705 2984 2064 3053 majestatem.

469 3090 666 3160 Hujus,
700 3090 941 3159 inquam,
977 3082 1329 3139 discretionis
1381 3078 1648 3150 ignoratio
1675 3076 1704 3116 δ
1747 3075 1938 3132 Achab
1986 3088 2072 3130 re-

468 3199 591 3255 gem
624 3183 790 3238 Israel
819 3186 943 3250 post
971 3177 1120 3232 illum
1149 3172 1551 3230 sublitnissimte
1579 3169 1826 3226 victoriae
1877 3170 2068 3224 trium-

472 3276 662 3346 phum,
694 3274 784 3344 qui
817 3274 868 3327 ei
894 3273 1071 3326 fuerat
1117 3267 1212 3323 Dei
1243 3268 1432 3322 favore
1469 3278 1788 3331 concessus,
1839 3263 2068 3319 credere

475 3367 736 3438 compulit
772 3364 1052 3420 meliorem
1081 3374 1203 3416 esse
1238 3355 1672 3414 misericordiam
1697 3370 1873 3419 suam,
1903 3368 2065 3425 quam

475 3459 647 3516 divini
670 3456 1075 3514 exsecutionem
1095 3451 1496 3509 severissimum
1515 3449 1772 3521 prazcepti
1792 3456 1866 3513 et,
1881 3463 2070 3518 quem-

475 3551 768 3609 admodum
817 3549 920 3618 ipsi
978 3546 1304 3611 videbatur,
1354 3544 1592 3600 crudelis
1639 3541 1879 3611 imperii.
1951 3541 2066 3608 Qua

475 3644 917 3703 consideratione
940 3641 1200 3707 mollitus,
1233 3637 1362 3692 dum
1411 3637 1616 3692 mavult
1668 3643 1952 3691 cruentam
1987 3633 2067 3688 vi-

475 3737 700 3795 ctoriam
731 3736 1022 3791 clementia
1065 3739 1398 3799 temperare,
1437 3729 1508 3785 ob
1533 3728 1880 3782 indiscretum
1905 3726 2069 3781 mise-

475 3830 767 3887 ricordiam
790 3827 938 3882 velut
967 3832 1082 3880 toto
1106 3837 1342 3893 corpore
1379 3820 1630 3877 redditus
1654 3819 1976 3875 tenebrosus
2000 3817 2073 3872 ir-

475 3921 768 3980 revocabili
801 3929 977 3974 morte
1011 3916 1320 3972 damnatur.

1115 4007 1345 4064 CAPUT
1377 4006 1466 4061 IV.

479 4087 610 4154 Qua:
649 4086 712 4139 de
755 4083 883 4138 bono
931 4081 1253 4134 discretionis
1301 4080 1354 4131 in
1388 4075 1671 4146 Scripturis
1718 4074 1910 4129 sanctis
1935 4074 2069 4144 refe-

1147 4158 1355 4202 rantur.

551 4249 679 4304 Hice
712 4255 794 4302 est
819 4244 1258 4312 discretio,quae
1304 4255 1412 4294 non
1454 4237 1630 4293 solum
1672 4238 1890 4292 lucerna
1939 4252 2064 4290 cur.

475 4342 643 4414 poris,
680 4338 776 4396 sed
806 4338 970 4395 etiam
1007 4347 1030 4375 ε
1057 4335 1139 4390 sol
1165 4334 1236 4388 ab
1265 4329 1527 4403 Apostolo
1559 4337 1924 4398 nuncupatur,
1972 4343 2063 4382 se-

2165 1909 2276 1966 cari
2299 1909 2517 1973 dnmus,
2545 1922 2644 1963 nec
2691 1906 2963 1976 spiritales
2993 1913 3250 1974 poterunt
3295 1901 3494 1958 divitiae
3521 1912 3726 1969 congre-

2163 2002 2299 2074 gari,
2325 1999 2624 2057 secundum
2648 1999 2778 2054 illud
2813 2014 2828 2055 :
2863 2008 2886 2035 ε
2916 1997 3044 2052 Cum
3071 1997 3327 2068 sapientia
3351 1995 3630 2064 aediﬁcatur
3646 1991 3728 2046 do-

2165 2112 2298 2160 mus,
2329 2106 2378 2151 et
2417 2112 2533 2149 cum
2581 2094 2838 2148 intellectu
2878 2095 3060 2146 iterum
3107 2092 3324 2162 erigitur
3374 2107 3394 2157 ;
3439 2104 3549 2143 cum
3591 2101 3726 2142 sensu

2163 2191 2444 2262 implentur
2474 2188 2685 2243 cellaria
2721 2187 2951 2242 omnibus
2991 2186 3183 2240 diuitiis
3233 2184 3465 2255 pretiosis
3509 2190 3555 2237 et
3599 2179 3726 2235 bonis

2167 2281 2457 2353 (Proverb.
2491 2296 2637 2349 XXIV,
2671 2296 2776 2335 sec.
2802 2294 2904 2335 ιιι
2929 2283 2969 2350 ).
3003 2278 3152 2346 Hinc,
3173 2277 3412 2347 inquam,
3440 2283 3521 2330 est
3545 2272 3729 2329 solidus

2166 2375 2344 2444 cibus,
2377 2375 2468 2445 qui
2492 2374 2594 2429 nisi
2625 2389 2656 2430 a
2701 2373 2958 2443 perfectis
2991 2380 3199 2427 tantum
3229 2385 3295 2426 ac
3347 2369 3582 2425 robustis
3608 2364 3730 2421 sumi

2169 2481 2274 2522 non
2303 2467 2531 2532 poterit,
2564 2465 2862 2521 secundum
2889 2464 3016 2519 illud
3047 2482 3061 2516 :
3099 2462 3454 2533 Perfectorum
3483 2472 3642 2515 autem
3667 2467 3734 2513 est

2167 2559 2366 2614 solidus
2396 2559 2556 2625 cibus,
2578 2574 2754 2612 eorum
2779 2557 2867 2627 qui
2903 2572 2996 2626 pro
3032 2556 3402 2610 consuetudine
3455 2553 3734 2609 exercitatos

2170 2653 2359 2706 habent
2379 2669 2560 2707 sensus
2583 2653 2653 2705 ad
2674 2651 3033 2706 discretionem
3067 2649 3187 2703 boni
3210 2666 3272 2703 ac
3309 2649 3433 2702 ntali
3460 2649 3479 2720 (
3507 2645 3628 2702 Heb.
3650 2643 3731 2716 ν).

2169 2745 2302 2812 Quze
2337 2745 2390 2799 in
2425 2753 2630 2798 tantum
2662 2743 2807 2797 utilis
2839 2743 2994 2797 nobis
3042 2757 3104 2798 ac
3161 2741 3471 2798 necesmria
3503 2751 3736 2807 compro-

2172 2835 2348 2901 batur,
2380 2844 2441 2890 ut
2463 2835 2624 2891 etiam
2647 2835 2813 2889 verbo
2840 2834 2933 2890 Dei
2965 2834 3196 2905 ejusque
3226 2832 3519 2888 virtutibus
3540 2837 3738 2899 coaple-

2171 2936 2276 2992 tur,
2309 2927 2606 2983 secundum
2644 2925 2812 2981 illud:
2846 2924 3005 2980 Vivus
3057 2935 3131 2980 est
3175 2927 3315 2979 enim
3363 2922 3463 2978 Dei
3502 2935 3659 2978 sermo
3694 2925 3740 2978 et

2172 3023 2369 3092 eﬂicax,
2410 3031 2457 3075 et
2484 3020 2848 3088 penetrabilior
2875 3019 3013 3074 omni
3043 3019 3221 3090 gladio
3259 3017 3497 3085 ancipiti,
3548 3024 3594 3069 et
3637 3029 3740 3086 per-

2175 3115 2375 3186 tingens
2395 3130 2554 3184 usque
2583 3114 2650 3166 ad
2675 3114 2974 3168 divisionem
2995 3113 3183 3167 animm
3202 3129 3264 3166 ac
3293 3112 3522 3183 spiritus,
3551 3123 3740 3176 compa-

2091 3206 2138 3270 C
2170 3223 2291 3279 gum
2321 3223 2524 3277 quoque
2551 3223 2616 3259 ac
2637 3205 3008 3272 ntedullarum,
3041 3212 3089 3258 et
3115 3205 3373 3258 discretor
3393 3201 3741 3274 cogitationum

2171 3308 2219 3355 et
2243 3300 2593 3352 iutentionum
2633 3297 2845 3364 cordis(
2886 3295 3011 3350 Heb.
3043 3313 3091 3350 tv
3121 3297 3166 3364 ).
3191 3297 3406 3363 Quibus
3432 3291 3742 3349 manilestls-

2171 3389 2309 3445 sime
2331 3387 2658 3453 declaratur,
2689 3387 2888 3442 nullam
2916 3388 3035 3442 sine
3055 3386 3403 3441 discretionis
3430 3384 3594 3456 gratia
3631 3394 3742 3451 per-

2170 3478 2312 3535 fecte
2333 3493 2493 3548 posse
2519 3480 2602 3533 vel
2631 3478 2838 3548 perlici,
2868 3478 2952 3533 vel
2975 3487 3119 3534 stare
3149 3479 3427 3534 virtutem.
3460 3477 3526 3531 Et
3550 3475 3618 3530 ita
3643 3482 3740 3527 tam

2172 3569 2567 3625 beatiAntonii
2597 3584 2760 3640 quam
2815 3569 3189 3624 universorum
3238 3568 3514 3624 sententia
3559 3564 3739 3621 defini-

2175 3674 2288 3721 tum
2315 3673 2418 3730 est,
2449 3664 2836 3718 discretionem
2860 3677 2983 3718 esse
3009 3678 3127 3732 quae
3165 3661 3277 3717 ﬁxo
3306 3661 3476 3733 gradu
3531 3654 3740 3725 intrepi-

2175 3759 2299 3814 dum
2327 3757 2650 3814 monachum
2680 3756 2947 3826 perducat
3000 3757 3070 3811 ad
3116 3755 3309 3821 Deum,
3367 3753 3744 3825 praedictasque

2173 3851 2404 3906 virtutes
2422 3850 2624 3921 jugiter
2651 3856 2940 3905 conservet
2965 3848 3184 3915 illaesos,
3229 3862 3356 3903 cum
3381 3861 3488 3918 qua
3536 3843 3601 3898 ad
3624 3854 3746 3896 con-

2175 3943 2559 3998 summationis
2591 3942 2809 3997 excelsa
2842 3940 3050 4011 fastigia
3095 3940 3310 3994 minore
3341 3937 3513 4009 possit
3569 3932 3743 4001 fatiga-

2180 4035 2326 4091 tione
2375 4034 2704 4100 conscendi,
2747 4043 2803 4090 et
2841 4035 2959 4089 sine
2996 4047 3100 4104 qua
3137 4033 3292 4087 multi
3331 4033 3492 4087 etiam
3530 4039 3749 4099 propen-

2167 4137 2281 4192 sius
2308 4137 2618 4192 laborantes
2638 4176 2654 4203 ,
2683 4135 3028 4206 perfectionis
3069 4133 3416 4204 nequiverint
3444 4130 3648 4187 culmen
3671 4131 3746 4179 at-

2170 4239 2392 4308 tingere.
2427 4237 2677 4292 Omnium
2699 4235 3202 4306 namquevirtutum
3215 4234 3550 4305 generatrix,
3574 4237 3745 4287 custos

2169 4330 2612 4401 moderatrixque
2638 4328 2901 4384 discretio
2936 4336 3039 4385 est.

1545 4451 1804 4508 ALARDI
1842 4447 2075 4507 ΟΑΖᾸΞΙ
2112 4449 2680 4506 COMMENTARIUS.

473 4559 594 4632 plea:
613 4563 826 4632 ,__totum
853 4567 1038 4621 corpus
1069 4559 1211 4632 tuum
1238 4547 1467 4629 lucidum
1497 4546 1595 4630 erit
1617 4589 1640 4628 ,_
1666 4545 1788 4632 quia
1812 4583 1830 4612 ,
1860 4545 1904 4599 si
1930 4553 2065 4597 recte
2095 4544 2142 4602 D
2168 4543 2508 4632 obedientiam
2528 4538 3035 4632 intentnione'rigtutis
3057 4531 3662 4632 colorare‘mpnsttzalur?

470 4616 787 4703 intendimus
803 4640 906 4703 per
927 4616 1315 4703 sempltcitlatem
1343 4617 1666 4703 cogitationis
1682 4659 1694 4676 .
1719 4616 2064 4703 bonumppus

471 4700 526 4768 ef
526 4698 723 4768 ﬁcitur,
746 4685 949 4749 etiamsi
977 4685 1145 4768 minus
1168 4690 1354 4743 bonum
1377 4685 1483 4742 esse
1505 4687 1758 4742 videatur.
1786 4685 1922 4768 lit-si
1943 4701 2063 4738 ocu-

472 4756 554 4823 lus
576 4780 694 4823 tuus
709 4756 934 4835 nequam
964 4763 1153 4833 fuerit,
1178 4768 1716 4835 totumgcorpus‘tuum
1744 4756 2065 4835 tenebrosum

472 4841 604 4904 erit,
634 4839 755 4907 quia
779 4827 893 4889 cum
918 4827 1150 4907 perversa
1175 4833 1455 4907 intentione
1475 4828 1603 4907 quid
1630 4831 1706 4883 rel
1729 4841 1924 4907 rectum
1950 4827 2064 4907 agi:

471 4897 714 4975 tur,'e'tsi
755 4905 1028 4974 splendere
1065 4901 1580 4975 corantltominibus
1625 4901 1870 4975 cernitur,
1917 4897 2060 4975 tt_pttd

472 4968 687 5036 examen
733 4968 900 5030 tamen
942 4974 1134 5029 interni
1164 4972 1362 5044 judicia
1405 4971 1734 5026 obscuratur.
1767 4968 1892 5024 Haec
1922 4968 2056 5024 Gre-

512 5065 681 5108 OI'IUS.

474 5067 729 5178 sese...
754 5117 960 5188 ρτεηηιε
993 5113 1388 5188 aecus
1794 5110 1847 5188 εει
1877 5124 2058 5188 regem

472 5180 768 5248 lsraelitici'
783 5186 988 5258 populi.
1015 5185 1150 5258 Vide
1183 5181 1690 5258 historiamJector,
1725 5181 1866 5236 unde
1887 5180 2064 5258 discas

472 5263 659 5333 quanti
688 5251 1152 5333 apu'dg'Deumusit
1183 5253 1517 5333 obedientia,
1548 5261 1608 5333 με
1633 5266 1752 5333 qtae
1781 5251 2064 5333 sacrificiis

473 5321 530 5386 et
551 5321 884 5387 holocaustis
907 5327 1159 5382 omnibus
1181 5325 1516 5392 praeferatur.
1548 5321 1650 5377 Ubi
1679 5321 1832 5376 divus
1861 5322 2066 5392 Grego-

473 5403 586 5457 rius
617 5403 682 5456 ad
717 5401 858 5455 illam
883 5398 1061 5452 Saulis
1082 5397 1482 5452 excusationem
1513 5404 1919 5446 commentans:
1952 5391 2064 5445 lloc

474 5474 704 5542 quidem,
736 5471 1085 5542 inquinatepe
1116 5469 1168 5520 in
1202 5464 1524 5542 monasteriis
1542 5463 1760 5542 accidit,
1793 5479 1908 5516 cum
1921 5463 2062 5530 quis-

475 5533 575 5611 que
626 5533 828 5595 minus-
851 5533 1122 5609 religiosus
1152 5535 1388 5592 subditus
1409 5533 1776 5611 spiritualium
1822 5536 2065 5611 prtelato-

473 5607 590 5665 rum
619 5613 847 5679 imperiis
895 5607 1120 5682 adjicere
1174 5607 1460 5682 prtcsumit,
1519 5621 1632 5682 cum
1686 5609 1978 5674 regularem
2015 5612 2064 5657 et

475 5675 796 5737 communem
843 5675 998 5734 vitam
1044 5678 1296 5750 despicit,
1349 5675 2062 5750 etpromitesequiturarbi-

480 5755 637 5807 trium
662 5751 937 5805 voluntatis
966 5766 981 5812 ;
1014 5745 1142 5803 dum
1168 5749 1305 5804 enim
1326 5745 1593 5802 meliorare
1615 5747 1770 5800 vitam
1803 5745 2061 5818 eligendo,

474 5841 630 5888 quam
679 5822 957 5877 obediendo
990 5821 1187 5886 nititur,
1211 5819 1335 5888 quid
1365 5818 1511 5872 aliud
1539 5835 1692 5887 quam
1723 5829 1956 5886 apertam
1982 5818 2062 5871 inc

2239 4611 2265 4650 δ
2301 4613 2591 4668 llistoriam
2612 4609 2857 4665 hahcslll
2883 4609 3015 4677 Reg.
3047 4625 3138 4675 xx,
3161 4608 3251 4662 ubi
3275 4607 3603 4677 Achahdum
3629 4614 3746 4655 con-

2169 4693 2248 4738 tra
2282 4684 2375 4739 Dei
2400 4692 2724 4752 praeceptum
2755 4674 3030 4735 communi
3062 4674 3197 4733 hesti
3232 4679 3344 4748 regi
3378 4676 3551 4747 Syriae
3576 4674 3748 4752 inc-utt-

2167 4754 2307 4808 sulta
2339 4743 2747 4810 et'inordiuata
2776 4752 3068 4806 clementia
3117 4743 3384 4818 pepercit,
3424 4743 3747 4818 sententiam

2167 4825 2356 4878 mortis
2386 4841 2484 4890 pro
2512 4839 2580 4878 eo
2609 4825 2817 4889 accepit
2837 4863 2850 4884 .
2911 4811 3170 4892 propheta
3192 4811 3558 4875 denuntiante
3580 4857 3594 4881 ,
3641 4811 3749 4866 Erit

2165 4895 2341 4950 anima
2371 4904 2456 4948 tua
2487 4910 2579 4960 pro
2601 4894 2776 4948 anima
2801 4892 2965 4946 illius.

2239 4977 2260 5005 ε
2290 4965 2380 5021 Stc
2413 4957 2513 5021 iSIe
2539 4966 2704 5019 abbas
2735 4966 2904 5018 solem
2932 4977 3031 5026 pro
3059 4962 3430 5017 discretionis.
3464 4975 3558 5014 seu
3591 4957 3745 5026 ratio:

2167 5035 2253 5091 nis
2281 5037 2484 5091 lumine
2512 5037 2900 5104 interpretatur
2929 5021 2978 5088 in
3001 5035 3108 5088 illis
3133 5035 3310 5088 verbis
3342 5031 3628 5104 Ap_ostoli:
3661 5021 3748 5104 Sol

2167 5123 2268 5162 non
2314 5107 2514 5161 occidat
2564 5093 2712 5170 super
2744 5105 3064 5158 iracundiam
3107 5115 3323 5158 vestram
3351 5105 3370 5169 (
3398 5093 3597 5170 ‘Ephcs.
3627 5114 3674 5153 tv

2166 5165 2703 5244 Quemadmodum'et
2725 5175 3129 5231 Cassianuslib.
3165 5190 3256 5228 vnt
3282 5165 3521 5227 lttstitut.
3548 5186 3664 5244 cap.
3691 5165 3742 5221 9.

2166 5241 2335 5315 Quam
2366 5246 2866 5314 interpretationem
2900 5248 3167 5315 placuisse
3203 5246 3366 5299 etiam
3408 5243 3535 5298 divo
3567 5241 3746 5294 Hiero-

2168 5335 2342 5391 nymo
2363 5321 2561 5374 ibidem
2590 5319 2944 5391 ostendimus.

2241 5389 2267 5426 ά
2301 5390 2525 5458 Vulgata
2557 5389 2726 5444 editio
2753 5406 2765 5441 :
2802 5388 2953 5442 Sicut
2974 5386 3092 5440 urbs
3125 5396 3325 5452 patens,
3356 5393 3406 5458 et
3429 5385 3619 5458 absque
3635 5393 3741 5432 mu-

2168 5477 2346 5514 rorum
2375 5453 2567 5514 ambitu
2595 5477 2612 5524 ,'
2642 5460 2716 5514 ita
2746 5461 2820 5512 uir
2844 5459 2931 5523 qui
2955 5475 3054 5510 non
3085 5465 3248 5526 potest
3285 5458 3338 5508 in
3383 5453 3638 5525 loquendo
3667 5461 3747 5500 co-

2168 5530 2339 5603 hibere
2357 5532 2597 5603 spiritum
2625 5527 3084 5603 suum_(P_rorerb.
3117 5542 3221 5603 ttxv
3251 5529 3287 5603 ).

2243 5613 2266 5641 θ
2295 5592 2500 5658 Teitus
2531 5603 2674 5670 vulg.
2711 5621 2722 5654 :
2756 5592 3028 5670 sapientia
3055 5592 3402 5670 wdiﬁcabitur
3454 5594 3639 5648 domus
3662 5592 3749 5670 ἱ,εἰ

2167 5674 2443 5743 prudentia
2466 5658 2809 5727 robordbitur.
2835 5658 2911 5723 Ἰη
2943 5658 3178 5724 doctrina
3228 5667 3567 5743 replobttntur
3606 5658 3749 5743 cella-

2167 5735 2246 5798 ria
2290 5761 2308 5800 ε
2364 5746 2600 5799 universa
2658 5743 2944 5798 substantia
3005 5743 3229 5810 pretiosa
3285 5735 3348 5793 ’σε
3408 5735 3746 5808 pulcherrima

2165 5813 2432 5882 (Prouerb.
2461 5815 2639 5879 xxw).
