3966 6326
841 471 1067 529 CAPUT
1116 473 1178 527 ν.

638 563 720 620 De
741 574 901 619 morte
933 564 1152 621 Heronis
1176 567 1329 621 senis.

313 679 374 733 Et
406 688 463 734 ιιι
485 679 627 735 hanc
655 679 905 736 eamdem
936 681 1309 736 definitionem
1359 681 1661 752 antiquitus
1701 698 1731 737 a
1764 683 1824 740 S.

240 771 471 827 Antonio
512 783 569 828 et
614 775 830 829 caeteris
863 774 1109 829 Patribus
1152 773 1539 845 promulgatam
1566 816 1581 840 ,
1638 789 1828 830 recens

240 881 473 936 quoque,
507 866 647 921 sicut
676 866 1046 938 promisimus,
1072 868 1357 921 conﬁrmet
1386 867 1713 936 exemplum,
1742 882 1828 921 re-

238 957 398 1013 colite
426 959 480 1012 id
505 959 649 1027 quod
678 974 850 1029 nuper
869 967 1081 1029 gestum
1111 956 1393 1012 oculorum
1412 964 1720 1012 vestrorum
1747 959 1827 1013 vi-

234 1050 384 1104 distis
403 1049 711 1115 obtutibus,
730 1059 755 1087 ·
776 1066 961 1106 senem
989 1049 1235 1104 videlicet
1252 1048 1520 1103 Heronem
1546 1058 1671 1102 ante
1696 1063 1826 1118 pau-

236 1158 322 1198 eos
345 1144 640 1199 admodum
666 1144 783 1200 dies
807 1144 1057 1198 illusione
1084 1142 1354 1198 diabolica
1390 1156 1420 1195 a
1473 1143 1702 1197 summis
1752 1141 1823 1198 ad

238 1234 339 1289 ima
370 1236 670 1304 dejectum,
704 1251 862 1305 quem
890 1234 1278 1306 quinquaginta
1315 1234 1471 1290 annis
1495 1235 1548 1288 in
1580 1235 1679 1289 hac
1703 1249 1825 1290 ere-

236 1344 319 1383 mo
340 1339 763 1393 commoratum,
783 1328 1045 1398 singulari
1067 1328 1409 1383 districtione
1436 1328 1667 1399 rigorem
1691 1343 1823 1382 con-

234 1421 472 1476 tinentia:
505 1423 746 1477 tenuisse
768 1422 1141 1488 meminimus,
1183 1430 1238 1477 et
1266 1422 1576 1477 solitudinis
1606 1434 1818 1477 secreta

234 1516 364 1571 ultra
391 1531 584 1571 omnes
612 1516 698 1571 hic
718 1526 1121 1572 commorantes
1140 1517 1281 1571 miro
1303 1517 1514 1571 fervore
1531 1525 1816 1573 sectatum.

231 1609 324 1665 Bic
354 1610 538 1681 igitur,
570 1626 679 1681 quo
703 1621 877 1679 pacto,
923 1626 1097 1681 quave
1121 1610 1331 1665 ratione
1363 1621 1482 1679 post
1516 1619 1696 1664 tantos
1735 1610 1818 1663 la-

232 1704 383 1760 bores
423 1704 493 1759 ab
527 1704 845 1759 insidiatore
883 1704 1105 1759 delusus
1127 1744 1141 1767 .
1175 1702 1501 1773 gravissimo
1555 1717 1820 1758 corruens

232 1795 402 1861 lapsu,
433 1806 667 1851 cunctos
709 1796 762 1850 in
794 1800 897 1851 hac
931 1809 1119 1851 eremo
1152 1797 1513 1859 constitutos,
1563 1794 1815 1849 luctuoso

1300 355 1649 419 COLLATIO
1687 362 1750 418 ll.
1786 394 1851 404 --
1883 364 1965 421 DE
2008 365 2476 425 DISCRETIONE.

1861 482 1915 542 Α
1941 479 2113 548 potuit
2141 483 2418 551 aggregari
2440 525 2454 547 ,
2490 498 2557 539 ne
2580 485 3131 558 quantulumcumque
3166 486 3524 558 perceptione

3420 377 3523 436 630

1933 569 2221 641 leguminis
2246 575 2420 643 parvi,
2450 590 2479 629 a
2502 589 2603 631 suo
2623 576 2905 635 videretur
2931 579 3212 650 proposito
3225 580 3521 638 relaxasse.

1931 659 2047 728 Qua
2073 664 2493 733 praesumptione
2513 665 2793 738 deceptus,
2850 671 3101 739 angelum
3132 670 3347 728 Satanae
3376 675 3525 731 velut

1930 752 2179 822 angelum
2214 755 2350 811 lucis
2380 771 2502 811 cum
2538 772 2749 814 summa
2785 762 3140 818 veneratione
3169 765 3475 835 suscipiens
3504 807 3519 831 ,

1930 842 2158 915 ejusque
2197 849 2484 916 praceptis
2514 864 2688 918 prono
2718 852 2979 909 obediens
3009 853 3294 921 famulatu,
3326 871 3524 914 semet-

1929 936 2104 1006 ipsum
2134 939 2187 992 in
2213 949 2458 1008 puteum,
2477 942 2631 1010 cujus
2658 943 3079 1012 profunditatem
3107 948 3390 1004 oculorum
3412 966 3522 1005 non

1929 1028 2146 1098 attingit
2167 1031 2412 1098 intuitus,
2443 1034 2779 1104 prmeipitem
2805 1036 2987 1105 dedit,
3017 1037 3084 1093 de
3110 1040 3293 1108 angeli
3328 1042 3522 1097 videli-

1927 1130 2013 1175 cet
2033 1122 2115 1175 sui
2137 1122 2431 1191 sponsione
2453 1139 2559 1179 non
2591 1124 2867 1196 dubitans,
2892 1129 2985 1199 qui
3009 1144 3129 1183 eum
3184 1146 3285 1201 pro
3316 1134 3516 1189 merito

1928 1214 2186 1269 virtutum
2217 1230 2282 1270 ac
2312 1215 2558 1273 laborum
2591 1233 2814 1277 suorum
2856 1238 3196 1293 nequaquam
3231 1240 3394 1293 posse
3424 1227 3520 1283 ﬁr-

1926 1315 2171 1361 maverat
2230 1307 2326 1363 ulli
2375 1309 2488 1379 jam
2540 1310 2842 1368 discrimini
2894 1315 3198 1384 subjacere.
3220 1317 3387 1387 Cujus
3436 1320 3519 1378 rei

1925 1398 2110 1465 ﬁdem,
2153 1411 2211 1455 ut
2231 1402 2613 1474 experimento
2645 1420 2760 1460 sua:
2797 1406 3081 1477 sospitatis
3104 1408 3518 1469 evidentissima

1923 1494 2324 1563 comprobaret,
2349 1496 2661 1567 supradicto
2700 1513 2760 1555 se
2788 1510 2951 1569 puteo
2983 1511 3141 1558 nocte
3186 1502 3517 1573 intempesta

1924 1584 2111 1642 illusus
2138 1586 2343 1656 injecit,
2374 1604 2626 1659 magnum
2641 1591 2853 1648 scilicet
2874 1592 3098 1649 virtutis
3117 1608 3230 1649 sua:
3257 1594 3513 1650 meritum

1926 1676 2268 1746 probaturus,
2295 1694 2418 1733 cum
2443 1679 2567 1736 inde
2587 1682 2791 1737 exisset
2810 1682 3034 1739 illusus.
3058 1683 3133 1738 De
3158 1700 3286 1755 quo,
3311 1684 3516 1755 ingenti

1922 1769 2146 1825 fratrum
2166 1770 2347 1828 labore
2372 1787 2491 1827 cum
2518 1788 2656 1842 pene
2674 1774 2784 1843 jam
2804 1776 3095 1845 exsanguis
3119 1776 3310 1832 fuisset
3333 1788 3512 1834 extra;

230 1887 413 1942 dolore
439 1888 722 1957 perculit?
752 1886 941 1941 Nonne
962 1889 1087 1955 quia
1128 1888 1303 1941 minus
1324 1886 1673 1941 discretionis
1704 1887 1812 1940 virc

1924 1874 2059 1932 ctus,
2087 1865 2250 1920 vitam
2278 1865 2366 1922 die
2384 1866 2542 1921 tertia
2568 1867 2841 1934 finiturus,
2869 1868 3011 1937 quod
3038 1868 3124 1924 his
3140 1869 3380 1926 deterius
3402 1880 3511 1939 est,

232 1989 337 2035 tute
360 1996 638 2050 possessa,
667 1982 781 2036 suis
806 1979 1209 2036 definitionibus
1257 1982 1391 2051 regi,
1425 1996 1585 2051 quam
1628 1980 1818 2035 consi-

230 2074 313 2129 liis
336 2078 418 2129 vel
440 2076 831 2130 collationibus
852 2074 1105 2139 fratrum,
1151 2082 1313 2144 atque
1343 2072 1612 2128 institutis
1648 2076 1815 2141 majo-

234 2185 368 2227 rum.
394 2169 584 2223 maluit
613 2169 882 2223 obedire?
912 2167 1191 2239 Siquidem
1220 2176 1367 2221 tanto
1399 2167 1582 2235 rigore
1623 2166 1819 2220 immu-

231 2259 443 2315 tabilem
462 2259 659 2329 jejunii
689 2260 1077 2315 continentiam
1110 2274 1326 2329 semper
1346 2260 1627 2325 exercuit,
1651 2268 1705 2313 et
1728 2274 1818 2312 so-

230 2349 475 2406 litudinis
513 2351 774 2420 cellaeque
799 2351 873 2407 ita
892 2351 1096 2422 jugiter
1125 2362 1338 2407 secreta
1362 2361 1597 2407 sectatus
1621 2362 1726 2419 est,
1761 2361 1817 2407 ut

228 2444 299 2497 ab
326 2459 393 2498 eo
416 2444 884 2513 participationem
916 2444 1136 2499 ineundi
1156 2459 1279 2500 cum
1306 2447 1647 2500 fraternitate
1678 2459 1816 2499 con-

229 2536 375 2603 vivii,
407 2550 509 2592 nec
536 2538 815 2593 veneratio
861 2538 1075 2608 quidem
1106 2539 1213 2593 diei
1243 2538 1470 2609 pascalis
1519 2538 1816 2610 aliquando

230 2628 465 2697 potuerit
485 2630 756 2686 obtinere.
782 2629 839 2685 In
868 2647 967 2700 qua
997 2630 1255 2686 fratribus
1278 2632 1493 2686 cunctis
1522 2648 1620 2702 pro
1654 2632 1812 2686 anni-

228 2722 468 2779 versaria
488 2723 837 2780 solemnitate
865 2722 917 2778 in
942 2722 1181 2779 Ecclesia
1204 2725 1512 2793 retentatis,
1530 2724 1679 2779 solus
1706 2739 1812 2781 non

1920 1956 1993 2011 ita
2025 1959 2076 2009 in
2101 1956 2440 2026 deceptionis
2471 1972 2584 2013 suae
2614 1959 2984 2014 obstinatione
3036 1964 3357 2030 permansit,
3381 1970 3440 2017 ut
3462 1962 3516 2018 ei

1923 2063 1992 2103 ne
2023 2050 2405 2118 experimento
2435 2049 2653 2119 quidem
2688 2052 2877 2105 mortis
2900 2066 3017 2106 suae
3035 2054 3273 2120 potuerit
3294 2067 3516 2124 persua-

1923 2139 2075 2208 deri,
2122 2140 2264 2210 qnod
2309 2140 2501 2197 fuisset
2544 2144 2852 2199 daemonum
2895 2144 3198 2202 calliditate
3265 2146 3512 2203 delusus.

1922 2231 2283 2300 Quamobrem
2352 2247 2448 2302 pro
2529 2235 2739 2291 meritis
2797 2236 3039 2291 laborum
3120 2247 3393 2293 tantorum
3464 2248 3516 2295 et

1924 2338 2187 2379 annorum
2230 2327 2654 2393 numerositate,
2710 2343 2812 2398 qua
2861 2331 2912 2383 in
2960 2344 3144 2384 eremo
3178 2332 3515 2401 perduravit,

1923 2415 2025 2472 hac
2104 2418 2450 2475 miseratione
2516 2428 2572 2474 et
2624 2421 2929 2478 humilitate
3001 2438 3257 2491 summa,
3310 2425 3378 2479 ab
3428 2425 3513 2480 his

1920 2521 2012 2590 qui
2068 2522 2185 2590 ejus
2257 2522 2723 2593 compatiebantur
2772 2523 2985 2590 exitio,
3040 2525 3129 2579 vix
3190 2540 3220 2579 a
3289 2525 3512 2596 presby-

1922 2631 2040 2677 tero
2091 2621 2285 2680 abbate
2327 2622 2355 2661 δ
2391 2622 2693 2694 Paphnutio
2746 2626 2923 2695 p0tuit
2973 2626 3240 2693 obtineri,
3296 2637 3353 2682 ut
3403 2640 3511 2683 non

1921 2725 2062 2781 inter
2116 2737 2137 2765 ε
2184 2726 2529 2784 biothanatos
2582 2738 2897 2800 reputatus,
2952 2729 3114 2784 etiam
3174 2728 3200 2765 ιι
3253 2712 3511 2786 memoria

1299 2858 1555 2916 ALARDI
1593 2858 1828 2917 (ἓΑΖιΕΙ
1866 2859 2431 2922 COMMENTARIUS.

301 2961 331 2989 ³
360 2952 620 3025 Μειιιοιυειι
638 2950 909 3025 Palladius
936 2951 956 3025 (
981 2951 1195 3007 Lausia.
1210 2951 1312 3025 732)
1335 2953 1606 3009 Heronem
1629 2970 1822 3025 quem-

225 3023 358 3079 dam
386 3024 710 3079 monachum
741 3024 841 3078 sibi
871 3023 1080 3085 notum,
1131 3024 1218 3093 qui
1251 3034 1372 3091 post
1404 3040 1627 3091 magnos
1649 3023 1810 3081 labo-

226 3110 323 3150 res
348 3106 401 3150 et
431 3097 723 3164 praeclaros
752 3095 1003 3160 sudores,
1038 3104 1096 3151 ut
1116 3095 1235 3162 ipse
1273 3095 1533 3163 loquitur.
1566 3096 1635 3151 ab
1663 3113 1821 3154 arro-

224 3168 411 3237 gantia
443 3176 692 3235 arreptus
735 3178 788 3221 et
813 3166 1077 3231 elatione,‘
1113 3167 1485 3234 praecipitavit.
1522 3166 1723 3222 Verum
1751 3184 1818 3237 an

226 3238 328 3293 ille
357 3238 495 3311 idem
526 3240 595 3292 sit
623 3252 744 3311 cum
793 3238 897 3311 hoc
930 3238 1167 3311 Heroue,
1190 3308 1201 3311 Α
1223 3237 1291 3311 tle
1333 3254 1440 3305 quo
1472 3237 1559 3293 hic
1616 3240 1814 3311 agitur,

226 3324 340 3363 non
363 3310 494 3363 satis
529 3310 779 3375 expedio.
813 3309 943 3363 Nam
989 3310 1079 3362 ille
1112 3308 1331 3378 quidem
1366 3311 1583 3379 ingenio
1612 3308 1676 3365 et
1698 3327 1817 3364 mo-

228 3379 407 3443 ribus,
437 3391 489 3434 et
512 3380 637 3433 vitte
666 3381 828 3435 etiam
861 3381 1177 3435 austeritate
1206 3380 1329 3432 huic
1366 3396 1472 3434 non
1528 3382 1815 3437 dissimilis

227 3450 405 3505 fuisse
428 3450 683 3517 videtur;
729 3460 784 3504 at
821 3452 926 3505 line
958 3465 1062 3504 non
1099 3454 1249 3505 item.
1285 3450 1399 3522 Non
1440 3452 1585 3505 enim
1636 3453 1689 3507 in
1720 3468 1819 3522 pu-

231 3530 380 3576 teum
411 3539 471 3577 se
515 3522 803 3592 dejecisse,
858 3522 953 3575 sed
980 3536 1045 3576 es
1077 3522 1226 3591 gravi
1280 3521 1592 3578 infirmitate
1624 3538 1822 3579 conva.

228 3592 428 3659 luisse,
452 3608 510 3648 ac
540 3595 877 3663 postmodum
899 3604 1018 3661 post
1043 3600 1387 3663 peccatorum
1417 3594 1819 3650 confessionem

228 3664 600 3720 obdormiisse
632 3665 967 3732 perhibetur.

302 3734 332 3773 δ
368 3737 450 3788 De
493 3738 679 3790 eodem
716 3734 1007 3790 Cassianus
1056 3735 1153 3790 lib.
1196 3751 1230 3790 v
1269 3734 1402 3791 Inst.
1452 3751 1573 3805 cap.
1599 3737 1668 3792 ιο
1698 3778 1713 3803 ,
1767 3746 1824 3793 et

229 3820 433 3860 rursus
459 3808 643 3861 collat.
669 3809 722 3868 5.
752 3821 871 3873 quae
900 3814 956 3860 ct
986 3806 1087 3874 ipsi
1137 3807 1462 3863 adscribitur
1489 3850 1503 3873 ,
1532 3820 1586 3863 et
1634 3809 1817 3862 collat.

232 3878 301 3931 18
330 3892 461 3943 eap.
493 3877 584 3941 i5,
618 3877 707 3931 ubi
735 3880 851 3943 ejus
909 3878 1221 3944 patientiam
1278 3880 1576 3934 mirabilem
1630 3879 1816 3936 refert.

231 3945 513 4001 Palladius
543 3950 594 4002 in
620 3949 937 4020 Lausiacis(
969 3947 1087 4003 Sec.
1122 3949 1213 4013 57,
1243 3951 1336 4011 38.
1364 3951 1431 4004 78
1459 3958 1496 4020 ),
1552 3950 1818 4017 Nicepho-

231 4034 328 4073 rus
354 4020 457 4092 lib.
487 4034 535 4073 is
567 4034 685 4083 cap.
715 4022 802 4084 14,
834 4020 1016 4074 etalii.
1050 4020 1337 4092 Presbyter
1376 4030 1557 4076 autem
1586 4031 1637 4075 et
1656 4021 1821 4077 abbas

232 4090 446 4157 passim
476 4093 797 4154 nominatur,
829 4106 897 4145 ne
926 4093 1045 4160 quis
1068 4090 1231 4160 putet
1250 4093 1391 4145 hunc
1419 4106 1542 4147 esse
1573 4092 1822 4155 Paphnu-

234 4162 379 4233 tiutn
405 4161 551 4233 illum
582 4162 880 4232 superioris
904 4161 1196 4216 Thebaidis
1227 4165 1538 4233 episcopum
1563 4166 1616 4217 in
1643 4163 1823 4218 llistn-

232 4232 310 4285 ria
339 4232 722 4306 ‘lflcclesiastica
748 4232 1190 4306 celeberritnntlt,
1215 4232 1301 4300 qui
1329 4232 1575 4289 Cassiani
1604 4245 1815 4306 tempo-

230 4317 291 4356 ra
319 4302 419 4356 diu
453 4303 770 4365 antecessit,
800 4312 856 4357 ut
885 4304 1019 4358 alias
1064 4306 1389 4359 notavimus.

310 4383 334 4411 ε
356 4373 696 4447 ΔΒὶοιιιιιιδιί,
725 4375 933 4447 utalias
955 4379 1263 4430 monuimus
1289 4375 1432 4441 (Lib.
1459 4390 1529 4431 vn
1547 4374 1680 4430 Inst.
1698 4392 1815 4447 cap.

232 4458 326 4497 xrv
354 4442 403 4514 ),
458 4444 583 4499 olim
632 4461 660 4497 a
690 4446 977 4515 gentilibus
1012 4461 1106 4515 per
1129 4447 1509 4501 Contumeliam
1540 4447 1666 4501 dicti
1697 4442 1822 4503 sunt

232 4528 529 4586 martyres.
560 4515 684 4586 quia
715 4518 951 4571 violenta
988 4530 1161 4571 morte
1212 4519 1410 4581 necati,
1445 4520 1525 4571 vel
1569 4520 1815 4573 necandi.

232 4584 304 4638 At
325 4584 476 4658 inter
497 4584 833 4641 Christianos
857 4588 1154 4642 biothanati
1178 4592 1395 4657 pr0prie
1414 4589 1644 4657 reputati
1667 4599 1815 4658 sunt,

229 4658 327 4724 qui
357 4655 467 4709 sibi
495 4672 723 4713 mortem
764 4662 903 4712 ultro
961 4655 1380 4721 conscivissent.
1424 4655 1517 4714 aut
1556 4655 1821 4714 violentas

1926 2956 2051 3031 inde
2082 2972 2113 3031 a
2148 2958 2338 3031 primis
2367 2958 2627 3015 Ecclesia!
2651 2962 2987 3031 temporibus
3018 2978 3113 3031 pro
3130 2964 3398 3020 defunctis
3419 2979 3511 3019 ex—

1927 3029 2101 3105 hiberi
2125 3029 2306 3095 solita,
2332 3045 2531 3105 nempe
2554 3029 2785 3105 oblatio,
2814 3033 2928 3087 sive
2956 3029 3284 3090 sacrificium
3313 3051 3409 3105 pro
3432 3039 3511 3091 eis

1922 3100 2190 3166 oblatum,
2212 3108 2267 3154 et
2297 3103 2578 3165 memoria,
2611 3104 2727 3158 sive
2754 3107 3202 3159 commemoratio
3233 3100 3419 3161 eorum
3453 3107 3508 3162 in

1923 3171 2213 3243 sacriﬁcio.
2248 3170 2327 3225 De
2356 3182 2589 3243 utroque
2636 3174 2701 3227 ad
2739 3175 2883 3231 hunc
2926 3176 3103 3231 locum
3136 3178 3510 3235 illustrandum

1918 3240 2121 3317 juverit
2153 3243 2240 3317 hic
2274 3240 2529 3317 nonnulla
2562 3246 2904 3317 antiquitatis
2945 3249 3249 3303 testimonia
3283 3260 3511 3303 annota-

1925 3328 2004 3385 re.
2037 3313 2115 3385 Ac
2143 3315 2213 3368 de
2241 3314 2511 3368 sacriﬁcio
2533 3313 2750 3385 quidem
2788 3320 2837 3369 in
2870 3318 3055 3384 primis
3112 3320 3509 3376 observandum

1926 3384 2272 3456 illuchertis
2319 3399 2383 3439 ac
2403 3386 2556 3440 statis
2613 3388 2804 3441 diebus
2833 3390 3171 3456 potissimum
3215 3390 3397 3444 offerri
3423 3405 3508 3444 so-

1926 3454 2059 3529 lere.
2088 3454 2325 3509 Primum
2365 3456 2539 3529 indie
2570 3458 2771 3529 obitus,
2811 3454 2904 3512 aut
2944 3461 3255 3526 sepultum,
3307 3460 3374 3514 de
3401 3476 3507 3529 quo

1925 3525 2086 3600 etiam
2117 3529 2389 3600 prmcipue
2434 3526 2520 3600 hic
2552 3527 2762 3600 agitur;
2796 3530 2939 3588 quod
2974 3525 3038 3584 ex
3072 3532 3368 3600 apostolica
3396 3525 3506 3585 tra-

1924 3595 2131 3650 ditione
2156 3599 2412 3652 manavit.
2442 3595 2670 3653 Nam’D.
2713 3598 2964 3654 Clemens
3018 3595 3178 3665 epist.
3215 3610 3233 3653 ι
3277 3610 3505 3655 testatur

1924 3667 2230 3734 apo~tolutn
2285 3668 2498 3722 Petrum
2533 3671 2853 3735 pracepisse
2881 3682 2933 3724 ut
2972 3671 3315 3725 celebrentur
3344 3686 3502 3725 exse-

1924 3737 2064 3810 quiae
2093 3748 2425 3792 mortuorum
2478 3737 2694 3810 hymnis
2717 3781 2731 3802 ,
2765 3741 3019 3808 precibus
3057 3751 3112 3795 et
3152 3742 3498 3810 lectionibus,

1927 3808 2178 3882 [denique
2208 3810 2493 3882 confirmat
2520 3808 2585 3863 Β.
2615 3809 2903 3882 Dionysius
2932 3815 3255 3882 Areopagita
3287 3808 3498 3867 Eccles.

1926 3877 2204 3951 Hierarcb.
2238 3894 2359 3951 cap.
2379 3880 2433 3933 7.
2468 3882 2599 3934 lliuc
2637 3882 2698 3935 Ι).
2730 3877 3034 3951 Cyprianus
3050 3877 3209 3951 epist.
3238 3882 3308 3938 60
3338 3888 3503 3939 refert

1926 3950 1980 4025 in
2002 3953 2233 4025 concilio
2256 3949 2668 4025 Carthaginensi
2698 3949 2958 4025 stu—tutum
2991 3949 3159 4008 fuisse
3177 3993 3193 4019 ,
3225 3964 3279 4007 ut
3307 3955 3350 4009 si
3378 3956 3501 4025 quis

1925 4024 2127 4093 frater(
2159 4023 2211 4077 id
2240 4022 2726 4095 est_Cltristianus)
2771 4022 3014 4078 clericum
3057 4035 3276 4080 tutorem
3327 4022 3485 4079 nomi-

1923 4091 2239 4168 nosset,_nec
2267 4091 2537 4168 offerretur
2561 4110 2654 4165 pro
2671 4091 2760 4168 eo,
2786 4111 2879 4149 nec
2908 4096 3221 4168 sacriﬁcium
3268 4113 3360 4163 pro
3389 4100 3504 4168 ejus

1923 4162 2235 4237 dormitione
2261 4162 2624 4237 celebraretur.
2668 4165 2731 4220 D.
2773 4162 3105 4237 Augustinus
3154 4162 3329 4222 ιιι›.⁷ιχ
3361 4162 3504 4223 Con-

1923 4236 2202 4306 fess._cap.
2234 4236 2291 4289 ll
2326 4236 2396 4289 de
2424 4240 2611 4292 funere
2640 4236 2829 4291 matris
2859 4236 2972 4292 Sua:
2997 4240 3054 4291 S.
3082 4239 3302 4293 Mollicre
3334 4253 3501 4306 agens

1922 4306 2029 4361 ait:
2056 4303 2120 4359 In
2148 4303 2217 4359 eis
2241 4307 2499 4373 precibus,
2528 4324 2656 4379 quas
2681 4308 2770 4362 tibi
2799 4310 3054 4378 fudimus,
3081 4326 3196 4362 cum
3225 4303 3498 4375 o/l‘rrretur

1924 4393 2103 4451 proca
2123 4379 2436 4451 sacri/icium
2464 4379 2613 4447 pretii
2634 4381 2819 4451 nostri,
2840 4382 2973 4451 jam"
3003 4384 3164 4451 juxta
3207 4382 3499 4450 sepulcrum

1922 4448 2091 4515 posito
2138 4450 2389 4503 cadavere
2413 4490 2427 4514 ,
2473 4460 2581 4503 etc.
2624 4448 2873 4505 Secundo
2898 4448 3083 4504 oﬂ'ei‘ri
3119 4448 3271 4503 solet
3289 4451 3495 4505 sacrifi-

1922 4519 2085 4584 cium,
2110 4529 2163 4572 et
2190 4535 2381 4587 preces
2406 4534 2504 4585 pro
2534 4518 2801 4573 defunctis
2848 4521 2996 4573 fttndi
3030 4522 3083 4574 in
3113 4520 3200 4574 die
3246 4522 3499 4576 anniver-

1922 4590 2099 4643 Suria:
2132 4590 2273 4644 unde
2302 4589 2795 4643 anniversariorum
2841 4603 2971 4643 usus
3010 4591 3061 4643 in
3116 4590 3355 4645 Ecclesia
3408 4605 3498 4646 re-

1923 4671 2129 4743 ceptus.
2160 4660 2521 4743 Tertullianus
2547 4660 2638 4713 lib.
2663 4658 2737 4743 de
2757 4658 2967 4743 Corona
2994 4660 3175 4743 Militis
3200 4659 3353 4743 (ϐίῳἶ
3382 4661 3438 4730 3)
3476 4679 3490 4715 :

232 4740 447 4809 manus
468 4728 798 4809 intulissent,
824 4745 1053 4809 quorum
1087 4730 1401 4809 memoriam
1428 4733 1478 4785 in
1506 4731 1683 4809 sacris
1709 4732 1815 4809 agi,
1849 4748 1900 4809 Ι)
1926 4729 2467 4809 leationes,_inquit,
2502 4746 2595 4809 pro
2641 4730 2894 4809 defunctis
2921 4746 3093 4809 annua
3121 4728 3217 4784 die
3252 4728 3491 4809 facimus.

232 4807 327 4851 aut
354 4797 660 4853 oblationes
692 4815 786 4869 pro
806 4800 884 4854 eis
913 4800 1048 4867 ﬁeri,
1077 4811 1318 4856 veterum
1350 4801 1566 4856 Patrum
1608 4797 1822 4856 institu-

232 4878 314 4939 to,
349 4878 411 4923 et
440 4871 802 4925 ecclesiastica
836 4872 1141 4939 disciplina.
1183 4876 1408 4925 vetitum
1434 4874 1615 4938 luisse,
1645 4873 1728 4927 vel
1752 4889 1816 4927 ex

232 4938 343 4992 hoc
380 4943 500 4993 loco
527 4940 804 4995 discimus.
837 4942 948 5009 Qua
966 4938 1034 4997 de
1066 4959 1124 4997 re
1145 4944 1307 4997 etiam
1338 4952 1552 4997 exstant
1582 4959 1818 4999 canones

232 5010 615 5075 ecclesiastici,
639 5012 831 5080 quibus
855 5013 930 5066 illi
954 5018 1210 5068 memoria
1233 5022 1288 5067 et
1308 5014 1583 5069 oblatione
1611 5030 1706 5078 pro
1724 5016 1818 5069 de-

234 5080 447 5134 functis
501 5082 616 5135 fieri
671 5083 827 5136 solita
871 5084 1178 5152 indit-antur
1210 5085 1433 5150 indigni.
1476 5085 1568 5139 Sic
1594 5088 1738 5138 enim
1764 5086 1815 5139 in

232 5152 886 5226 costsllioBraclt.trensit
921 5170 1038 5223 cap.
1064 5156 1133 5209 1'4
1158 5156 1344 5225 (Apud
1375 5155 1611 5210 Gratian.
1645 5156 1740 5223 23,
1764 5173 1816 5226 q.

233 5222 296 5279 5.
333 5239 387 5296 c,
427 5221 627 5276 Placuit
653 5225 692 5291 ).
731 5222 937 5277 Placuit
960 5221 1010 5279 ut
1038 5226 1123 5291 qui
1150 5221 1244 5279 sibi
1271 5228 1395 5296 ipsis
1420 5229 1705 5280 voluntarie
1725 5221 1819 5280 aut

234 5308 326 5358 per
356 5293 570 5360 (errant,
592 5303 687 5367 aut
715 5312 804 5365 per
822 5311 1088 5365 venenum,
1112 5308 1197 5349 aut
1225 5293 1314 5365 per
1341 5299 1702 5367 prwcipitium,
1730 5306 1819 5351 aut

232 5378 326 5431 ρετ
355 5366 713 5433 suspendium,
741 5368 815 5418 rel
841 5369 1063 5435 quolibet
1098 5371 1249 5420 modo
1278 5367 1551 5438 violentam
1589 5371 1817 5438 inferunt

234 5443 475 5508 mortem,
505 5438 649 5488 nulla
671 5452 877 5508 prorsus
894 5454 985 5508 pro
1012 5439 1115 5491 illis
1147 5441 1196 5491 in
1225 5437 1481 5491 oblatione
1509 5437 1815 5494 commento.

235 5514 371 5579 rato
400 5504 513 5573 ﬁat,
538 5504 700 5575 neque
719 5524 831 5560 cum
856 5504 1068 5579 psalmis
1097 5510 1165 5560 ad
1191 5510 1504 5579 sepulturam
1539 5526 1714 5562 eorum
1734 5528 1818 5563 ca-

233 5574 433 5627 davera
446 5574 792 5633 deducantur.
814 5574 875 5634 Et
896 5582 1125 5634 concilio
1143 5574 1486 5634 Aurelianen.
1508 5594 1541 5632 tt
1566 5594 1685 5643 cap.
1716 5581 1773 5635 14
1802 5599 1813 5633 :

238 5646 569 5721 {)blationem
590 5650 965 5721 defunctorum,
986 5651 1076 5717 qui
1101 5652 1152 5703 in
1176 5652 1350 5721 aliqua
1372 5653 1584 5704 crimine
1608 5653 1818 5721 fuerunt

233 5716 550 5794 interempti,
583 5719 739 5789 recipi
768 5721 943 5775 debere
989 5716 1290 5786 censemus,
1330 5724 1371 5774 si
1400 5716 1692 5794 tamennon
1720 5724 1818 5794 ipsi

232 5788 339 5863 sibi
386 5788 599 5863 inertem
623 5788 898 5859 probentur
945 5793 1165 5863 praprtis
1192 5794 1425 5846 manibus
1454 5791 1705 5855 intulisse.

313 5856 345 5896 ἀ
385 5857 497 5914 Duo
518 5856 810 5921 tanguntur
840 5856 1169 5925 hic'aniiqui
1228 5864 1381 5926 ritus,
1412 5872 1466 5916 ιιι
1493 5865 1663 5917 υΠὶιιίτι
1705 5865 1813 5927 iam

1928 4800 1997 4855 Et
2022 4801 2111 4853 lib.
2136 4801 2203 4854 tle
2232 4799 2562 4868 Monogamia
2590 4818 2601 4853 :
2655 4799 2762 4853 Pro
2789 4802 2964 4854 anima
2992 4802 3101 4871 ejus
3143 4799 3276 4857 oret.
3300 4800 3495 4871 onerat

1927 4872 2116 4925 annuis
2145 4872 2321 4926 diebus
2346 4872 2670 4926 dormitionis
2696 4876 2831 4943 ejus.
2864 4871 2929 4925 D.
2954 4871 3247 4941 Gregorius
3268 4870 3495 4926 Nazian-

1921 4957 2086 4997 zenus
2110 4944 2368 4999 Oratione
2398 4945 2450 4996 in
2481 4942 2773 4997 Caasarium
2805 4943 3023 4997 fratrem
3050 4958 3068 4996 :
3100 4942 3493 4996 Anniuersarios

1922 5013 2142 5068 [tonores
2190 5025 2239 5069 et
2284 5015 2784 5069 commemorationes
2824 5011 3111 5079 o/ferentes.
3164 5015 3222 5067 ὃ.
3261 5013 3495 5080 denique

1921 5083 2155 5139 Isidorus
2184 5086 2520 5150 Hispalensis
2547 5101 2673 5141 ante
2694 5099 2866 5139 annos
2891 5093 3191 5154 nongentos
3241 5083 3385 5137 hunc
3413 5085 3492 5137 ri-

1922 5163 2033 5210 tum
2065 5157 2561 5211 anniversariormn
2593 5171 2689 5225 pro
2709 5156 2979 5211 defunctis
3006 5158 3058 5209 in
3085 5156 3199 5225 suis
3220 5162 3496 5225 monaste-

1921 5228 2015 5279 riis
2037 5227 2428 5282 obserVundum
2462 5222 2692 5282 instituit
2756 5227 2839 5281 his
2884 5227 3066 5279 verbis
3115 5222 3285 5295 (Cap.
3308 5224 3492 5295 iultt'm.

1928 5296 2173 5367 (iegulae)
2205 5316 2218 5352 :
2257 5298 2359 5351 Pro
2383 5298 2649 5367 spiritibus
2679 5299 3039 5364 defunctorum
3070 5294 3237 5348 altera
3263 5294 3349 5348 die
3380 5305 3493 5363 post

1923 5366 2581 5436 Pentecosteusacrilicium
2607 5368 2875 5435 o/Ieratur,
2906 5376 2961 5420 ut
2985 5368 3144 5420 beatte
3182 5367 3298 5419 vim
3332 5368 3494 5431 parti-

1921 5440 2061 5506 cipes
2089 5440 2214 5508 facti
2242 5441 2585 5508 purgatiores,
2609 5456 2827 5506 corpora
2848 5455 2941 5493 sua
2967 5439 3021 5491 in
3046 5438 3127 5490 die
3156 5441 3493 5508 resurrectio—

1923 5512 2000 5563 nis
2036 5507 2309 5582 accipiant.
2344 5507 2443 5564 Ubi
2465 5510 2755 5582 notandum
2787 5518 2946 5564 aetate
3004 5509 3061 5563 S.
3111 5508 3337 5582 _lsitlori,
3394 5507 3489 5560 hmr

1922 5591 2006 5635 est
2027 5621 2039 5641 ,
2070 5579 2476 5652 quadringentis
2503 5581 2720 5652 circiter
2747 5582 2903 5633 annis
2936 5591 3061 5652 ante
3090 5579 3148 5631 S.
3178 5580 3485 5637 (Milonem.

1919 5654 2010 5720 qtti
2042 5648 2352 5721 generalem
2385 5654 2622 5706 omnium
2663 5651 2896 5704 fidelium
2947 5648 3325 5704 defunctorum
3372 5668 3486 5702 tut-—

1923 5738 2148 5776 tnoriam
2200 5726 2401 5791 primus
2454 5723 2725 5785 instituit,
2770 5736 2875 5775 non
2924 5730 3115 5787 quarto
3161 5735 3332 5774 nonas
3385 5722 3487 5773 No-

1922 5795 2180 5858 vetubris,
2211 5795 2303 5848 sed
2332 5794 2568 5859 proxima
2598 5803 2719 5863 post
2744 5791 3096 5847 Pentecosten
3119 5791 3485 5863 dieannivrr-

1919 5879 2113 5919 sariam
2144 5870 2366 5919 tratrum
2396 5862 2767 5921 defunctorum
2800 5863 3171 5921 celebritatem
3199 5862 3315 5923 fieri
3354 5878 3487 5925 con-
