3966 6326
389 266 497 322 555

1445 281 1725 342 JOANNIS
1760 282 2078 340 CASSIANI
2116 282 2614 342 COLLATIONES.

3556 291 3654 353 836

398 400 616 458 vincula
655 401 854 474 quibus
903 417 1026 458 eum
1064 401 1212 456 velut
1253 399 1538 454 oblaturus
1585 398 1653 454 ad
1701 399 1985 454 immolan-
2011 404 2068 465 Α
2091 400 2219 471 licet
2245 412 2413 474 atque
2443 404 2797 475 martyribus,
2827 405 3174 462 tenebrosum
3213 420 3277 464 ac
3304 414 3521 474 tetrum,
3551 424 3658 466 om-

397 492 525 551 dum
565 497 939 567 constringere
987 493 1327 564 disponebat,
1380 493 1676 563 inquirere,
1721 493 1986 565 praesagio

368 581 628 687 gsceleris
655 587 814 644 futuri
843 587 1188 658 perterritus,
1218 587 1531 657 aufugisset.

358 713 385 824 λέ

347 867 379 956 Ἰ

985 725 1214 783 CAPUT
1259 727 1396 783 VIII.

493 842 576 900 De
598 841 750 912 lapsu
782 852 828 895 et
861 841 1156 914 deceptione
1189 843 1429 898 monachi
1457 841 1887 913 Mesopotament.

363 962 374 992 θ
468 956 717 1030 Longum
765 967 850 1013 est
887 967 913 996 ει
936 957 1318 1029 deccptionem
1356 959 1498 1016 illius
1536 975 1754 1032 quoque
1801 975 1991 1017 mona-

396 1049 488 1106 chi
517 1050 943 1121 Mesopotameni
992 1052 1265 1107 narrando
1305 1068 1646 1123 percurrere,
1677 1055 1766 1124 qui
1804 1055 1859 1110 in
1899 1054 1991 1110 illa

397 1141 681 1213 provincia
719 1143 1010 1214 perpaucis
1049 1143 1368 1200 imitabilem
1393 1143 1663 1201 exhibens
1702 1145 1992 1201 continen-

399 1233 556 1303 tiam,
604 1249 767 1307 quam
799 1250 896 1306 per
934 1249 1107 1291 annos
1149 1236 1351 1292 multos
1385 1236 1734 1307 singulariter
1764 1236 1820 1292 in
1849 1237 1990 1294 cella

394 1333 646 1383 retrosus
684 1335 972 1397 exegerat,
1009 1327 1081 1382 ita
1129 1336 1211 1382 est
1248 1327 1316 1384 ad
1356 1337 1662 1384 extremum
1703 1327 1991 1385 diabolicis

395 1416 827 1474 revelationibus
848 1417 1178 1487 somniisque
1201 1417 1442 1488 delusus,
1471 1428 1529 1474 ut
1558 1427 1677 1490 post
1703 1426 1884 1474 tantos
1910 1419 1993 1475 la-

395 1509 564 1566 bores
606 1517 772 1582 atque
803 1509 1052 1578 virtutes,
1095 1509 1288 1579 quibus
1321 1524 1512 1566 omnes
1555 1509 1849 1565 monachos
1893 1508 1995 1564 ibi-

398 1601 529 1660 dem
565 1601 871 1659 residentes
907 1609 1234 1668 excesserat,
1265 1599 1294 1640 b
1321 1601 1388 1656 ad
1417 1600 1751 1658 Judaismum
1779 1609 1834 1658 et
1857 1615 1991 1657 con-

398 1694 666 1752 uisionem
716 1694 882 1768 [Lips.
929 1695 982 1749 in
1041 1711 1208 1766 marg.
1262 1694 1756 1767 circumcisionem]
1811 1693 1995 1751 carnis

2097 494 2261 565 nique
2288 495 2464 550 macie
2492 495 2732 552 tabidum
2762 510 2923 568 atque
2945 497 3270 566 deformem,
3297 509 3353 556 et
3378 512 3555 556 contra
3577 501 3661 557 Ju-

2090 587 2334 644 dmorum
2363 590 2622 659 populum
2654 605 2757 645 una
2785 606 2906 647 cum
2935 592 3144 661 Moyse,
3169 592 3483 664 patriarcbis
3512 605 3659 664 atque

2091 680 2401 752 pr0phetis,
2442 698 2651 738 summa
2685 683 3068 754 tripudiantem
3099 685 3304 750 laetitia,
3341 695 3396 742 et
3439 687 3664 754 splendi-

2092 770 2323 828 dissimo
2355 773 2559 830 lumine
2589 785 2989 844 coruscantem,
3023 776 3257 832 suadens
3289 777 3331 830 si
3357 777 3534 833 mallet
3561 793 3662 832 me-

2092 862 2183 919 riti
2223 878 2288 918 ac
2317 863 2672 920 beatitudinis
2713 866 2930 921 illoruttt
2979 868 3247 938 particeps
3279 867 3415 938 lteri,
3446 869 3660 926 circum-

2093 955 2358 1012 cisionem
2383 973 2601 1029 quoque
2629 959 2908 1030 suscipere
2933 959 3234 1016 festinaret.
3268 960 3470 1017 Horum
3502 963 3663 1033 itaque

2097 1048 2345 1116 profecto
2375 1056 2483 1103 tam
2516 1049 2816 1120 lugubriter
2852 1066 3016 1106 nemo
3045 1051 3236 1107 luisset
3266 1050 3474 1117 illusus,
3515 1050 3558 1106 si
3589 1066 3667 1106 ra-

2097 1139 2303 1195 tionem
2331 1139 2680 1196 discretionis
2705 1141 2864 1211 hujus
2896 1143 3111 1212 assequi
3143 1141 3458 1197 laborasset.
3481 1142 3668 1210 Quam-

2097 1231 2286 1286 obrem
2315 1231 2369 1287 in
2400 1240 2662 1302 quantum
2691 1233 3053 1303 perniciosum
3090 1233 3160 1289 sit
3196 1233 3532 1290 discretionis
3556 1249 3665 1306 grao

2099 1322 2228 1378 tiam
2263 1338 2370 1378 non
2403 1323 2627 1394 habere,
2674 1325 2970 1382 multorum
3014 1340 3173 1383 casus
3214 1335 3270 1383 et
3317 1327 3666 1399 experimenta

2098 1413 2401 1473 declarant.

2708 1486 2945 1546 CAPUT
2981 1489 3076 1546 IX.

2247 1576 2597 1651 Interroyatio
2628 1579 2692 1636 de
2719 1582 3034 1650 acquirendo
3062 1597 3181 1636 vero
3219 1580 3542 1636 discretione.

2173 1692 2256 1748 Ad
2315 1693 2430 1750 haec
2485 1676 2789 1750 Germanus
2844 1712 2860 1750 :
2917 1697 2984 1752 Et
3037 1697 3267 1753 novellis
3323 1696 3579 1766 exemplis
3624 1706 3673 1752 et

396 1785 560 1859 lapsu
589 1787 883 1844 miserabili
917 1785 1080 1843 fuerit
1123 1786 1426 1844 devolutus.
1472 1787 1605 1844 Nam
1643 1803 1764 1844 cum
1805 1787 1996 1844 volens
2027 1795 2076 1858 Β
2105 1783 2519 1842 deﬁnitionibus
2574 1787 2918 1857 antiquorum
2967 1786 3098 1843 satis
3153 1788 3369 1844 abunde
3421 1787 3675 1858 perpamit

399 1893 528 1936 eum
556 1880 948 1936 consuetudine
985 1880 1254 1936 visionum
1295 1880 1362 1936 ad
1391 1869 1770 1937 credulitatem
1801 1882 1998 1938 luturas
2038 1925 2040 1927 ›

400 1972 739 2042 deceptionis
786 1974 1012 2040 illicere,
1055 1974 1336 2029 verissima
1376 1989 1608 2046 quaeque
1648 1974 1819 2029 multo
1854 1984 2000 2031 tem-

400 2077 540 2136 pore
567 2064 817 2122 diabolus
845 2066 994 2121 velut
1033 2066 1278 2121 veritatis
1306 2067 1527 2121 nuntius
1569 2067 1887 2134 rerelasset,
1930 2066 2000 2122 ad

402 2167 716 2215 extremum
745 2159 985 2214 ostendit
1018 2155 1383 2214 Christianmn
1433 2157 1687 2228 populum
1722 2172 1829 2213 una
1873 2173 2000 2217 cum

403 2247 743 2320 principibus
767 2249 1044 2320 religionis
1072 2263 1135 2304 ac
1167 2248 1296 2304 ﬁdei
1323 2257 1546 2319 nostrae,
1577 2249 1853 2320 Apostolis
1892 2250 2000 2305 sci-

2105 1881 2496 1938 discretionem
2546 1881 2755 1939 fontem
2801 1883 3211 1954 quodammodo
3254 1894 3417 1954 atque
3455 1883 3673 1938 radicem

2108 1982 2427 2031 cunctarum
2476 1989 2601 2030 esse
2648 1975 2933 2030 virtutum.
2985 1975 3268 2042 Quomodo
3315 1989 3442 2045 ergo
3489 1973 3675 2045 acquiri

2110 2067 2336 2134 debeat,
2367 2067 2619 2137 cupimus
2650 2067 2805 2123 nobis
2833 2067 3063 2139 exponi,
3092 2077 3186 2122 aut
3213 2066 3674 2138 quemadmodum,

2112 2169 2295 2214 utrum
2316 2173 2445 2215 vera
2466 2168 2520 2214 et
2541 2175 2609 2215 ex
2633 2158 2769 2224 Deo,
2794 2175 2860 2214 an
2888 2157 3024 2215 falsa
3042 2168 3099 2214 et
3117 2158 3387 2214 diabolica
3410 2158 3500 2226 sit,
3525 2159 3678 2229 possit

2113 2252 2332 2322 agnosci
2377 2267 2394 2308 :
2426 2260 2488 2306 ut
2526 2251 2824 2308 secundum
2855 2251 3000 2307 illam
3033 2251 3422 2322 evangelicam,
3476 2261 3497 2289 ο
3528 2266 3674 2323 quam

1485 2361 1743 2418 ALARDI
1781 2362 2016 2420 GAZIEI
2055 2360 2624 2420 COMMENTARIUS.

483 2466 508 2498 ⁸
539 2456 654 2513 Hoc
677 2455 818 2512 idem
842 2456 1175 2524 exemplum,
1201 2463 1290 2509 aut
1311 2454 1457 2510 aliud
1485 2465 1632 2510 certe
1653 2456 1994 2512 simillimum

403 2526 887 2586 relertAntiochus
910 2527 1204 2583 monachus
1217 2526 1539 2582 Palaestinos
1561 2527 1687 2581 vitae
1708 2531 1999 2583 sanctitate

404 2607 462 2655 et
509 2598 752 2654 doctrina
785 2599 1016 2653 celebris
1037 2638 1051 2660 ,
1082 2599 1236 2666 cujus
1263 2606 1477 2652 exstant
1503 2598 1740 2652 homiliae
1790 2597 1890 2654 129
1943 2602 1997 2655 in

405 2669 668 2727 Biblioth.
694 2670 791 2725 SS.
818 2670 1058 2724 Patrum.
1084 2669 1232 2731 Fuit,
1262 2669 1433 2739 inquit
1461 2667 1694 2739 (Bibliot.
1719 2669 1816 2725 SS.
1847 2670 1997 2725 Patr.

407 2751 448 2796 t.
469 2741 536 2803 ll,
560 2743 698 2794 hom.
728 2740 843 2810 84),
878 2742 929 2794 in
958 2752 1127 2794 monte
1168 2741 1299 2796 Sina
1329 2739 1611 2793 monachus
1650 2741 1880 2811 quidant.
1913 2744 2004 2811 qui

375 2867 380 2870 .
408 2811 608 2867 celebre
633 2813 763 2866 adeo
793 2812 952 2866 edidit
975 2828 1083 2867 sua:
1100 2811 1424 2865 continentur
1440 2813 1785 2881 specimen,ut
1803 2815 1855 2864 in
1886 2813 2000 2867 cel-

408 2882 521 2938 lula
538 2883 728 2937 multos
750 2883 1109 2937 vixeritannos
1131 2883 1395 2947 inclusus;
1420 2892 1674 2947 postremo
1698 2882 2001 2952 mnltifariis

408 2955 803 3010 revelationibus
826 2955 1023 3008 diaboli
1039 2966 1085 3007 et
1101 2954 1368 3007 insomniis
1381 2951 1563 3006 illusus
1584 2953 1651 3005 ad
1669 2951 2001 3009 Judaismum

410 3025 656 3093 delapsus
682 3035 775 3084 est,
809 3034 856 3078 et
884 3025 1054 3078 carnis
1069 3025 1529 3078 cirrumcisionem.
1559 3021 1861 3095 Cumigitur
1887 3027 2004 3080 dia-

411 3097 558 3151 belus
570 3096 691 3150 huic
704 3096 988 3150 identidem
1001 3095 1366 3166 tteraqutedam
1379 3095 1639 3166 insomnia
1652 3095 2002 3166 demonstras-

411 3181 511 3234 set,
531 3177 580 3221 et
591 3166 668 3221 vel
674 3170 747 3220 uti
765 3167 960 3231 obiecta
974 3164 1211 3221 illecebra
1224 3165 1494 3219 inescasset
1511 3164 1652 3220 illius
1675 3165 2002 3221 obscuratum

2106 2468 2216 2511 tum
2242 2457 2507 2533 locorum,
2534 2469 2651 2533 ιιιιῐιΔ
2670 2467 2971 2528 temporum
2999 2460 3445 2529 circumstantia,
3464 2476 3580 2533 qum
3607 2461 3681 2517 al-

2108 2537 2283 2604 terum
2314 2531 2383 2604 ab
2406 2529 2580 2585 altero
2620 2529 2893 2604 diversum
2938 2547 3059 2604 esse
3082 2574 3097 2598 ,
3131 2549 3234 2587 non
3267 2529 3680 2604 eumdehyper-

2108 2601 2294 2674 gnicue
2338 2599 2734 2674 demonstrant.
2779 2601 2910 2657 Nam
2963 2601 3049 2657 hic
3102 2604 3404 2674 monachus
3445 2599 3585 2674 (Gal:
3613 2604 3682 2673 tv)

2106 2671 2445 2744 Sinaitalest
2470 2686 2639 2727 autem
2683 2672 2817 2728 Sina
2847 2689 2991 2727 mons
3021 2674 3073 2726 in
3102 2672 3321 2744 Arabia)
3363 2671 3498 2730 teste
3546 2671 3680 2742 Apo-

2107 2743 2269 2808 stola,
2287 2743 2377 2797 ille
2401 2745 2878 2813 Mesiipntamenus
2903 2743 3308 2800 astruiturzille
3326 2745 3578 2800 Cassiano
3597 2753 3682 2799 aut

2109 2817 2374 2888 anterior,
2420 2824 2512 2888 aut
2541 2815 2787 2888 aequalis,
2807 2825 2870 2888 et
2912 2818 3286 2888 synchronns;
3329 2818 3417 2871 hic
3441 2816 3553 2872 fere
3589 2815 3682 2888 du:

2110 2883 2779 2958 ccutisannisposterior.
2805 2883 2958 2958 Vixit'
2975 2889 3118 2942 enim
3145 2887 3444 2943 Antiochus
3471 2887 3577 2955 ille,
3599 2887 3681 2958 qui

2112 2970 2228 3028 rem
2283 2956 2585 3021 describit,
2636 2967 2691 3010 et
2723 2957 3049 3012 monachum
3101 2958 3250 3012 illum
3281 2968 3577 3028 apostatam
3618 2956 3683 3014 se

2111 3025 2314 3081 vidi-so
2345 3037 2598 3094 testatur,
2629 3037 2872 3095 tempore
2903 3029 3135 3084 Heraclii
3185 3025 3384 3098 imper.
3415 3031 3554 3084 circa
3597 3044 3683 3082 an-

2113 3113 2240 3170 num
2267 3098 2950 3170 Domini,sescentesimum
2981 3102 3296 3170 vigesimum
3321 3100 3488 3169 (unde
3510 3110 3561 3156 et
3591 3100 3682 3170 Ba:

2113 3168 2315 3241 [anius
2335 3179 2373 3222 t.
2405 3168 2539 3234 Vlll,
2572 3168 2673 3223 hoc
2695 3172 3000 3241 exemplum
3034 3168 3183 3240 ponit
3203 3172 3308 3226 sub
3335 3189 3474 3226 anno
3497 3169 3683 3226 Citriin

413 3246 656 3318 mentem,
678 3240 950 3292 novissime
970 3237 1297 3318 oculisilliu-s.
1318 3236 1494 3308 objicit
1517 3238 1778 3318 copiosam
1799 3240 2004 3318 turbam
2035 3256 2080 3318 ρ
2114 3238 2241 3318 ξμς
2278 3239 2506 3318 Heraclii
2539 3243 2793 3318 uuinto)_-:
2824 3236 3117 3318 Cassianus
3144 3241 3599 3318 vero_'l‘heodos_io
3635 3249 3684 3296 et

413 3308 804 3380 apostolorum,
852 3320 1140 3380 martyrum
1166 3351 1180 3370 ,
1225 3307 1551 3380 aliorumque
1597 3308 1762 3380 omnis
1807 3312 2007 3378 generis

415 3327 448 3362 α
487 3327 804 3374 astatorum,
852 3327 1140 3380 martyrum
1166 3351 1180 3370 ,
1225 3327 1551 3378 (tuorumque
1597 3327 1762 3362 omuts
1807 3327 2007 3378 generis

415 3327 828 3453 Lfltristianorum
847 3380 1164 3453 densissimis
1187 3379 1407 3433 tenebris
1425 3392 1469 3453 e_t
1483 3379 1622 3432 omni
1643 3380 1892 3453 dedecore
1915 3398 2009 3453 op-

413 3451 606 3523 pleta_m
623 3466 649 3523 ,‘7
661 3459 805 3518 parte
827 3451 1065 3523 apposita
1081 3449 1136 3523 Μ
1145 3447 1862 3523 osen,_prophetas,_populum
1881 3447 2006 3520 quo.

413 3467 606 3523 pictam
623 3467 643 3514 ;
661 3467 805 3518 parte
827 3467 1065 3522 opposita
1081 3467 1131 3504 tu
1145 3467 1285 3509 osen,
1304 3467 1599 3520 proprietas,
1654 3467 1862 3519 aputum
1881 3469 2006 3520 quo-

413 3538 516 3590 que
539 3519 846 3576 Iudaeorum
877 3520 1013 3592 (Deo
1053 3520 1250 3591 alioqui
1277 3521 1521 3586 invisum)
1551 3467 1704 3588 o/Igrt
1733 3523 2008 3592 splendida

415 3592 700 3648 admodum
734 3594 847 3647 luce
873 3590 1180 3655 conspicuas
1207 3633 1220 3654 ,
1252 3593 1402 3660 inque
1429 3591 1622 3660 gaudio
1653 3599 1700 3644 et
1741 3590 2010 3649 hilaritate

415 3667 575 3720 vitam
601 3664 944 3719 traducentes.
983 3663 1108 3718 Haec
1138 3680 1254 3718 cum
1283 3671 1558 3734 spectasset
1587 3663 1760 3728 miser,
1799 3680 1828 3718 e
1852 3666 2004 3720 vesti-

418 3737 503 3808 gio
533 3737 782 3805 surrexit,
813 3735 1159 3806 derelictoque
1178 3732 1356 3788 sancto
1385 3732 1479 3788 illo
1507 3747 1696 3808 monte,
1728 3735 2009 3808 in__l’ala:s-

419 3804 582 3878 ijnam
626 3804 787 3876 usque
813 3804 1341 3878 pervenit,'rectaque
1386 3805 1647 3878 contendit
1681 3807 1732 3858 in
1766 3804 1922 3861 Maro
1960 3817 2010 3863 et

418 3875 728 3960 liibyadeni,
746 3875 897 3960 asyla
915 3875 1238 3960 Judteorum.
1258 3875 1386 3929 Cum
1409 3877 1523 3960 istis
1545 3875 1870 3958 denarrasset
1890 3895 2008 3960 qua:

417 3945 661 4002 sibi'uiste
681 3945 922 4016 fuissent,
947 3947 1236 4001 diabolicas
1257 3945 1630 4016 apparitiones,
1669 3945 2008 4003 circumcisus

419 4029 517 4080 est,
551 4035 616 4090 ac
651 4019 914 4090 professus
952 4018 1277 4090 .ludaismum
1302 4018 1544 4090 ._t_tccepit
1576 4024 1822 4090 uxbrent,
1857 4020 2009 4090 inque

419 4087 661 4145 omnium
702 4087 999 4161 prospectu,
1043 4089 1287 4161 adversus
1315 4087 1823 4161 Christianosedidit
1860 4087 2009 4161 Adag-

418 4171 581 4225 mata,
602 4158 960 4233 propugnator
978 4165 1146 4224 {actus
1172 4159 1408 4233 Iudaica!
1430 4159 1830 4225 superstitionis.
1849 4158 1899 4212 H
1908 4158 2010 4214 unc

419 4247 514 4304 ego
542 4230 668 4293 ridi,
698 4230 760 4310 ac
776 4230 1019 4299 plerique
1061 4230 1463 4310 monachorum;
1493 4245 1654 4310 neque
1696 4234 1831 4283 enim
1879 4248 2010 4299 qua-

419 4299 542 4356 titor
585 4303 708 4356 anni
749 4313 870 4355 sunt
904 4319 934 4355 a
969 4309 1132 4354 morte
1152 4299 1329 4364 illius,
1380 4316 1480 4370 qua
1506 4299 1688 4354 misere
1733 4313 2008 4370 perruptas

419 4382 497 4429 est
522 4389 539 4426 :
587 4374 817 4426 catarrhi
846 4374 979 4426 enim
1021 4373 1336 4442 pro/luvium
1364 4371 1687 4438 aliquamdiu
1715 4388 1900 4442 passus
1920 4417 1934 4440 ,
1959 4382 2006 4427 et

420 4445 668 4498 vermium
698 4445 967 4498 arrosione
987 4440 1344 4496 contabescens
1373 4442 1671 4507 exspiravit.
1704 4440 1862 4495 Hunc
1891 4459 2007 4497 cum

419 4515 756 4581 vidissemus,
806 4531 900 4586 ego
946 4524 993 4567 et
1022 4515 1113 4567 alii
1144 4511 1344 4583 aliquot
1380 4513 1905 4586 monachi,_correpti
1938 4516 2005 4568 ti-

419 4602 566 4641 more
585 4586 801 4656 ingenti,
823 4582 937 4638 cum
962 4585 1108 4638 luctu
1136 4582 1409 4656 lamentati
1425 4599 1623 4656 sumus.
1653 4582 1781 4638 Erat
1810 4583 1865 4636 id
1885 4602 2007 4640 sane

419 4674 579 4729 quam
620 4641 911 4729 miserabile
965 4656 1334 4729 spectaculum.
1368 4652 1464 4706 Vir
1491 4655 1573 4707 hic
1595 4662 1730 4708 totus
1763 4657 2003 4729 incanue-
2033 4641 2083 4700 Ῑ)

418 4727 502 4783 rat
532 4729 584 4782 in
606 4727 902 4782 monastica
930 4727 1290 4780 exercitatione
1307 4769 1322 4794 ,
1351 4737 1784 4788 consenueratque
1811 4727 2002 4781 labori~

421 4799 516 4854 bus
540 4800 787 4864 attritus;
825 4809 870 4852 et
900 4799 942 4852 is
971 4798 1178 4851 tandem
1222 4813 1338 4866 cum
1365 4796 1665 4850 mulieribus
1696 4796 2001 4866 iocabatur;

418 4871 805 4924 immundarum
826 4870 1082 4935 carnium,
1108 4883 1288 4939 nempe
1303 4865 1646 4939 Iudaicarum
1668 4878 1816 4938 gustu
1843 4885 1898 4921 se
1913 4865 2001 4924 de-

422 4943 647 5025 foedabat
687 4953 732 4994 et
757 4940 1081 5025 inquinabo!
1098 4955 1135 5025 ,‘A
1161 4936 1326 5025 uerba-
1360 4936 1923 5025 loquebatur—absumo
1950 4951 2003 4996 et

416 5007 684 5081 impudica
708 5029 727 5078 ;
752 5007 1135 5083 blasphemabat
1159 5009 1415 5064 Christum
1429 5026 1455 5083 ί
1469 5007 1739 5083 Spiritum
1765 5020 1999 5065 sanctum

417 5080 524 5136 non
567 5080 1526 5153 tolerandis’afﬁciebatcontumeliis.
1565 5080 1640 5153 Et
1667 5083 1803 5153 hunc
1843 5083 1998 5153 talem

416 5153 499 5208 illi
523 5154 634 5206 sine
650 5154 758 5224 lege
778 5151 954 5207 Iudici
972 5152 1250 5224 secundum
1264 5151 1822 5224 _uocabantAbraham.
1849 5151 1995 5224 ﬂuc-

418 5239 594 5293 usque
633 5221 716 5279 de'
756 5225 1020 5293 moitacho
1066 5222 1158 5293 illo
1187 5237 1216 5293 a
1246 5221 1493 5293 daemone
1523 5223 1682 5293 illuso
1716 5232 1770 5275 et
1799 5221 1866 5293 ad
1898 5222 1995 5276 Ju-

419 5290 688 5349 daismttm
716 5296 968 5364 prolapso
993 5290 1314 5348 Antiochus.
1340 5290 1421 5364 An
1451 5306 1583 5364 vero
1612 5292 1752 5347 idem
1783 5291 1896 5356 ille,
1924 5308 1991 5349 an

417 5364 559 5419 alius
583 5361 850 5422 exstiterit
873 5361 1215 5428 monachus,
1248 5377 1368 5416 cum
1399 5362 1499 5416 hoc
1529 5361 1992 5428 Mesonotameno,

417 5435 576 5504 cujus
601 5435 849 5500 deceptio
871 5475 887 5500 ,
941 5444 996 5506 et
1025 5437 1207 5506 lapsus
1237 5433 1340 5506 hoc
1371 5447 1487 5501 cap.
1522 5429 1775 5496 refertur,
1801 5434 1994 5506 merito

419 5506 654 5561 dubitari
705 5515 901 5575 potest.
951 5504 1092 5559 Nam
1114 5513 1168 5558 et
1193 5504 1361 5575 stylns
1401 5511 1454 5557 et
1482 5511 1645 5557 totius
1672 5504 1994 5558 narrationis

418 5583 705 5633 contextus
731 5577 973 5630 eamdem
1003 5591 1110 5645 prta.
1141 5590 1202 5629 se
1245 5577 1384 5628 ferre
1415 5576 1661 5628 videmur
1693 5575 1993 5639 historiam,

420 5647 524 5703 nisi
566 5645 708 5716 quod
740 5647 979 5714 eju~dem
1014 5645 1258 5700 monachi
1287 5645 1630 5700 miserandus
1653 5647 1899 5700 interitus
1943 5655 1998 5702 et

418 5717 691 5774 horrenda
724 5717 932 5787 punitio
959 5716 1217 5771 divinitus
1257 5717 1409 5787 illata
1460 5717 1671 5787 plenius
1697 5726 1751 5774 et
1775 5731 1997 5785 expres-

418 5788 533 5847 sius
557 5788 626 5846 ab
647 5785 916 5846 Antiocho
936 5787 1284 5845 describitur.
1307 5786 1378 5845 At
1401 5803 1433 5846 e
1456 5785 1671 5846 diverso
1698 5798 2000 5859 repugnant

2120 3308 2494 3366 Valentiniano
2510 3308 2881 3378 regnantibus,
2898 3313 2998 3367 sub
3011 3315 3204 3382 quibus
3218 3314 3384 3368 etiam
3399 3312 3518 3368 vita:
3533 3313 3680 3367 linem

2113 3393 2343 3452 accepit,
2371 3397 2512 3436 anno
2536 3383 3069 3454 quadringentesimo
3089 3386 3465 3454 trigentesimo
3486 3384 3681 3451 ottinto,

2113 3460 2173 3504 ut
2202 3466 2394 3506 aucmr
2420 3464 2522 3525 ‘est
2572 3452 2926 3510 Tritbemius.
2971 3452 3254 3522 Quomodo
3305 3471 3436 3525 ergo
3478 3468 3684 3509 narrare

2116 3526 2383 3596 patuisset
2408 3522 2716 3596 cassianus,
2747 3525 2891 3596 quod
2923 3525 3264 3596 annispaulo
3293 3522 3469 3581 minus
3498 3525 3683 3580 ducen-

2113 3593 2180 3665 tis
2210 3605 2329 3662 post
2371 3593 2538 3665 ipsius
2560 3593 2855 3652 obitum—ex
2888 3595 3138 3651 Antiochi
3173 3598 3484 3651 narratione
3523 3597 3684 3650 conti-

2112 3664 2258 3737 gisse
2281 3664 2663 3737 cognoscitur?
2692 3666 2882 3722 Restat
2909 3669 3092 3737 igitur,
3119 3675 3175 3721 ut
3197 3667 3337 3722 alius
3357 3682 3388 3722 a
3418 3667 3680 3730 Cassiano,

2113 3735 2253 3791 alius
2301 3736 2370 3790 ab
2402 3739 2665 3792 Antiocho
2696 3735 2992 3792 monachus
3015 3737 3332 3807 designetur
3365 3754 3380 3794 :
3420 3738 3576 3794 simili
3607 3746 3682 3791 ta-

2113 3820 2239 3876 men
2289 3807 2440 3876 lapsu
2492 3817 2547 3862 et
2595 3809 2845 3863 illusione
2875 3809 3137 3864 diabolica
3168 3809 3235 3863 ad
3273 3807 3602 3865 Judaismum
3634 3815 3683 3863 et

2112 3875 2577 3949 circutiitsisiunem
2619 3879 2931 3949 perdat-tus.

2181 3945 2210 3986 ιι
2240 3948 2297 4003 ld
2325 3961 2430 4015 est,
2458 3945 2694 4021 seipsum
2723 3951 2950 4006 Judaico
2979 3965 3129 4006 more
3149 3949 3568 4021 circumciderit.
3591 3946 3680 4021 cui

2113 4021 2310 4074 merito
2339 4021 2498 4088 objici
2531 4016 2702 4088 potuit
2728 4021 2856 4076 illud
2902 4022 3144 4092 Apostoli
3173 4022 3238 4077 ad
3269 4022 3490 4078 Galatas
3531 4016 3682 4074 simili

2111 4104 2301 4162 errore
2323 4093 2598 4162 deceptos.
2621 4103 2676 4147 et
2696 4093 2761 4146 ad
2784 4093 3122 4149 Judaismum
3147 4105 3202 4150 et
3225 4092 3682 4148 circumcisiom-m

2111 4161 2398 4216 devolutos
2433 4161 2572 4235 {Sic
2597 4164 2740 4218 stulti
2770 4165 2908 4228 estis,
2940 4174 2992 4218 ut
3020 4180 3138 4218 cum
3184 4164 3375 4235 spiritu
3413 4162 3682 4235 asperius.

2113 4182 2398 4216 uevoiutos
2433 4182 2445 4215 :
2481 4182 2572 4218 ore
2597 4182 2739 4218 stum
2770 4182 2908 4228 esus,
2940 4182 2992 4218 ιιι
3020 4182 3138 4218 cum
3184 4182 3206 4216 s
3249 4182 3375 4218 truu
3413 4182 3679 4235 capenos,

2113 4247 2249 4318 nunc
2267 4249 2417 4288 carne
2436 4233 2512 4318 (id
2531 4246 2635 4318 est,
2657 4237 2861 4315 carnali
2881 4182 3679 4318 σενι-ειηοιιίθςτοιιειιιιιηιεηιὶηἱ.

2111 4299 2280 4376 Tgnta
2321 4299 2460 4376 passi
2506 4299 2629 4360 estis
2673 4307 2783 4360 sine
2833 4323 2993 4359 causa
3020 4347 3034 4371 ,
3093 4307 3137 4360 si
3187 4299 3356 4359 tamen
3403 4306 3683 4376 sinet-ausa

2111 4370 2258 4458 (ραι.
2290 4370 2413 4458 πλυτ
2441 4375 2506 4430 Et
2535 4391 2754 4458 rursum
2778 4377 2910 4458 illud
2938 4370 3067 4458 cap._
3092 4391 3122 4428 ν
3161 4394 3177 4458 ς
3213 4377 3465 4458 ζὶεεξβρᾳ
3494 4371 3681 4458 Paullus

2110 4442 2410 4516 dicorvobis,
2440 4449 2681 4516 quoniam
2708 4449 2754 4502 si
2785 4448 3228 4502 circumcidamini
3251 4487 3265 4509 ,
3295 4442 3528 4501 Christus
3556 4442 3683 4516 uobis

2111 4515 2248 4568 nihil
2297 4513 2546 4582 proderit.
2575 4517 2846 4586 Testiﬁcor
2877 4529 3049 4572 autem
3098 4534 3278 4572 rursus
3308 4517 3451 4571 omni
3500 4513 3684 4586 homini

2111 4586 2496 4660 circumcidenti
2539 4605 2592 4641 se
2611 4630 2627 4650 ,
2656 4583 2896 4660 quoniam
2927 4589 3126 4660 debitor
3149 4596 3224 4642 est
3266 4589 3535 4660 uniuersas
3561 4583 3679 4660 legis

2108 4656 2360 4724 faciendae
2389 4673 2407 4710 :
2440 4674 2559 4711 nam
2598 4659 2650 4712 in
2668 4653 2894 4714 'Christo
2917 4657 3041 4713 Iesu
3064 4675 3222 4727 neque
3248 4657 3568 4712 circumcisio
3591 4653 3682 4727 tili-

2107 4727 2233 4800 quid
2263 4728 2418 4795 valet,
2454 4730 2613 4799 neque
2642 4731 2984 4800 pra'putium;
3014 4727 3102 4783 sed
3136 4725 3285 4798 ﬁdes,
3314 4744 3430 4796 qute
3453 4743 3539 4799 per
3567 4725 3682 4800 ςΙιᾳο

2106 4798 2315 4852 ritatem
2366 4796 2830 4870 aperatur."l‘ales
2879 4802 3037 4854 etiam
3098 4796 3362 4870 E‘bionita:
3413 4796 3678 4858 haeretici,

2108 4876 2247 4922 teste
2275 4869 2405 4922 divo
2441 4870 2769 4939 Hieronymo
2817 4870 2909 4937 (In
2941 4888 2988 4926 ι’.
3023 4888 3053 4923 v
3080 4875 3147 4925 ad
3187 4869 3334 4938 Gal.)
3384 4873 3680 4923 asserentes

2107 4953 2208 5010 una
2257 4953 2378 4992 cum
2434 4939 2702 5010 baptismo
2757 4941 3229 4996 circumcisionem
3259 4948 3316 4994 et
3358 4939 3534 5010 legem
3562 4951 3675 4989 cum

2109 5008 2400 5083 Evangelia
2429 5008 2770 5083 servandam.
2815 5010 3106 5083 (Epiphan.
3149 5013 3203 5065 in
3238 5008 3461 5083 Partim,
3505 5009 3676 5061 haeres.

2105 5081 2221 5152 30.)
2247 5081 2363 5136 Non
2413 5082 2551 5136 male
2599 5091 2777 5138 autem
2831 5081 3047 5148 potiitur
3089 5085 3268 5138 carnis
3307 5081 3548 5136 concisio
3587 5091 3678 5145 pro

2101 5152 2535 5208 circumcisione.
2565 5152 2697 5207 Nam
2719 5164 2773 5208 et
2796 5153 2840 5208 A
2884 5154 3091 5208 ostolus
3115 5155 3180 5208 ad
3205 5152 3577 5220 Philippenses
3604 5160 3675 5207 ιιι,

2103 5237 2210 5276 ιιοη
2239 5222 2709 5278 circumcisionem
2727 5265 2744 5278 .
2776 5169 2881 5278 εειῗ
2897 5227 3263 5278 concisionem
3312 5231 3472 5278 vocat
3498 5262 3514 5278 .
3539 5223 3674 5273 vel"!

2103 5237 2210 5276 non
2239 5222 2744 5289 circumcisionem,
2776 5222 2869 5279 sed
2897 5227 3263 5280 concisionem
3312 5231 3472 5278 vocat
3498 5262 3514 5286 ,
3539 5223 3674 5273 velut

2102 5307 2199 5360 per
2221 5303 2618 5363 contemptum,
2654 5296 2841 5350 dicens
2893 5313 2906 5349 :
2947 5295 3122 5350 Videte
3160 5295 3501 5349 concisionem
3523 5300 3560 5363 :_
3579 5302 3674 5363 non

2099 5358 2351 5436 dignatus
2402 5358 2873 5422 circumcisionem
2908 5367 3182 5436 appellare
3206 5406 3222 5431 ,
3270 5375 3330 5420 ut
3379 5361 3586 5418 notavit
3616 5358 3670 5412 D.

2097 5431 2480 5505 Hieronymus.

2177 5515 2198 5542 ο
2232 5500 2401 5571 Quam
2423 5507 2559 5561 alias
2583 5506 2720 5562 dixit
2745 5517 3070 5576 pra-ceptum
3097 5505 3329 5568 Domini,
3356 5511 3411 5556 ut
3436 5500 3674 5556 videlicet

2103 5578 2274 5650 sinitis
2304 5579 2478 5650 probi,
2512 5593 2608 5632 seu
2641 5577 2948 5645 probabiles
2980 5579 3273 5647 trapezitae,
3309 5576 3420 5630 sive
3436 5584 3674 5650 nummo:

2104 5647 2219 5702 larii
2255 5665 2267 5700 :
2304 5640 2387 5703 'de
2429 5640 2534 5717 qua
2592 5640 2860 5702 sententia
2913 5640 3108 5718 prmter
3141 5640 3277 5703 alios
3311 5655 3555 5718 auctores
3606 5640 3675 5693 ibi

2103 5719 2308 5791 citatos
2325 5761 2341 5785 ,
2391 5720 2507 5774 haec
2535 5719 2698 5774 habet
2722 5721 2787 5774 ι).
2821 5717 3075 5775 Clemens
3106 5721 3200 5776 lib.
3235 5735 3271 5775 ιι
3300 5717 3528 5791 (ἳριιειίιἶ
3557 5725 3672 5791 cap:

2103 5788 2174 5850 54
2221 5779 2441 5848 :Estote
2475 5799 2735 5858 tamquam
2777 5791 3062 5858 argentarii
3101 5792 3283 5854 periti.
3332 5786 3403 5845 Ut
3445 5785 3577 5844 enim
3620 5779 3671 5834 hi

2949 5909 2964 5934 /
