3966 6326
230 373 319 433 537
344 416 349 417 κ
1264 376 1609 435 οοιιΑτιο
1648 376 1713 435 ιι.
1737 407 1808 421 -
1833 376 1924 435 DE
1964 376 2441 438 DISCBETIONE.

230 482 489 558 superiore
533 491 765 541 tractatu
800 484 1107 541 disseruiin
1149 484 1373 557 (Cotlat.
1426 488 1453 542 1
1506 507 1620 562 cap.
1676 490 1790 559 20*,
1825 491 2129 558 Acedere,
2184 507 2370 549 verum
2414 495 2581 551 etiam
2624 496 2834 554 cunctis
2870 496 3152 555 fraudibus
3187 508 3241 555 et
3274 498 3486 559 insidiis

230 577 545 653 parabolam,
574 593 679 647 qua
715 578 971 651 jubemur
1000 579 1117 635 ficri
1148 582 1457 650 probabiles
1482 583 1792 653 trapezitae,

228 671 520 729 numismati
567 670 887 741 impressam
919 673 1034 727 veri
1085 673 1233 743 regis
1282 674 1571 745 imaginem
1615 676 1793 745 pervi-

227 765 424 829 dentes,
471 762 887 834 deprehendere
936 764 1212 819 valeamus
1239 806 1255 831 ,
1312 765 1457 835 quod
1485 781 1594 820 non
1631 766 1701 821 sit
1740 766 1794 822 in

228 865 415 913 moneta
446 856 689 927 legitima
716 856 1027 927 figuratum,
1049 864 1215 927 atque
1238 856 1397 922 illud.
1422 857 1564 914 sicut
1583 859 1792 929 vulgari

227 965 333 1004 usus
374 948 550 1003 verbo
591 948 847 1003 hesterna
896 948 1193 1005 collatione
1239 948 1460 1020 dixisti,
1520 961 1792 1022 tamquam

226 1044 691 1116 paracbaragmum
725 1045 1111 1115 reprobemus.
1144 1046 1236 1101 illa
1277 1046 1526 1104 instructi
1569 1050 1789 1120 peritia,

224 1150 359 1205 quam
408 1136 547 1190 satis
592 1135 813 1207 copiose
850 1145 906 1191 et
956 1136 1171 1207 integre
1218 1150 1557 1209 prosecutus,
1589 1141 1792 1197 habere

222 1227 543 1297 spiritalem,
596 1236 757 1298 atque
800 1229 1183 1301 Evangelicum
1231 1232 1543 1300 trapezitam
1591 1232 1792 1289 debere

222 1320 452 1388 signasti.
483 1320 623 1388 Quid
671 1321 811 1375 enim
848 1322 1089 1392 proderit
1125 1324 1344 1379 virtutis
1372 1324 1489 1395 ejus
1520 1335 1577 1381 et
1602 1327 1791 1398 gratiae

220 1412 384 1467 merita
417 1415 744 1485 cognovisse
764 1455 781 1481 ,
813 1416 856 1469 si
880 1416 1335 1485 quemadmodum
1359 1418 1655 1476 debeamus
1685 1436 1788 1477 ex-

220 1514 379 1577 petere
410 1522 540 1563 eam
582 1508 671 1566 vel
700 1510 985 1580 acquirere
1013 1512 1357 1568 nesciamus?

826 1600 1055 1659 CAl‘UT
1097 1602 1162 1658 Χ.

220 1691 523 1765 Responsio,
568 1696 996 1763 quemadmodum
1026 1697 1353 1767 possideatur
1381 1714 1497 1754 vera
1528 1701 1783 1756 discretio.

272 1784 398 1840 Tum
429 1785 647 1857 Moyses
672 1804 685 1841 :
716 1786 875 1855 Vera,
899 1788 1094 1857 inquit,
1119 1789 1379 1845 discretio
1402 1806 1509 1847 non
1533 1793 1637 1848 nisi
1660 1810 1786 1850 vera

1899 583 2101 641 inimici
2145 588 2386 644 servabit
2432 587 2685 645 illaesum.
2734 584 3053 648 Nullatenus
3097 593 3241 649 enim
3304 593 3482 664 decipi

1901 679 2102 747 poterit
2154 679 2407 752 quisque.
2445 682 2492 737 si
2524 697 2632 737 non
2659 697 2759 737 suo
2799 682 3045 753 judicio,
3076 685 3173 741 sed
3216 685 3480 754 majorum

1898 772 2029 827 vivit
2056 774 2336 843 exemplo;
2369 789 2469 830 nec
2498 774 2701 830 valebit
2742 776 3066 847 ignorationi
3095 777 3215 849 ejus
3250 778 3483 837 callidus

1899 867 2069 921 hostis
2094 865 2347 934 illudere,
2379 868 2471 937 qui
2501 868 2784 925 universas
2814 871 3176 941 cogitatiOues
3224 873 3279 929 in
3300 874 3480 939 ,corde

1896 970 2182 1015 nascentes
2201 958 2505 1030 perniciosa
2530 961 2855 1018 verecundia
2876 964 3048 1019 nescit
3069 964 3349 1035 obtegere,
3383 965 3479 1022 sed

1895 1065 1989 1107 eas
2017 1062 2228 1105 maturo
2257 1052 2513 1106 examine
2550 1053 2823 1109 seniorum
2862 1054 2949 1109 vel
2990 1056 3243 1125 reprobat
3268 1056 3354 1113 vel
3385 1056 3482 1112 ad—

1896 1146 2082 1201 mittit.
2116 1145 2269 1200 lllico
2308 1161 2564 1217 namque,
2594 1155 2653 1202 ut
2700 1148 2963 1218 patefacta
2990 1149 3153 1205 fuerit
3176 1192 3191 1218 ,
3220 1149 3480 1222 cogitatio

1895 1240 2130 1311 maligna
2163 1239 2482 1305 marcescit;
2511 1248 2566 1294 et
2607 1248 2897 1311 antequam
2954 1240 3299 1298 discretionis
3330 1243 3479 1313 judi-

1892 1331 2033 1388 cium
2078 1333 2420 1401 proferatur,
2467 1344 2693 1401 serpens
2738 1332 3050 1389 teterrimus
3096 1333 3295 1389 velute
3329 1342 3480 1391 tene-

1892 1425 2056 1481 broso
2081 1439 2143 1480 ac
2166 1424 2523 1479 subterraneo
2550 1437 2715 1494 specu
2747 1423 2945 1481 virtute
2968 1423 3327 1481 confessionis
3352 1440 3479 1497 pro-

1893 1528 2098 1574 tractus
2144 1517 2210 1573 ad
2257 1517 2430 1573 lucem
2456 1557 2473 1583 ,
2531 1526 2582 1571 et
2635 1516 2912 1573 traductus
2936 1518 3373 1589 quodammodo,
3413 1534 3477 1575 ac

1890 1611 2277 1667 dehonestatus
2324 1608 2590 1665 abscedit.
2642 1609 2873 1665 Tamdiu
2911 1610 3055 1665 enim
3102 1611 3477 1682 suggestiones
3544 1606 3547 1609 λ

1889 1702 2007 1773 ejus
2033 1702 2211 1757 noxia:
2254 1701 2603 1755 dominantur
2639 1700 2691 1755 in
2722 1700 2908 1767 nobis,
2936 1700 3189 1773 quamdiu
3224 1700 3478 1758 celantur

1891 1797 1943 1852 in
1967 1795 2149 1853 corde.
2194 1794 2263 1850 Et
2289 1803 2345 1849 ut
2374 1795 2629 1849 virtutem
2677 1794 2961 1850 sententiae.
3007 1794 3165 1865 hujus
3194 1794 3468 1850 efficacius

218 1875 505 1934 humilitate
534 1881 853 1950 acquiritur.
903 1891 928 1918 ι
960 1880 1125 1952 Cujus
1154 1882 1475 1942 humilitatis
1519 1885 1636 1943 haec
1678 1889 1783 1943 erit
1813 1873 1860 1934 Β
1885 1890 2179 1961 colligatis,
2205 1888 2436 1944 referam
2459 1888 2614 1943 vobis
2637 1888 2847 1943 abbatis
2878 1899 2899 1927 ο
2924 1888 3234 1959 Serapionis
3253 1888 3472 1954 factum,

216 1972 363 2047 prima
383 1974 675 2045 probatio,
729 1977 774 2031 si
802 1975 1055 2031 universa
1089 1992 1195 2033 non
1224 1980 1398 2034 solum
1428 1996 1548 2051 qua:
1579 1981 1783 2052 agenda

216 2078 349 2136 sunt,
393 2067 498 2123 sed
543 2069 713 2124 etiam
755 2085 875 2139 qua:
913 2071 1243 2140 cogitantur,
1285 2071 1559 2128 seniorum
1601 2088 1783 2129 reser-

215 2150 387 2215 ventur
431 2160 673 2216 examini
698 2202 714 2225 ,
750 2168 809 2216 ut
838 2161 971 2217 nihil
1002 2164 1123 2232 quis
1150 2180 1249 2218 suo
1282 2165 1489 2234 judicio
1518 2166 1783 2233 credens,

215 2250 401 2307 illorum
433 2268 535 2324 per
564 2256 747 2309 omnia
775 2255 1181 2312 definitionibus
1209 2261 1540 2327 acquiescat,
1567 2269 1623 2316 et
1654 2260 1787 2329 quid

212 2343 386 2400 bonum
416 2346 507 2401 vel
530 2347 731 2402 malum
760 2346 959 2403 debeat
973 2350 1244 2419 judicare,
1272 2364 1457 2407 eorum
1491 2353 1784 2409 traditione

212 2448 505 2507 cognoscat.
540 2437 568 2477 ιι
597 2439 731 2508 Quae
774 2441 1042 2496 institutio
1089 2457 1196 2497 non
1224 2444 1396 2499 solum
1444 2460 1545 2515 per
1592 2460 1781 2502 veram

210 2529 542 2591 discretionis
574 2534 718 2590 viam
742 2534 998 2605 juvenem
1027 2547 1176 2592 recto
1207 2538 1422 2593 tramite
1452 2537 1669 2594 docebit
1693 2541 1780 2595 in-

1887 1982 2032 2055 quod
2066 1982 2155 2037 ille
2193 1982 2503 2051 junioribus
2532 1980 2904 2037 instructionis
2934 1982 3116 2053 gratia
3163 1978 3476 2052 frequenter

1888 2075 2250 2148 proponebat.

2500 2168 2729 2224 CAPUT
2768 2166 2858 2223 XI.

1899 2260 2065 2317 Verba
2092 2260 2292 2315 abbatis
2325 2260 2654 2332 Serapionis,
2679 2270 2725 2315 et
2752 2261 2814 2314 de
2834 2274 3067 2313 marcore
3095 2260 3477 2332 patefacturum

1962 2333 2349 2404 cogitationum,
2374 2340 2424 2385 et
2452 2331 2516 2386 de
2540 2332 2770 2403 periculo
2800 2331 3027 2402 prapria:
3054 2331 3401 2399 confidentia.

1961 2448 2094 2505 Cum
2150 2446 2325 2502 adhuc
2377 2459 2557 2501 essem
2606 2442 2906 2517 puerulus,
2968 2442 3175 2513 inquit,
3228 2450 3284 2497 et
3349 2456 3476 2497 cum

1887 2541 2082 2599 abbate
2100 2536 2129 2580 ά
2149 2540 2378 2596 Theone
2397 2550 2822 2602 commanerem,
2851 2534 2969 2590 haec
2996 2532 3126 2589 mihi
3158 2532 3335 2589 fuerat
3373 2532 3477 2589 ini-

1280 2671 1538 2729 ALARDI
1576 2672 1809 2731 GAZEI
1845 2672 2409 2732 COMMENTARIUS.

207 2778 414 2817 nummos
446 2763 770 2818 adulterinos
807 2775 1073 2835 segregant
1092 2808 1107 2827 ,
1137 2766 1323 2835 probos
1351 2776 1523 2820 autem
1550 2767 1646 2822 sibi
1674 2771 1772 2821 ad-

207 2835 456 2909 jungunt:
481 2836 559 2889 sic
588 2844 784 2909 oportet
814 2839 1109 2909 episcopum
1143 2854 1258 2904 qute
1283 2839 1412 2892 uitiis
1452 2840 1657 2907 quidm:
1689 2855 1775 2893 ca-

324 2907 585 2979 retinere;
612 2906 795 2960 vitiosa
817 2922 965 2970 vero.
988 2906 1069 2960 rel
1087 2924 1291 2965 Curare.
1324 2909 1419 2973 vel,
1454 2906 1495 2960 si
1524 2920 1598 2964 est
1624 2910 1777 2979 (egri-

206 2976 313 3052 tudo
346 2976 659 3052 insanabilis
676 3019 691 3041 ,
713 2979 965 3052 expellere
987 2988 1031 3031 et
1055 2979 1285 3034 celeriter
1302 2991 1591 3052 amputare,
1617 2976 1681 3052 ne
1696 2998 1779 3041 rue

261 3048 441 3102 ibusris
496 3050 725 3102 credere.
781 3048 843 3103 Et
902 3048 1224 3104 Damascen.
1284 3048 1399 3105 lib.'
1434 3067 1485 3105 tv
1533 3048 1601 3105 de
1645 3051 1777 3107 Fide

287 3118 411 3175 hod.
458 3133 516 3174 c.
545 3120 613 3174 ts
638 3135 654 3173 :
678 3118 739 3173 Si
774 3128 947 3190 autem
985 3118 1130 3173 abiis
1156 3124 1243 3190 qui
1289 3123 1417 3187 foris
1448 3133 1565 3176 sunt
1605 3124 1781 3177 decer-

205 3206 305 3263 p_ere
330 3191 607 3261 quippiam
634 3191 756 3263 utile
783 3189 1115 3257 uoluerimus,
1152 3189 1293 3246 haud
1320 3195 1643 3263 aspernabile
1682 3207 1778 3251 est.

205 3257 504 3329 Efﬁciamssr
550 3260 753 3330 probati
806 3265 1113 3336 trapezita,
1160 3257 1442 3332 legitimum
1490 3280 1537 3317 et
1593 3282 1782 3336 purum

203 3345 369 3385 eurum
391 3343 698 3385 acervantes
716 3372 731 3397 ,
762 3332 1118 3385 adulterinum
1154 3345 1323 3388 autent
1346 3332 1629 3404 refutantes
1652 3353 1670 3401 ;
1697 3354 1783 3391 su-

205 3416 384 3476 mantus
413 3418 681 3458 sermones
704 3406 925 3476 optimas
943 3445 955 3460 .
993 3404 1114 3476 deos
1132 3416 1304 3460 autem
1333 3408 1579 3461 ridiculos
1610 3420 1656 3461 et
1701 3409 1780 3476 fa-

206 3471 335 3546 bulas
358 3475 563 3528 alienas
598 3474 809 3546 canibus
846 3474 1203 3546 projicia’mus.

263 3544 451 3617 {inter
482 3544 684 3617 gradus
707 3544 1026 3617 humilitatis
1046 3548 1239 3614 quinto
1269 3548 1388 3602 loco
1410 3546 1561 3617 ponit
1582 3548 1645 3601 D.
1682 3549 1784 3605 Be-

206 3613 432 3691 nedirtns
484 3614 641 3691 (gap.
675 3616 767 3691 Ἰ),Δ
808 3617 881 3691 εἰΔ
907 3613 1185 3691 monacltus
1210 3690 1213 3691 ν
1235 3613 1423 3672 onones'
1444 3622 1782 3691 cogitationes

205 3688 351 3740 malas
391 3688 543 3741 cordi
572 3702 670 3740 suo
698 3687 1020 3741 advenientes
1045 3688 1217 3742 abbati
1253 3706 1353 3743 non
1386 3687 1623 3743 celarierit
1661 3707 1777 3744 suo.

206 3754 263 3831 ξι
304 3756 443 3831 inter
495 3759 1160 3831 instrumenlaﬁbnnorum
1207 3775 1430 3827 operum
1475 3760 1627 3831 (ϐιῳ.
1656 3760 1711 3827 4)
1763 3778 1775 3813 :

206 3822 549 3897 Cogitationes
572 3827 737 3882 malas
758 3830 900 3881 cordi
917 3845 1007 3881 suo
1025 3822 1345 3884 advenientes
1369 3822 1491 3885 mea?
1511 3822 1781 3885 ad'Cltris-

204 3900 573 3971 turn‘allidere,
599 3908 648 3954 et
666 3900 864 3961 seniori
891 3900 1115 3971 spiritali
1139 3906 1452 3971 patefacere.
1481 3901 1594 3969 Qua
1622 3904 1690 3957 de
1721 3918 1780 3958 re

204 3967 317 4039 alibi
346 3972 586 4039 egimus.

264 4036 289 4076 δ
332 4036 509 4108 Hujus
558 4040 915 4096 institutionis
968 4050 1212 4096 veterum
1266 4042 1485 4097 Patrum
1538 4043 1781 4099 meminit

203 4110 349 4182 etiam
411 4112 646 4168 Phatius
701 4115 753 4166 in
799 4112 1063 4167 Cassiano
1090 4155 1104 4177 ,
1150 4114 1239 4182 qui
1276 4123 1426 4168 certe
1469 4116 1668 4169 multus
1718 4131 1780 4170 ac

207 4176 446 4249 frequens
469 4194 554 4236 est
589 4185 641 4238 in
668 4199 727 4238 ea
754 4184 997 4238 doctrina
1034 4176 1455 4238 et’in'stitmione
1500 4200 1780 4241 commen-

204 4248 360 4307 danda
401 4263 460 4309 ct
504 4254 845 4309 inculcanda.
885 4256 973 4307 Sic
1018 4256 1157 4309 cnim
1203 4256 1327 4310 alibi
1362 4256 1527 4311 refert
1568 4257 1781 4311 'I'aheu-

205 4334 383 4378 nenses
414 4326 608 4381 Patres
633 4328 973 4381 exisnmasse
997 4326 1046 4378 id
1072 4327 1358 4394 plurztnunt
1382 4329 1685 4381 conducere
1712 4328 1776 4379 ad

204 4396 496 4465 spiritualis
524 4398 651 4450 vitae
699 4396 1041 4451 fundamenta
1092 4399 1245 4451 firme
1292 4398 1536 4465 jaciendu
1561 4441 1575 4458 ,
1606 4406 1665 4451 ut
1694 4399 1781 4465 ju—

203 4463 365 4519 niores
397 4468 731 4522 tentatinnes
763 4482 888 4521 Siras
928 4477 1089 4531 atque
1125 4468 1263 4522 adeo
1293 4463 1647 4536 cogitationes
1682 4463 1776 4522 su-

206 4536 389 4599 periori
420 4550 517 4591 aut
546 4537 751 4591 seniori
787 4554 943 4603 quam
974 4538 1232 4592 citissime
1257 4551 1306 4592 et
1339 4555 1433 4592 sua
1468 4550 1659 4607 sponte
1683 4539 1777 4594 tle-

205 4612 369 4681 μερίδι
388 4628 401 4661 :
422 4608 800 4672 Instituuntur,
826 4608 996 4679 inquit
1017 4608 1157 4681 (Lib.
1190 4626 1237 4664 tv
1264 4609 1393 4665 luat.
1418 4626 1535 4681 cap.
1559 4609 1640 4679 9),
1659 4614 1779 4664 nul-

204 4675 271 4728 las
316 4684 523 4749 penitus
544 4696 602 4732 co
643 4681 877 4732 itationes
901 4675 1189 4746 prurientes
1219 4683 1274 4735 in
1301 4681 1457 4734 corde
1482 4675 1777 4752 perniciosa

204 4750 497 4802 confusione
531 4698 737 4802 celare:
774 4750 861 4802 scd
900 4754 1170 4802 confestim
1215 4766 1271 4802 ut
1316 4762 1508 4802 exortae
1554 4753 1777 4802 fuerint.

204 4750 497 4817 confusione
531 4750 737 4823 celare;
774 4750 861 4803 sed
900 4754 1170 4823 confestim
1215 4766 1271 4804 ut
1316 4750 1508 4805 exorta:
1552 4753 1777 4822 fuerint,

204 4834 278 4895 eos
300 4837 395 4895 suo
446 4822 743 4895 patefacere
781 4824 1012 4895 seniori,
1044 4838 1135 4895 nec
1172 4840 1325 4895 super
1365 4839 1544 4895 earum
1578 4824 1779 4893 judicio

204 4890 473 4960 quidquam
494 4890 601 4947 suis
622 4890 1277 4959 discretionicommittere;
1305 4896 1392 4948 sed
1416 4894 1547 4947 illud
1576 4890 1781 4948 credere

204 4959 383 5033 malum
416 4979 549 5027 esse,
582 4962 661 5017 vel
686 4964 893 5025 bonum,
926 4964 1065 5030 quod
1098 4966 1391 5018 discusserit
1425 4976 1515 5018 aut
1546 4982 1781 5033 pronun-

204 5030 385 5105 tiauertt
417 5036 637 5087 senioris
667 5050 901 5088 examen.
932 5033 1118 5105 Itaque
1145 5036 1200 5103 ﬁt
1224 5045 1277 5088 ut
1308 5039 1359 5089 in
1393 5030 1782 5089 nullovcircum-

204 5103 359 5179 genite
406 5106 646 5177 juvenem
694 5105 915 5179 callidus
955 5103 1235 5179 inimicus,
1280 5108 1416 5160 uelut
1459 5108 1781 5179 inexpertum

203 5171 534 5245 ignarumque
562 5177 859 5243 prtevaleut,
894 5194 984 5231 nec
1020 5178 1129 5231 ulla
1152 5171 1336 5244 fraude
1360 5171 1594 5243 decipere
1631 5194 1781 5245 quem

204 5249 435 5309 prandet
468 5263 567 5299 non
600 5263 719 5309 sua,
741 5250 828 5301 sed
863 5249 1078 5302 senioris
1127 5250 1433 5303 dtsrretione
1463 5248 1684 5314 muniri,
1733 5258 1782 5303 et

205 5318 551 5391 suggestion“
576 5334 722 5376 suas.
758 5319 832 5372 rel
853 5320 1015 5388 ignita
1029 5319 1213 5391 jacula
1238 5335 1570 5389 nuruumque
1608 5322 1659 5371 in
1693 5328 1784 5373 cor

207 5386 303 5458 ejus
322 5388 668 5458 interjeccrit,
698 5399 750 5442 ut
774 5386 1204 5455 seniorem’celet,
1233 5386 1335 5444 non
1363 5407 1511 5457 posse
1551 5392 1779 5445 suaderi.

242 5456 283 5508 ic
306 5456 590 5527 eleganter
611 5462 899 5513 CaSsianus
918 5504 930 5523 ,
959 5462 1040 5515 vel
1066 5464 1205 5529 apud
1234 5456 1554 5515 Cassianum
1585 5463 1783 5515 vetu5ti

208 5520 501 5582 Patres'de
549 5520 937 5599 cogitationum
970 5532 1075 5585 cita
1102 5520 1548 5586 'ntanil'estatione
1594 5533 1782 5601 dispu-

207 5602 404 5662 larunt;
426 5615 550 5664 qua:
575 5601 698 5655 huic
728 5601 845 5654 lucu
869 5603 1023 5667 plane
1045 5613 1365 5658 (ξοηκοιιειιιι.
1395 5604 1593 5657 Eodem
1618 5613 1781 5657 etiam

206 5680 397 5741 spectat
438 5671 529 5741 illa
573 5672 634 5725 D.
671 5672 888 5725 Antonii
931 5676 1228 5727 ailmoni:io
1259 5675 1396 5741 apud
1425 5674 1777 5728 Athanasium

205 5732 445 5814 (fu‘Vita
474 5739 513 5794 S
567 5742 800 5812 Antonii)
828 5761 840 5795 :
872 5744 1115 5814 Magnam
1144 5762 1249 5798 esse
1279 5732 1345 5798 ad
1363 5748 1594 5797 virtutem
1616 5747 1781 5810 viam,

204 5808 243 5858 si
268 5809 467 5886 singuli
496 5814 568 5865 vel
596 5808 1070 5886 observarentquod
1102 5828 1364 5883 gererent,
1402 5816 1481 5869 vel
1523 5808 1786 5869 universas

204 5882 446 5935 ﬂentium
492 5886 820 5951 cogitationes
866 5882 1117 5953 fratribus
1154 5888 1407 5955 referrent
1448 5902 1465 5941 :
1506 5904 1603 5942 non
1647 5889 1784 5942 euiut

1806 4577 1858 4638 D

1878 2786 2025 2841 posse
2049 2768 2273 2839 aliquem
2304 2782 2537 2837 peccare,
2569 2780 2687 2841 cum
2707 2765 2965 2841 relaturus
2986 2762 3306 2841 _esset_alteri
3329 2779 3477 2834 quar-

1879 2835 2399 2911 cumquepeccasset,
2435 2848 2479 2892 et
2508 2838 2681 2892 subire
2710 2837 2958 2908 pudorem
2979 2837 3031 2889 in
3054 2835 3318 2905 publicum
3357 2845 3470 2889 tur-

1880 2912 1968 2980 pia
1996 2910 2310 2977 proferendi,
2345 2919 2451 2964 etc.

1957 2993 1979 3021 ε
2018 2981 2151 3036 Tres
2202 2981 2449 3051 ejusdem
2507 2979 2742 3034 nominis
2790 2977 3135 3051 anachoreta:
3170 2977 3475 3051 sanctitatis

1885 3051 2043 3130 laude
2087 3048 2420 3130 claruerunt.
2470 3051 2680 3130 Primus
2706 3051 2795 3105 ille
2826 3048 3352 3130 magnus_Serapioti
3401 3063 3469 3130 ex

1886 3123 2214 3179 anachoreta
2239 3126 2546 3194 episcopus
2576 3118 2947 3194 ’l‘hmiteosab
2988 3118 3283 3194 Athanasio
3328 3118 3476 3194 ordi-

1887 3205 2075 3258 natus,
2133 3206 2187 3249 ut
2235 3190 2351 3263 ipse
2403 3190 2633 3248 testatur
2677 3192 2729 3246 in
2778 3192 2937 3262 epist.
2982 3191 3049 3263 ad
3098 3190 3473 3263 Dracontium.

1890 3266 2080 3321 Exstat
2111 3259 2341 3334 epistola
2365 3266 2608 3335 ejusdem
2640 3259 2919 3335 Athanasii
2947 3262 3012 3316 ad
3042 3260 3290 3335 eumdem
3312 3259 3476 3335 sera-

1890 3337 2103 3406 pionem
2135 3331 2515 3391 ailversus’eos
2546 3335 2636 3402 qui
2673 3334 2959 3406 mussitare
2992 3333 3317 3406 incipiebant
3354 3331 3475 3399 Spi-

1887 3403 2051 3463 ritum
2079 3419 2326 3462 sanctum
2352 3421 2475 3461 esse
2501 3414 2806 3461 creaturam
2843 3422 2855 3457 :
2889 3404 3123 3473 itemque
3164 3403 3473 3458 Continen-

1886 3480 2059 3533 tarius
2100 3480 2168 3533 de
2201 3476 2537 3546 blasphemia
2581 3476 2632 3531 in
2673 3475 2933 3545 Spiritum
2979 3484 3224 3546 sanctum
3268 3484 3321 3528 et
3367 3473 3474 3527 alia

1885 3550 2115 3617 epistola
2141 3550 2205 3601 de
2232 3544 2407 3603 morte
2429 3547 2567 3603 Arii.
2588 3546 2705 3615 Agit
2720 3544 2798 3599 de
2814 3544 3087 3617 eode-ms.
3111 3544 3472 3617 Hieronymus

1887 3615 1979 3695 lib.
2005 3620 2098 3695 _de
2123 3619 2335 3695 _S_cript.
2396 3620 2605 3695 Eccles,
2647 3626 2703 3671 et
2732 3615 3061 3695 innepistola
3102 3615 3471 3695 adnllagnum

1889 3688 2082 3761 (Epist.
2117 3691 2232 3752 8’s),
2262 3684 2527 3761 Socrates
2547 3690 2640 3761 lib.
2672 3702 2725 3741 tv
2755 3686 2957 3761 histor.
2991 3700 3112 3755 cap.
3146 3684 3235 3750 18,
3264 3684 3468 3761 H_i_sl.or.

1885 3755 2123 3836 Tripart.
2176 3761 2319 3836 lib_._t
2350 3774 2471 3836 cap.
2508 3756 2811 3836 lLNiceph.
3007 3772 3071 3836 tx_
3114 3770 3241 3836 cap:
3287 3755 3473 3836 “Aet

1883 3824 2207 3898 liliﬁxrcap.
2240 3829 2327 3885 43.
2362 3824 2512 3883 Alter
2541 3824 2808 3896 Serapion
2846 3826 3166 3889 Sindonius.
3187 3824 3314 3898 sive
3347 3824 3472 3898 Sin-

1884 3901 2099 3958 donites
2138 3896 2325 3973 dictus,
2356 3900 2523 3973 (quod
2558 3908 2753 3973 prater
2778 3899 3064 3973 sindonem
3106 3896 3473 3973 ttil1_iI_iiidue-

1884 3976 2015 4041 ret),
2038 3973 2106 4029 de
2127 3988 2234 4043 quo
2259 3966 2585 4027 mirarelert
2607 3969 2883 4043 Palladius
2907 3968 3121 4024 Lausia.
3144 3967 3232 4043 βξ.
3257 3966 3473 4021 Tertius

1884 4038 2117 4114 denique
2146 4038 2423 4112 Serapion
2455 4044 2771 4097 Arsenoites
2792 4086 2807 4107 ,
2855 4042 3043 4093 decem
3085 4038 3339 4114 millium_
3359 4052 3473 4114 mo-

1885 4108 2204 4189 nachorum
2227 4108 2394 4189 abbas
2418 4115 2725 4189 ,_i_demqn_ie
2756 4113 3061 4189 presbyter,
3091 4109 3159 4189 de
3188 4108 3467 4189 quouidem

1886 4184 2158 4241 Palladius
2187 4184 2401 4239 Lausia.
2433 4186 2524 4252 76,
2560 4196 2612 4240 et
2641 4179 2842 4239 'Peti'us
2880 4179 2936 4238 in
2981 4181 3243 4249 Calalogo
3278 4179 3372 4233 lib.
3416 4195 3473 4234 Ill

1884 4271 2007 4332 cap.
2035 4256 2096 4309 2t
2113 4258 2163 4310 7.
2194 4258 2267 4332 De
2290 4272 2397 4332 quo
2421 4258 2507 4311 hic
2531 4256 2613 4325 agi
2634 4254 2853 4332 omnino
2882 4254 3159 4332 existimo,
3183 4258 3472 4332 etcumon

1886 4328 2122 4381 habitam
2152 4323 2527 4382 collectionem
2566 4323 2812 4396 quintam
2846 4327 2964 4395 ejus
2995 4325 3210 4396 nomine
3242 4323 3472 4396 inscrip-

1884 4405 2254 4475 ta_m,_qute_cst_
2280 4400 2347 4453 de
2368 4407 2490 4452 octo
2516 4393 2903 4475 principalibus
2924 4395 3089 4449 vitiis.
3111 4394 3243 4449 Nam
3264 4393 3470 4475 primus

1884 4468 1979 4523 ille
2002 4462 2253 4524 Cassiani
2286 4462 2713 4523 tetatem'multo
2741 4475 2988 4536 tempore
3018 4462 3332 4520 antecessit.
3375 4462 3471 4517 Se-

1883 4542 2095 4594 cundus
2128 4556 2223 4592 nec
2262 4539 2431 4592 abbas
2480 4539 2813 4603 nominatur,
2856 4552 2953 4592 nec
3006 4536 3287 4591 monachis
3330 4548 3469 4603 praes

1886 4611 2048 4679 fuisse
2070 4610 2289 4679 legitur.

1952 4678 1979 4718 ά
2022 4674 2188 4740 Huius
2223 4680 2439 4732 nomine
2469 4678 2859 4741 inscribuntur,
2894 4685 2957 4731 ut
2984 4691 3108 4730 cum
3149 4689 3215 4731 eo
3246 4674 3464 4742 habitat,

1882 4761 1995 4807 tres
2027 4751 2344 4805 collationes
2372 4767 2382 4802 :
2416 4749 2675 4817 vigesima
2705 4748 2896 4816 prima,
2926 4762 3048 4817 qum
3078 4754 3161 4800 est
3183 4747 3248 4799 de
3276 4745 3470 4798 remis-

1882 4822 2034 4876 sione
2061 4820 2550 4889 Quinquagesinnn;
2583 4820 2836 4888 vigesima
2868 4818 3128 4876 secunda.
3161 4817 3229 4870 de
3249 4827 3468 4889 noctur-

1884 4893 1966 4947 nis
1991 4886 2352 4957 illusiotii'lms';
2383 4902 2435 4945 et
2466 4886 2729 4960 vigesima
2756 4890 2936 4949 tertia.
2967 4892 3035 4944 de
3060 4903 3129 4942 eo
3153 4886 3296 5010 q'uod
3323 4890 3467 4967 Apo-

1884 4964 2055 5010 stolus
2085 4964 2156 5010 ait
2193 4979 2206 5010 :
2240 4960 2361 5010 Non
2401 4964 2536 5010 enim
2582 4962 2717 5010 nuod
2757 4964 2870 5010 nolo
2903 4962 3087 5010 bonum
3110 5000 3123 5010 .
3203 4973 3262 5010 oc
3308 4959 3467 5010 farto.

1882 4964 2055 5018 stolus
2085 4964 2157 5016 ait
2193 4979 2207 5019 :
2239 4960 2361 5015 Non
2401 4959 2544 5016 enim’
2582 4962 2717 5031 quod
2757 4964 2870 5016 uolo
2903 4962 3087 5014 bonum
3110 5000 3123 5022 ,
3166 4959 3262 5031 liae
3307 4959 3467 5027 facio,

1882 5045 1986 5089 etc.
2024 5036 2206 5087 Dictus
2236 5044 2414 5086 autem
2445 5028 2658 5097 Themi,
2691 5044 2745 5087 et
2772 5032 3029 5093 Theona.
3055 5033 3140 5085 vel
3169 5028 3421 5097 Theonns
3451 5042 3465 5081 ε

1883 5104 1953 5159 de
1982 5121 2089 5173 quo
2118 5108 2257 5158 idem
2287 5104 2579 5157 Cassianus
2610 5103 2897 5158 collatione
2922 5103 2986 5156 2|
3021 5116 3144 5168 cap.
3175 5100 3230 5165 9,
3262 5109 3314 5153 et
3346 5096 3467 5173 Pal:

1885 5170 2058 5231 ladins
2086 5175 2300 5229 Lausia.
2332 5175 2431 5230 50:
2459 5174 2715 5240 Vidimus,
2748 5174 2938 5245 inquit.
2970 5173 3131 5226 aliunt
3157 5186 3259 5245 non
3287 5170 3469 5238 procul

1884 5264 1916 5300 α
1945 5247 2169 5309 ciuitate,
2202 5249 2252 5298 in
2278 5248 2578 5308 solitudine,
2610 5242 3128 5304 nomine'TIteonant,
3157 5242 3320 5294 virum
3344 5256 3466 5292 sau-

1885 5328 2051 5381 ctum,
2088 5319 2137 5370 in
2169 5316 2482 5369 domuncula
2512 5332 2743 5369 seorsum
2785 5316 3073 5379 inclusum,
3116 5313 3203 5382 qui
3245 5321 3470 5380 tempore

1885 5390 2097 5461 triginta
2122 5404 2379 5461 annorum
2402 5388 2659 5439 silentium
2687 5396 2974 5461 sacrauerat
2990 5432 3005 5461 ί,
3037 5381 3249 5461 etc.__pe
3277 5381 3469 5435 eodem

1885 5454 2220 5514 So'zomcnus
2268 5460 2363 5513 Iih.
2405 5472 2460 5511 vt
2506 5474 2625 5527 cap.
2671 5457 2771 5513 28.
2818 5456 3103 5521 Nicephor.
3140 5454 3230 5527 lib.
3268 5467 3319 5506 ιι
3347 5466 3469 5527 cap.

1886 5528 1975 5595 54,
2006 5543 2056 5583 et
2091 5530 2290 5584 llismr.
2324 5523 2585 5594 'I‘ripartif
2614 5530 2703 5583 lib.
2734 5545 2748 5582 ι
2779 5542 2896 5587 can.
2933 5528 2985 5581 8.
3019 5524 3259 5579 Meminit
3290 5535 3342 5595 et
3370 5523 3469 5575 So-

1888 5590 2150 5676 phronius
2179 5599 2246 5676 in_
2276 5590 2436 5676 Prata
2466 5599 2806 5676 Spiril._c;tp.
2837 5600 2927 5676 Ξῖ.
2954 5596 3099 5676 _Fuit_
3126 5598 3265 5676 alter
3293 5590 3469 5647 Theo-

1889 5668 1987 5725 nas
2033 5672 2477 5743 (nequis‘forte
2514 5668 2765 5743 eumdem
2806 5668 3137 5743 existimet),
3182 5668 3469 5743 cpiEcOpus

1887 5735 2228 5799 Alexandria:
2246 5783 2261 5809 ,
2284 5740 2352 5795 de
2375 5755 2481 5811 quo
2510 5740 2774 5811 Eusebius
2803 5741 2856 5794 in
2883 5735 3153 5795 Chronico
3181 5748 3235 5793 et
3267 5735 3468 5792 Hister.

1888 5815 1985 5870 lib.
2017 5829 2091 5868 vn
2122 5808 2253 5883 cap.
2280 5808 2492 5875 ultimo,
2545 5808 2878 5883 Nicephorqs
2906 5812 3114 5868 Callisti
3141 5811 3237 5867 lib.
3269 5822 3325 5863 vt
3349 5820 3447 5877 cap

1888 5886 1989 5952 54,
2016 5896 2068 5941 ct
2098 5880 2386 5955 Nicephor.
2422 5880 2709 5955 episcopus
2740 5884 2792 5939 in
2823 5880 3112 5941 Chronico.
