3966 6326
413 366 519 429 B39

1437 349 1751 425 saturus
1785 360 2103 424 cassum
2140 364 2638 426 COLLATIONES.

3577 338 3671 443 ad

417 483 547 545 mici
572 484 985 559 impugnatione
1004 480 1341 542 consuetudo
1371 482 1607 555 ingesta,
1637 494 1695 540 ut
1725 492 2006 557 postquam
2036 490 2090 565 Α
2114 480 2377 541 lationem
2453 484 2758 542 durissimae
2794 486 3127 558 captivitatis
3176 504 3207 545 a
3255 489 3474 550 Domino
3519 497 3672 572 depo-

423 581 739 639 relecissem
784 576 919 636 hora
968 595 1110 636 nona
1133 595 1255 634 cum
1287 594 1448 647 sene,
1481 595 1646 634 unum
1685 587 1710 616 ⁸
1754 596 2010 650 paxama-

418 679 566 732 cium
598 674 840 746 quotidie
889 674 941 730 in
975 674 1097 729 sinu
1129 686 1249 729 meo
1296 674 1532 728 latenter
1579 672 1967 729 absconderem
1989 714 2005 741 ,

413 773 556 846 quod
607 781 734 829 sero
790 771 883 827 illo
937 771 1219 842 ignorante
1271 769 1482 825 occulte
1532 768 1782 824 edebam.
1853 767 2007 837 Quod

413 867 646 931 furtum,
693 862 820 920 licet
845 862 1223 919 convenientia
1266 859 1372 935 [ΑΙ.
1403 857 1775 933 conniventia]
1809 860 2006 930 volup-

414 960 537 1011 tatis
583 965 637 1010 et
688 948 862 1010 inoliti
927 955 1095 1009 semel
1136 952 1395 1010 desiderii
1444 952 1837 1009 incontinentis
1888 950 2006 1009 sine

415 1048 721 1103 cessatione
750 1046 1188 1111 committerem,
1231 1044 1449 1116 expleta
1497 1053 1674 1099 tamen
1715 1043 2006 1115 concupis-

415 1140 591 1195 centia
621 1136 987 1205 fraudulenta,
1013 1137 1079 1193 ad
1107 1140 1486 1209 memetipsum
1531 1148 1813 1194 revertens
1843 1155 2006 1209 super

411 1218 652 1287 admisso
685 1228 831 1286 furti
880 1229 1148 1296 crimine,
1197 1231 1418 1302 gravius
1464 1231 1785 1297 cruciabar,
1844 1246 2002 1302 quam

412 1306 576 1393 super
622 1337 719 1378 esu
758 1322 875 1395 ejus
924 1320 1132 1378 fueram
1176 1322 1528 1393 jucundatus.
1581 1319 1828 1393 Cumque
1874 1322 2004 1379 illud

412 1414 862 1470 molestissimum
891 1431 1029 1485 opus
1057 1416 1202 1470 velut
1230 1415 1297 1468 ab
1317 1416 1674 1471 exactoribus
1701 1414 2005 1472 Pha’rnmtis

414 1501 612 1576 (Exod.
646 1504 700 1577 v)
748 1503 1009 1560 indictum
1041 1505 1170 1560 mihi
1208 1506 1327 1561 vice
1360 1507 1594 1562 laterum
1627 1506 1859 1578 singulis
1890 1506 2005 1564 die-

410 1595 512 1654 bus
537 1597 760 1667 explere
788 1614 894 1651 non
918 1597 1037 1653 sine
1065 1596 1254 1653 dolore
1286 1599 1468 1653 cordis
1491 1597 1598 1653 mei
1618 1599 2000 1670 compellerer,

412 1702 511 1744 nec
542 1699 722 1745 tamen
754 1705 950 1745 eruere
980 1704 1068 1745 me
1099 1706 1317 1758 possem
1360 1691 1428 1745 ab
1459 1690 1559 1745 hac
1590 1707 1778 1746 eorum
1810 1691 2002 1746 suavis-

409 1774 541 1834 sima
579 1780 900 1852 tyrannide,
930 1792 984 1836 et
1013 1780 1412 1836 clandestinum
1445 1780 1648 1837 furtum
1679 1784 1795 1838 seni
1825 1782 1999 1838 mani-

2114 586 2369 646 scerent,
2430 576 2737 647 imploravi.
2791 576 2945 636 Tunc
2983 595 3148 637 senex
3180 599 3197 642 :
3229 582 3472 657 Coulide,
3501 590 3600 659 ait,
3639 608 3671 650 o

2114 687 2270 743 puer,
2304 683 2327 712 σ
2358 672 2593 728 absolvit
2633 686 2684 730 te
2704 673 2768 730 alt
2801 676 2896 730 hac
2924 674 3273 749 captivitate,
3304 680 3465 736 etiam
3496 699 3574 739 tne
3600 696 3671 740 ta-

2111 777 2290 831 cente,
2318 764 2589 823 confessio
2612 772 2722 821 tua.
2751 764 3020 822 Victorem
3053 784 3293 839 namque
3319 773 3667 831 adversarium

2110 867 2262 915 tuum
2298 859 2464 916 hodie
2515 859 2857 931 triutnphasti
2878 902 2893 925 ,
2946 861 3181 917 validius
3209 878 3329 918 eum
3362 874 3445 919 tua
3474 864 3673 924 confes-

2110 953 2265 1007 sione
2301 952 2532 1020 elidens,
2563 968 2722 1022 quam
2756 952 2872 1023 ipse
2897 948 3077 1008 fueras
3103 952 3172 1009 ab
3197 968 3265 1010 eo
3292 967 3377 1008 tua
3409 956 3674 1013 taciturni-
3716 1008 3725 1015 .

2110 1050 2220 1101 tate
2247 1044 2489 1116 dejecttts
2519 1064 2532 1101 :
2560 1062 2720 1116 quem
2758 1046 2949 1113 utique
2980 1063 3317 1119 nequaquam
3346 1049 3426 1105 vel
3460 1059 3566 1116 tua,
3595 1051 3673 1108 vel

2108 1137 2332 1191 alterius
2375 1136 2728 1208 responsione
2769 1137 2943 1211 [Lips.
2973 1139 3025 1193 in
3054 1156 3212 1211 marg.
3249 1140 3676 1215 reprehensione]

2108 1228 2426 1307 confutans,
2471 1228 2524 1284 iu
2556 1238 2610 1285 te
2650 1245 2796 1285 nunc
2828 1246 2996 1302 usque
3042 1229 3366 1302 perutiseras
3403 1233 3677 1306 dominari,

2108 1323 2401 1377 secundum
2430 1322 2576 1377 illam
2600 1320 2914 1379 Salomonis
2938 1325 3265 1379 sententiam
3297 1320 3679 1400 (Eccles.vru):

2107 1413 2135 1451 ἀ
2166 1414 2300 1480 Quia
2349 1431 2452 1469 non
2503 1414 2560 1482 ﬁt
2606 1415 2949 1470 contradictio
2996 1415 3079 1470 his
3123 1417 3213 1488 qui
3251 1418 3452 1488 faciunt
3503 1420 3682 1475 malum

2105 1507 2231 1572 cito,
2258 1508 2373 1561 ideo
2398 1506 2651 1579 repletum
2681 1517 2752 1561 est
2782 1524 2871 1562 cor
2904 1507 3135 1576 ﬁliorum
3175 1507 3437 1564 hominum
3466 1510 3516 1568 in
3543 1511 3681 1583 ipsis,

2105 1607 2160 1651 ut
2191 1598 2388 1669 faciant
2418 1598 2577 1653 mala.
2628 1599 2693 1653 Et
2722 1596 2929 1654 idcirco
2963 1597 3077 1670 jam
3109 1609 3161 1655 te
3194 1610 3319 1669 post
3353 1602 3488 1656 hanc
3516 1602 3680 1672 publi-

2104 1691 2374 1746 cationem
2408 1698 2551 1745 tuam
2592 1691 2955 1763 nequissimus
2992 1693 3216 1760 Spiritus
3256 1691 3359 1748 iste
3397 1693 3685 1764 inquietare

2105 1798 2211 1838 non
2240 1786 2456 1854 poterit,
2489 1799 2589 1839 nec
2618 1782 2673 1838 in
2702 1790 2755 1840 te
2785 1781 3067 1839 latibulum
3106 1783 3209 1838 sibi
3242 1782 3551 1839 teterrimos
3578 1799 3687 1840 ser-

408 1869 611 1926 festare
641 1871 1018 1938 confunderer,
1048 1874 1275 1943 contigit
1315 1873 1411 1929 Dei
1468 1882 1599 1929 nutu
1658 1873 1726 1930 de
1769 1875 1870 1931 hoc
1912 1889 2001 1931 me
2030 1862 2079 1927 Β
2107 1894 2238 1949 pens
2264 1878 2518 1948 deinceps
2547 1876 2849 1947 usurpnbit,
2878 1874 2945 1932 de
2977 1878 3215 1932 tenebris
3246 1876 3321 1932 tui
3360 1876 3540 1933 cordis
3569 1891 3688 1932 eon-

409 1965 741 2033 captivitatis
762 1966 891 2035 jugo
925 1962 1160 2022 volentis
1187 1970 1427 2036 eripere,
1460 1978 1513 2022 ut
1544 1968 1761 2040 quidam
1797 1969 1999 2027 fratres

406 2058 599 2113 cellam
635 2060 782 2114 senis
803 2061 1027 2114 obtentu
1055 2061 1428 2116 ardilicationis
1455 2072 1800 2134 expeterent.
1833 2062 1995 2120 Cum-

407 2162 512 2219 que
534 2148 836 2205 refectione
876 2157 1170 2218 transacta,
1199 2150 1421 2209 collatio
1448 2154 1707 2221 spiritalis
1731 2156 1996 2228 erupisset

405 2240 637 2312 agitari,
679 2243 1128 2315 respondensque
1154 2259 1322 2302 senex
1370 2249 1668 2319 propositis
1699 2250 1998 2323 interroga-

405 2334 638 2391 tionibus
667 2353 880 2408 eorum,
929 2338 998 2395 de
1040 2343 1437 2414 gastrimargim
1476 2346 1608 2400 vitio
1652 2355 1709 2400 et
1755 2349 1994 2403 occulta-

403 2441 521 2483 rum
543 2431 929 2500 cogitationum
954 2432 1329 2492 dominatione
1350 2435 1669 2505 dissereret,
1698 2455 1994 2512 eirumque

405 2532 649 2577 naturam
673 2533 728 2580 et
746 2528 1148 2584 atrocissimam
1174 2531 1284 2585 vim
1311 2548 1472 2601 quam
1497 2531 1559 2586 ha
1572 2530 1789 2604 berent,
1819 2534 1993 2592 donec

401 2614 742 2685 celarentur,
776 2634 1071 2691 exponeret
1101 2665 1115 2687 ,
1157 2634 1515 2694 compunctus
1542 2640 1643 2698 ego
1684 2630 1994 2689 collationis

404 2706 568 2777 hujus
612 2709 808 2768 virtute
837 2754 853 2780 ,
893 2725 945 2769 et
980 2717 1317 2772 conscientia
1376 2719 1739 2792 redarguente
1784 2734 1994 2794 perten-

400 2802 565 2871 ritus,
593 2804 745 2860 velut
771 2809 860 2877 qui
890 2809 1173 2865 crederem
1206 2813 1275 2867 ob
1306 2810 1408 2869 hoc
1432 2830 1494 2871 ea
1547 2816 1711 2873 fuisse
1742 2820 1953 2889 prolata
1973 2863 1989 2889 ,

399 2895 545 2965 quod
594 2897 712 2952 seni
761 2898 1021 2956 Dominus
1066 2914 1275 2959 secreta
1319 2908 1423 2961 mei
1473 2911 1710 2977 pectoris
1755 2912 1993 2967 revehis-

398 2997 505 3054 set,
539 2990 592 3043 in
630 2992 876 3046 occultos
909 2994 1142 3063 primum
1191 2999 1423 3068 gemitus
1468 3001 1756 3065 excitatus,
1790 3002 1991 3060 deinde

401 3080 585 3136 cordis
612 3082 717 3140 mei
746 3088 1163 3155 compunctione
1188 3101 1503 3157 crescente,
1554 3093 1605 3148 in
1629 3103 1853 3162 apertos
1879 3094 1990 3151 sin-

399 3174 583 3245 gultus
648 3176 1027 3250 lacrymasque
1093 3196 1493 3254 prorumpens,
1563 3187 1985 3259 paxamaeium,

400 3266 428 3307 δ
467 3272 610 3340 quod
659 3275 1056 3331 consuetudine
1111 3277 1305 3333 vitiosa
1329 3279 1583 3336 clanculo
1609 3281 1988 3340 subtraxeram
2018 3259 2065 3326 (ἶ

401 3362 797 3421 comedendum
824 3409 840 3437 ,
883 3366 951 3423 de
991 3366 1113 3423 sinu
1164 3368 1292 3426 furti
1347 3373 1450 3427 mei
1495 3374 1718 3430 conscio
1766 3388 1831 3431 ac
1868 3390 1993 3432 sus-

400 3465 622 3525 ceptare
663 3457 927 3527 produxi,
958 3461 1245 3530 ipsumque
1286 3464 1341 3519 in
1394 3465 1632 3522 medium
1662 3468 1946 3537 proferens
1969 3510 1988 3537 ,

405 3548 861 3617 quemadmodum
921 3553 1166 3622 quotidie
1231 3555 1467 3613 latenter
1529 3559 1794 3629 ederem,
1863 3578 1993 3633 pro-

400 3647 602 3694 stratus
652 3642 706 3695 in
760 3650 997 3712 terram,
1053 3659 1176 3700 cum
1229 3650 1399 3705 venire
1440 3652 1807 3719 postulatione
1860 3671 1993 3711 con-

401 3730 576 3788 fessus
604 3748 728 3789 sum
754 3775 769 3803 ,
810 3745 863 3791 et
889 3735 1120 3794 ubertim
1154 3742 1393 3812 profusis
1421 3742 1700 3816 lacrymis,
1736 3758 1794 3801 ut
1829 3749 1993 3805 abso-

2101 1972 2336 2026 fessione
2381 1970 2605 2025 salutari
2638 1978 2942 2040 protractus
2973 1966 3039 2023 ad
3072 1967 3272 2023 lucem.
3301 1962 3415 2024 Nec
3440 1966 3566 2023 dum
3608 1984 3687 2023 se.

2102 2078 2206 2117 nex
2235 2060 2350 2116 haec
2376 2061 2540 2116 verba
2571 2060 2961 2130 compleverat,
2993 2069 3045 2114 et
3076 2072 3203 2115 ecce
3232 2060 3446 2128 lampas
3470 2072 3689 2115 accensa

2098 2155 2166 2211 de
2196 2170 2315 2210 meo
2342 2156 2461 2210 sinu
2494 2152 2795 2226 procedens
2823 2152 2895 2208 ita
2925 2153 3117 2209 cellam
3146 2153 3379 2223 replevit
3400 2151 3569 2208 odore
3587 2152 3690 2206 sul-

2098 2249 2289 2316 fureo,
2324 2257 2381 2303 ut
2407 2246 2748 2303 vehementia
2780 2244 2969 2301 fetoris
2991 2244 3163 2316 ipsius
3193 2246 3291 2300 vix
3315 2244 3373 2300 in
3404 2259 3470 2300 ea
3496 2243 3691 2300 reside-

2096 2357 2158 2398 re
2188 2356 2287 2395 nos
2319 2341 2678 2410 permitteret.
2712 2338 3130 2406 Resumensque
3160 2350 3336 2392 senex
3373 2332 3692 2390 admonitio-

2098 2450 2247 2501 nem,
2265 2433 2427 2499 Ecce,
2452 2432 2648 2503 inquit,
2669 2428 2930 2486 Dominus
2954 2428 3050 2486 tibi
3074 2431 3364 2486 veritatem
3386 2440 3692 2485 sermonum

2097 2540 2341 2581 meorum
2371 2523 2652 2579 visibiliter
2678 2520 3020 2594 approbavit,
3052 2529 3111 2577 ut
3139 2520 3424 2591 passionis
3460 2521 3695 2575 incento-

2094 2632 2213 2675 rem
2239 2618 2310 2674 de
2334 2617 2501 2673 corde
2529 2626 2622 2673 tuo
2649 2616 2994 2673 confessione
3018 2615 3221 2670 salubri
3257 2614 3528 2686 fugatum,
3572 2626 3695 2667 ocu-

2096 2712 2165 2768 lis
2192 2713 2545 2783 pervideres,
2588 2709 3027 2781 patefactumque
3074 2710 3297 2766 hostem
3358 2720 3695 2778 nequaquam

2095 2806 2270 2862 locum
2315 2806 2369 2861 in
2406 2815 2460 2861 te
2488 2804 2715 2860 ulterius
2746 2804 3060 2859 habiturum
3080 2844 3097 2870 ,
3124 2811 3320 2871 aperta
3353 2801 3475 2872 ejus
3502 2799 3696 2871 expul-

2094 2900 2272 2969 sione,
2309 2912 2693 2970 cognosceres.
2755 2896 2941 2966 itaque
3004 2893 3316 2950 secundum
3373 2892 3694 2949 sententiam

2094 2992 2262 3061 senis,
2288 2990 2367 3046 Ita
2396 3002 2501 3059 est,
2528 2990 2719 3059 inquit,
2765 2989 2817 3044 in
2851 3004 2938 3043 me
2976 2985 3353 3043 confessionis
3397 2985 3559 3056 hujus
3593 2983 3699 3038 vir-

2094 3092 2207 3139 tute
2248 3084 2546 3138 dominatio
2576 3082 2861 3137 diabolicae
2902 3079 3050 3135 illius
3072 3078 3390 3152 tyrannidis
3432 3078 3700 3135 exstincta

2094 3192 2254 3253 atque
2282 3182 2333 3236 in
2369 3190 2689 3251 perpetuum
2723 3180 3028 3249 consopita,
3060 3186 3119 3233 ut
3142 3195 3453 3251 numquam
3481 3176 3612 3235 mihi
3639 3191 3703 3233 ne

2098 3277 2412 3332 memoriam
2460 3273 2681 3344 quidem
2728 3271 3185 3343 concupiscentia
3247 3270 3420 3343 hujus
3478 3272 3705 3326 ulterius

2098 3370 2387 3426 teutaverit
2431 3367 2681 3424 inimicus
2717 3367 2988 3438 ingerere,
3039 3378 3142 3422 nec
3180 3381 3273 3420 me
3301 3374 3433 3436 post
3462 3366 3583 3420 haec
3608 3363 3702 3418 ali-

2097 3464 2314 3536 quando
2343 3463 2615 3533 pulsatum
2655 3459 2833 3516 furtivi
2876 3456 3018 3514 illius
3046 3458 3315 3515 desiderii
3351 3457 3702 3526 instigatione

2096 3558 2486 3632 persenserim.
2527 3556 2699 3624 Quem
2730 3569 2956 3610 sensum
2996 3554 3049 3608 in
3102 3553 3454 3609 Ecclesiaste
3496 3566 3707 3622 quoque

2097 3652 2464 3723 pulcherrime
2507 3649 2732 3719 legimus
2779 3648 3067 3717 figuratum
3112 3661 3125 3698 :
3175 3652 3201 3683 ο
3245 3644 3313 3701 Si
3341 3645 3701 3711 momorderit,

2096 3749 2149 3804 in
2159 3747 2295 3819 quit,
2316 3761 2524 3816 serpens
2542 3745 2719 3798 nonin
2741 3741 2913 3808 sibilo,
2938 3757 3040 3796 non
3067 3748 3141 3795 est
3165 3738 3507 3795 abundantia
3534 3740 3706 3793 incan-

1471 3881 1724 3939 ALARDI
1765 3884 2003 3942 GAZ/El
2043 3880 2606 3943 COMMENTARIUS.

541 3965 1102 4045 _Aliaspaximacinm,
1143 3974 1209 4028 de
1240 3990 1346 4039 quo
1375 3974 1505 4030 alibi
1533 3977 1790 4045 diximus,
1823 3989 1877 4033 et
1909 3980 1991 4033 in-

400 4036 480 4114 [ra
507 4037 703 4114 dicturi
721 4054 909 4097 sumus
955 4044 974 4105 l
992 4036 1103 4097 Lib;
1137 4060 1188 4099 tv
1218 4036 1446 4099 Institut.
1478 4062 1595 4114 cap.
1629 4048 1714 4106 14.
1748 4036 1869 4103 coll.
1894 4049 1986 4112 ἓ).

402 4109 621 4188 Legitur
655 4122 710 4188 _e_t
745 4114 1111 4188 _paxanﬁdiutn
1153 4114 1363 4188 in_Vita
1408 4109 1561 4172 Pauli
1609 4120 1902 4188 simplicis,
1933 4109 1987 4177 et

402 4180 542 4256 apud
578 4181 876 4256 Palladium
921 4184 1136 4239 Lausia.
1163 4186 1258 4247 28,
1286 4197 1341 4241 et
1371 4191 1611 4255 paximas
1640 4200 1697 4244 et
1718 4180 1985 4256 "pasama-

400 4252 549 4329 dium
567 4253 633 4329 _in
660 4253 1056 4329 Vitisi’atrum,
1082 4257 1222 4323 quod
1246 4252 1514 4327 Cuycltius
1538 4261 1676 4329 (cap.
1703 4252 1789 4326 i9;
1812 4272 1857 4316 et
1880 4264 1988 4316 col-

400 4322 493 4375 lat.
532 4322 618 4389 12,
649 4340 762 4388 cap.
782 4322 1107 4400 _l5)Apanetu
1149 4330 1232 4382 his
1264 4322 1475 4384 coctum
1498 4322 1807 4400 signiﬁcare
1837 4334 1983 4400 dicit;

400 4396 853 4480 auctore-credo,
876 4398 1063 4480 Suid_a_,
1115 4400 1255 4467 apud
1304 4416 1465 4480 quem
1495 4396 1738 4474 πάξαμᾶς
1773 4396 1985 4480 δίπυροέ

400 4460 574 4536 ἄρτος,
607 4465 658 4519 id
686 4478 789 4524 est.
823 4460 972 4535 panis
1000 4460 1083 4524 bis
1109 4460 1297 4527 coetus
1322 4460 1555 4528 dicitur.

473 4534 498 4616 ξ»
524 4536 691 4616 _Haud
724 4540 945 4616 multum
971 4540 1269 4616 dissimile,
1305 4545 1397 4598 sed
1427 4545 1578 4616 exitu
1606 4559 1667 4599 ac
1698 4544 1805 4601 line
1832 4548 1985 4616 Iupu-
2031 4572 2034 4576 λ

400 4604 480 4660 bri
523 4606 854 4683 horrendum
901 4613 1209 4682 exemplum
1255 4604 1533 4682 cujusdam
1583 4604 1983 4683 monachi,'qui

398 4692 458 4751 se
486 4692 611 4751 eum
632 4680 894 4751 fratribus
919 4680 1168 4751 jejunare
1199 4680 1458 4741 simulans
1488 4687 1698 4742 occulte
1732 4680 1986 4745 comede-

399 4747 737 4829 bat,_legitur
766 4754 905 4829 apud
926 4747 1352 4829 DIMGregorium
1396 4757 1489 4813 lib.
1528 4774 1585 4813 tv
1623 4759 1828 4826 Dialog.
1857 4775 1980 4829 cap.

399 4812 573 4901 5.8.7in
594 4812 725 4901 haec
754 4812 913 4901 verba
949 4825 1089 4901 :Est
1111 4812 1263 4901 etiam
1284 4812 1597 4901 rnuncgapud
1625 4812 1979 4901 ηὸρίᾸῖΙιάἇᾶ·
2011 4812 2062 4874 Ῑ)

395 4892 589 4969 sius-etc
614 4892 823 4946 Isauria
852 4900 1135 4968 presbyter.
1156 4899 1249 4969 qui
1276 4900 1330 4952 in
1351 4892 1531 4954 diebus
1549 4901 1657 4955 suis
1680 4900 1852 4955 Iconii
1878 4919 1986 4956 rem

398 4963 671 5043 terribilem
713 4963 892 5043 narrat
918 4963 1180 5043 egessisse;
1204 4967 1282 5024 lbi
1320 4987 1557 5041 namque,
1584 4982 1646 5043 ut
1676 4973 1784 5038 ait,
1815 4976 1985 5043 quod-

396 5033 517 5086 dam
543 5034 916 5116 M_onasterium
940 5037 1301 5116 Thongolaton
1326 5033 1554 5116 dicitur,
1576 5042 1628 5096 in
1654 5058 1754 5116 quo
1772 5033 1986 5116 quidam

394 5104 680 5182 monachus
708 5122 913 5181 magna!
939 5104 1291 5165 wstiniationis
1315 5104 1615 5166 habebatur.
1641 5104 1800 5169 Bonis
1828 5116 1982 5182 quip-

394 5191 457 5242 pe
482 5175 1059 5252 cernebatur’moribus,
1083 5190 1238 5252 atque
1268 5185 1321 5235 in
1345 5187 1477 5237 omni
1500 5200 1595 5237 sua
1621 5187 1820 5240 actione
1841 5175 1984 5247 eam.

393 5248 625 5326 positus;
648 5249 757 5326 sed.
773 5252 923 5326 sicut
949 5267 1011 5307 ex
1028 5252 1130 5319 ﬁne
1153 5248 1238 5307 res
1258 5255 1446 5322 patuit,
1478 5255 1631 5326 longe
1658 5257 1809 5310 aliter
1828 5273 1982 5322 quam

392 5319 667 5396 apparebat
702 5320 826 5389 fuit.
861 5320 1002 5396 Nam
1047 5338 1161 5375 cum
1200 5319 1439 5394 iejattare
1477 5341 1531 5380 se
1569 5319 1697 5379 'cum
1734 5319 1983 5396 fratribus

394 5389 781 5467 dettwastraret,
835 5393 1033 5447 occulte
1079 5389 1389 5450 manducare
1432 5389 1798 5459 consueverat.
1844 5395 1983 5465 quod

392 5460 505 5520 eius
532 5460 706 5538 vitium
738 5461 921 5540 fratres
943 5467 1155 5540 _omnt'no
1182 5469 1492 5540 nesciebant.
1520 5469 1625 5523 Sed
1647 5460 1875 5540 corporis
1896 5484 1984 5521 su-

395 5530 1008 5611 ;rrrens‘eme’molestia.
1041 5536 1110 5611 ad
1149 5538 1266 5592 vitta
1311 5552 1534 5592 (τιταίνει
1580 5530 1854 5611 perductus
1885 5548 1980 5594 est.

399 5597 640 5679 Quicum
680 5613 805 5655 esset
836 5606 887 5657 in
919 5607 1055 5673 ﬁne,
1083 5608 1275 5676 fratres
1309 5611 1378 5662 ad
1407 5626 1459 5663 se
1483 5597 1656 5664 omnes
1684 5611 1773 5679 qui
1806 5626 1987 5663 mona-

393 5670 790 5752 attriuincrunt
807 5712 834 5752 ,_
853 5670 1154 5749 congregari
1183 5680 1324 5748 fecit.
1359 5680 1425 5733 At
1452 5680 1549 5731 illi.
1565 5680 1658 5734 tali
1677 5670 1707 5745 ,’
1726 5690 1791 5752 ut
1831 5689 1985 5752 puta-

394 5739 538 5804 bant,
566 5740 678 5819 oiro
703 5739 972 5819 moriente,
1002 5739 1242 5813 umquam
1271 5752 1396 5819 quid
1425 5767 1487 5804 ac
1518 5739 1814 5807 delectabile
1831 5739 1894 5806 ἰε
1918 5754 1983 5807 ab

391 5828 450 5865 ce
475 5813 655 5892 audire
674 5815 1018 5892 crediderant.
1047 5819 1244 5892 Quibus
1266 5813 1395 5884 me.
1420 5822 1649 5892 afﬂictus
1670 5834 1716 5878 et
1736 5832 1980 5890 tremens,

391 5882 690 5952 compulsus
738 5895 813 5941 est
860 5882 1079 5954 prodere
1133 5888 1215 5943 cui
1259 5882 1394 5947 Hosti
1445 5882 1666 5949 traditus
1712 5882 1984 5962 cogebatur

2091 3982 2253 4035 exire.
2298 3978 2435 4033 Nam
2461 3977 2593 4032 dixit
2618 3992 2635 4028 :
2672 3973 2892 4040 Quando
2920 3987 3002 4026 me
3029 3970 3303 4033 vobiscum
3326 3966 3624 4023 credebatis
3634 3968 3711 4040 js-

2083 4055 2299 4124 junare,
2324 4052 2523 4124 occulte
2552 4044 2882 4124 comedebam
2905 4059 2924 4098 :
2953 4050 3010 4124 et.
3030 4057 3144 4095 ecce
3163 4057 3321 4124 ‘nunc
3348 4041 3424 4094 ad
3456 4042 3711 4093 devoran-

2092 4112 2220 4176 dum
2243 4112 2455 4177 draconi
2487 4121 2712 4172 traditus
2743 4131 2877 4178 sum,
2921 4113 3010 4183 qui
3039 4112 3208 4166 cauda
3250 4128 3359 4166 sua
3399 4128 3519 4165 mea
3546 4127 3710 4182 genua

2090 4194 2344 4263 pedesque
2370 4191 2677 4262 colligavit;
2725 4196 3029 4264 caputpero
3067 4183 3625 4264 assuming-tumeant
3656 4199 3710 4264 os

2092 4252 2318 4327 mittens,
2350 4252 2589 4329 spiritum
2618 4252 3005 4315 meum'ebibens
3033 4252 3710 4329 extrahit._Qttibus_tlictis

2091 4337 2267 4389 statim
2293 4324 2568 4404 defunctus
2597 4342 2693 4396 est,
2745 4337 3000 4404 atqueat
3041 4324 3344 4394 paenitendo
3390 4342 3448 4379 se
3495 4324 3712 4379 liberare

2093 4398 2420 4477 potuisset,.a
2441 4405 2686 4464 dracone,
2710 4415 2857 4477 quem
2881 4398 3098 4477 viderat,
3117 4407 3465 4477 exspectatus
3492 4409 3707 4477 nonest.

2098 4466 2214 4544 Quo
2244 4466 2490 4532 nimirum
2519 4466 2859 4544 constat'quia
2886 4469 2953 4521 ad
2979 4468 3146 4544 solam
3171 4466 3469 4544 utilitatem
3496 4466 3712 4520 audien-

2093 4537 2225 4602 tium
2252 4547 2459 4614 videt-it,
2490 4547 2579 4616 qui
2625 4559 2741 4598 eum
2778 4540 3014 4616 hostem,
3048 4539 3134 4591 cui
3162 4537 3399 4616 traditus
3428 4541 3639 4609 fuerat,
3670 4546 3715 4591 et

2093 4619 2340 4684 innotuit,
2364 4627 2417 4690 et
2442 4609 2544 4690 non
2567 4617 2746 4690 euasit.
2776 4611 2851 4667 Ita
2880 4610 2943 4665 D.
2971 4609 3308 4690 “Gregorius;
3602 4674 3635 4690 η

2170 4673 2205 4729 ε
2237 4673 2607 4745 confessionis
2648 4687 2819 4739 virtus
2847 4692 2902 4735 et
2931 4673 3170 4735 efficacia
3211 4694 3229 4734 :
3275 4678 3354 4734 de
3405 4692 3517 4745 qua
3565 4673 3712 4731 aliud

2094 4759 2272 4815 simile
2299 4770 2353 4816 et
2383 4757 2733 4815 memorabile
2777 4753 3103 4822 exemplum
3134 4748 3313 4822 habes
3368 4748 3521 4819 apud
3554 4747 3712 4804 Joan.

2088 4828 2315 4904 Climae.
2347 4831 2516 4904 gradu
2548 4831 2611 4894 ι,
2640 4826 2733 4897 qui
2763 4835 2853 4881 est
2880 4821 2953 4877 de
2973 4821 3316 4904 obedientia.
3353 4886 3392 4904 Δ.
3654 4887 3687 4904 Α,

2165 4906 2189 4937 ο
2234 4902 2308 4956 lta
2344 4893 2405 4956 ὗ.
2441 4893 2801 4970 iheronimus
2845 4893 3091 4970 eamdem
3137 4893 3494 4970 sententiam
3523 4893 3717 4970 _vertit

2094 4988 2159 5030 ex
2208 4972 2458 5027 lli-brteo.
2512 4972 2583 5027 At
2629 4960 2784 5023 vetus
2826 4964 3107 5021 translatio
3155 4960 3384 5020 habet:
3425 4962 3569 5029 Quia
3614 4976 3718 5014 non

2092 5045 2351 5113 profertur
2389 5044 2491 5097 cito
2533 5050 2710 5096 contra
2738 5037 2901 5093 malos
2942 5033 3218 5113 sententia,
3274 5031 3484 5103 absque
3533 5034 3717 5085 timore

2093 5104 2204 5168 ulla
2234 5115 2331 5187 ﬁlii
2360 5115 2625 5187 hominum
2662 5117 2954 5187 perpetrant
2982 5104 3144 5160 mala.
3194 5173 3230 5187 η
3259 5173 3299 5187 η
3349 5173 3388 5187 ﬂ

2170 5192 2193 5222 ε
2232 5173 2416 5240 ὒτωεει
2448 5173 2731 5254 translatio
2757 5173 3016 5254 bocloco
3042 5173 3302 5254 nonnihil
3330 5173 3529 5230 differt
3558 5188 3589 5229 a
3624 5186 3713 5254 no-

2092 5264 2203 5329 stra
2247 5254 2496 5329 Vulgata,
2528 5268 2651 5324 quae
2683 5251 2769 5329 _sic
2798 5248 2958 5329 habet
2987 5264 3005 5303 :
3034 5246 3095 5303 Si
3133 5246 3387 5329 mordettt
3419 5246 3718 5329 serpens

2086 5326 2313 5395 silentio,
2347 5316 2492 5379 nihil
2521 5316 2580 5380 eo
2627 5324 2792 5395 minus
2840 5322 3010 5381 habet,
3058 5318 3148 5395 qui
3179 5316 3419 5395 _occulte
3464 5316 3716 5395 detrahit.

2087 5395 2274 5452 Grrcca
2301 5387 2437 5452 vero
2467 5397 2657 5452 Latine
2680 5394 2749 5449 ita
2775 5400 2950 5449 sonat.
2981 5397 3039 5443 ut
3058 5387 3147 5443 hic
3176 5387 3302 5441 fere
3332 5388 3715 5456 exprimitur:

2090 5467 2153 5523 Si
2184 5471 2415 5523 mordeat
2442 5484 2653 5534 serpens
2677 5482 2777 5519 non
2801 5465 2853 5517 in
2881 5461 3120 5534 strepitu.
3151 5457 3233 5534 uel
3260 5459 3459 5527 sibilo,
3483 5457 3623 5534 nihil
3644 5463 3723 5534 _est

2088 5541 2312 5607 amplius
2338 5529 2646 5610 incantanti.
2685 5529 3045 5610 Quamobrem
3085 5530 3249 5597 hujus
3278 5532 3593 5610 se_ntenti:_e
3624 5529 3725 5610 du-

2089 5601 2209 5678 plex
2239 5626 2430 5666 sensus
2459 5601 2765 5678 redditur—ta
2799 5606 2922 5659 divo
2959 5604 3299 5678 llierqnymo
3332 5602 3505 5678 juxta
3536 5601 3724 5670 dupli-

2088 5673 2206 5736 cem
2238 5681 2354 5751 ejus
2385 5680 2710 5736 versionem.
2743 5677 2901 5751 _Prior
2925 5682 3050 5751 est“:
3089 5673 3334 5751 Serpens
3367 5686 3422 5726 et
3455 5673 3728 5751 detractor

2088 5741 2315 5824 aqualis
2346 5762 2483 5807 sunt.
2521 5749 2789 5824 Quomodo
2822 5749 2955 5824 enim
2984 5745 3074 5824 ille
3103 5741 3318 5824 occulte
3345 5745 3612 5824 _mordens
3644 5761 3727 5824 tte-

2090 5816 2277 5879 nenum
2308 5824 2521 5887 inserit,
2544 5816 2624 5876 sic
2664 5821 2758 5876 iste
2797 5820 2932 5873 clam
2974 5816 3254 5887 detrahens
3302 5816 3462 5870 virus
3497 5817 3727 5886 pectoris

2090 5876 2441 5964 suithfundit
2470 5876 2522 5948 in
2553 5897 2792 5963 fratrem,
2831 5899 2877 5944 ct
2912 5885 3041 5943 nihil
3066 5876 3224 5940 habet
3259 5901 3298 5939 α
3329 5876 3589 5959 serpente
3615 5904 3728 5942 ain-
