3966 6326
409 306 527 366 8ιὸ

1441 302 1728 362 JOANNIS
1769 302 2077 363 cassum
2117 303 2610 365 commones.
3237 275 3272 318 θ

3588 313 3680 372 5“

417 423 515 482 sed
548 420 816 480 industria
859 419 1158 490 juventutis
1205 431 1268 474 ac
1313 419 1711 490 praeteritorum
1760 421 2007 477 laborum
2035 425 2091 488 Α
2113 422 2182 478 ad
2210 422 2374 477 vitam
2403 422 2771 494 perfectionis,
2796 423 2878 480 vel
2900 424 3014 480 suis
3034 423 3121 480 vel
3147 422 3372 479 aliorum
3400 433 3679 495 potuerunt

417 517 705 588 etipettdiis
733 513 1043 571 metienda.
1094 520 1122 552 ⁸
1169 512 1300 579 Qum
1344 513 1481 567 enim
1526 529 1628 568 non
1661 516 2010 587 congregasti,

422 610 626 681 inquit,
676 609 732 661 in
770 615 1058 676 Juventute,
1105 605 1364 675 quomodo
1407 605 1628 660 inuenies
1661 606 1718 661 in
1755 615 2015 662 senectute

423 713 515 758 tua
544 703 729 773 (Eccl.
762 702 944 770 xxv)?
976 700 1225 756 Senectus
1254 701 1390 755 enim
1433 701 1741 756 uenerabilis
1779 711 1874 766 est,
1907 717 2014 756 non

421 799 704 862 diuturna,
754 812 919 867 neque
957 811 1171 850 numero
1215 810 1472 849 annorum
1514 804 1834 866 computata.
1883 793 2015 869 Cani

424 890 561 944 enim
587 896 704 943 sunt
731 903 912 942 sensus
951 886 1196 953 hominis,
1235 895 1281 941 et
1323 895 1450 941 tetas
1479 889 1752 941 senectutis
1791 887 1892 941 uita
1916 886 2014 940 im-

426 983 694 1037 maculata
728 979 998 1051 (Sapient.
1041 977 1140 1048 tv).
1183 978 1251 1034 Et
1293 979 1494 1034 idcirco
1526 993 1636 1033 non
1663 980 1905 1034 omnium
1931 994 2016 1035 se-

427 1076 684 1140 niorum,
741 1087 974 1143 quorum
1029 1074 1202 1142 capita
1263 1070 1494 1127 canities
1542 1072 1713 1143 tegit,
1772 1087 2015 1144 quosque

425 1166 551 1222 vitm
581 1166 899 1238 longaevitas
928 1165 1043 1221 sola
1066 1163 1434 1231 commendat,
1466 1163 1623 1219 nobis
1649 1175 1778 1219 sunt
1799 1163 2019 1220 imitan-

424 1259 491 1316 da
518 1259 746 1330 vestigia
778 1259 862 1314 vel
895 1259 1184 1324 sectanda,
1231 1273 1327 1314 seu
1362 1256 1682 1313 traditiones
1723 1273 1786 1312 ac
1815 1259 2016 1314 monita

421 1352 798 1425 suscipienda,
848 1351 877 1391 δ
919 1351 1015 1408 sed
1064 1367 1250 1407 eorum
1291 1365 1427 1423 quos
1467 1351 2016 1408 laudabiliter‘vitam

424 1459 578 1502 suam
608 1459 673 1502 ac
703 1444 1082 1515 probatissime
1114 1443 1480 1514 comperimus
1525 1441 1578 1498 in
1615 1442 1901 1513 iuventute
1943 1444 2017 1499 si-

423 1553 643 1611 gnasse,
670 1554 772 1596 nec
800 1537 1310 1610 praisumptionibus
1339 1537 1601 1609 propriis,
1629 1537 1726 1594 sed
1751 1538 2015 1609 majorum

424 1629 808 1687 traditionibus
830 1632 1133 1687 institutos.
1159 1630 1299 1687 Sunt
1318 1631 1463 1686 enim
1486 1630 1758 1696 nonnulli,
1783 1645 2017 1702 quorum

426 1721 587 1778 etiam
609 1764 624 1790 ,
656 1723 798 1794 quod
829 1734 914 1779 est
945 1723 1242 1794 lugubrius,
1273 1723 1447 1793 major
1472 1733 1556 1780 est
1581 1723 1892 1791 multitudo,
1923 1725 2015 1796 qui

2117 516 2343 571 monitis
2385 515 2634 586 incitari,
2683 517 3005 574 subvertere
3049 532 3112 573 ac
3153 516 3403 588 decipere
3432 523 3706 591 exemplis-

2115 623 2300 664 eorum
2325 607 2660 664 fraudulenta
2681 610 2978 666 subtilitate
3001 609 3242 676 festinat;
3265 611 3350 666 vel
3372 611 3422 665 in
3449 621 3677 681 teporem

2116 713 2234 767 eos,
2262 701 2471 756 scilicet
2498 701 2743 767 noxium,
2779 703 2865 756 vel
2908 703 2962 757 in
2995 701 3684 772 lethalem'desperatiooem

2116 807 2302 848 eorum
2327 792 2588 850 doctrinis
2629 795 3002 863 institutisque
3048 795 3370 865 perducens.
3411 795 3572 867 Cujus
3613 801 3684 856 rei

2117 887 2303 944 volens
2326 889 2572 956 proferre
2591 888 2745 944 vobis
2771 889 3041 957 exempla,
3067 890 3303 944 auctoris
3325 890 3539 946 nomine
3559 907 3685 961 prie-

2119 980 2374 1036 termisso
2397 980 2490 1054 (ne
2519 996 2619 1037 nos
2647 996 2867 1052 quoque
2887 982 3033 1036 illius
3059 983 3150 1052 qui
3176 983 3437 1050 patefacta
3461 983 3557 1039 sibi
3583 986 3672 1039 lra-
3707 1015 3709 1018 ‹

2119 1073 2217 1128 tris
2243 1072 2369 1127 vitia
2394 1073 2706 1143 publicavit,
2737 1074 2916 1130 simile
2938 1073 3142 1145 aliquid
3163 1074 3549 1148 admittamus),
3581 1093 3684 1134 rem

2120 1171 2328 1220 tantum
2365 1174 2595 1236 gestam,
2626 1182 2747 1237 quae
2769 1168 3189 1223 instructionem
3220 1169 3574 1223 necessariam
3603 1185 3692 1225 vo-

2120 1256 2203 1312 bis
2244 1255 2496 1313 conferre
2537 1260 2738 1327 possit,
2773 1260 2959 1328 paucis
3003 1274 3295 1328 exponam.
3325 1258 3354 1297 ἀ
3381 1257 3511 1315 Cum
3539 1259 3690 1330 igitur

2119 1349 2188 1405 ad
2216 1364 2400 1406 senem
2431 1350 2719 1421 quemdam
2764 1352 2923 1407 nobis
2946 1352 3152 1422 optime
3180 1352 3454 1420 cognitum
3481 1352 3687 1421 quidam

2121 1456 2228 1497 non
2261 1442 2733 1512 ignavissimorum
2759 1444 3020 1514 juvenum
3053 1443 3328 1514 profectus
3355 1444 3437 1498 sui
3468 1451 3520 1498 et
3545 1458 3689 1498 cura-

2121 1535 2284 1591 tionis
2328 1538 2500 1607 gratia
2553 1536 2903 1607 perrexisset,
2935 1548 2992 1592 et
3032 1547 3056 1576 ο
3083 1537 3393 1593 carnalibus
3423 1537 3691 1593 incentivis

2119 1642 2185 1683 ac
2214 1629 2584 1684 lornicationis
2624 1629 2816 1700 spiritu
2860 1627 3213 1694 semetipsum
3252 1628 3528 1696 inquietati
3571 1627 3690 1683 sitn-

2121 1719 2334 1792 pliciter
2368 1721 2732 1792 prodidisset,
2777 1720 3204 1777 consolationem
3231 1721 3468 1776 credens
3511 1719 3697 1776 labori-

426 1810 482 1868 in
515 1821 702 1883 tepore
728 1827 827 1869 suo
845 1829 1005 1885 quem
1027 1812 1098 1868 ab
1117 1813 1481 1870 adolescentia
1507 1829 1603 1870 sua
1623 1827 2013 1887 conceperunt,
2047 1813 2096 1876 B
2124 1813 2223 1868 bus
2252 1814 2364 1868 suis
2391 1814 2637 1868 oratione
2664 1813 2818 1868 senis
2855 1822 2911 1868 et
2948 1811 3191 1868 remedia
3229 1810 3451 1866 inﬂictis
3477 1810 3696 1866 vulneri-

425 1913 587 1977 atque
609 1908 818 1978 ignavia
844 1917 1214 1975 senescentes,
1235 1907 1625 1964 auctoritatem
1651 1909 1758 1964 sibi
1782 1926 1888 1965 non
1912 1926 2020 1966 ma-

427 2001 648 2056 turitate
677 2016 912 2066 morum,
944 2001 1040 2058 sed
1069 2015 1346 2057 annorum
1368 2003 1760 2059 numerositate
1785 2004 2016 2074 conqui-

427 2098 554 2145 runt
576 2089 740 2160 (Vide
755 2089 932 2146 collat.
951 2091 1041 2159 ει,
1060 2108 1110 2147 c.
1133 2090 1212 2162 Ι).
1236 2091 1311 2148 De
1331 2092 1530 2164 quibus
1549 2093 1905 2164 exprobratio
1923 2095 2016 2151 illa

427 2181 642 2238 Domini
658 2184 876 2255 proprie
889 2185 1023 2240 satis
1034 2184 1284 2255 dirigitur
1297 2200 1394 2256 per
1408 2184 1760 2257 Prophetam,
1779 2187 1845 2241 Et
1857 2205 2019 2245 conte-

427 2275 613 2330 derunt
628 2277 784 2332 alieni
796 2277 955 2333 robur
969 2282 1104 2352 ejus,
1119 2288 1170 2334 et
1183 2279 1294 2350 ipse
1310 2280 1546 2347 nescivit;
1559 2281 1650 2336 sed
1666 2290 1714 2336 et
1727 2285 1843 2337 cani
1862 2283 1940 2351 eII'
1934 2285 2016 2339 usi

425 2371 623 2426 suntin
651 2387 732 2437 eo,
764 2383 812 2428 et
836 2373 946 2444 ipse
964 2373 1220 2446 ignorauit
1250 2373 1399 2441 (Ose.
1426 2377 1560 2446 vn).
1599 2376 1730 2444 Hos,
1755 2378 1976 2448 inquam
1994 2419 2010 2446 ,

426 2460 483 2518 in
511 2463 817 2534 exemplum
843 2464 1168 2536 junioribus,
1190 2481 1298 2522 non
1327 2469 1455 2525 vita:
1485 2467 1749 2538 probitas,
1781 2484 1882 2526 nec
1904 2470 2015 2526 ulla

427 2555 688 2627 propositi
717 2556 874 2628 bujus
907 2557 1190 2614 laudabilis
1219 2567 1381 2631 atque
1422 2561 1680 2617 imitanda
1719 2562 2010 2633 districtio,

429 2645 525 2701 sed
550 2648 826 2704 annositas
864 2649 977 2706 sola
1013 2651 1281 2722 provexit.
1311 2649 1552 2720 Quorum
1575 2654 1831 2710 canitiem
1864 2655 2016 2712 calli-

430 2738 686 2796 dissimus
735 2740 1031 2812 inimicus,
1083 2743 1151 2798 ad
1206 2742 1580 2813 deceptionem
1621 2745 1898 2816 juniorum
1960 2746 2012 2803 in

2124 1917 2222 1972 bus
2265 1925 2607 1988 reperturum
2627 1956 2643 1981 ,
2675 1915 2767 1970 ille
2794 1914 3148 1969 amarissimis
3173 1928 3295 1969 eum
3325 1911 3510 1968 verbis
3536 1911 3690 1967 incre-

2121 2035 2276 2091 pans,
2299 2020 2664 2076 miserabilem
2687 2025 2741 2074 et
2758 2019 3060 2088 indignum,
3087 2032 3187 2073 nec
3219 2016 3472 2072 monachi
3494 2015 3698 2072 nomine

2118 2121 2452 2179 censendum
2481 2136 2601 2176 esse
2623 2118 3006 2192 pronuntians,
3029 2119 3119 2190 qui
3143 2118 3384 2189 potuerit
3406 2113 3700 2188 hujusmodi

2120 2227 2256 2284 vitio
2284 2235 2338 2284 et
2366 2224 2804 2296 concupiscentia
2848 2222 3092 2288 titillari,
3141 2222 3215 2277 ita
3254 2221 3369 2277 suis
3406 2218 3698 2276 econtrario

2119 2327 2557 2398 correptionibus
2597 2326 2932 2390 vulneravit,
2962 2333 3022 2380 ut
3048 2339 3171 2380 eum
3206 2336 3420 2377 summa
3449 2320 3699 2391 despera-

2120 2432 2266 2488 tione
2325 2430 2598 2500 dejectum
2655 2435 3019 2498 mmstumque
3073 2423 3366 2479 admodum
3413 2435 3478 2477 ac
3529 2418 3706 2476 letltali

2120 2535 2338 2593 tristitia
2377 2541 2786 2589 consternatum
2832 2545 2866 2586 e
2903 2544 3002 2585 sua
3030 2527 3326 2584 dimitteret
3363 2523 3521 2581 cella.
3553 2520 3707 2578 Cum-

2119 2653 2224 2710 que
2251 2637 2303 2693 ei
2333 2637 2387 2692 in
2415 2635 2506 2689 tali
2533 2647 2767 2690 mcerore
2787 2632 3072 2701 depresso,
3100 2644 3201 2685 nec
3225 2629 3337 2698 jam
3367 2626 3440 2684 de
3472 2623 3706 2682 remedio

2122 2737 2387 2811 passionis
2411 2781 2426 2806 ,
2466 2733 2562 2790 sed
2612 2733 2682 2788 de
2727 2731 3044 2801 expletione
3092 2737 3377 2795 concepta
3425 2721 3709 2792 concupis-

435 2843 460 2873 α
488 2833 837 2908 prmjudicata
865 2838 1186 2894 auctoritate
1214 2852 1547 2910 proponens,
1569 2840 1733 2896 etiam
1778 2842 1900 2898 illos
1921 2845 2014 2914 qui
2118 2841 2312 2899 centies
2367 2836 2638 2910 profunda
2691 2833 3019 2907 cogitatione
3079 2828 3380 2896 tractanti,
3450 2826 3472 2867 ί
3537 2824 3710 2884 Abbas

1183 2929 1185 2934 “
1502 2955 1757 3011 suum
1798 2956 2031 3014 cum
2074 2950 2654 3014 COMMENTARIUS.

434 3066 729 3142 prudentes,
751 3067 871 3142 sani
894 3069 949 3142 in
974 3068 1102 3142 ﬁde,
1131 3069 1186 3123 in
1209 3069 1507 3142 dile_ctione,
1529 3070 1584 3142 in
1605 3071 1856 3142 patientia
1882 3071 2015 3142 (Tit.

435 3136 521 3206 it).
552 3136 616 3192 Et
645 3136 1220 3212 acutehdixit‘Seneca
1257 3139 1463 3211 (Epist.
1494 3136 1568 3211 ’4)
1590 3136 1614 3207 ,⁷
1641 3140 1729 3194 vix
1759 3136 2020 3212 appellari

437 3222 599 3278 posse
623 3221 783 3264 senes
805 3209 950 3283 i_llos,
993 3210 1047 3283 i_n
1078 3209 1276 3282 quibus
1302 3209 1492 3268 exacta
1518 3209 1630 3282 jam
1674 3209 1904 3283 pueriiia
1935 3229 2021 3270 re-

439 3288 654 3352 manet,
685 3281 830 3352 quod
859 3281 1079 3352 gravius
1099 3281 1190 3337 est
1214 3323 1228 3345 .
1263 3281 1562 3352 puerilitas.

512 3359 540 3425 ﬁ
567 3349 822 3421 Egregius
837 3349 920 3408 est
946 3352 1097 3408 locus
1111 3349 1501 3421 Ecclesiastici,
1519 3355 1700 3425 plures
1723 3356 2024 3414 sententias

441 3419 633 3496 eodeni
675 3430 1024 3496 spectantes,
1079 3435 1135 3496 et
1185 3419 1565 3496 concatenatas
1616 3427 2025 3496 complectens:

441 3492 669 3570 proinde
696 3502 838 3570 totus
880 3494 964 3549 bic
1007 3492 1324 3552 referendus
1358 3515 1370 3549 :
1409 3495 1566 3570 Tres,
1600 3492 1803 3568 inquit,
1835 3501 2031 3570 species

444 3561 600 3638 adivit
629 3564 804 3638 animo
847 3581 978 3638 utea,
1023 3575 1069 3620 et
1100 3583 1353 3638 aggraoor
1396 3561 2032 3624 valde—animce—il'lorum

445 3633 566 3704 (pro
594 3649 704 3706 quo
735 3637 842 3709 70A:
867 3635 930 3690 Et
953 3633 1226 3709 grauis'fui
1257 3639 1402 3693 valde
1428 3637 1811 3706 vitcillorum)
1836 3658 1849 3693 :
1882 3639 2032 3694 Pau-

447 3719 616 3781 perem
641 3707 947 3781 superbum,
978 3707 1182 3781 divitem
1211 3710 1526 3776 mendacem,
1557 3727 1728 3766 senem
1758 3711 1956 3781 fatuum
1985 3721 2033 3766 et

445 3777 786 3852 insensatunt.
835 3777 966 3846 Qui:
1006 3780 1058 3832 in
1091 3783 1360 3852 juventute
1409 3793 1501 3834 tua
1543 3797 1646 3852 non
1689 3777 2033 3852 congregasti,

448 3848 705 3921 quomodo
750 3849 803 3921 in
838 3848 1107 3921 senectute
1149 3860 1239 3904 tua
1268 3851 1534 3905 invenies?
1559 3851 1725 3918 Quam
1748 3848 2035 3921 speciosum

449 3919 654 3994 ι.ρηὶῆεὶ
675 3919 957 3994 judicium,
988 3929 1034 3974 et
1062 3922 1362 3994 presbyteris
1394 3938 1698 3994 cognoscere
1727 3919 2037 3979 consilium!

455 3986 622 4065 Quam
653 3986 1163 4065 speciosu‘oeteranis
1195 3986 1478 4062 sapientia;
1505 4003 1554 4046 et
1599 3993 1846 4065 gloriosis
1879 3995 2038 4050 intel-

456 4057 714 4136 lectus,_et
740 4060 1052 4136 consilium!
1075 4057 1285 4136 libraria
1322 4057 1496 4117 senum
1542 4057 1704 4120 multa
1735 4067 1951 4136 peritia,
1987 4075 2039 4120 et

454 4129 622 4199 gloria
648 4129 855 4184 illorum
885 4133 1036 4185 timor
1064 4132 1179 4187 Dei.

531 4198 557 4273 εξ
587 4198 748 4256 Tales
797 4200 872 4255 illi
902 4216 1063 4257 senes
1102 4218 1228 4257 vere
1259 4203 1521 4273 religiosi,
1567 4213 1622 4260 et
1667 4222 1774 4262 non
1809 4215 1914 4261 tam
1949 4222 2039 4262 ca-

462 4271 594 4326 nitie
622 4286 780 4338 quam
810 4273 1010 4327 virtute
1053 4271 1382 4339 venerandi,
1411 4275 1577 4329 immo
1607 4277 1938 4340 admirandi,
1971 4278 2038 4335 de

457 4341 654 4417 quibus
688 4341 1212 4417 JoannesCIimacus
1239 4346 1409 4415 gradu
1437 4345 1508 4400 ιε
1544 4344 1807 4412 Plurimi,
1843 4350 2035 4417 inquit,

460 4413 832 4487 apudsanetos
874 4415 993 4487 illos
1017 4416 1152 4470 uiros
1179 4413 1484 4487 deprehensi
1510 4428 1628 4472 sunt
1657 4427 1778 4472 actu
1805 4460 1818 4480 ,
1847 4428 1896 4473 et
1918 4413 2038 4487 spe?

455 4483 1182 4557 culatione,Adistrictioneque
1219 4483 1265 4541 et
1293 4487 1583 4542 humilitate
1626 4489 1905 4544 mirabiles.
1942 4483 2037 4544 Vi-

461 4555 605 4630 deres
629 4554 684 4609 in
715 4555 787 4610 eis
813 4555 1036 4630 terribile
1060 4554 1343 4630 quoddam,
1369 4561 1752 4629 angelieumque
1777 4571 2038 4630 spectacu-

391 4652 401 4684 ς
463 4625 590 4702 lunt,
619 4641 762 4679 senes
787 4627 1260 4702 cattilie_uerend0s,
1281 4625 1580 4698 augustiore
1606 4625 1737 4702 facie
1761 4625 2039 4696 infantium

461 4695 515 4773 in
545 4710 736 4750 morem
766 4698 845 4773 ad
869 4699 1208 4773 obedientium
1228 4695 1423 4773 semper
1445 4695 1661 4770 paratos
1701 4704 1795 4755 huc
1813 4695 2038 4773 illucque

460 4766 769 4831 discurrere,
793 4769 1108 4842 gloriamque
1147 4769 1242 4822 sibi
1266 4766 1542 4842 maaziniam
1568 4789 1660 4842 per
1697 4766 2037 4826 linmilitaiem

462 4837 803 4912 comparare.
826 4837 945 4892 Vidi
977 4837 1086 4893 illic
1109 4843 1241 4893 viros
1265 4837 1638 4911 quinquaginta
1662 4844 1768 4912 fere
1796 4859 1956 4898 annos
1983 4845 2037 4897 in

464 4907 772 4964 obedientiae‘
809 4912 1086 4984 certamine
1113 4907 1298 4981 egisse,
1339 4927 1371 4964 a
1404 4907 1598 4984 quibus
1627 4907 1745 4967 cum
1773 4913 2038 4968 addiscere

465 4993 691 5056 orarem,
708 4997 861 5056 quam
887 4996 951 5035 ex
977 4981 1147 5056 labore
1171 4987 1279 5056 ista
1294 4981 1718 5050 consolationem,
1740 5000 1897 5056 quem
1919 5002 2038 5056 pro-

463 5049 652 5125 fectum
674 5049 1019 5125 invenissent;
1040 5054 1135 5125 alii
1159 5054 1364 5122 quidem
1390 5056 1446 5107 in
1470 5049 1711 5125 abyssum
1726 5049 2038 5110 humililatis

458 5123 572 5193 jam
599 5137 654 5174 se
694 5123 977 5195 peruenisse
1013 5124 1283 5188 dicebant,
1336 5140 1426 5192 per
1466 5123 1620 5195 quam
1665 5127 1854 5180 bellum
1892 5142 2039 5180 omne

464 5206 662 5264 semper
688 5193 1011 5264 excluderent
1035 5210 1096 5248 ac
1122 5205 1458 5264 superarent;
1479 5193 1579 5250 alii
1608 5213 1815 5251 sensum
1838 5212 2039 5251 omnem

469 5261 661 5338 laboris
683 5263 942 5338 etdoloris
962 5264 1021 5338 i_n_
1035 5261 1320 5338 maledictis
1339 5273 1388 5338 et
1410 5268 1732 5338 contumeliis
1747 5284 1802 5320 se
1822 5267 2042 5338 perfecte

465 5334 666 5387 exuisse
690 5333 942 5388 dicebant.
978 5333 1101 5388 Vidi
1128 5335 1258 5387 alios
1279 5350 1343 5389 ea:
1366 5336 1470 5390 illis
1485 5347 1674 5391 aeterne
1700 5333 2041 5392 memorandis

466 5404 615 5478 tjiris,
641 5405 882 5478 angelico,
907 5416 1135 5478 aspectu,
1168 5409 1556 5478 venerandaque
1597 5409 1783 5461 canitie
1817 5412 1885 5460 ad
1914 5424 2037 5478 pro-

466 5474 826 5548 fnndissimam
866 5477 1231 5548 innocentiam,
1250 5547 1255 5548 γ
1274 5477 1756 5548 simplicitatemque
1780 5474 2044 5548 sapientiae

467 5543 836 5620 plenissimam,
867 5546 1363 5620 summaalacritate
1387 5549 1638 5616 propositi
1668 5543 1863 5618 Deique
1886 5551 2041 5620 adju-

470 5617 602 5689 torio
621 5619 909 5689 qumitam,
939 5633 1041 5671 non
1067 5617 1472 5672 irrationabilem
1499 5617 1804 5689 quamdam,
1843 5628 1888 5673 et
1915 5617 2043 5673 insi-

471 5685 751 5762 pidam,jut
771 5687 824 5740 in
843 5689 1018 5742 steculi
1033 5690 1239 5762 senibus
1259 5685 1721 5762 contingit'(quales
1743 5691 1928 5744 deliros
1951 5707 2040 5744 uo-

469 5771 588 5832 eure
612 5759 817 5832 solent),
839 5760 1141 5832 peruenisse,
1156 5759 1468 5832 extrinsecus
1491 5759 1696 5832 quidem
1721 5764 1866 5815 mites
1887 5772 2038 5828 totos,

472 5827 710 5894 blandos,
737 5830 992 5898 placidos,
1023 5831 1189 5899 latos,
1212 5830 1345 5886 nihil
1372 5827 1572 5901 ﬁctum,
1602 5831 1734 5888 nihil
1762 5827 2040 5904 negligens,

2129 3069 2264 3125 nihil
2292 3067 2668 3130 adulterinum,
2691 3064 2745 3117 in
2774 3063 2879 3117 suis
2905 3061 3068 3116 verbis
3089 3068 3178 3114 aut
3201 3057 3431 3113 moribus
3462 3057 3713 3130 habentes,

2128 3159 2236 3197 rem
2262 3141 2469 3211 quidem
2498 3152 2616 3211 quia
2645 3129 2699 3188 in
2731 3135 2908 3202 paucis
2938 3133 3230 3211 inuenitur_;
3258 3131 3483 3211 interius
3513 3143 3628 3182 vero
3662 3129 3714 3180 in

2128 3202 2301 3267 animo
2333 3202 2698 3274 Deum'ipsum
2725 3221 2785 3258 ac
2821 3205 3092 3276 praelatum
3130 3203 3414 3276 infantium
3447 3202 3500 3254 in
3536 3213 3716 3276 merent

2049 3289 2096 3354 (ζ
2125 3284 2426 3347 ambientes,
2455 3269 2735 3354 mentisque
2761 3269 3196 3354 aciem_adoersus
3221 3275 3566 3354 (laniones-ft
3601 3269 3716 3323 sitia

2133 3355 2387 3410 audacem
2413 3342 2882 3422 ﬁrmissimumque
2924 3347 3262 3422 intendentes.
3305 3342 3402 3422 Sic
3448 3342 3716 3422 illesenes

2135 3441 2265 3481 vere
2292 3410 2577 3490 religiosos
2607 3410 2898 3473 imitandos
2928 3427 2980 3490 et
3009 3415 3317 3490 audiendos
3335 3413 3616 3490 describit.
3646 3410 3718 3465 De

2139 3499 2346 3552 honore
2377 3485 2431 3548 et
2459 3489 2813 3547 veneratione
2839 3487 3146 3543 senioribus
3168 3485 3482 3541 exhibenda
3503 3499 3566 3538 ex
3592 3495 3717 3550 pra-

2135 3567 2344 3634 scripto
2386 3564 2602 3634 Regulae
2646 3562 2708 3634 ι).
2756 3559 3052 3622 Benedicti,
3080 3557 3205 3612 vide
3249 3556 3716 3612 Turrecrematum

2137 3631 2291 3694 tract.
2323 3637 2394 3694 50
2420 3631 2489 3690 in
2504 3631 2771 3690 eamdem.

2214 3692 2721 3767 c‘71,).vliieronvmus
2750 3702 2806 3758 in
2833 3715 2953 3767 cap.
2989 3715 3008 3755 ι
3036 3698 3194 3762 epist.
3220 3697 3287 3753 ad
3317 3696 3478 3754 Galat
3502 3714 3516 3750 :
3547 3692 3719 3764 Neque

2137 3795 2258 3836 vero
2289 3794 2430 3832 more
2457 3770 2802 3846 Pythagorico
2839 3771 3088 3846 quidquid
3135 3770 3504 3846 responderunt
3535 3776 3718 3846 rectum

2139 3850 2371 3920 putabat,
2397 3864 2485 3920 nec
2505 3835 3372 3920 'iinertttiane'pfarjudicuta'apud
3392 3855 3510 3893 eam
3528 3835 3719 3920 valebut

2138 3912 2438 3976 auctoritas.
2467 3919 2542 3974 lla
2565 3917 2877 3987 llierottym.
2907 3912 3256 3987 Prwjudicuta
3287 3914 3472 3981 itaque
3501 3912 3720 3962 auctori-

2140 4001 2273 4058 tate,
2300 3991 2354 4046 id
2380 4001 2462 4045 est
2482 4031 2499 4056 ,
2531 3989 2672 4043 male
2695 3984 3018 4058 praesumpta
3048 3984 3131 4058 ob
3150 3984 3323 4038 solam
3349 3988 3714 4044 senectutem,

2139 4055 2279 4119 sicut
2301 4062 2446 4118 enim
2470 4055 2636 4114 causa
2662 4055 3007 4129 praeiudicata
3029 4055 3228 4110 dicitur
3247 4067 3373 4130 quae
3396 4058 3717 4130 praesumpta

2141 4135 2395 4203 Opinione
2431 4125 2688 4203 damnata
2721 4125 2838 4194 est,
2886 4138 3015 4203 ante
3040 4196 3051 4203 Α
3061 4126 3392 4203 sententiam
3424 4125 3722 4203 la_tam_;.sic_

2143 4193 2441 4260 auctoritas
2487 4201 2834 4273 praeiudicata
2886 4197 2973 4252 hic
3021 4196 3216 4273 dicitur
3263 4193 3723 4273 quam_i_nsulsi_et

2143 4274 2425 4344 irreligiosi
2468 4261 2625 4344 senes
2654 4272 2783 4344 suis
2808 4267 3102 4344 senectutis
3139 4261 3386 4344 obtentu
3412 4264 3516 4318 sibi
3549 4261 3719 4344 vindi-

2141 4330 2268 4402 cant
2287 4330 2441 4415 quo
2471 4342 2629 4415 etiam
2678 4340 2938 4415 diabolus
2967 4336 3196 4415 subinde
3221 4335 3488 4390 abutitur
3537 4332 3604 4388 ad
3634 4330 3723 4386 de-

2143 4409 2777 4488 ceptionemjuniorutn,
2807 4421 2863 4465 ut
2888 4409 2976 4464 hic
2996 4409 3220 4488 ⁸ᾳῦίξὶιιεικ
3501 4483 3512 4488 _
3585 4473 3618 4488 ν

2213 4473 2239 4526 δ
2263 4487 2439 4542 Habes
2455 4473 2557 4539 lioc
2569 4481 2872 4551 exemplum
2890 4488 2946 4535 et
2959 4479 3062 4551 alia
3083 4475 3394 4551 hujusmodi
3410 4477 3554 4551 lectu
3568 4473 3722 4551 digna

2145 4557 2197 4613 in
2221 4557 2362 4612 Vitis
2387 4543 2785 4625 Patrumlibfv
2807 4565 2966 4625 (novae
2991 4549 3153 4625 editi,
3185 4547 3530 4625 libe|._v,_qui
3547 4553 3636 4625 est
3661 4543 3723 4625 de

2144 4624 2659 4683 lornicatione.Vide
2675 4624 2850 4678 simile
2869 4621 3010 4688 apud
3028 4619 3318 4674 Palladium
3335 4617 3390 4672 in
3406 4617 3527 4673 νῆα.
3545 4616 3720 4688 Musis.

2217 4708 2242 4736 ⁸
2275 4697 2416 4752 lnl‘ra
2450 4693 2837 4750 Incentioorum
2865 4685 3106 4747 stimulis.
3149 4691 3226 4744 lta
3256 4688 3517 4743 Sidonius
3548 4685 3641 4739 bb.
3674 4697 3721 4736 vx

2139 4771 2354 4839 epistol.
2388 4767 2414 4821 1
2446 4766 2744 4839 carnalium
2774 4765 3023 4818 γὶιίοτιιηι
3075 4761 3348 4839 incentiva
3394 4757 3558 4839 dixit.
3603 4756 3725 4839 Am:

2141 4828 2355 4897 brosius
2383 4839 2480 4892 lib.
2513 4852 2564 4890 vt
2593 4836 2993 4893 Hexaemeron,
3027 4833 3273 4886 oliorum
3318 4828 3628 4891 incentiva;
3673 4833 3726 4879 et

2141 4912 2194 4966 in
2227 4909 2490 4981 psalmum
2544 4921 2738 4981 cxvnt.
2780 4904 3109 4981 delic_to_rum_
3137 4900 3432 4981 incentiva.
3468 4900 3725 4981 llierony-

2142 4970 2261 5037 mus
2290 4979 2355 5034 ad
2381 4978 2739 5050 Nepotianum
2769 4988 2824 5030 et
2861 4976 2927 5050 ad
2963 4975 3237 5050 Rusticum
3265 5015 3279 5039 ,
3313 4970 3723 5050 pubertatisiu-

2141 5052 2376 5113 eentiva,
2408 5039 2645 5104 carnalia
2685 5045 2976 5119 incentiva,
3017 5042 3422 5119 incentivorum
3450 5039 3719 5119 stimulos.

2142 5122 2314 5178 Porro
2343 5110 2621 5186 incentor,
2655 5117 2890 5173 inconlio
2921 5123 2978 5170 et
3017 5112 3370 5186 incentivum,
3407 5125 3517 5186 non
3549 5110 3723 5186 ab_in_-

2143 5176 2340 5258 cendo,
2371 5201 2427 5245 ut
2448 5190 2558 5243 vult
2586 5176 2838 5261 Isodorus
2866 5186 3003 5259 (Lib.
3027 5201 3057 5238 x
3084 5184 3307 5261 Etymol.
3332 5183 3416 5236 lit.
3442 5181 3522 5251 t);
3545 5178 3639 5261 sed
3664 5176 3727 5261 ab

2145 5250 2345 5323 incino',
2377 5263 2640 5323 incinere,
2667 5250 3004 5319 derivantur,
3051 5250 3217 5326 quod
3247 5261 3332 5326 est
3368 5250 3497 5306 cum
3554 5250 3726 5318 aliqua

2145 5334 2512 5390 modulatione
2539 5345 2755 5392 canere,
2791 5330 2872 5383 vel
2913 5327 3111 5392 alicui,
3140 5325 3288 5400 velut
3319 5325 3370 5379 in
3402 5337 3593 5400 auncm
3636 5334 3725 5400 Cat-

2145 5420 2276 5462 nere
2303 5404 2366 5457 ad
2393 5401 2807 5458 demulcendum
2839 5400 2920 5456 vel
2950 5395 3302 5455 incitandum.
3327 5405 3388 5448 ut
3419 5394 3606 5447 solent
3633 5394 3725 5462 mi-

2146 5459 2272 5531 lites
2313 5474 2622 5528 inuentione
2657 5470 3016 5542 tubarumad
3058 5468 3258 5523 bellum
3277 5466 3542 5542 incitari,
3589 5459 3728 5542 unde

2149 5547 2604 5618 frequentativum
2638 5545 2874 5618 incauto,
2921 5541 3244 5618 incantatur}
3277 5537 3464 5618 Itaque
3495 5534 3726 5618 incauti:

2147 5607 2272 5672 vum
2299 5617 2437 5672 idem
2466 5615 2607 5675 quod
2640 5616 3069 5675 incitamentum,
3101 5611 3184 5665 vel
3216 5609 3645 5666 irritamentum,
3676 5607 3729 5656 et

2149 5633 2272 5672 vum
2299 5632 2437 5672 taetn
2466 5632 2607 5740 Ἇιιυα
2640 5632 3069 5675 ιηειιθιιιθιιιυιη,
3101 5632 3184 5665 γει
3218 5632 3645 5687 ΙΙΊἹιίιιιηξιιιυω,
3676 5632 3729 5656 ce

2149 5689 2416 5752 incentor,
2451 5687 2465 5740 i
2538 5695 2642 5749 est,
2675 5687 2948 5750 incitator,
2982 5680 3282 5752 instigator,
3316 5693 3427 5732 non
3457 5687 3729 5752 Incensor,

2151 5761 2252 5832 nisi
2285 5744 2651 5832 ttietzipborice
2677 5755 2835 5832 (Gell.
2867 5744 3024 5832 Nec}.
3057 5744 3214 5807 ante.
3239 5744 3277 5832 t.‘
3308 5763 3362 5830 ιγ
3389 5763 3514 5817 cap.
3538 5744 3660 5832 is).

2229 5830 2246 5869 ί
2272 5815 2463 5891 Clarus
2492 5827 2579 5884 hic
2607 5837 2662 5884 et
2681 5815 2935 5885 ‘celebris
2979 5826 3119 5889 inter
3161 5815 3498 5892 antiquiores
3526 5825 3584 5873 et
3610 5815 3729 5872 illu-
