3966 6326
238 309 326 366 545

1264 296 1607 355 οοιιΑτιο
1642 297 1709 354 ιι.
1738 327 1813 343 -
1840 298 1933 354 DE
1976 292 2453 355 DISCRETIONE.

3380 302 3537 363 546⁴

243 417 407 489 Apollo
426 414 702 472 seniorum
726 410 1140 484 probatissimos
1161 422 1513 477 occurrisset,
1540 413 1802 466 lanorem-
1829 414 1868 471 Α
1899 408 2111 478 juvenis
2160 412 2252 465 ille
2286 410 2633 465 discesserat.
2678 409 2847 478 Quem
2870 436 2871 439 η
2894 411 3064 468 abbas
3109 415 3303 483 Apollo
3340 417 3490 473 velut

242 528 330 583 que
368 522 415 564 et
442 507 861 579 oppugnationis
899 508 1331 572 vehementiam,
1367 521 1490 572 qua:
1535 504 1589 557 in
1635 504 1803 559 corde

240 608 339 674 ejus
364 601 520 656 tacite
560 599 900 666 solvebatur,
939 598 1007 653 de
1044 586 1505 668 contemplatione
1545 596 1724 649 vultus
1746 603 1802 649 et

239 695 512 765 dejectiotie
542 692 883 761 eonjectans,
906 707 1131 746 causam
1175 701 1336 746 tanta:
1379 688 1800 761 perturbationis

239 793 538 862 inquireret,
561 797 725 853 atque
748 787 840 842 ille
872 785 1114 840 molliter
1136 800 1196 841 sc
1218 786 1562 855 compellanti
1587 784 1703 840 seni
1734 797 1804 838 ne

241 895 535 947 responsum
568 878 787 950 quidem
818 877 985 932 ullum
1016 888 1199 947 posset
1230 876 1436 932 referre
1460 918 1475 941 ,
1522 876 1694 946 magis
1741 888 1804 929 ac

242 976 387 1044 magis
434 989 561 1028 eum
614 970 855 1027 sentiens
912 985 1083 1027 senex
1140 986 1246 1026 non
1299 969 1533 1025 inaniter
1585 982 1802 1023 causam

242 1076 379 1120 tanta:
417 1063 657 1119 tri~titice
709 1063 925 1118 silentio
956 1062 1095 1119 velle
1149 1070 1472 1131 contegere,
1524 1074 1685 1128 quam
1737 1073 1805 1113 ne

239 1159 369 1211 vultu
395 1155 617 1226 quidem
663 1154 1010 1210 dissimulare
1040 1155 1322 1225 quiviseet,
1352 1153 1614 1208 intentius
1643 1151 1710 1205 ab
1738 1164 1805 1206 eo

236 1263 400 1305 causas
440 1248 643 1303 occulti
686 1247 896 1301 doloris
924 1248 1086 1316 coepit
1136 1245 1429 1315 inquirere.
1474 1244 1683 1312 Quibus
1715 1242 1805 1297 ille

234 1339 560 1402 canstrietus,
594 1354 819 1408 pergere
845 1353 906 1393 se
936 1339 1001 1391 ad
1034 1339 1207 1391 vicum
1238 1337 1526 1392 confitetur
1547 1376 1560 1393 .
1594 1343 1652 1389 ut
1680 1336 1806 1404 quia

234 1431 512 1487 secundum
536 1432 861 1484 sententiam
894 1428 1038 1483 illius
1059 1428 1205 1483 senis
1229 1427 1530 1482 monachus
1554 1440 1676 1481 esse
1698 1440 1803 1479 non

235 1532 411 1592 pOSset,
452 1534 554 1576 nec
580 1520 853 1576 refrenare
875 1520 1124 1575 stimulos
1146 1523 1327 1573 carnis
1357 1529 1411 1573 et
1440 1515 1805 1587 impugnatio-

235 1615 302 1668 nis
328 1629 437 1668 rem
450 1612 569 1667 edia
599 1614 858 1681 consequi
889 1613 1001 1683 jam
1031 1611 1279 1677 valeret,
1313 1627 1533 1666 uxorem
1560 1610 1801 1676 duceret,

232 1720 285 1761 ac
329 1705 523 1761 relicm
587 1703 915 1758 monasterio
967 1712 1342 1758 reverteretur
1398 1700 1467 1755 ad
1522 1701 1801 1755 saeculum.

1903 511 2176 557 amentem
2228 503 2424 556 factum
2467 502 2787 573 quihusdam
2836 504 2990 559 furiis
3034 507 3222 577 agitari
3274 511 3490 579 conspi-

1902 595 2072 658 ciens,
2105 594 2377 649 intellexit
2399 595 2627 665 iguitnm
2656 594 2859 653 diaboli
2885 598 3080 665 telum,
3112 600 3255 671 quod
3285 601 3493 657 viderat

1901 686 1971 741 ab
1995 686 2093 742 illo
2111 687 2400 752 directum,
2430 688 2482 743 in
2510 688 2631 757 ejus
2649 691 2816 747 corde
2844 691 3011 748 fuisse
3034 694 3296 760 defixum,
3321 696 3494 750 illam-

1902 795 2008 851 que
2051 781 2105 835 in
2135 796 2201 836 eo
2246 779 2620 839 confusionem
2668 783 2867 839 mentis
2911 799 2976 841 ac
3032 786 3493 854 perturbationem

1903 885 2161 926 sensuum
2194 871 2550 927 intolerandis
2588 874 2817 931 testibus
2841 876 3090 946 operari;
3124 878 3499 950 accedeosqne

1902 963 1971 1019 ad
2016 980 2165 1030 eum,
2219 965 2359 1034 Quo,
2421 966 2615 1037 inquit,
2671 982 2951 1038 properas,
3002 980 3097 1025 aut
3149 987 3397 1042 quamam
3448 983 3501 1031 te

1904 1071 2082 1112 causa
2109 1056 2297 1113 senilis
2328 1058 2474 1113 illius
2520 1060 2807 1130 gravitatis
2847 1062 3076 1118 oblitum
3107 1062 3180 1118 ita
3212 1065 3502 1135 pueriliter

1906 1149 2205 1218 inquietant
2248 1164 2313 1205 ac
2359 1149 2629 1206 mobiliter
2655 1152 2922 1209 cursitare
2946 1156 3314 1225 compellunt?
3339 1159 3503 1213 Cum-

1903 1257 2010 1312 que
2031 1242 2122 1299 ille
2149 1257 2248 1313 pro
2278 1243 2628 1299 conscientiae
2656 1259 2769 1300 sua
2795 1255 2945 1302 reatu
2990 1261 3053 1303 ac
3084 1249 3227 1319 turpi
3268 1251 3505 1323 exagita-

1906 1337 2053 1391 tione
2070 1336 2360 1406 confusus,
2392 1336 2646 1393 crederet
2685 1338 2937 1394 ardorem
2990 1342 3073 1395 sui
3120 1345 3355 1411 pectoris
3398 1345 3496 1401 de-

1908 1428 2279 1501 prehensum,
2328 1444 2392 1485 ac
2444 1433 2667 1487 retectis
2717 1433 2832 1488 seni
2881 1433 2965 1489 sui
3015 1435 3197 1491 cordis
3256 1438 3502 1507 arcanis,

1908 1522 2108 1578 nullam
2142 1524 2557 1593 responsionem
2604 1528 2981 1595 percunctanti
3010 1530 3238 1587 reddere
3280 1548 3506 1604 prorsus

1908 1614 2135 1671 auderet
2167 1632 2182 1671 :
2212 1615 2533 1685 Revertere,
2568 1618 2775 1688 inquit,
2816 1618 2883 1675 ad
2931 1621 3148 1687 cellam,
3182 1624 3508 1697 tandemque

1910 1715 1963 1763 te
1993 1708 2233 1781 intellige
2259 1711 2342 1765 vel
2374 1711 2675 1781 ignoratum
2723 1712 2987 1770 hactenus
3034 1732 3063 1771 a
3112 1715 3336 1775 diabolo
3361 1760 3376 1785 ,
3422 1720 3507 1776 vel

231 1798 378 1866 Quem
408 1812 581 1853 senex
616 1796 815 1865 Apollo
846 1795 1040 1849 blanda
1069 1795 1442 1849 consolatione
1467 1792 1803 1855 demulcens,
1836 1790 1884 1852 Β
1911 1797 2253 1869 despectum,
2285 1815 2389 1855 nec
2418 1802 2472 1855 in
2503 1816 2693 1857 eorum
2726 1818 2955 1860 numero
2982 1817 3285 1877 τεριιιειωη
3313 1811 3511 1881 quibus
3574 1814 3577 1815 '

230 1907 432 1963 seseque
481 1906 738 1946 asserens
783 1888 973 1944 iisdem
1019 1888 1262 1959 quotidie
1294 1888 1684 1943 incentivorum
1715 1885 1812 1940 sti-

231 1983 372 2037 mulis
398 1992 568 2052 atque
594 1980 815 2034 restibus
844 1980 1073 2049 agitari,
1122 1987 1178 2034 et
1228 1978 1433 2034 idcirco
1464 1992 1570 2032 non
1611 1976 1814 2032 debere

232 2090 333 2130 eoin
358 2087 586 2144 prorsus
616 2071 999 2142 desperatione
1027 2068 1338 2135 concidere,
1372 2084 1473 2125 nec
1500 2069 1684 2124 mirari
1723 2085 1812 2124 su-

232 2182 311 2237 per
348 2164 780 2236 impuguationis
808 2162 1027 2228 ardore,
1057 2163 1149 2231 qui
1184 2178 1290 2217 non
1321 2172 1430 2216 tam
1475 2161 1674 2216 laboris
1702 2172 1813 2216 stu-

231 2260 305 2314 dio
329 2273 491 2330 quam
527 2257 903 2312 misericordia
934 2255 1146 2309 Domini
1174 2263 1231 2311 et
1250 2256 1421 2326 gratia
1454 2254 1766 2311 vinceretur
1796 2272 1809 2308 :

232 2351 368 2406 unius
398 2360 614 2405 tantum
643 2350 751 2404 diei
782 2352 851 2403 ab
880 2350 1073 2404 eodem
1105 2348 1353 2419 poposcit
1382 2346 1646 2413 inducias,
1676 2356 1734 2402 et
1756 2355 1815 2401 ut

231 2453 585 2499 reverteretur
608 2442 675 2495 ad
706 2456 856 2495 suam
879 2440 1130 2495 cellulam
1158 2440 1505 2510 deprecatus,
1528 2439 1595 2494 ad
1622 2454 1814 2493 mona-

228 2538 427 2593 sterium
488 2536 730 2607 praedicti
780 2535 929 2590 senis
982 2542 1090 2590 tota
1148 2534 1499 2589 festinatione
1548 2533 1809 2603 perrexit.

228 2629 449 2701 Cumque
488 2630 665 2685 eidem
698 2628 1085 2700 proximasset,
1107 2631 1361 2698 expansis
1384 2626 1659 2690 manibus,
1691 2642 1815 2682 ora-

229 2726 403 2780 tionem
436 2740 570 2780 cum
621 2721 878 2794 lucrymis
909 2723 1143 2777 fundens
1177 2738 1193 2775 :
1221 2722 1527 2788 Converte,
1559 2723 1672 2785 ait,
1702 2721 1811 2776 Do-

229 2821 373 2883 mine,
403 2819 503 2889 qui
533 2818 870 2873 occultarum
898 2815 1091 2870 virium
1111 2825 1163 2869 et
1189 2815 1516 2870 infirmitatis
1561 2815 1811 2872 humanae

227 2913 355 2966 solus
376 2910 589 2966 arbiter
632 2911 749 2980 pius
792 2925 857 2964 ac
890 2919 1136 2965 secretus
1162 2923 1220 2963 es
1248 2907 1493 2963 medicus
1524 2908 1810 2978 impugna-

229 3004 407 3060 tionem
438 3005 594 3059 illius
619 3003 837 3072 juvenis
869 3003 921 3058 in
952 3017 1136 3057 senem
1170 3002 1357 3070 istum,
1392 3009 1451 3057 ut
1479 3002 1811 3058 condescen-

227 3096 337 3151 dere
358 3096 775 3153 infirmitatibus
798 3094 1159 3150 laborantium
1186 3106 1240 3151 et
1263 3094 1503 3165 compati
1529 3094 1813 3164 fragilitati

1916 1890 2009 1947 ille
2035 1892 2278 1961 quotidie
2304 1893 2599 1965 confligere
2626 1902 2685 1949 et
2725 1896 3007 1952 colluctari
3052 1901 3385 1970 profectibus
3414 1918 3510 1961 eo-

1914 2001 2033 2041 rum
2065 2000 2128 2043 ac
2152 1986 2349 2042 studiis
2392 1986 2706 2057 instigatur,
2738 1990 2828 2059 qui
2862 2003 3029 2045 unum
3058 1991 3181 2061 ejus
3210 1993 3261 2048 in
3286 2004 3338 2051 te
3366 1994 3512 2051 dire-

1912 2088 2056 2134 ctum
2079 2080 2319 2149 jaculum
2350 2089 2472 2151 post
2500 2088 2706 2136 tantam
2754 2098 3022 2139 annorum
3074 2084 3299 2156 seriem,
3347 2102 3510 2158 quam

1915 2168 1967 2225 in
1996 2169 2094 2226 hac
2126 2171 2469 2241 professione
2498 2172 2717 2239 trivisti,
2751 2188 2857 2229 non
2885 2173 3063 2231 dicam
3096 2192 3380 2247 respuere,
3414 2179 3511 2236 sed

1916 2278 1985 2319 ne
2008 2264 2237 2320 sufferre
2264 2266 2485 2334 quidem
2523 2267 2607 2321 vel
2632 2282 2741 2323 uno
2767 2268 2857 2324 die
2884 2268 3143 2340 quivisti;
3178 2287 3286 2341 quo
3307 2282 3360 2328 te
3388 2287 3514 2328 sati.

1913 2356 2045 2411 ciari
2076 2356 2332 2413 Dominus
2364 2357 2571 2414 idcirco
2598 2373 2791 2428 passus
2816 2369 2923 2427 est,
2956 2368 3015 2415 ut
3053 2362 3247 2418 saltem
3277 2363 3330 2419 in
3354 2379 3513 2420 sene-

1913 2456 1998 2502 cta
2025 2446 2266 2504 disceres
2294 2450 2531 2519 compati
2562 2449 2970 2506 infirmitatibus
2997 2452 3219 2520 alienis,
3267 2462 3323 2510 et
3352 2453 3514 2527 fragi-

1914 2540 2055 2597 litati
2087 2541 2524 2599 condescendere
2562 2543 2837 2614 juniorum
2881 2544 2990 2599 tuis
3038 2546 3306 2616 exemplis
3343 2556 3510 2617 atque

1914 2635 2259 2705 experientia
2290 2636 2568 2692 docereris
2593 2677 2608 2700 ,
2638 2637 2730 2708 qui
2760 2638 3065 2708 suscipiens
3089 2638 3345 2710 juvenem
3374 2640 3513 2696 infe-

1913 2730 2146 2784 statione
2174 2727 2442 2783 diabolica
2477 2728 2835 2795 laborantem,
2870 2745 2977 2785 non
3011 2730 3174 2785 modo
3199 2729 3346 2786 nulla
3376 2744 3511 2787 con-

1913 2821 2180 2876 solatione
2226 2821 2429 2887 fovisti,
2461 2821 2559 2878 sed
2597 2823 2760 2877 etiam
2793 2825 3100 2894 perniciosa
3130 2823 3513 2895 desperatione

1915 2912 2205 2983 dejectum,
2242 2913 2447 2970 inimici
2479 2914 2730 2971 manibus
2752 2916 3048 2985 tradidisti,
3080 2927 3340 2988 quantum
3371 2920 3424 2975 in
3459 2930 3513 2977 te

1914 3015 2015 3074 est,
2048 3005 2117 3061 ab
2144 3004 2338 3061 eodem
2376 3004 2677 3076 lugubriter
2722 3007 3127 3074 devorandum,
3181 3024 3343 3079 quem
3392 3011 3515 3069 sine

1914 3097 2082 3155 dubio
2121 3113 2459 3167 nequaquam
2508 3106 2613 3153 tam
2654 3098 2969 3157 vehementi
3017 3102 3276 3158 conflictu
3323 3101 3515 3163 fuisset

227 3189 492 3260 iuniorum
536 3191 619 3246 vel
676 3192 728 3246 in
784 3199 1068 3247 senectute
1117 3191 1403 3247 doceatur.
1445 3191 1691 3261 Cumque
1721 3190 1811 3246 ille
1838 3179 1885 3245 C
1916 3205 2226 3261 aggressus,
2261 3205 2370 3259 quo
2400 3198 2454 3246 te
2481 3205 2626 3245 nunc
2653 3206 2826 3260 usque
2854 3202 2936 3248 est
2963 3205 3221 3265 appetere
3248 3195 3514 3268 dedigna-

227 3283 347 3341 hanc
411 3302 639 3357 precem
722 3302 844 3341 cum
902 3288 1104 3357 gemitu
1172 3287 1573 3355 conclusisset,
1639 3287 1816 3343 cernit
1918 3292 2027 3346 tus,
2082 3281 2187 3337 nisi
2226 3280 2409 3336 futuro
2464 3280 2729 3351 profectui
2780 3282 2901 3354 ejus
2946 3285 3201 3341 invidens
3258 3287 3516 3345 inimicus

229 3386 247 3413 ³
273 3377 581 3448 EthiOpem
628 3388 824 3433 tetrum
869 3387 1057 3433 contra
1100 3378 1246 3433 illius
1271 3378 1524 3433 cellulam
1553 3386 1812 3444 stantem,
1914 3376 2064 3432 illam
2091 3378 2347 3431 virtutem
2388 3390 2550 3446 quam
2601 3375 2783 3431 animo
2831 3377 2951 3447 ejus
3003 3379 3187 3435 inesse
3228 3381 3513 3449 cernebat,

227 3481 371 3541 atque
393 3474 661 3528 adversus
688 3486 810 3527 eum
845 3471 1008 3541 ignita
1033 3470 1213 3540 jacula
1242 3469 1581 3540 dirigentem.
1604 3469 1814 3536 Quibus
1916 3468 2211 3539 anticipare
2233 3484 2298 3524 ac
2329 3476 2650 3538 pervertere
2680 3469 2793 3525 suis
2816 3469 3003 3539 ignitis
3045 3471 3240 3540 jaculis
3266 3473 3517 3531 festinas-

228 3580 336 3619 cum
362 3566 561 3623 fuisset
592 3565 684 3621 ille
714 3565 962 3634 protinus
991 3563 1287 3629 sauciatus,
1335 3572 1391 3617 et
1432 3574 1751 3631 progressus
1781 3575 1814 3616 e
1913 3574 2029 3627 set;
2083 3561 2439 3633 proculdubio
2488 3561 2806 3631 intelligens
2860 3562 3166 3629 fortiorem,
3224 3567 3312 3622 cui
3365 3576 3514 3624 tanta

230 3661 376 3727 cella,
410 3661 517 3716 huc
550 3661 785 3730 illucque
810 3659 960 3714 velut
983 3672 1169 3714 amens
1198 3666 1254 3712 et
1284 3656 1470 3712 ebrius
1498 3656 1807 3720 cursitaret,

229 3764 374 3823 atque
403 3754 697 3824 egrediens
720 3764 775 3807 et
796 3750 1133 3822 ingrediens,
1161 3750 1270 3819 jam
1298 3748 1577 3804 continere
1606 3746 1732 3802 sein
1746 3760 1809 3801 ea

227 3861 321 3901 non
349 3855 554 3917 posset,
587 3845 776 3901 eadem
822 3846 905 3900 via
945 3844 1191 3900 concitus
1236 3856 1461 3913 pergere
1485 3842 1673 3911 coepit,
1705 3855 1811 3911 qua

1915 3654 2259 3709 vehementia
2282 3651 2577 3723 conﬂigere
2588 3666 2771 3721 Operae
2792 3652 3025 3721 pretium
3044 3652 3327 3723 judicavit.
3356 3657 3516 3714 Disce

1919 3748 2101 3816 itaque
2127 3748 2233 3800 tuis
2260 3744 2538 3816 exemplis
2572 3744 2953 3802 laborantibus
2984 3746 3252 3815 compati,
3284 3755 3337 3803 et
3370 3749 3517 3818 peri-

1918 3839 2174 3895 clitantes
2196 3851 2535 3907 nequaquam
2560 3835 2861 3907 perniciosa
2875 3835 3262 3907 desperatione
3279 3845 3510 3909 terrere,

1294 3976 1556 4034 ALARDI
1594 3975 1833 4035 GAZEI
1869 3972 2438 4033 COMMENTARIUS.

228 4101 441 4155 striores
489 4098 868 4154 anachoretas.
922 4096 1066 4151 Vixit
1118 4095 1265 4152 enim
1317 4103 1563 4162 tempore
1610 4093 1811 4150 Juliani

228 4172 514 4240 Apostatae,
546 4172 968 4240 quingentorum
991 4169 1389 4240 monachorum
1421 4166 1600 4229 Pater,
1646 4164 1812 4240 mira-

225 4238 462 4297 culorum
495 4238 670 4311 gloria
700 4240 947 4294 illustris.
988 4239 1119 4306 Ejus
1151 4238 1313 4311 vitam
1343 4246 1410 4311 et
1434 4252 1518 4311 res
1550 4238 1812 4311 praeclare

227 4322 393 4376 gestas
440 4305 722 4367 Palladius
761 4312 893 4363 satis
941 4305 1119 4373 ample
1175 4308 1437 4363 describit
1465 4307 1686 4361 Lausia.
1714 4305 1805 4361 52.

225 4382 460 4437 Meminit
492 4383 739 4451 ejusdem
780 4384 1115 4451 Soziimeutis
1148 4379 1326 4451 lib._v1
1380 4393 1501 4451 cap.
1534 4378 1811 4451 20,_et__ex

225 4466 288 4507 eo
308 4447 654 4519 Nicephorus
683 4452 755 4506 lib
786 4467 836 4506 xi
864 4466 988 4519 cap.
1036 4448 1125 4514 54,
1162 4458 1219 4504 et
1246 4448 1608 4503 Cassiodorus
1633 4448 1685 4519 in
1718 4447 1809 4501 Ili-

227 4526 383 4577 Storia
412 4518 662 4593 'rriparl.
698 4523 791 4577 lib.
818 4538 911 4576 vttt
939 4518 1145 4593 capri.
1193 4521 1373 4574 Dictus
1396 4527 1509 4593 _est
1540 4518 1803 4593 Apollos,

225 4592 301 4647 vel
333 4588 557 4663 Apollo,
589 4609 721 4648 voce
749 4591 1144 4647 indeclinabili:
1174 4590 1447 4663 quomodo
1477 4591 1639 4663 etiam
1664 4588 1807 4656 Apo-

225 4659 427 4733 stolus]
465 4665 488 4721 Ι
518 4662 639 4720 Car.
672 4679 753 4731 tu,
782 4662 881 4732 i6)
908 4664 1196 4732 quemdam
1220 4660 1478 4733 Ecclesiae
1497 4659 1808 4733 ministrum

230 4732 467 4789 nominat
494 4737 707 4803 Apollo,
734 4750 837 4787 non
872 4733 1204 4800 Apollinem;
1238 4732 1305 4785 ad
1334 4732 1804 4803 supprimeudarn,

227 4817 275 4857 ut
302 4808 527 4876 opinor,
548 4799 769 4875 profani
819 4799 963 4876 illius
993 4813 1045 4876 et
1070 4802 1261 4858 famosi
1304 4802 1573 4876 Apollinis
1612 4799 1805 4876 Rythii

225 4871 605 4941 sive-Delphici
632 4875 971 4929 memoriam.
997 4873 1418 4930 Meminitetiam
1447 4871 1684 4927 cmuobii
1707 4880 1806 4925 an-

225 4943 354 5002 batis
405 4946 611 5012 Apollo
667 4944 1008 5014 Supltrouins
1061 4946 1114 4997 in
1170 4944 1331 4998 Prato
1364 4942 1653 5011 Spiritual.
1682 4956 1803 5010 cap.

226 5015 342 5071 181.
379 5019 508 5071 Fuit
564 5029 621 5072 et
654 5016 972 5083 Apollonius
997 5014 1322 5069 anachoreta
1350 5028 1455 5068 non
1498 5014 1761 5068 obscurus
1785 5052 1803 5077 ,

224 5087 284 5139 de
307 5104 416 5154 quo
471 5086 747 5142 Palladius
771 5085 988 5139 Lausia.
1019 5086 1109 5151 66,
1139 5097 1194 5140 et
1236 5084 1569 5152 Nicephorus
1602 5085 1699 5137 lib.
1748 5098 1805 5138 ιι

222 5170 334 5225 cap.
366 5159 464 5222 35,
493 5173 656 5224 quem
690 5157 931 5211 nonnulli
960 5172 1081 5211 cum
1117 5156 1217 5209 hoc
1248 5155 1447 5223 Apollo
1489 5156 1627 5209 tnale
1666 5168 1803 5209 con-

225 5227 480 5290 fundunt,
519 5244 802 5295 perperam
837 5228 915 5281 illi
946 5228 1307 5281 attriliuetttes
1323 5242 1444 5296 quae
1470 5227 1656 5279 dehoc
1683 5239 1810 5293 pro-

224 5296 328 5352 dita
354 5301 551 5370 sunt.(
591 5298 805 5353 Vincen.
852 5296 1006 5370 Spes.
1046 5297 1238 5370 "istor:
1269 5298 1357 5370 lib.
1392 5298 1723 5370 xv_;_Anton_.
1755 5296 1811 5349 in

224 5382 258 5421 tt
288 5388 405 5435 par.
437 5367 639 5435 “1.15,
675 5387 793 5440 cap.
826 5367 931 5433 10';
971 5369 1080 5440 Fiet.
1110 5370 1164 5421 in
1196 5367 1434 5436 Cutalog.
1467 5367 1557 5421 lib.
1594 5382 1665 5440 tv.
1693 5367 1712 5435 )

289 5449 315 5476 ⁴
349 5442 643 5495 Diabolum
672 5437 924 5495 iu'tortnn
959 5439 1253 5507 [Ethiopig
1287 5455 1381 5492 seu
1408 5439 1645 5491 hominis
1674 5437 1810 5503 nigri

226 5523 490 5578 apparere
522 5514 738 5567 smitam
779 5514 965 5565 multis
995 5511 1261 5573 exeinplis
1316 5519 1665 5577 compertum
1701 5519 1806 5562 est.

231 5580 355 5634 Vtile
379 5598 554 5647 supra
584 5585 770 5636 collat.
803 5591 824 5636 1
853 5597 973 5648 cap.
1007 5584 1100 5648 14,
1136 5582 1492 5635 Athamanum
1530 5598 1580 5631 tn
1611 5579 1726 5632 Vita
1748 5579 1806 5633 S.

231 5654 474 5708 Antonii.
505 5653 651 5709 Vitas
673 5651 889 5706 Patrum
908 5654 961 5706 itt
994 5654 1252 5712 Macario.
1273 5653 1471 5705 Victori
1497 5671 1543 5703 In
1563 5650 1807 5709 U'it'ells-

231 5718 321 5776 lib.
356 5724 851 5779 tPersecutionum
886 5723 1111 5777 Vanital.
1138 5767 1150 5787 ,
1203 5726 1519 5791 Gregorium
1560 5737 1810 5790 tttngnttm

232 5792 367 5850 libro
399 5795 647 5850 secundo
682 5795 886 5862 Dialog.
930 5809 1050 5861 cap.
1091 5797 1112 5849 ι
1141 5805 1189 5847 et
1228 5796 1318 5848 lih.
1352 5811 1403 5847 tv
1433 5810 1553 5864 cap.
1596 5796 1677 5861 18,
1714 5793 1816 5849 Pe-

1917 4100 2061 4147 trum
2094 4091 2509 4147 Cluniacensem
2550 4088 2608 4145 in
2632 4089 2753 4162 lib._
2786 4095 2802 4145 i
2833 4089 2901 4146 de
2927 4089 3124 4162 Mirac.
3168 4090 3373 4162 cap.8.
3404 4091 3512 4149 Sed

1919 4163 2159 4232 lepidum
2190 4169 2298 4226 est,
2331 4172 2385 4216 et
2415 4162 2672 4217 memoria
2703 4160 2953 4232 dignum,
2985 4160 3129 4230 quod
3184 4160 3251 4216 in'
3272 4161 3390 4217 Vita
3419 4164 3516 4220 ab-

1916 4235 2059 4288 batis
2091 4233 2303 4301 Apollo,
2336 4232 2406 4287 de
2433 4249 2545 4300 quo
2576 4234 2953 4299 supra.refert
2986 4232 3257 4288 Palladius
3282 4234 3364 4288 his
3390 4250 3516 4290 ver-

1918 4304 2001 4360 bis
2027 4321 2041 4362 :
2073 4304 2141 4367 Is,
2172 4304 2368 4373 inquit,
2399 4318 2520 4358 cum
2547 4304 2858 4374 quindecim
2886 4318 3062 4358 annos
3085 4314 3244 4359 natus
3266 4308 3512 4361 amuudo

1915 4374 2704 4444 secessisset,etquadraginta
2736 4390 2909 4428 annos
2946 4378 2998 4427 in
3032 4375 3515 4430 solitudinetrans—

1917 4445 2145 4516 egisset,
2179 4458 2233 4500 et
2255 4446 2309 4499 in
2335 4460 2397 4516 ea
2428 4459 2646 4516 omnem
2678 4444 2939 4516 virtutem
2964 4448 3327 4516 exercuisset,
3364 4447 3513 4501 visus

1915 4514 1998 4572 est
2031 4524 2219 4584 postea
2249 4514 2437 4570 audire
2463 4514 2559 4585 Dei
2588 4528 2777 4568 vocem
2802 4514 3037 4585 (ﬂrentis
3065 4517 3112 4568 ei
3137 4532 3147 4566 :
3175 4517 3397 4584 Apollo,
3418 4533 3515 4585 per

1917 4594 1974 4641 te
2001 4583 2757 4656 sapientiamisapikentunrin
2790 4583 3054 4655 Egypto,
3086 4596 3142 4656 et
3168 4583 3511 4654 prudentiam

1913 4653 2159 4726 gentium
2178 4655 2433 4710 abolebo.
2457 4653 2761 4726 Generabis
2789 4653 2934 4708 enim
2966 4654 3098 4708 mihi
3132 4653 3393 4726 populum
3416 4673 3512 4726 pe-

1838 4713 1890 4773 Ῑ)
1914 4713 2205 4792 διιιίεηεηι,
2239 4727 2613 4780 aemulatorem
2647 4725 2912 4781 bonorum
2966 4713 3217 4794 operti-mi
3249 4725 3300 4780 Is
3326 4713 3507 4781 aut-em

1914 4797 2259 4866 respondens
2277 4796 2450 4851 dixit:
2473 4796 2685 4851 Aufera
2710 4811 2815 4857 me,
2844 4796 3090 4863 Domine,
3115 4798 3508 4866 arrogantiam,

1916 4884 1985 4925 ne
2010 4870 2154 4923 forte
2185 4868 2359 4921 elatus
2387 4882 2548 4935 supra
2597 4867 2992 4921 fraternitatem
3020 4906 3035 4933 ,
3094 4867 3328 4921 mulcter
3359 4869 3508 4923 omni

1916 4940 2061 4994 bono
2087 4954 2273 5008 opere.
2293 4938 2352 4992 Ei
2378 4947 2557 4992 autem
2590 4952 2781 4992 rursus
2802 4937 2941 4991 dixit
2969 4951 3073 4992 vox
3105 4938 3321 5008 divina:
3358 4939 3509 4995 Mitte

1912 5007 2134 5064 manum
2169 5019 2313 5079 tuam
2343 5022 2507 5078 super
2532 5008 2734 5079 collum
2793 5018 2968 5075 tuum,
3020 5020 3074 5063 et
3103 5007 3305 5063 deinde
3336 5024 3509 5079 pones

1911 5096 2058 5149 eam,
2083 5092 2135 5134 et
2160 5078 2391 5134 infodies
2419 5094 2621 5133 arente.
2648 5078 2700 5134 is
2724 5090 2907 5134 autem
2927 5096 3046 5133 cum
3072 5085 3258 5133 statim
3287 5078 3507 5135 manum

1914 5153 2160 5207 misisset
2189 5165 2352 5219 super
2376 5150 2577 5205 collum
2597 5189 2609 5213 ,
2650 5150 3019 5218 apprehendit
3051 5165 3277 5219 parvum
3302 5150 3511 5205 Ethio-

1919 5238 2060 5291 pem.
2094 5231 2149 5276 et
2174 5236 2297 5275 eum
2323 5220 2517 5275 infudit
2548 5225 2601 5275 in
2624 5235 2787 5275 arena
2834 5221 3185 5291 clamantem,
3230 5228 3287 5275 et
3322 5221 3512 5275 dicen-

1917 5302 2023 5348 tem
2052 5310 2063 5345 :
2096 5292 2207 5361 Ego
2229 5306 2349 5345 sum
2376 5292 2591 5346 daemon
2624 5291 2915 5360 superbiae.
2944 5290 3068 5345 Haec
3089 5291 3189 5347 ibi.
3226 5291 3296 5347 Et
3320 5306 3509 5347 revera

1914 5360 2165 5433 congruit
2207 5362 2323 5416 haec
2352 5362 2517 5432 ﬁgura
2542 5361 2802 5426 dtentoni,
2848 5363 2965 5416 sive
3002 5377 3067 5433 ex
3102 5362 3273 5433 ipsius
3320 5360 3511 5416 condi-

1918 5431 2081 5493 liene.
2114 5446 2203 5487 aut
2232 5431 2407 5488 etiam
2428 5435 2732 5501 electione;
2769 5434 2885 5487 sive
2920 5447 2986 5487 ex
3039 5431 3136 5487 Dei
3160 5432 3511 5488 ordinatione
3574 5472 3575 5475 η

1916 5516 1969 5559 et
2002 5505 2301 5567 voluntate,
2354 5520 2516 5573 quam
2549 5506 2663 5566 ipsa
2716 5505 2895 5572 signat
2938 5504 3181 5558 nominis
3234 5504 3507 5572 analogia.

1921 5578 2049 5648 {iam
2088 5574 2382 5641 Ethiops,
2412 5576 2522 5629 ensi
2556 5576 2825 5648 Hehrmis,
2854 5575 3025 5648 idest
3046 5576 3212 5648 niger,
3233 5586 3287 5631 et
3318 5575 3509 5648 Δὶθιὼψ

1920 5647 2132 5722 Graecis
2182 5648 2466 5722 incendens
2505 5646 2591 5702 vel
2629 5648 2871 5722 incensus
2913 5645 3347 5722 interpretatur;
3388 5645 3509 5722 qua:

1922 5734 2084 5788 quam
2108 5718 2207 5789 ipsi
2239 5718 2598 5784 conveniant,
2631 5719 2747 5788 ipse
2775 5717 2996 5774 viderit.
