3966 6326
461 280 567 342 δη

1517 263 1800 328 ιοΑΝΝιε
1834 259 2153 324 CASSIANI
2189 250 2690 319 COLLATIONBS.

3540 221 3544 228 ’
3622 251 3714 315 sn

463 414 563 456 nec
583 394 894 453 durissimis
921 385 1272 451 sermonibus
1301 399 1579 458 asperare,
1611 381 1706 439 sed
1740 380 1921 452 potius
1947 378 2057 434 leni
2087 379 2131 439 Α
2165 376 2210 432 si
2238 375 2370 431 nihil
2402 375 2617 445 penitus
2647 370 2904 429 aﬂectare
2935 377 3126 428 nostro
3149 367 3355 443 judicio
3392 382 3452 425 ac
3479 382 3713 439 presum-

463 491 775 559 blandaque
805 486 1189 544 consolatione
1221 480 1480 546 reticere,
1509 487 1561 534 et
1589 475 1887 531 secundum
1919 487 2057 541 prre-

465 597 683 651 ceptum
725 579 1120 648 sapit-ntissimi
1165 575 1478 634 Salomonis
1508 588 1687 628 eruere
1723 585 1810 625 eos
1829 567 1919 637 qui
1960 566 2061 621 du-

466 690 652 734 cuntur
699 677 767 732 ad
812 684 1049 738 mortem,
1094 681 1144 728 et
1171 671 1428 726 redimere
1452 683 1536 722 eos
1562 667 1650 736 qui
1675 661 2060 733 interﬁciuntur

467 790 530 827 ne
552 787 742 842 parcas
769 768 1012 835 ('Prover.
1041 764 1228 837 axrv);
1254 762 1538 833 nostrique
1564 759 2060 816 Salvatorisexem-

467 864 557 933 pio
587 861 909 918 arundinem
948 865 1264 931 quassatam
1311 871 1419 910 non
1445 864 1770 916 conterere,
1802 859 1854 906 et
1888 849 2058 904 linum

469 956 740 1024 iumigans
769 970 875 1010 non
919 952 1281 1022 exstinguere
1315 947 1516 1022 (Isaia:
1561 960 1703 1011 xsn;
1733 943 1886 997 Matt.
1915 957 1987 996 sit
2008 940 2058 1010 ),

468 1047 729 1116 illamque
757 1060 786 1100 a
815 1045 1048 1102 Domino
1075 1044 1304 1114 gratiam
1332 1039 1628 1110 postulare,
1654 1051 1758 1106 qua
1783 1033 1904 1105 ipse
1927 1048 2063 1104 quo-

467 1151 573 1205 que
620 1135 949 1194 ﬂducialiter
980 1135 1162 1192 valeas
1191 1148 1358 1202 opere
1406 1147 1470 1187 ac
1513 1129 1747 1187 veritate
1789 1136 2061 1184 cantare:

467 1225 726 1284 Dominus
755 1227 896 1283 dedit
936 1227 1064 1284 milii
1099 1225 1334 1296 linguam
1377 1223 1666 1286 eruditam,
1691 1230 1747 1275 ut
1782 1219 1943 1278 sciam
1974 1235 2065 1274 su-

474 1331 699 1377 stentare
726 1338 843 1378 cum
889 1322 979 1392 qui
1021 1319 1202 1388 lapsus
1238 1328 1311 1376 est
1348 1317 1498 1373 uerbo
1543 1313 1722 1387 (Ιηὶω
1752 1312 1824 1385 ι).
1874 1311 2066 1368 Nullus

475 1417 623 1472 enim
657 1423 843 1484 posset
871 1412 1100 1470 insidias
1147 1411 1356 1470 inimici
1397 1409 1656 1473 suilerre,
1688 1423 1786 1462 seu
1820 1405 2069 1462 carnales

468 1516 634 1563 aestus
681 1505 918 1562 naturali
977 1503 1386 1573 quodammodo
1455 1502 1581 1572 igne
1644 1500 1938 1570 ﬂagrantes
1982 1497 2067 1552 vel

469 1599 840 1668 exstinguere,
865 1597 955 1652 vel
981 1595 1313 1666 reprimere,
1354 1592 1457 1650 nisi
1486 1593 1660 1662 gratia
1688 1589 1783 1646 Dei
1804 1587 1890 1643 vel
1911 1587 2069 1657 juva-

470 1701 554 1748 ret
582 1691 931 1762 fragilitatem
963 1697 1232 1753 nostram,
1260 1687 1347 1746 vel
1379 1693 1691 1757 protegeret
1715 1698 1777 1741 ac
1805 1683 2067 1739 muniret.

2161 469 2348 538 ptione
2377 475 2662 522 tentemus.

2747 559 2979 618 CAPUT
3015 559 3158 618 XIV.

2625 656 2706 712 De
2728 656 2991 710 vocatione
3016 651 3292 711 Samuelis.

2239 771 2477 840 Denique
2501 771 2552 826 in
2587 779 2791 826 tantum
2820 769 3012 840 placita
3043 768 3155 824 Deo
3179 768 3294 824 haec
3314 765 3572 823 sententia
3590 779 3719 822 com-

2164 863 2450 934 probatur,
2482 873 2539 918 ttt
2577 862 2739 918 etiam
2769 863 2823 917 in
2856 863 3153 933 Scripturis
3181 861 3380 917 sanctis
3403 856 3544 916 hanc
3587 875 3719 916 eam-

2163 955 2287 1011 dem
2320 954 2716 1011 institutionem
2766 971 2875 1010 non
2903 955 3080 1011 otiose
3103 955 3439 1025 reperiamus
3470 953 3720 1024 insertam,

2165 1048 2238 1103 ita
2291 1057 2348 1104 ut
2387 1063 2610 1119 puerum
2666 1057 2691 1086 α
2740 1047 3046 1104 Samuelem
3075 1047 3282 1117 judicio
3329 1047 3599 1118 przclatum
3638 1061 3722 1102 suo

2166 1138 2185 1213 [
2211 1140 2356 1211 Lips.
2411 1143 2464 1196 in
2493 1158 2657 1212 marg.
2691 1141 3036 1212 praaelectum
3059 1139 3266 1209 judicio
3293 1138 3434 1212 suo]
3465 1139 3620 1196 nollet
3644 1155 3726 1210 per

2166 1233 2518 1302 semetipsum
2541 1232 2708 1288 divini
2735 1233 2990 1302 colloq’uii
3023 1232 3306 1302 disciplina
3347 1232 3600 1288 Dominus
3620 1249 3727 1288 eru-

2167 1327 2303 1395 dire,
2329 1328 2424 1384 sed
2456 1343 2733 1383 recurrere
2755 1328 2926 1384 semel
2955 1339 3012 1384 et
3044 1329 3236 1382 iterum
3266 1335 3540 1396 pateretur
3567 1324 3629 1380 ad
3653 1340 3728 1382 se-

2169 1435 2323 1484 nem;
2375 1436 2606 1491 eumque
2656 1437 2811 1491 quem
2854 1421 2923 1474 ad
2969 1435 3124 1476 suum
3157 1418 3384 1474 vocabat
3435 1417 3726 1492 alloquium,

2168 1513 2330 1566 etiam
2355 1513 2500 1568 illius
2527 1513 2616 1583 qui
2650 1512 2954 1568 oll‘emlerat
2977 1509 3477 1577 Deum,dummodo
3503 1511 3730 1574 senioris,

2168 1603 2415 1658 doctrina
2445 1605 2605 1660 vellet
2629 1604 2866 1669 institui;
2891 1613 2946 1659 et
2965 1619 3125 1674 quem
3140 1619 3234 1660 sua
3258 1602 3538 1658 vocatione
3552 1601 3734 1670 dignis-

2169 1695 2366 1752 simum
2387 1696 2676 1766 judicarat,
2695 1697 2926 1752 senioris
2939 1697 3119 1753 mallet
3149 1695 3489 1752 institutione
3516 1692 3733 1762 formari,

474 1785 545 1842 Et
574 1785 781 1844 idcirco
823 1785 1078 1842 salutaris
1111 1783 1274 1851 ltujus
1304 1777 1730 1851 dispensationis
1760 1777 1974 1833 ratione
2003 1776 2065 1832 ll-

2180 1796 2228 1844 Ltt
2250 1788 2534 1845 scilicetet
2563 1789 2710 1844 illius
2731 1790 2818 1860 qui
2846 1789 2912 1844 ad
2941 1789 3180 1845 divinum
3213 1787 3569 1844 ministerium
3597 1800 3736 1841 voca-

472 1880 610 1946 nita,
658 1893 765 1949 qua
811 1877 898 1936 vel
948 1876 1102 1934 illum
1162 1875 1416 1946 juvenem
1471 1871 1800 1943 perniciosis
1844 1870 2068 1927 testibus

472 1970 741 2030 Dominus
775 1970 1049 2037 liberare,
1088 1969 1172 2026 vel
1201 1968 1270 2027 de
1318 1967 1749 2039 impugnationis
1778 1963 2070 2020 vehemen-

472 2064 569 2131 tia,
593 2073 650 2120 et
675 2063 1046 2134 compellendi
1090 2063 1292 2120 allecto
1328 2073 1383 2118 te
1424 2061 1603 2118 voluit
1637 2059 1887 2125 erudire,
1920 2073 2066 2114 com-

473 2159 730 2216 munibus
771 2173 896 2215 ettm
931 2158 1188 2228 precibus
1218 2157 1611 2228 implet-emus,
1640 2168 1753 2225 quo
1795 2152 2068 2223 ﬂagellum

474 2247 617 2306 istud
643 2247 792 2319 quod
820 2249 1072 2306 utilitatis
1101 2247 1276 2318 gratia
1311 2245 1412 2304 tibi
1441 2245 1710 2302 Dominus
1756 2243 1957 2298 inferre
1985 2242 2070 2298 di—

470 2351 667 2412 gnatus
684 2351 790 2409 est,
822 2341 1012 2413 iubeat
1039 2341 1282 2398 amoveri
1314 2340 1448 2411 (ipse
1486 2339 1625 2394 enim
1664 2337 1841 2393 dolere
1870 2339 1996 2408 facit
2021 2346 2071 2391 et

471 2451 678 2490 rursum
706 2437 958 2498 medetur,
979 2436 1200 2507 percutit
1211 2445 1260 2490 et
1281 2451 1464 2489 manus
1481 2437 1596 2505 ejus
1614 2444 1803 2489 sonant
1825 2430 1966 2506 [Job.
1985 2431 2067 2502 v];

471 2527 582 2596 ipse
606 2528 845 2584 Itumiliat
871 2538 919 2585 et
965 2528 1179 2593 exultat,
1213 2529 1323 2596 ipse
1369 2527 1556 2583 occidit
1599 2537 1648 2582 et
1691 2527 1934 2593 uieiﬁeat,
1983 2525 2074 2580 de-

472 2619 614 2674 ducit
640 2620 708 2676 ad
730 2622 992 2692 infernum
1018 2631 1068 2680 et
1097 2620 1297 2675 reducit
1328 2620 1369 2693 [Ι
1404 2619 1532 2693 Reg.
1560 2618 1642 2691 tt},
1673 2628 1734 2674 et
1766 2618 1927 2688 ignita
1958 2616 2073 2674 dia-

473 2714 586 2770 boli
610 2715 790 2783 jacula
817 2730 940 2784 qua:
969 2730 1054 2770 me
1090 2713 1303 2771 arbitro
1335 2714 1432 2768 tibi
1465 2712 1710 2782 permisit
1737 2711 1902 2782 inﬂigi
1922 2751 1937 2774 ,
1968 2709 2069 2765 do-

475 2814 644 2864 nante
655 2805 894 2876 Spiritus
905 2801 988 2862 siti
1003 2821 1152 2871 rure,
1173 2805 1671 2876 restinguat.Quam
1695 2802 2069 2867 tentationem,

475 2896 598 2954 licet
624 2897 816 2956 eadem
841 2898 1123 2956 celeritate
1152 2913 1258 2966 qua
1289 2896 1480 2952 inferri
1507 2913 1628 2953 eam
1662 2897 1922 2952 Dominus
1949 2911 2072 2963 pas—

473 3004 570 3046 sus
616 3000 724 3056 est,
767 2989 834 3046 ad
865 3005 1024 3046 unam
1065 2991 1216 3046 senis
1258 2989 1562 3044 orationem
1606 2996 1795 3044 rursus
1835 2988 2073 3043 abstule-

476 3082 574 3149 rit;
606 3081 846 3142 evidenti
896 3091 1074 3139 tamen
1119 3083 1494 3152 experimento
1527 3081 1733 3145 docuit.
1765 3096 1871 3136 non
1911 3081 2072 3135 modo

475 3190 583 3234 non
601 3176 921 3246 exprobrari
936 3175 1204 3248 patefacta
1221 3176 1487 3246 cujusque
1503 3176 1628 3230 vitia
1648 3175 1871 3241 debere,
1887 3175 1982 3231 sed
2008 3191 2073 3232 ne
2101 3165 2147 3229 C

480 3269 676 3330 leviter
701 3270 920 3340 quidem
949 3271 1248 3330 laborantis
1268 3270 1514 3327 dolorem
1538 3271 1738 3327 debere
1767 3271 2066 3327 contemni.

479 3362 545 3419 Et
571 3362 772 3420 idcirco
807 3379 1146 3434 nequaquam
1173 3379 1271 3418 nos
1301 3361 1471 3436 [Lips.
1495 3365 1550 3418 in
1572 3379 1740 3436 marg.
1773 3363 1891 3437 vos]
1917 3366 2071 3419 unius

479 3454 600 3512 sive
617 3470 907 3524 paucorum
928 3455 1012 3511 vel
1029 3456 1304 3528 imperitia
1321 3456 1400 3510 vel
1421 3454 1614 3510 levitas
1631 3455 1700 3512 ab
1717 3455 1808 3510 illa
1821 3455 2069 3522 salutari,

480 3563 640 3620 quam
676 3549 1046 3621 praediximus.
1075 3548 1160 3604 via
1191 3557 1247 3604 et
1277 3549 1566 3605 traditione
1593 3547 1861 3617 majorum
1891 3549 2072 3604 deter-

487 3651 602 3702 reat
621 3655 673 3700 et
698 3643 979 3709 excludat,
1010 3658 1238 3713 quorum
1261 3642 1464 3698 canitie
1484 3643 1550 3700 ad
1576 3642 1955 3713 deeeptionem
1985 3642 2073 3712 iu-

485 3736 700 3796 Iliorum
730 3735 1116 3793 callidissimus
1141 3735 1378 3790 abutitur
1401 3736 1694 3791 inimicus:
1731 3735 1827 3790 sed
1874 3735 2078 3805 absque

490 3831 607 3889 ullo
628 3828 958 3886 confusionis
978 3829 1316 3898 operimento
1336 3831 1515 3886 omnia
1543 3830 1745 3886 debent
1773 3829 2078 3884 senioribus

488 3922 758 3988 revelari,
813 3931 975 3992 atque
1005 3922 1072 3976 ab
1125 3922 1202 3977 eis
1251 3923 1333 3976 vel
1379 3923 1617 3980 remedia
1647 3922 1966 3990 vulnerum,
1993 3923 2081 3984 vel

487 4017 735 4087 exetnpla
765 4015 1194 4071 conversationis
1223 4031 1285 4070 ac
1313 4016 1439 4072 vita:
1465 4016 1785 4073 ﬁducialiter
1812 4019 1989 4084 sumi;
2024 4018 2077 4074 in

489 4109 686 4180 quibus
713 4122 894 4180 parem
919 4121 1076 4179 opem
1099 4114 1156 4164 et
1175 4107 1407 4166 similem
1430 4108 1772 4179 experiemur
1801 4108 2078 4181 ell'eCtum,

2167 1879 2325 1935 batur
2355 1880 2674 1949 probaretur
2703 1880 3007 1947 humilitas,
3039 1880 3422 1950 etjunioribus
3446 1877 3737 1936 formasub-

2166 1974 2420 2044 lectionis
2450 1974 2610 2044 hujus
2639 1985 3033 2046 proponeretur
3063 1973 3316 2044 exemplo
3342 1973 3387 2044 (Ι
3417 1971 3543 2046 Reg.
3573 1972 3670 2044 tu).

2765 2063 2992 2121 CAPUT
3023 2065 3138 2120 XV.

2571 2157 2647 2213 De
2674 2163 2935 2213 vocatione
2965 2157 3125 2212 Pauli
3146 2159 3390 2228 apostoli.

2244 2250 2469 2308 Paulum
2500 2267 2715 2324 quoque
2759 2267 2854 2322 per
2880 2253 3236 2324 semetipsum
3280 2265 3486 2307 vocans
3528 2259 3576 2306 et
3614 2249 3738 2306 allo.

2171 2358 2344 2414 quens
2371 2341 2643 2409 Christus,
2677 2358 2798 2399 cum
2824 2353 3010 2414 posset
3029 2345 3078 2400 el
3111 2343 3464 2415 perfectionis
3493 2341 3626 2398 viam
3663 2357 3740 2397 rc-

2175 2452 2361 2492 serare
2385 2438 2691 2505 confestim,
2715 2437 2948 2508 dirigere
2973 2438 3040 2493 ad
3074 2439 3337 2500 Ananiam
3368 2437 3592 2504 mavult,
3621 2435 3747 2492 etab

2173 2546 2238 2586 eo
2264 2531 2417 2602 jubet
2440 2531 2581 2586 viam
2623 2531 2867 2587 veritatis
2893 2546 3211 2601 agnoscere,
3240 2531 3432 2586 dicens
3464 2549 3477 2583 :
3504 2529 3664 2598 Surge
3707 2534 3748 2586 et

2174 2627 2442 2700 ingredere
2470 2627 2754 2694 civitatem,
2783 2636 2831 2680 et
2870 2627 2940 2680 ibi
2968 2627 3057 2680 tibi
3095 2627 3294 2680 dicetur
3313 2624 3444 2696 quid
3466 2635 3511 2680 te
3537 2629 3749 2694 oporteat

2174 2725 2342 2790 facere
2366 2720 2565 2790 (Actor.
2580 2718 2657 2788 v).
2686 2723 2712 2757 δ
2739 2718 2897 2774 Mittit
2922 2719 3105 2789 itaque
3127 2729 3179 2774 et
3214 2717 3352 2772 hunc
3383 2717 3451 2771 ad
3475 2715 3748 2778 seniorem,

2179 2827 2412 2882 eumque
2441 2811 2587 2867 illius
2611 2811 2792 2883 potius
2820 2810 3066 2867 doctrina
3097 2825 3255 2878 quam
3287 2825 3383 2866 sna
3412 2816 3598 2867 censet
3618 2806 3752 2862 insti-

2176 2905 2286 2968 tui;
2316 2918 2384 2959 ne
2431 2903 2635 2958 scilicet
2663 2904 2807 2975 quod
2840 2913 2985 2960 recte
3029 2915 3243 2975 gestum
3279 2903 3474 2960 fuisset
3499 2902 3550 2959 in
3579 2900 3749 2966 Paulo,

2178 2995 2410 3065 posteris
2443 2997 2641 3051 malum
2675 2997 3112 3066 praesumptionis
3143 2996 3411 3066 praeberet
3441 2993 3750 3066 exemplum,

2177 3090 2304 3147 dum
2328 3092 2697 3162 unusquisque
2718 3092 2934 3147 sibimet
2953 3091 3298 3162 persuaderet
3331 3090 3499 3146 simili
3529 3087 3679 3143 modo
3702 3099 3754 3142 se

2178 3199 2392 3254 quoque
2414 3182 2613 3238 debere
2642 3183 2736 3237 Dei
2778 3183 2950 3238 solius
2989 3182 3304 3253 magisterio
3333 3189 3500 3252 atque
3524 3178 3754 3236 doctrina

2177 3276 2357 3346 potius
2410 3289 2568 3344 quam
2631 3274 2908 3330 seniorum
2938 3274 3275 3329 institutione
3298 3274 3546 3329 formari.
3592 3271 3752 3337 Quam

2177 3369 2656 3439 prresumptionem
2688 3366 3014 3423 omnimodis
3045 3367 3424 3422 detestandam
3457 3365 3615 3421 etiam
3647 3364 3754 3433 ipse

2177 3459 2490 3529 Apostolus,
2527 3477 2633 3515 non
2655 3461 2829 3516 Solum
2855 3458 3075 3524 litteris,
3100 3458 3193 3514 sed
3223 3458 3384 3515 etiam
3413 3472 3580 3528 opere
3609 3465 3757 3524 atque

2180 3555 2430 3622 exemplo
2482 3553 2664 3620 docet,
2707 3554 2778 3609 ob
2810 3552 2914 3608 hoc
2943 3551 3284 3609 solummodo
3310 3565 3369 3607 se
3395 3562 3647 3606 asserens
3671 3545 3756 3601 Je-

2179 3645 2508 3717 rosolymam
2539 3645 2945 3709 conscendisse,
2977 3654 3035 3700 ut
3085 3644 3450 3714 evangelium,
3483 3641 3646 3712 quod,
3681 3651 3762 3693 co-

2183 3740 2410 3794 mitante
2439 3737 2604 3808 gratio
2637 3739 2872 3808 Spiritus
2897 3738 3094 3803 sancti,
3124 3751 3247 3790 cum
3278 3743 3554 3805 potestate
3590 3732 3761 3802 signo-

2183 3849 2301 3889 rum
2354 3842 2410 3887 et
2433 3833 2802 3904 prodigiorum
2851 3830 3104 3900 gentibus
3129 3829 3484 3898 praedicabat,
3514 3841 3635 3882 cum
3663 3822 3765 3879 suis

2184 3927 2513 3998 coapostolis
2551 3933 2608 3982 et
2639 3923 3082 3980 antecessoribus
3127 3923 3332 3992 privata
3373 3913 3764 3992 quodammodo

2185 4035 2249 4077 ac
2273 4019 2570 4078 domestica
2592 4017 2992 4074 examinatione
3015 4013 3293 4074 conferret
3319 4032 3330 4066 :
3366 4012 3433 4068 Et
3457 4010 3669 4078 contuli,
3692 4009 3766 4064 in-

2185 4112 2404 4184 quiens.
2435 4127 2555 4170 cum
2577 4109 2684 4166 illis
2711 4107 3054 4180 Evangelium
3081 4107 3216 4178 quod
3247 4104 3478 4176 praedico
3500 4104 3630 4159 inter
3654 4113 3766 4168 gett-

1558 4284 1821 4341 ALARDI
1860 4286 2094 4344 ΟΑΖᾹΞΙ
2131 4287 2700 4346 COMMENTARIUS.

565 4433 590 4462 ει
617 4421 843 4481 Constat
871 4422 1010 4478 hunc
1039 4419 1134 4476 Dei
1165 4433 1370 4477 morem
1415 4435 1538 4477 esse
1581 4431 1927 4492 perpetuum,
1981 4433 2072 4480 aut
2099 4426 2150 4487 Ι)
2248 4424 2277 4466 δ
2321 4424 2473 4492 Quod
2519 4424 2715 4480 merito
2761 4423 3036 4479 admirans
3068 4422 3130 4477 D.
3168 4422 3471 4477 Bernartius

492 4507 640 4556 certe
661 4495 1016 4558 ordinarium,
1046 4502 1104 4548 ut
1127 4508 1246 4548 cum
1275 4492 1388 4559 ipse
1412 4492 1497 4546 vel
1525 4508 1618 4561 per
1640 4508 1722 4555 se,
1739 4495 1822 4548 vel
1857 4509 1950 4562 per
1976 4512 2074 4550 an-

494 4569 648 4640 gelos
674 4568 976 4640 illuminare
1004 4579 1194 4640 omnes
1220 4564 1799 4640 pos_sit,_malit_tainen
1830 4565 2076 4640 homines

496 4633 566 4694 ab
592 4637 898 4694 hominibus
919 4636 1102 4691 doceri
1124 4643 1285 4704 atque
1311 4633 1546 4702 institui;
1566 4636 1680 4691 sive
1699 4644 1755 4690 ut
1778 4652 1840 4690 ea
1869 4639 2076 4692 ratione

500 4722 740 4766 mutuam
768 4708 1108 4772 charitatem,
1139 4708 1284 4760 velut
1329 4707 1469 4760 inter
1499 4708 1762 4773 membra,
1793 4709 2074 4774 conciliet;

498 4783 614 4836 sive
645 4794 699 4834 ut
730 4781 958 4834 alterum
985 4777 1136 4831 alteri
1165 4776 1506 4844 subjicienda
1535 4779 1888 4832 humilitatem
1921 4795 2080 4834 eaer-

497 4861 618 4908 ceat
645 4860 702 4904 et
730 4848 1090 4920 commendet.
1116 4847 1274 4914 Quod
1289 4849 1390 4920 illic
1412 4849 1589 4906 Moses
1626 4848 1894 4904 Samuelis
1930 4855 2079 4920 pueri

499 4926 750 4989 exemplo
773 4919 1080 4980 conﬁrmat.
1103 4934 1266 4986 quem
1285 4919 1546 4975 Dominus
1571 4922 1688 4989 ipse
1713 4922 1766 4974 in
1791 4922 1960 4990 prima
1993 4937 2083 4976 vo-

501 4994 606 5050 cati
631 5007 714 5048 vne
743 4993 964 5047 erudire
994 4990 1184 5055 noluit,
1215 4990 1313 5046 sed
1349 4991 1518 5044 semel
1549 5004 1602 5046 et
1647 4992 1863 5052 iterum,
1916 4992 2083 5048 immo

501 5075 554 5122 et
607 5064 785 5127 tertio,
839 5061 906 5118 ad
957 5075 1139 5116 senem
1189 5062 1303 5117 tleli
1352 5076 1542 5130 passus
1562 5072 1647 5116 est
1675 5077 1990 5128 recurrere;
2027 5074 2083 5118 et

501 5151 660 5202 quem
704 5133 770 5188 ad
818 5148 973 5188 suum
1006 5131 1230 5187 vocabat
1255 5133 1605 5202 colloquium,
1637 5132 1755 5200 ejus
1782 5144 1961 5186 tamen
1992 5136 2081 5202 qui

503 5201 666 5260 actate
707 5204 978 5270 superior.
1026 5211 1310 5258 sanet-tate
1335 5201 1561 5257 inferior
1584 5212 1720 5268 erat,
1747 5201 2087 5259 institutione

504 5275 751 5336 formari,
800 5285 861 5329 ut
915 5273 984 5328 ab
1021 5288 1088 5329 eo
1134 5276 1377 5336 edoctus,
1408 5273 1620 5326 tandem
1646 5276 1859 5328 vocanti
1885 5289 1941 5328 se
1977 5276 2086 5330 Deo

508 5347 860 5416 responderet
877 5363 889 5398 :
908 5343 1160 5414 Loquere,
1181 5343 1719 5416 Domine,quiaaudit
1747 5361 1920 5398 seruus
1947 5353 2081 5400 tuus.

506 5412 699 5473 Simile
725 5412 1031 5484 exemplum
1049 5417 1229 5470 elucet
1261 5416 1310 5469 in
1338 5412 1590 5469 Cornelio
1610 5415 1942 5469 Centurtoue
1964 5419 2081 5484 (Ac-

509 5496 611 5542 tor.
640 5490 720 5554 s).
755 5487 839 5542 cui
887 5502 1010 5545 eum
1053 5486 1279 5549 angelus
1322 5485 1678 5554 apparuisset,
1722 5485 1909 5540 eadem
1940 5496 2089 5541 certe

510 5572 673 5627 opera
705 5558 962 5625 potuisset
987 5558 1038 5614 ei
1069 5559 1249 5612 omnia
1283 5558 1401 5611 lltlel
1433 5557 1688 5627 mysteria
1711 5561 1973 5614 revelare.
2000 5557 2079 5611 id-

510 5642 617 5698 que
665 5631 878 5698 utrique
915 5628 1254 5686 commodius
1296 5635 1353 5682 et
1400 5628 1835 5695 compendiosius
1862 5627 2085 5693 fuisset;

512 5709 696 5755 tamen
717 5713 840 5754 eum
869 5700 934 5753 ad
964 5699 1179 5758 Petrum
1223 5701 1420 5770 allegat
1451 5716 1466 5755 :
1498 5701 1732 5766 Accerse,
1768 5699 1958 5768 inquit,
2003 5699 2089 5756 Si-

511 5783 734 5840 monem,
762 5771 843 5828 llic
872 5772 1006 5828 dicet
1031 5774 1118 5829 tibi
1139 5772 1264 5844 quid
1285 5783 1332 5829 te
1359 5782 1587 5844 oporteat
1613 5773 1797 5842 facere.

3545 4436 3692 4477 term.
3723 4417 3770 4484 i,

2248 4424 2277 4466 δ
2321 4424 2473 4492 Quod
2519 4424 2715 4480 merito
2761 4423 3036 4479 admirans
3068 4422 3130 4477 D.
3168 4422 3471 4477 Bernartius
3520 4422 3692 4492 (serin.
3723 4422 3770 4484 ι,

2179 4497 2244 4551 de
2273 4496 2516 4558 (loncers.
2545 4497 2606 4552 S.
2656 4495 2834 4561 Pauli,
2878 4496 3052 4549 Actor.
3079 4494 3177 4564 is),
3220 4495 3480 4563 illamque
3508 4493 3771 4548 civitatem

2180 4569 2450 4637 religiOs-is
2473 4568 2842 4635 interpretans
2868 4566 3036 4634 ipsam
3062 4580 3183 4621 esse
3216 4567 3559 4634 religionem,
3593 4566 3659 4617 ita
3687 4575 3775 4637 es:

2179 4629 2382 4694 clamat
2413 4654 2428 4693 :
2461 4638 2506 4692 0
2529 4629 2785 4710 sapientia
2811 4629 3030 4710 suaviter
3059 4652 3176 4710 uere
3201 4629 3438 4710 univcrsa
3469 4629 3774 4710 disponens!

2181 4725 2299 4764 eum
2323 4710 2408 4763 cui
2438 4719 2490 4762 tu
2507 4701 2756 4780 loqueris,
2780 4708 3118 4780 erudiendum
3141 4706 3208 4760 de
3231 4717 3330 4780 tua
3346 4701 3611 4780 uoluntate
3632 4701 3775 4780 mittis

2183 4781 2252 4834 ad
2278 4775 2582 4844 hominemf
2605 4787 2659 4832 ut
2684 4779 2896 4832 socialis
2928 4779 3043 4832 uitta
3063 4778 3446 4831 commendetur
3473 4775 3678 4830 utilitas
3697 4814 3708 4832 .
3737 4779 3777 4824 rt

2184 4851 2402 4906 edoctus
2429 4867 2516 4919 per
2539 4849 2823 4916 hominem,
2875 4850 3039 4902 discat
3061 4859 3110 4905 et
3147 4849 3267 4920 ipse
3282 4849 3569 4902 secundum
3591 4845 3776 4920 datam

2184 4921 2285 4976 sibi
2327 4913 2549 4993 gratiam
2601 4913 2892 4993 nominibus
2923 4913 3204 4993 subvenire.
3241 4916 3546 4993 Ingredere,
3578 4913 3772 4993 inquit,

2187 4985 2466 5046 ciuitdtern.
2507 4991 2724 5054 Videtis,
2757 4992 2964 5060 fratres,
2992 5007 3093 5060 non
3129 4990 3238 5043 sine
3257 4985 3434 5042 divino
3461 4985 3776 5060 auxiliofac-

2189 5073 2296 5117 tum
2323 5079 2431 5118 esse
2462 5074 2512 5115 ut
2537 5062 2674 5115 hanc
2699 5058 2957 5115 ciuitatem
2996 5059 3198 5115 Domini
3223 5063 3467 5114 uirtutum
3498 5058 3778 5127 ingredere-

2187 5136 2337 5198 mini,
2371 5134 2597 5187 divinam
2635 5133 2832 5186 discere
2859 5137 3187 5190 voluntatem.
3220 5130 3366 5184 Idem
3395 5125 3688 5198 conﬁrmat
3717 5125 3774 5178 D.

2191 5197 2544 5274 Augustinus,
2568 5205 2682 5273 qui,
2713 5219 2834 5257 cum
2863 5203 3051 5274 eadem
3084 5205 3327 5268 exetuplo
3361 5200 3514 5274 Pauli
3545 5210 3600 5254 et
3636 5197 3775 5274 Cor-

2190 5268 2313 5330 nelii
2385 5268 2894 5339 comiiiettiorasset,
2953 5272 3069 5328 hate
3093 5275 3373 5342 aptissime
3425 5271 3671 5339 adjungit
3710 5268 3780 5335 (in

2191 5347 2393 5417 prolog.
2427 5348 2490 5398 de
2517 5346 2746 5417 Doctriu.
2785 5343 3093 5417 Christian.)
3127 5341 3139 5395 ἑ
3169 5341 3417 5395 Poterant
3445 5343 3624 5409 utique
3671 5355 3778 5417 om.-

2192 5406 2279 5469 nia
2305 5406 2394 5485 ρέν
2417 5418 2654 5486 angelum
2682 5415 2798 5484 fieri
2809 5459 2822 5481 ,
2849 5414 2938 5466 sed
2954 5417 3169 5486 objecta
3188 5422 3324 5486 esset
3354 5406 3585 5486 human}
3608 5406 3784 5484 condi-

2193 5489 2285 5549 tio,
2305 5481 2362 5538 ἐἰ
2395 5481 2740 5550 μετ’ἡοηοὺίεε
2769 5481 3059 5538 hominibus
3088 5485 3297 5537 uerbum
3347 5498 3496 5537 suum
3526 5481 3662 5533 Deus
3695 5481 3785 5530 mi-
3812 5485 3822 5494 ‘

2194 5557 2415 5610 nistrare
2442 5557 2618 5609 nollet.
2654 5554 2854 5608 Deinde
2880 5556 2997 5622 ipsa
3024 5557 3276 5626 clturitas,
3308 5553 3546 5626 σηιελεὲίή
3579 5551 3783 5626 inricrm

2195 5629 2427 5700 homines
2449 5628 2588 5700 nodo
2617 5628 2885 5700 charitatis
2913 5628 3171 5700 astringit,
3221 5623 3561 5700 uanitaberet
3589 5623 3785 5700 aditum

2194 5698 2635 5784 refundeitflqrurti
2659 5696 2861 5752 sibimet
2895 5688 3207 5761 animorum,
3252 5699 3296 5752 si
3323 5696 3560 5752 homines
3585 5709 3674 5762 per
3700 5688 3788 5741 h0-

2197 5768 2359 5827 tnines
2388 5768 2520 5826 nihil
2548 5769 2823 5824 discerent.
