3966 6326
1042 318 1270 379 CAPUT
1318 317 1506 377 XVIII.

527 415 875 487 Interrogatio
912 414 990 470 ιιι·
1004 417 1332 490 continentur
1355 414 1434 468 uel
1453 414 1751 486 refectioni:
1779 429 2039 470 mensura.

560 509 902 567 Germanus:
930 506 1063 575 Quis
1118 506 1283 576 igitur
1328 514 1412 561 est
1461 506 1812 562 continentia:
1862 504 2075 576 modus,

491 615 652 672 quem
674 613 831 671 aequo
862 597 1233 663 moderamine
1261 598 1563 654 retinentes
1605 599 1749 654 inter
1795 607 2078 669 utramque

492 692 828 749 nimietatem
856 690 1005 746 illaesi
1046 689 1280 746 transire
1309 692 1617 761 possimus?

1080 783 1306 840 CAPUT
1347 784 1487 840 XIX.

810 875 888 932 De
909 876 1102 949 optimo
1130 876 1228 931 cibi
1257 877 1552 949 quotidiani
1577 879 1749 933 modo.

564 975 776 1046 Moyses
800 989 815 1026 :
841 981 869 1011 ει
889 970 1066 1041 Super
1092 971 1193 1026 hac
1217 986 1277 1026 re
1308 972 1448 1027 inter
1478 972 1710 1042 majores
1736 978 1951 1026 nostros
1965 967 2074 1024 Ire-

489 1078 721 1138 quenter
742 1061 992 1120 novimus
1010 1062 1252 1118 habitum
1275 1061 1444 1143 fuiSse
1471 1071 1779 1118 tractatum.
1808 1061 1942 1118 Nam
1964 1059 2076 1116 dis-

489 1159 753 1217 cutientes
781 1157 1143 1213 continentiae
1173 1155 1516 1212 diversorum
1566 1155 1658 1227 qui
1702 1156 1788 1212 vel
1823 1155 1952 1211 solis
1996 1155 2072 1210 le-

487 1249 817 1325 guminibus,
865 1249 954 1306 vel
999 1248 1238 1305 oleribus
1278 1256 1505 1318 tantum,
1551 1248 1640 1304 vel
1689 1247 1864 1318 pomis
1906 1248 2070 1303 vitam

1543 199 1829 266 JOANNIS
1863 202 2173 265 CASSIANI
2210 199 2705 269 COLLATIONES.

2110 331 2160 390 A
2185 317 2385 388 iugiter
2414 315 2731 386 exigebant;
2758 325 3105 384 praeposuere
3131 309 3348 368 cunctis
3380 307 3492 366 illis
3516 308 3762 366 refectio-

2185 427 2309 466 nem
2334 415 2363 450 υ
2391 410 2561 466 solius
2603 409 2778 479 panis,
2827 408 2983 477 cujus
3007 404 3380 477 aequissimum
3411 404 3629 459 modum
3657 414 3680 443 ε
3708 405 3760 458 in

2181 503 2390 560 duobus
2420 500 2732 571 paximaciis
2767 509 3093 564 statuerunt,
3125 512 3263 568 quos
3311 498 3562 567 parvulos
3592 509 3759 568 panes

2180 596 2274 652 vix
2296 596 2444 653 libra
2471 595 2628 652 unius
2655 594 2862 666 pondus
2894 594 3092 649 habere
3122 592 3489 648 certissimum
3514 599 3617 646 est.

2781 708 3010 766 CAPUT
3051 707 3169 764 XX.

2326 802 2558 876 Objectio
2585 802 2648 856 de
2672 799 3276 884 facilitatecontiuentiie
3292 813 3407 870 qua
3432 797 3629 855 duobus

2656 880 2962 941 paximaciis
2985 880 3282 926 sustinetur.

2245 964 2549 1022 Germanus
2573 981 2588 1020 :
2615 963 2768 1033 Quod
2797 977 2896 1017 nos
2918 972 3194 1034 gratanter
3221 961 3457 1033 amplexi
3474 1001 3492 1025 ,
3538 974 3762 1031 respon-

2171 1059 2351 1116 dimus
2377 1062 2519 1116 hunc
2550 1059 2766 1114 modum
2802 1072 2902 1113 nos
2932 1057 3153 1114 minime
3179 1073 3276 1127 pro
3301 1057 3634 1114 continentia
3670 1072 3760 1114 re-

2177 1165 2385 1228 putare,
2416 1154 2617 1227 quippe
2644 1154 2738 1226 qui
2764 1155 3033 1225 integrum
3059 1168 3185 1210 eum
3214 1167 3550 1224 nequaquam
3579 1167 3756 1223 posse-

2175 1265 2295 1304 mus
2326 1249 2624 1304 insumere.

1553 1348 1813 1405 ALARDI
1850 1347 2087 1406 GAZIEI
2125 1345 2696 1404 COMMENTARIUS.

561 1453 588 1482 ι
614 1441 748 1499 Vide
778 1442 873 1499 lib.
905 1457 936 1498 ν
961 1441 1163 1512 lnstit.,
1195 1455 1248 1512 c.
1277 1441 1333 1498 5.

558 1513 588 1554 δ
620 1514 787 1581 Alias,
818 1515 945 1570 sicci
975 1509 1157 1582 panis,
1183 1511 1237 1568 id
1267 1521 1371 1579 est,
1403 1511 1608 1583 absque
1642 1509 1890 1568 obsonio.
1945 1509 2063 1568 Non

486 1585 631 1645 enim
652 1585 940 1642 exclutlebr
951 1596 1037 1639 tur
1063 1598 1221 1652 aqua.

560 1669 582 1696 ο
615 1657 874 1725 Ambigua
902 1655 1124 1711 locutio.
1181 1653 1419 1725 Dubitari
1450 1652 1596 1709 enim
1627 1661 1802 1725 potest
1849 1668 1914 1707 an
1935 1653 2064 1725 Asin-

487 1729 647 1798 gulos
675 1723 842 1798 panes
870 1727 1002 1783 velit
1030 1727 1190 1798 unius
1219 1724 1333 1782 fere
1362 1725 1512 1798 libra:
1540 1723 1750 1798 pondus
1784 1723 2060 1798 habuisse,

489 1793 557 1854 an
582 1793 887 1854 verohinos
913 1812 976 1853 ac
1003 1797 1268 1865 geminos.
1317 1793 1549 1864 Quidam
1594 1793 1911 1851 existimant
1952 1796 2064 1849 sin-

2171 1441 2403 1495 aitulisse
2429 1452 2657 1495 sanciunt
2689 1441 2988 1506 Antonium,
3017 1446 3068 1493 et
3093 1454 3282 1510 mensis
3315 1439 3613 1510 apposuisse
3639 1453 3764 1510 qlia-

2173 1521 2289 1566 tuor
2316 1513 2614 1583 paxamidia
2645 1512 2729 1582 (id
2757 1520 2862 1583 est,
2896 1507 3216 1583 paximacia)
3242 1526 3332 1583 sea;
3350 1507 3680 1583 't'tnciurain’,
3717 1520 3765 1583 et

2170 1583 2269 1654 sibi
2291 1581 2500 1654 quidem
2522 1581 2687 1654 unum
2707 1582 3041 1651 madefecisse
3063 1581 3228 1654 (erunt
3253 1582 3387 1635 enim
3411 1582 3533 1654 sicci
3560 1581 3763 1654 panes),

2173 1651 2348 1707 Paulo
2418 1665 2589 1708 autem
2653 1653 2894 1722 Sinipiici
2950 1651 3082 1722 tres.
3131 1651 3230 1708 Ubi
3286 1651 3579 1707 notandum
3625 1651 3766 1722 quod

2170 1725 2285 1789 ait,
2341 1740 2430 1779 sea:
2480 1721 2786 1784 undarum,
2847 1723 2990 1794 quod
3045 1721 3115 1779 de
3175 1722 3400 1789 singulis
3453 1721 3766 1793 paximaciis

2171 1797 2288 1852 sive
2345 1796 2574 1862 panibus
2621 1795 3024 1865 intelligendum
3079 1808 3211 1865 esse
3269 1795 3404 1850 alias
3455 1795 3761 1865 docuimus.

490 1871 614 1941 gula
644 1861 1133 1941 paximacia_ftiisse
1163 1867 1321 1922 unius
1343 1861 1524 1941 librte,
1553 1875 1609 1922 et
1635 1867 1710 1921 ita
1760 1865 2066 1941 intelligunt
2095 1861 2144 1922 B
2170 1868 2280 1923 Nec
2308 1861 2500 1922 mirum
2531 1861 2816 1941 qtiodtria
2839 1864 3143 1941 paxainidia
3173 1865 3440 1922 Antonius
3474 1863 3642 1941 Paulo
3675 1881 3768 1935 ap-

486 1936 660 2019 ἦρι-[ξεί
683 1939 889 2019 abbatis
919 1939 1142 2012 Moysis,
1172 1953 1300 2019 quos
1343 1936 1582 2019 parvulos
1611 1953 1787 2019 panes,
1819 1938 2062 2019 singulos

485 2011 759 2066 nimirum.
814 2007 1024 2066 Verum'
1067 2007 1272 2064 uou'de
1315 2007 1565 2078 singulis.
1619 2008 1716 2064 sed
1757 2009 1825 2062 de
1854 2007 2066 2078 duohus

483 2082 710 2154 iunctim
740 2080 793 2135 id
842 2096 964 2138 esse
1006 2077 1441 2154 intelligendum,
1499 2077 1681 2154 multis
1734 2077 2069 2149 argumentis

484 2151 740 2210 constare
768 2163 964 2222 puteal,
997 2152 1044 2208 si
1075 2165 1164 2207 res
1192 2159 1396 2222 attente
1425 2151 1824 2222 consideretur.
1857 2158 1918 2204 ut
1941 2165 2066 2222 erug

487 2223 598 2279 dit».
620 2220 777 2278 docet
801 2223 867 2278 Β.
900 2222 963 2279 Ρ.
989 2221 1302 2278 Leonardus
1332 2220 1551 2276 Lessius
1578 2222 1632 2275 in
1654 2221 1838 2276 libello
1869 2220 2063 2290 insigni

484 2296 553 2350 de
582 2294 812 2349 Ratione
844 2292 1230 2350 conservandae
1259 2291 1606 2347 valetudinis.
1667 2291 1905 2347 Primum
1937 2293 2066 2361 quia

485 2367 658 2420 voluit
675 2365 985 2435 exprimere
1013 2374 1270 2434 quantum
1306 2373 1418 2435 tota
1446 2376 1696 2435 mensura
1744 2363 1899 2435 panis
1926 2377 2066 2432 quo-

484 2437 715 2504 tidiani,
753 2433 888 2507 qua:
942 2433 1152 2490 duobus
1217 2433 1894 2507 paximaciisconstabat,
1940 2448 2073 2507 pen-

485 2508 662 2573 deret,
699 2502 817 2577 Vnon
879 2514 1144 2577 quantum,
1186 2505 1396 2577 singula
1447 2504 1765 2577 paximacia.
1817 2502 1956 2577 ﬁam
2005 2503 2075 2558 de

487 2593 740 2648 mensura
791 2575 984 2632 diurna
1031 2576 1309 2648 agebatur.
1341 2575 1546 2648 Deinde
1586 2575 1761 2648 capite
1810 2575 2075 2648 Ἄρρον-

485 2658 541 2705 te
605 2647 804 2703 indicat
851 2645 1158 2704 mensuram
1212 2647 1354 2701 illam
1409 2645 1575 2702 fuisse
1625 2647 1758 2700 satis
1822 2646 2075 2712 exiguam

485 2729 543 2776 et
567 2729 780 2776 servatu
802 2719 1097 2782 difficilem,
1119 2719 1331 2773 seclnso
1355 2719 1503 2772 omni
1529 2717 1778 2772 obsonio.
1801 2716 1872 2772 At
1895 2715 1942 2771 si
1967 2714 2075 2770 duo

489 2789 787 2855 paximacia
815 2800 971 2846 erant
997 2789 1120 2844 duae
1150 2789 1298 2843 librae
1331 2789 1482 2856 panis
1509 2788 1563 2842 in
1591 2790 1760 2853 diem,
1789 2797 1939 2842 certe
1968 2801 2075 2841 non

485 2860 678 2918 fuisset
705 2861 794 2916 illa
825 2876 1080 2918 mensura
1123 2860 1314 2930 exigua
1337 2899 1353 2924 ,
1397 2874 1494 2914 nec
1539 2868 1776 2930 servatu,
1803 2857 2036 2913 difficilis
2059 2896 2076 2921 ,

485 2933 788 3004 praesertim
817 2933 1060 2986 senibus.
1091 2929 1232 2996 Qui;
1247 2931 1391 3004 enim
1422 2937 1568 3004 tanta
1597 2929 1896 3004 quantitate
1924 2930 2080 2995 panis

486 2999 763 3073 assumpta
813 3018 918 3058 non
967 3004 1164 3073 haheat
1203 3000 1364 3073 satis,
1398 3011 1492 3054 aut
1517 3000 1727 3073 dicatur
1754 2999 1962 3055 modice
1987 3006 2083 3073 aut

489 3070 1050 3145 parum—sumpsisse?
1077 3071 1260 3145 Neque
1283 3072 1465 3145 obstat
1493 3073 1634 3141 quod
1663 3070 1966 3145 Germanus
1993 3070 2080 3124 in-

490 3140 660 3200 Icrius
684 3160 784 3201 suo
812 3140 870 3200 et
894 3143 1138 3199 Cassiani
1170 3140 1386 3198 nomine
1414 3140 1658 3210 loquens.
1689 3141 1819 3198 dicit
1846 3157 1906 3196 se
1943 3140 2082 3194 hanc

2171 1942 2442 2006 posuerit,
2489 1947 2544 1993 et
2591 1937 2694 1992 sibi
2745 1953 2906 1991 unum
2957 1939 3241 1991 dumtaxat
3289 1936 3594 2001 reservarit,
3644 1952 3766 1992 cum

2171 2007 2371 2065 Paulus
2395 2008 2504 2078 jam
2538 2009 2795 2079 integram
2829 2007 3220 2079 hebdomadam
3249 2006 3468 2077 jejunus
3511 2023 3767 2076 perman-

2171 2082 2350 2138 sisset.
2385 2077 2443 2134 ut
2473 2087 2620 2149 patet
2647 2077 2712 2134 ex
2755 2079 2871 2148 ipsa
2919 2077 3169 2138 historia.
3217 2079 3292 2134 Ex
3337 2079 3532 2150 quibus
3583 2079 3769 2135 itidem

2175 2151 2515 2223 perspicuum
2546 2161 2630 2204 est
2674 2158 2870 2223 quanta
2925 2150 3254 2223 discretione
3295 2158 3350 2223 et
3397 2151 3771 2223 moderatione

2173 2221 2299 2294 erga
2331 2221 2785 2294 suos_«_-muohita_s
2814 2223 3044 2294 usussit
3072 2222 3446 2294 sanctissimus
3475 2233 3651 2294 patere
3673 2221 3771 2294 Be-

2174 2291 2421 2366 nedictus
2452 2291 2992 2366 (Capa39rfiegulie),
3022 2291 3217 2361 quibus
3258 2303 3458 2366 praeter
3495 2291 3773 2366 quotidia-

2174 2381 2299 2421 nam
2328 2363 2477 2419 illam
2511 2363 2665 2433 panis
2696 2364 2912 2422 libram.
2938 2377 3245 2418 mensuram
3270 2363 3518 2418 videlicet
3539 2378 3570 2416 a
3599 2364 3774 2418 Patri-

2178 2440 2278 2492 bus
2304 2446 2558 2491 statutam
2598 2443 2654 2489 et
2695 2445 2960 2490 servatam
2984 2475 2998 2495 .
3049 2435 3213 2490 etiam
3258 2433 3368 2488 duo
3412 2434 3771 2504 pulmentaria

2177 2507 2477 2570 concessit,
2523 2518 2728 2578 propter
2768 2505 3088 2578 diversorum
3127 2505 3564 2578 in/irmitateshut
3593 2505 3685 2574 qui
3713 2521 3774 2560 ea:

2178 2595 2278 2632 uno
2324 2595 2428 2632 non
2477 2575 2684 2643 possunt
2713 2577 2859 2630 edere
2878 2617 2891 2638 ,
2922 2591 2985 2630 ea:
3006 2577 3109 2630 alio
3135 2575 3454 2645 reﬁciantur.
3486 2575 3607 2643 Qua
3635 2579 3687 2631 in
3717 2592 3776 2633 re

2178 2660 2454 2718 spectasse
2482 2647 2694 2702 videtur
2722 2648 3370 2718 praeclarumexemplum
3396 2656 3451 2703 et
3469 2647 3772 2702 doelriuam

2179 2717 2239 2778 S.
2266 2720 2562 2783 Pachomii,
2585 2720 2696 2787 qui,
2725 2717 2783 2773 ut
2805 2718 2858 2771 in
2879 2721 2995 2786 ejus
3018 2717 3136 2772 Vita
3160 2717 3355 2786 legitur
3379 2718 3526 2788 (Cap.
3561 2718 3776 2785 l3),in-

2177 2808 2397 2865 gressus
2417 2791 3118 2865 quoddammonasterium,
3147 2799 3269 2860 post
3298 2791 3778 2865 oratiouemgvenit

2145 2860 2150 2866 ’
2180 2860 2246 2918 ad
2274 2860 2579 2931 colluinam,
2613 2868 2668 2915 et
2697 2861 2977 2914 inveniens
3009 2861 3225 2914 fratrem
3249 2860 3340 2931 qui
3362 2860 3615 2930 coquinae
3641 2875 3778 2930 prae-

2181 2944 2301 2991 erat
2326 2935 2566 3004 psiathos
2592 2940 2925 3004 operantem,
2948 2945 3093 3004 quas
3118 2939 3312 2986 inattas
3355 2932 3546 3002 vulgus
3587 2931 3778 3004 appel-

2183 3006 2280 3072 lat,
2311 3008 2386 3060 ait
2416 3003 2483 3058 ad
2514 3018 2638 3059 eum
2668 3021 2680 3056 :
2709 3003 2805 3058 Dic
2827 3001 2984 3072 mihi,
3014 3001 3202 3069 frater,
3229 3001 3487 3071 quantum
3513 3001 3778 3072 temporis

2183 3077 2373 3145 habes,
2393 3091 2459 3130 ex
2475 3089 2581 3144 quo
2603 3089 2708 3145 non
2728 3074 2918 3145 coxisti
2942 3071 3196 3145 fratribus
3213 3075 3359 3128 olera
3378 3072 3460 3145 v_el
3479 3071 3775 3145 legumina?

2183 3148 2285 3215 Qui
2321 3143 2637 3216 respondit:
2677 3143 2812 3200 Sunt
2839 3143 2952 3199 fere
2975 3144 3084 3197 duo
3117 3159 3351 3216 menses.
3381 3143 3450 3199 Et
3479 3143 3539 3198 S.
3572 3143 3778 3216 Pac‘ho-

489 3230 801 3309 meusuram
835 3215 1028 3309 iunius
1055 3213 1264 3296 scilicet
1287 3211 1463 3309 librae)
1503 3214 1724 3268 minime
1767 3228 1878 3295 pro.
1903 3212 2078 3267 conti-
2109 3244 2158 3309 ρ
2187 3211 2326 3273 filius
2355 3211 2468 3309 aii:
2499 3216 2676 3283 Quare
2699 3226 2883 3309 coutra
2925 3225 3254 3309 praeceptum
3286 3213 3476 3309 .fareere
3516 3215 3776 3309 {Ol-nisti",

489 3286 668 3342 tientia
698 3295 971 3356 reputare,
999 3284 1196 3354 quippe

488 3367 612 3413 seut
639 3354 984 3412 consumere.
1015 3356 1143 3410 Nam
1175 3354 1262 3410 vel
1293 3355 1614 3424 loquebatur
1643 3357 1711 3410 de
1747 3354 2083 3410 continentia

489 3443 587 3484 seu
634 3427 958 3484 abstinentia
1010 3425 1317 3496 strictiore,
1367 3440 1489 3496 quae
1535 3441 1640 3480 non
1685 3434 1804 3480 erat
1832 3425 2084 3496 omnibus

491 3499 799 3555 communis
825 3508 880 3555 et
911 3500 1143 3561 usitata;
1175 3495 1260 3551 vel
1307 3503 1456 3552 certe
1504 3497 1839 3567 intelligebat
1884 3495 2082 3550 dictam

491 3585 802 3626 mensuram
833 3569 990 3637 panis
1019 3583 1141 3622 eum
1169 3567 1400 3622 obsonio
1429 3577 1521 3621 aut
1560 3567 1842 3637 pulmento
1883 3571 2082 3636 aliquo,

492 3643 636 3711 quod
669 3642 836 3696 abbas
867 3639 1079 3712 Moyses
1108 3638 1365 3712 excludit,
1393 3649 1449 3693 ut
1477 3637 1895 3712 ibiAvidereest.
1930 3637 2080 3693 Prte-

497 3708 640 3767 terea
670 3713 778 3766 duo
808 3708 1105 3781 paximacia
1135 3710 1275 3781 adeo
1301 3724 1406 3764 non
1443 3708 1735 3778 explebant
1771 3709 1998 3781 famem,
2027 3716 2087 3762 ut

497 3783 714 3851 quidam
749 3779 972 3836 mallent
998 3781 1161 3835 biduo
1186 3779 1454 3850 jejunare,
1482 3795 1642 3849 quam
1683 3780 1923 3849 qu0tidie
1961 3793 2086 3834 cum

491 3853 613 3908 aliis
637 3853 823 3917 refici;
854 3851 1106 3907 nimirum
1130 3861 1187 3904 ut
1214 3851 1544 3921 duplicatam
1578 3853 1880 3919 portionem
1909 3863 2088 3921 sume-

495 3931 640 3989 rent,
672 3933 728 3978 et
755 3923 1016 3992 appetitui
1047 3920 1442 3992 satisfacerent,
1467 3929 1527 3975 ut
1556 3921 1718 3992 refert
1744 3923 1884 3992 idem
1919 3920 2086 3976 abbas

497 3992 712 4064 Moyses
737 3990 865 4064 cap.
889 3993 983 4056 24,
1013 3991 1103 4047 ubi
1135 3990 1694 4064 eti‘amridjimprobat.
1716 3991 1793 4064 _Al
1813 3992 1933 4061 quis
1955 4006 2088 4064 prie.

492 4061 678 4119 sertim
723 4061 920 4119 mentis
967 4061 1244 4118 exercitiis
1287 4061 1499 4116 deditus
1537 4061 1787 4116 comedat
1833 4077 1938 4116 una
1970 4061 2088 4118 vice

495 4144 726 4204 quatuor
757 4133 945 4202 libras,
975 4137 1088 4204 sive
1117 4131 1186 4187 48
1218 4133 1413 4204 uncias
1433 4131 1564 4204 sicci
1599 4132 1794 4204 panis?
1821 4133 2084 4202 Denique,

496 4202 557 4260 ut
604 4205 746 4260 idem
787 4205 956 4260 abbas
1002 4203 1170 4258 refert
1209 4217 1328 4272 cap.
1362 4202 1446 4268 ll,
1479 4202 1642 4257 abbas
1672 4202 1933 4274 Serapion
1963 4219 2084 4259 cum

495 4275 674 4331 adhuc
703 4283 851 4330 esset
885 4274 1352 4340 adolescentulus,
1387 4283 1668 4343 postquam
1701 4273 1753 4328 in
1795 4273 2088 4331 refectione

497 4345 631 4400 bora
659 4345 764 4401 diei
793 4360 932 4400 noua
961 4345 1280 4412 sumpsisset
1305 4360 1428 4415 eum
1454 4343 1575 4398 aliis
1615 4344 1722 4399 duo
1766 4345 2086 4415 paximacia,

495 4417 671 4472 adhuc
701 4415 958 4482 famebat,
991 4425 1046 4471 et
1085 4405 1285 4470 idcirco
1314 4414 1594 4486 furabatur
1644 4405 1858 4471 tertium
1879 4457 1894 4484 ,
1941 4405 2108 4486 quod.

498 4498 680 4556 postea
706 4487 1007 4542 clanculum
1039 4488 1372 4557 comederet.
1401 4485 1472 4541 At
1497 4485 1620 4557 quis
1640 4485 2089 4557 adolescentulus

496 4555 608 4613 tres
632 4559 801 4613 libras
831 4558 984 4628 panis
1011 4573 1112 4612 una
1141 4555 1434 4628 refectione
1460 4555 1746 4628 comedat?
1776 4558 1852 4612 Ex
1877 4559 1960 4613 his
1985 4558 2087 4613 ita-

1273 3284 1324 3337 ui
1363 3283 1626 3352 integram
1671 3299 1790 3340 eam
1830 3283 1918 3338 vix
1960 3297 2084 3355 βοδ-
2109 3283 2158 3309 ν
2188 3297 2247 3344 ut
2268 3300 2412 3343 tanta
2439 3288 2667 3342 fratrum
2689 3286 3046 3355 negligeretur
3071 3283 3310 3341 utilitas?

3338 3285 3438 3353 Qui
3461 3284 3564 3340 sub
3595 3284 3780 3342 humili

2187 3361 2557 3416 satisfactione
2581 3356 2859 3424 respondit
2885 3373 2899 3408 :
2931 3355 3254 3424 Optaveram
3284 3356 3522 3424 quidem,
3546 3372 3780 3412 venera-

2187 3431 2310 3487 bilis
2340 3431 2520 3495 Pater,
2547 3428 2790 3498 quotidie
2818 3428 3041 3496 implere
3066 3428 3418 3482 ministerium
3440 3441 3622 3482 meum
3645 3444 3662 3495 ;
3689 3427 3781 3484 sed

2187 3504 2310 3572 quia
2339 3500 2596 3571 quidquid
2624 3498 2924 3572 coquebam
2955 3512 3061 3572 non
3089 3499 3512 3572 consumebatur
3532 3514 3572 3572 Aa
3608 3499 3782 3572 fratri:

2188 3567 2312 3641 bus,
2346 3567 2469 3642 quia
2490 3567 2687 3642 omnes
2711 3567 2990 3642 abstinent
3015 3568 3139 3642 (soli
3165 3568 3369 3642 quippe
3399 3567 3550 3639 pueri
3580 3569 3780 3642 aliquid

2187 3639 2426 3699 cocturae
2456 3639 2805 3711 percipiunt),
2834 3656 2901 3694 ne
2930 3648 3076 3693 tanto
3106 3639 3292 3711 labore
3322 3649 3522 3710 parata:
3549 3640 3781 3710 projice-

2188 3725 2379 3770 rentur
2407 3709 2685 3782 expensas,
2717 3709 3000 3778 propterea
3033 3709 3365 3782 pulmentum
3397 3725 3504 3766 non
3533 3709 3681 3766 eoxi.
3714 3712 3782 3766 At

2190 3801 2256 3840 ne
2276 3780 2703 3845 otiosus'essem,
2729 3782 2969 3851 psiathos
2988 3781 3126 3851 elegi
3148 3796 3269 3839 cum
3293 3780 3549 3836 fratribus
3573 3790 3779 3849 texere,

2187 3857 2368 3912 sciens
2410 3870 2572 3910 unum
2604 3853 2672 3908 de
2702 3850 2785 3907 his
2813 3851 2908 3922 qui
2937 3850 3068 3906 mihi
3097 3851 3335 3919 deputati
3365 3859 3510 3916 sunt,
3537 3853 3612 3907 ad
3646 3867 3780 3921 Opus

2193 3925 2562 3996 hujuscemodi
2599 3938 2761 3994 posse
2787 3922 3056 3996 sufficere,
3088 3933 3147 3976 ut
3173 3937 3365 3996 parvas
3391 3937 3564 3996 escas,
3595 3922 3648 3977 id
3679 3934 3780 3993 est,

2189 3991 2361 4054 olivas
2389 4007 2442 4050 et
2474 3991 2731 4051 herbulas
2756 3993 2824 4048 ad
2862 3991 3211 4049 refectionem
3254 3992 3510 4048 fratribus
3539 3991 3778 4064 pararet.

2191 4070 2318 4125 Haec
2343 4067 2570 4122 audiens
2599 4065 2955 4136 Pachumius,
2973 4064 3044 4119 Et
3069 4073 3200 4136 quot
3226 4075 3371 4134 sunt,
3404 4063 3604 4136 inquit,
3648 4063 3784 4136 psia-

2190 4141 2291 4208 thi,
2315 4155 2451 4207 quos
2478 4147 2530 4192 te
2553 4137 2744 4192 fecisse
2777 4134 2996 4208 dixisti?
3019 4135 3121 4201 Qui
3150 4135 3453 4208 respondit;
3471 4134 3781 4208 Quingenti.

2191 4211 2258 4266 Et
2279 4205 2420 4266 ille:
2455 4208 2635 4274 Defer,
2665 4208 2857 4278 inquit,
2888 4205 2992 4262 huc
3027 4219 3252 4278 omnes,
3295 4216 3352 4260 ut
3401 4205 3644 4278 videam.
3683 4205 3781 4272 Qui

2190 4297 2313 4337 cum
2345 4280 2575 4335 fuissent
2601 4275 2770 4346 allati,
2802 4278 3048 4349 protinus
3067 4292 3162 4333 eos
3184 4276 3306 4346 igne
3327 4275 3608 4349 supposito
3625 4276 3783 4348 jussit

2190 4354 2366 4408 exuri.
2396 4350 2549 4406 Tunc
2574 4349 2649 4404 ait
2683 4347 2830 4403 illis:
2864 4348 3012 4403 Sicut
3037 4363 3134 4403 vos
3166 4349 3413 4402 traditam
3460 4347 3784 4418 vobis’erga

2191 4422 2651 4492 dispensationem
2683 4419 3177 4492 fratrumiregulam
3206 4419 3549 4492 despexistis,
3581 4418 3662 4474 sic
3687 4433 3783 4488 ego

2191 4488 2392 4565 passim
2433 4493 2643 4565 labores
2677 4502 2887 4546 vestros
2916 4488 3167 4565 incendio
3193 4488 3565 4565 concremari,
3593 4501 3783 4565 quate-

2193 4559 2292 4620 itus
2320 4563 2659 4634 cognoscatis
2686 4577 2846 4632 quam
2879 4561 3236 4634 perniciosum
3265 4559 3337 4614 sit
3373 4559 3592 4634 Patrum
3615 4559 3784 4634 insti-

497 4644 604 4699 que
633 4626 846 4685 certum
866 4628 1080 4684 videtur
1107 4626 1317 4703 singula
1359 4627 1654 4703 paximacia
1703 4629 1868 4703 fuisse
1906 4628 2084 4703 solum
2112 4629 2167 4691 D
2193 4645 2304 4691 tutu
2333 4626 2675 4700 co'nvellere,
2704 4626 2827 4703 qua:
2857 4626 2954 4701 pro
3000 4631 3300 4703 animarum
3343 4630 3516 4686 salute
3562 4631 3777 4703 ρτρνίεςι

495 4698 591 4754 sex
645 4703 921 4755 unciarum
947 4740 963 4764 ,
1010 4709 1068 4756 et
1107 4698 1219 4768 duo
1241 4700 1396 4752 simul
1423 4699 1602 4766 juncta
1636 4701 1842 4768 pondus
1873 4699 2087 4756 circiter

497 4771 653 4824 unius
686 4770 838 4825 librae
869 4770 1120 4824 habuisse
1176 4767 1464 4839 (Epiphau.
1503 4769 1543 4823 ι.
1573 4767 1650 4823 de
1665 4769 1832 4825 Meus.
1868 4779 1916 4824 et
1946 4768 2088 4824 Pon-

495 4841 660 4910 dere).
695 4840 846 4896 Unde
876 4841 1189 4909 intelligitur
1213 4841 1351 4909 apud
1400 4841 1523 4894 illos
1573 4839 1758 4896 Patres
1789 4842 1930 4896 hunc
1970 4856 2086 4897 mo-

495 4926 610 4981 rem
639 4911 825 4978 fuisse,
858 4920 916 4967 ut
943 4911 1171 4981 singulis
1197 4910 1247 4964 in
1276 4911 1522 4981 Singulos
1551 4910 1670 4967 dies
1696 4912 1912 4966 circiter
1950 4911 2081 4967 duo-

493 4977 670 5037 decim
705 4977 890 5038 uncias
922 4977 1072 5051 panis
1095 4977 1389 5036 comedere
1419 4983 1640 5050 liceret,
1672 4998 1793 5052 qua:
1833 4997 2083 5038 mensura

493 5054 744 5108 omnibus
797 5055 993 5121 passim
1034 5053 1166 5108 satis
1196 5067 1319 5123 esse
1350 5063 1549 5121 posset.
1581 5052 1738 5107 Lihra
1767 5057 1910 5108 enim
1942 5055 2083 5123 apud

493 5134 710 5179 veteres
737 5135 855 5179 erat
883 5125 1167 5178 duodecim
1201 5121 1502 5187 unciarum,
1530 5139 1636 5178 non
1675 5121 1991 5189 sexdecim,
2022 5133 2081 5180 ut

491 5195 632 5262 apud
660 5209 755 5248 nos
783 5193 946 5264 (Vide
976 5205 1147 5248 notam
1171 5193 1240 5245 ad
1258 5193 1353 5264 tib.
1393 5209 1449 5264 7v,
1488 5209 1617 5264 cap.
1659 5195 1738 5262 5).
1784 5196 1874 5250 Sic
1913 5195 2080 5250 abbas

493 5265 705 5337 Moyses
729 5265 868 5336 apud
898 5264 1196 5337 Palladium
1219 5263 1457 5337 (Lausia.
1476 5263 1569 5337 22)
1591 5265 1746 5337 annis
1767 5280 1860 5337 sex
1888 5268 1940 5319 in
1973 5267 2082 5322 cel-

491 5333 599 5389 lula
622 5333 861 5390 ini-lusus
884 5335 1014 5389 u.hil
1043 5333 1238 5400 praeter
1263 5333 1388 5388 sicci
1415 5333 1564 5398 panis
1586 5336 1772 5390 uncias
1795 5336 2081 5391 duodecim

491 5406 786 5477 sumpsisse
813 5408 1024 5475 legitur.
1049 5406 1106 5460 ὃ.
1137 5420 1264 5458 Vero
1287 5404 1544 5477 lilarion,
1571 5415 1706 5461 teste
1729 5405 2080 5477 Hieronymo,

489 5490 522 5529 a
551 5475 825 5544 trigesimo
857 5478 1027 5546 primo
1053 5492 1192 5530 anno
1221 5490 1390 5548 usque
1428 5475 1495 5528 ad
1515 5546 1524 5548 _
1548 5479 1881 5547 trigesimum
1929 5475 2085 5548 Quin-

490 5555 607 5616 tum
633 5560 725 5601 sex
755 5557 963 5602 tantum
1012 5548 1197 5601 uncias
1245 5545 1528 5616 hordeacei
1575 5545 1725 5616 panis
1765 5563 1886 5602 cum
1936 5545 2083 5604 olere

489 5615 698 5690 modios
719 5631 874 5690 cocto
899 5619 952 5674 in
976 5617 1097 5690 cibo
1120 5616 1304 5672 habuit
1446 5615 1596 5690 Hier.
1627 5620 1683 5673 in
1713 5617 1833 5690 Vita
1850 5617 2080 5690 Hilam).

492 5687 733 5756 Denique
756 5688 810 5744 iu
837 5689 951 5745 Vita
979 5689 1127 5748 Pauli
1155 5687 1429 5760 Simplicis
1458 5688 1622 5746 refert
1648 5690 1792 5748 idem
1815 5687 2083 5747 Palladius

2189 4715 2336 4761 sunt.
2368 4705 2451 4760 An
2483 4701 2742 4774 ignoratis
2762 4703 2906 4774 quod
2931 4702 3224 4774 gloriosum
3253 4703 3324 4756 sit
3359 4715 3577 4768 semper
3615 4701 3784 4774 absti-

2188 4792 2319 4832 nere
2344 4771 2737 4846 praesentibus?
2761 4773 2895 4828 Nam
2921 4771 2980 4846 si
2997 4773 3116 4846 quis
3143 4772 3210 4846 ab
3236 4785 3300 4828 ea
3329 4786 3412 4836 re,
3443 4787 3564 4846 qua:
3589 4774 3646 4827 in
3670 4771 3782 4840 ejus

2188 4857 2274 4904 est
2301 4841 2588 4916 potestate,
2620 4847 2802 4900 divina
2833 4841 3268 4916 consideratione
3291 4856 3351 4916 se
3377 4841 3641 4916 continet,
3674 4857 3784 4896 ma-

2185 4913 2349 4990 gnum
2372 4919 2744 4990 consequitur
2782 4931 2811 4969 a
2858 4913 3088 4990 Domino
3127 4913 3433 4990 premium.
3459 4913 3541 4990 Ab
3565 4928 3629 4968 ea
3657 4927 3783 4990 vero

2186 4981 2269 5054 re,
2298 4989 2449 5058 cujus
2477 4981 2658 5042 utendi
2686 4987 2960 5058 licentiam
2989 5001 3094 5058 non
3127 4983 3316 5050 habet,
3344 4983 3572 5058 quadam
3605 4981 3780 5058 nosci-

2188 5071 2278 5115 tur
2299 5054 2620 5116 necessitate
2643 5055 2917 5123 cohiberi;
2943 5067 2996 5112 et
3020 5055 3143 5110 ideo
3166 5065 3387 5126 propter
3405 5054 3780 5109 abstinentiam

2183 5140 2423 5187 coactam
2447 5141 2502 5185 et
2526 5130 2765 5184 inutilem
2787 5126 2983 5182 frustra
3003 5127 3216 5182 videtur
3240 5134 3556 5195 exspectare
3577 5139 3784 5195 merce:

2187 5202 2352 5285 siem:
2385 5200 2618 5285 denique
2647 5214 2768 5285 99m
2800 5199 2982 5285 Ριυιῖεε
3008 5193 3438 5285 esse»???
3470 5193 3784 5285 (μςτὲηξιξξ

2187 5265 2380 5329 fratres
2403 5265 2620 5342 parcius
2649 5271 2732 5325 his
2762 5265 2988 5324 utuntur
3017 5265 3233 5339 propter
3258 5266 3450 5342 Deum,
3475 5277 3611 5342 _t_u_nc
3643 5265 3786 5333 apud.

2189 5344 2355 5399 Deum
2388 5337 2495 5398 sibi
2517 5343 2804 5397 maximam
2831 5355 2984 5410 spem
3015 5337 3314 5410 reponunt;
3345 5337 3414 5410 de
3442 5337 3579 5410 cibis
3601 5342 3784 5410 autem

2189 5430 2325 5485 quos
2355 5429 2461 5469 non
2494 5415 2700 5477 vident,
2733 5425 2832 5467 nec
2860 5406 2940 5485 eis
2983 5409 3051 5465 ad
3081 5406 3508 5485 percipiendum
3553 5406 3784 5485 facultas

2189 5473 2295 5539 ulla
2327 5485 2617 5550 tribuitur,
2663 5473 2937 5554 quomodo
2984 5495 3081 5551 pro
3105 5473 3459 5554 'parcimonia
3504 5473 3783 5546 premium

2187 5555 2534 5612 conceditur?
2563 5551 3316 5627 Ideoquepropterexiguos
3345 5559 3591 5627 sumptus
3637 5554 3784 5627 tanta

2190 5628 2414 5687 fratrum
2447 5641 2554 5680 non
2586 5616 2770 5681 debuit
2799 5616 3083 5682 intermitti
3112 5616 3487 5680 commoditas.
3523 5616 3650 5674 Hac
3687 5616 3781 5674 ibi.
