3966 6326
361 307 460 369 553

949 419 1174 482 CAPUT
1213 423 1348 481 XXI.

365 519 640 591 Responsio
668 519 924 590 quomodo
968 520 1212 590 pmdicta
1263 521 1587 576 continentia:
1619 521 1702 574 lea:
1748 534 1940 575 seruari

1047 592 1244 645 debeat.

428 707 676 777 Moyses:
708 715 734 743 ι
765 704 821 762 Si
870 706 1030 762 vultis
1075 705 1307 776 experiri
1357 709 1466 762 vim
1515 708 1697 763 statuti
1746 706 1938 775 hujus,

361 798 572 853 modum
606 797 771 853 istum
799 797 998 868 jugiter
1026 803 1276 864 retinete,
1305 797 1332 837 δ
1361 800 1564 854 nullum
1609 799 1944 854 extrinsecus

357 891 617 946 coctionis
642 892 978 960 pulmentum
1013 903 1035 932 ο
1062 892 1150 948 die
1179 893 1453 947 dominico
1482 893 1564 947 vel
1592 892 1824 958 sabbati,
1854 905 1945 946 ne-

357 999 463 1053 que
486 984 584 1037 sub
613 983 797 1054 aliqua
836 983 1240 1038 advenientium
1276 984 1500 1038 fratrum
1541 984 1827 1038 occasione
1857 998 1948 1036 su-

357 1087 596 1145 mentes;
645 1095 769 1133 nam
818 1077 899 1133 bis
941 1079 1142 1134 refecta
1185 1093 1314 1134 caro
1365 1093 1472 1133 non
1521 1080 1693 1132 solum
1739 1080 1948 1133 minore

357 1171 658 1240 quantitate
699 1169 888 1225 diebus
915 1169 1145 1225 residuis
1174 1171 1374 1240 poterit
1410 1170 1724 1235 sustentari,
1762 1184 1948 1224 verum

357 1262 520 1318 etiam
547 1271 713 1317 totam
743 1260 1088 1318 refectionem
1119 1263 1235 1318 sine
1257 1262 1439 1318 labore
1459 1261 1698 1329 differre,
1728 1261 1948 1317 illorum

356 1355 568 1410 scilicet
587 1355 828 1410 ciborum
857 1369 993 1425 quos
1013 1355 1351 1411 extrinsecus
1375 1351 1665 1423 sumpserit
1689 1353 1753 1407 ad
1757 1353 1951 1423 jectio-

356 1463 428 1502 ne
449 1447 686 1501 sutlulta.
709 1447 862 1513 Quod
893 1448 1039 1502 nullo
1060 1447 1222 1503 modo
1245 1447 1442 1515 facere,
1474 1462 1573 1502 nec
1600 1446 1950 1503 refectionem

359 1543 516 1612 panis
540 1539 757 1596 differre
787 1540 844 1595 in
871 1540 1017 1596 diem
1049 1550 1322 1610 posterum
1345 1541 1680 1610 praevalebit,
1707 1540 1950 1612 quisquis

356 1632 531 1688 fuerit
557 1647 773 1702 semper
798 1633 1063 1702 praedictae
1092 1648 1360 1689 mensurae
1402 1633 1700 1703 quantitate
1729 1642 1952 1694 contenv

357 1734 469 1778 tus.
503 1724 714 1780 Etenim
742 1725 965 1780 memini
983 1727 1228 1782 seniores
1251 1735 1468 1781 nostros
1497 1725 1673 1796 (quod
1699 1740 1798 1780 nos
1819 1740 1948 1796 quo-

1403 305 1742 368 COLLATIO
1779 306 1842 366 II.
1872 339 1942 351 —
1967 305 2054 364 DE
2093 301 2560 368 BISCRETIONE.

1969 429 2223 495 Acarnis
2278 428 2592 484 lassitudine
2638 426 2804 483 nimia
2845 436 3175 499 praegravata
3219 432 3620 493 condormitare

3514 310 3620 374 58‘

2043 521 2211 593 [Lips.
2239 523 2293 576 in
2329 539 2495 595 marg.
2527 521 2842 594 dormitare]
2871 525 3246 593 compellitur;
3292 528 3365 582 ita
3407 545 3620 586 rursum

2043 615 2319 669 nimietate
2349 614 2663 670 voracitatis
2691 630 2949 686 oppressa
2980 618 3230 674 emittere
3270 635 3397 677 suas
3435 637 3623 692 preces

2043 706 2108 759 ad
2143 706 2307 760 Deum
2338 721 2498 777 puras
2525 707 2784 778 levesque
2811 724 2916 764 non
2950 712 3170 780 poterit.
3197 711 3304 769 Sed
3337 730 3438 772 nec
3466 718 3626 772 casti-

2045 796 2244 852 monia;
2273 797 2489 868 quidem
2533 799 2701 869 ipsius
2747 801 3033 870 puritatem
3084 802 3382 875 indisrupta
3431 808 3630 864 valebit

2041 888 2267 959 jugitate
2313 904 2534 945 servare
2560 932 2575 958 ,
2627 889 2754 946 dum
2801 891 2850 948 ei
2889 893 3053 949 etiam
3084 894 3276 952 diebus
3303 899 3407 954 illis
3435 900 3632 970 quibus

2047 994 2264 1036 carnem
2287 974 2496 1035 ac'riore
2511 981 2725 1037 videtur
2740 984 3071 1040 continentia
3092 987 3375 1057 castigare,
3401 1001 3630 1058 praeter-

2048 1072 2121 1128 ita
2167 1073 2274 1129 cibi
2321 1073 2579 1140 materia,
2621 1076 2867 1144 quamvis
2908 1077 2976 1132 ad
3021 1093 3262 1148 praesens
3304 1081 3517 1137 defecto
3561 1083 3634 1138 sit

2049 1181 2298 1238 corpore,
2322 1168 2500 1239 ignem
2521 1169 2752 1225 carnalis
2769 1172 3222 1242 concupiscentia
3240 1175 3631 1234 subministrat.

2612 1308 2836 1366 CAPUT
2885 1309 3070 1368 XXIII.

2136 1417 2578 1484 Quemadmodum
2603 1423 2932 1507 abundantite
2957 1408 3228 1481 humerum
3254 1430 3553 1501 genitalium

2685 1504 3016 1566 castigentur.

2123 1627 2255 1684 Nam
2285 1629 2429 1700 quod
2452 1629 2614 1685 semel
2639 1644 2740 1700 per
2787 1645 3033 1688 escarum
3076 1633 3457 1695 abundantiam
3508 1654 3639 1696 con-

2052 1732 2258 1778 cretum
2284 1721 2446 1776 fuerit
2471 1722 2526 1776 in
2563 1721 2848 1788 medullis,
2884 1738 3108 1781 necesse
3145 1736 3230 1782 est
3263 1729 3438 1799 egeri,
3481 1742 3643 1802 atque

357 1836 463 1891 que
493 1821 704 1876 retineo
731 1820 1037 1890 frequenter
1076 1819 1243 1875 fuisse
1287 1819 1598 1891 perpessos)
1642 1835 1764 1875 cum
1805 1827 1953 1874 tanto
1982 1827 2031 1888 Β
2056 1813 2124 1869 ab
2153 1813 2268 1883 ipsa
2299 1823 2505 1868 natura.-
2533 1812 2651 1883 lege
2676 1815 2928 1884 propelli,
2960 1831 3080 1886 quae
3110 1818 3520 1878 exuberantiam
3551 1840 3642 1878 cu-

359 1913 548 1968 labore
571 1927 635 1968 ac
651 1911 976 1968 difficultate
1005 1913 1145 1966 hanc
1176 1912 1561 1981 parcimoniam
1591 1921 1946 1978 sustentasse,

359 2014 616 2075 tantaque
645 2004 697 2059 vi
726 2013 888 2075 atque
911 2004 1088 2060 inedia
1118 2005 1428 2075 praedictam
1458 2005 1762 2061 custodisse
1796 2019 1951 2060 men-

360 2113 568 2164 suram,
597 2107 660 2152 ut
689 2097 840 2152 inviti
871 2097 1288 2167 quodammodo,
1313 2112 1414 2152 nec
1433 2097 1551 2152 sine
1569 2097 1773 2168 gemitu
1794 2108 1954 2167 atque

364 2191 582 2276 tristitia
611 2189 756 2245 hunc
784 2189 946 2246 finem
975 2189 1073 2245 sibi
1104 2189 1420 2245 refectiouis
1450 2191 1809 2262 imponerent.

936 2300 1167 2358 CAPUT
1209 2301 1374 2356 XXII.

541 2393 763 2461 Quinam
787 2393 1040 2464 generalis
1069 2393 1391 2518 stamine-utile
1418 2411 1479 2448 ac
1498 2393 1788 2463 refectioni:

1020 2480 1103 2518 mo
1143 2480 1204 2517 us
1234 2474 1316 2518 sit.

1020 2474 1204 2518 modus
1234 2474 1316 2519 ιη.

441 2555 726 2612 Generalis
771 2565 951 2611 tamen
991 2554 1078 2611 hic
1116 2558 1460 2612 continentiae
1491 2555 1685 2612 modus
1715 2564 1820 2622 est,
1846 2564 1906 2611 ut
1930 2552 1960 2593 ά

366 2649 662 2705 secundum
694 2651 1044 2720 capacitatem
1074 2649 1289 2716 virium,
1313 2650 1398 2705 vel
1427 2651 1696 2719 corporis,
1717 2650 1804 2705 vel
1833 2659 1962 2706 aeta-

370 2745 465 2808 tis,
495 2752 700 2798 tantum
726 2743 941 2798 sibimet
959 2743 1064 2798 cibi
1090 2743 1460 2814 unusquisque
1484 2744 1765 2811 concedat,
1789 2759 1961 2815 quan-

367 2846 482 2890 tum
509 2835 833 2892 sustentatio
857 2836 1061 2903 carnis,
1092 2851 1199 2891 non
1227 2845 1487 2907 quantum
1517 2837 1848 2892 desiderium
1876 2852 1963 2892 sa-

371 2926 603 2982 turitatis
633 2927 898 2997 exposcit.
933 2938 956 2966 ⁸
986 2927 1043 2982 1η
1075 2937 1302 2997 utraque
1321 2929 1465 2984 enim
1494 2941 1647 3000 parte
1675 2930 1963 2987 sustinebit

369 3019 660 3073 maximum
691 3019 1073 3075 detrimentum
1094 3061 1110 3086 ,
1140 3019 1382 3090 quisquis
1425 3021 1845 3092 inaequalitatem
1883 3031 1964 3077 te-

370 3126 532 3178 nens,
553 3125 694 3166 nunc
721 3119 962 3167 ventrem
980 3111 1313 3182 jejuniorum
1344 3111 1596 3168 ariditate
1617 3113 1958 3184 constringit,

2049 1907 2274 1978 juslibet
2303 1906 2548 1962 humoris
2571 1907 2853 1978 superflui,
2881 1911 3028 1965 velut
3068 1911 3281 1968 noxiam
3333 1915 3438 1970 sibi
3483 1921 3647 1988 atque

2053 2000 2400 2065 contrariam,
2434 2000 2488 2056 in
2515 2000 2808 2070 semetipsa
2838 2003 3079 2059 residere
3105 2020 3212 2060 non
3241 2008 3463 2076 patitur.
3494 2011 3638 2066 Ideo-

2055 2109 2159 2162 que
2183 2093 2490 2147 rationabili
2519 2106 2735 2161 semper
2761 2104 2816 2149 et
2841 2096 3037 2164 aequali
3067 2105 3150 2153 est
3176 2113 3375 2169 corpus
3405 2114 3644 2158 nostrum

2058 2186 2387 2258 parcimonia
2418 2185 2813 2256 castigandum,
2842 2194 2898 2241 ut
2920 2188 2966 2242 si
2998 2191 3230 2245 naturali
3267 2190 3368 2247 hac
3412 2195 3648 2250 necessi-

2059 2285 2170 2334 tate
2197 2286 2596 2333 commorautes
2625 2277 2678 2331 in
2723 2291 2887 2331 carne
2933 2280 3262 2336 omnimodis
3307 2298 3502 2340 carere
3543 2301 3652 2344 non

2060 2387 2368 2442 possumus,
2399 2372 2591 2426 saltem
2619 2370 2793 2425 rarius
2817 2385 2919 2426 nos
2943 2380 3000 2427 et
3036 2371 3055 2408 τ
3089 2388 3196 2428 non
3227 2377 3458 2447 amplius
3489 2395 3650 2447 quam

2061 2465 2203 2520 trina
2234 2465 2353 2519 vice
2381 2477 2663 2532 respersos
2694 2463 2795 2518 ista
2821 2463 3128 2520 colluvione
3167 2467 3330 2522 totius
3358 2470 3487 2524 anni
3528 2485 3648 2526 cur-

2061 2570 2156 2614 sus
2183 2556 2438 2612 inveniat.
2471 2555 2625 2623 Quod
2654 2563 2833 2610 tamen
2879 2553 2998 2611 sine
3035 2557 3146 2610 ullo
3187 2559 3396 2626 pruritu
3438 2562 3652 2630 quietus

2063 2656 2249 2720 egerat
2272 2662 2454 2715 sopor,
2487 2663 2590 2702 non
2626 2646 2785 2701 fallax
2815 2647 2991 2717 imago
3025 2647 3189 2704 index
3227 2652 3454 2706 occultae
3500 2656 3648 2710 volu-

2063 2741 2228 2810 ptatis
2245 2739 2446 2794 eliciat.
2460 2739 2824 2806 Quamobrem
2842 2737 2958 2793 haec
2975 2748 3060 2795 est
3079 2744 3470 2814 temperantiae,
3489 2761 3651 2816 quam

2063 2831 2320 2900 diximus,
2347 2829 2681 2887 continentia
2709 2837 2763 2887 et
2789 2830 3018 2901 qualitas
3045 2843 3204 2903 atque
3234 2848 3510 2901 mensura,
3534 2855 3655 2908 qua:

2064 2935 2276 2994 patrum
2305 2939 2524 2994 quoque
2541 2923 2750 2994 judicio
2770 2923 3174 2993 comprobatur,
3200 2934 3257 2979 ut
3283 2928 3654 2996 quotidianam

2066 3017 2218 3088 panis
2259 3017 2608 3072 refectionem
2652 3014 2961 3086 quotidiana
2993 3019 3294 3074 comitetur
3336 3024 3562 3090 esuries,
3600 3024 3657 3078 iu

2067 3125 2176 3167 uno
2196 3110 2495 3178 eodemque
2516 3117 2658 3164 statu
2681 3108 2915 3164 animam
2947 3109 3149 3178 pariter
3175 3125 3479 3183 corpusque
3525 3129 3657 3170 con-

372 3220 520 3260 nunc
563 3220 808 3260 escarmn
859 3206 1138 3262 nimietate
1183 3206 1459 3262 distendit.
1512 3207 1582 3263 Ut
1625 3209 1767 3262 enim
1812 3222 1965 3262 mens
1992 3219 2038 3282 ρ
2069 3204 2328 3268 servans’;
2363 3217 2460 3258 nec
2485 3201 2674 3272 jejunii
2705 3201 3022 3270 fatigatione
3047 3202 3368 3269 concidere,
3401 3222 3500 3262 nec
3530 3223 3658 3278 gra-

369 3296 483 3352 cibi
513 3297 769 3354 inanitate
791 3298 984 3354 lassata
1015 3298 1191 3369 perdit
1213 3299 1520 3355 orationum
1544 3301 1806 3370 vigorem,
1830 3299 1959 3354 dum

2065 3297 2178 3352 vari
2209 3307 2446 3351 mentem
2487 3295 2769 3351 saturitate
2819 3295 3157 3366 permittens.
3205 3295 3378 3352 Tanta
3427 3315 3659 3372 namque

1439 3391 1695 3448 ALARDI
1737 3391 1970 3448 GAZIEI
2007 3388 2578 3447 COMMENTARIUS.

450 3493 480 3523 ι
502 3481 562 3538 ld
589 3493 672 3539 est
701 3482 948 3552 probare,
983 3499 1111 3538 num
1141 3483 1230 3539 illa
1255 3498 1529 3550 mensura,
1564 3485 1726 3539 unius
1762 3485 1970 3541 scilicet

375 3560 530 3616 librae
559 3553 707 3624 panis
746 3554 801 3607 in
848 3555 1012 3620 diem,
1043 3556 1114 3608 sit
1140 3555 1271 3610 satis
1308 3556 1515 3609 modica
1563 3566 1614 3610 et
1645 3555 1864 3622 exigua,
1906 3571 1970 3610 ac

373 3637 589 3685 servam
610 3624 876 3691 difficilis;
902 3625 1144 3681 eamdem
1167 3641 1383 3694 semper
1403 3641 1466 3680 ac
1484 3636 1748 3696 perpetuo
1767 3634 1966 3695 tenete,

378 3701 527 3757 nulla
559 3698 844 3751 occasione
874 3710 992 3752 eam
1022 3698 1366 3752 excedentes.

455 3770 481 3810 δ
511 3768 931 3842 Pulmen_larium
979 3767 1114 3842 dixit
1159 3768 1230 3842 D._
1272 3766 1592 3842 Benedictus
1624 3767 1766 3842 _loco_
1809 3782 1972 3842 supra

377 3842 574 3904 citato;
601 3840 686 3891 ubi
710 3837 1182 3892 Turrecretnatus:
1213 3839 1596 3903 Pulmentaria,
1623 3837 1816 3909 inquit,
1843 3839 1971 3892 mul-

381 3916 455 3968 tis
487 3909 658 3964 modis
688 3909 967 3970 dicuntur,
1016 3909 1311 3964 secundum
1357 3911 1670 3965 varietatem
1719 3910 1972 3964 materia-

376 4002 501 4041 rum
527 3997 588 4036 ex
609 3981 802 4050 quibus
827 3978 986 4044 fiunt;
1011 3981 1104 4034 sed
1128 3981 1231 4034 hoc
1250 3981 1368 4036 loco
1393 3981 1806 4048 pulmentarium
1830 3980 1971 4035 idem

379 4067 466 4111 est
491 4049 639 4124 quod
662 4049 990 4124 pulmentum
1019 4051 1214 4124 factum
1247 4067 1312 4124 ex
1340 4051 1594 4120 piscibus,
1627 4051 1974 4124 aut_legumi-

379 4121 563 4186 nibus,
593 4123 707 4176 sive
740 4123 806 4175 de
833 4123 1030 4184 herbis,
1061 4123 1144 4175 vel
1175 4121 1365 4180 farina.
1401 4131 1493 4175 aut
1513 4137 1689 4176 caseo.
1716 4122 1969 4177 Pulmen-

378 4209 496 4250 tmn
541 4196 715 4255 enim,
744 4201 819 4265 _ut
853 4191 984 4265 dicit
1011 4192 1247 4247 Isidorus
1273 4193 1414 4265 (Lib.
1448 4209 1517 4247 xx
1547 4191 1776 4263 Etymol.
1810 4192 1970 4265 c.2),

381 4269 582 4322 dicitur
609 4280 636 4317 a
666 4263 847 4330 pulte;
879 4264 991 4316 sive
1021 4265 1163 4317 enim
1190 4263 1303 4316 sola
1332 4265 1481 4333 puls,
1515 4265 1630 4318 sive
1667 4265 1790 4332 quid
1827 4263 1972 4317 aliud

381 4340 503 4406 ejus
524 4335 881 4406 permixtione
902 4343 1165 4406 sumatur,
1192 4336 1520 4401 pulmentum
1547 4350 1650 4406 non
1676 4336 1974 4406 incongrue

383 4403 602 4464 dicitur.
639 4405 832 4459 Dicunt
858 4404 1018 4458 etiam
1047 4405 1204 4473 aliqui
1232 4405 1372 4474 quod
1396 4403 1650 4476 quidquid
1678 4409 1802 4472 pani
1824 4404 1976 4458 addi-

385 4491 497 4543 tur,
529 4486 586 4530 ut
611 4477 805 4531 melius
836 4477 1175 4536 comedatur,
1211 4477 1540 4542 pulmentum
1587 4476 1801 4529 dicutui'.
1850 4477 1974 4529 Haec

385 4553 497 4605 ille.
530 4547 874 4601 Pulmentum
907 4547 1108 4615 itaque,
1139 4547 1254 4600 sive
1303 4548 1711 4615 pulmentarium
1760 4547 1975 4614 pr0prie

385 4623 585 4675 dicitur
609 4618 752 4684 puls,
776 4617 861 4670 vel
884 4616 1035 4670 cibus
1057 4619 1105 4688 in
1138 4616 1352 4670 modum
1383 4617 1543 4688 pultis
1576 4618 1782 4688 factus:
1817 4631 1977 4688 gene-

386 4693 554 4747 ralius
594 4700 776 4745 tamen
811 4701 907 4755 pro
935 4687 1121 4756 quovis
1149 4687 1663 4752 obsonio’sumitur;
1693 4687 1973 4741 obsonium

387 4773 590 4826 autem,
613 4759 868 4830 quidquid
895 4758 946 4810 in
969 4758 1170 4824 cibum,
1199 4769 1399 4830 praeter,
1427 4774 1639 4827 panem,
1667 4757 1970 4830 adhibetur.

387 4833 544 4890 Unde
571 4829 928 4905 pulmentum,
958 4837 1014 4883 ct
1041 4832 1347 4905 πρωφᾴγιον
1374 4829 1563 4905 Graece
1583 4830 1808 4905 dictum,
1831 4829 1973 4905 quod

389 4906 459 4959 ad
489 4897 710 4971 pultem,
745 4900 796 4953 id
823 4897 1148 4971 est,_paném
1178 4897 1501 4971 adiungatur
1530 4901 1582 4954 in
1611 4897 1972 4971 cibumsPul-

389 4969 501 5030 tem
529 4973 672 5028 enim
697 4971 889 5040 prisca:
916 4969 988 5042 illi
1008 4969 1330 5042 Latinorum
1356 4969 1502 5042 genti
1535 4985 1633 5042 pro
1653 4985 1789 5038 pane
1813 4970 1977 5025 fuisse

390 5047 619 5102 idoneus
648 5051 836 5096 auctor
857 5051 940 5095 est
963 5040 1162 5113 Plinius
1193 5041 1343 5113 (Lib.
1365 5040 1496 5096 'xvm
1517 5059 1563 5094 c.
1587 5040 1666 5110 2),
1693 5055 1978 5109 argumen-

388 5129 556 5186 toque
585 5115 634 5168 id
665 5120 994 5186 esse__potest
1023 5112 1165 5186 quod
1199 5112 1550 5186 pulmentaria
1578 5127 1672 5181 pro
1705 5113 1846 5186 cibis
1880 5125 1974 5165 sua

391 5180 554 5241 etiam
584 5193 741 5240 tctate
769 5180 1095 5252 dicerentur.
1132 5184 1185 5237 In
1221 5183 1516 5252 Evangelin
1552 5180 1764 5252 quoque
1793 5180 1974 5250 (Joan.

395 5259 510 5326 xxi)
529 5257 793 5326 legimus:
830 5251 1006 5326 Pueri,
1034 5255 1282 5324 numquid
1313 5250 1713 5326 pulmentarium
1743 5250 1982 5320 habetis?

393 5322 825 5406 υμῖπρόσφά-ιιρν
855 5322 1059 5388 Grazce,
1093 5335 1146 5379 et
1171 5322 1602 5406 pulmentarium
1649 5323 1835 5406 Latine
1883 5338 1980 5392 pro

399 5396 632 5468 pisculius
655 5396 912 5464 'positum
957 5408 1080 5449 esse
1119 5398 1465 5452 consentiunt
1491 5396 1845 5462 interpretes;
1874 5407 1981 5517 quo

399 5471 558 5517 etiam
585 5467 745 5517 mqu
766 5465 1062 5517 verisimile
1087 5477 1172 5517 est
1193 5481 1222 5517 a
1244 5467 1308 5517 D.
1343 5466 1632 5517 Benedicto
1661 5465 1830 5517 accini
1861 5465 1876 5517 l
1939 5464 1989 5516 bi

395 5465 558 5525 etiam
584 5467 745 5524 modo
766 5465 1062 5522 verisimile
1087 5477 1172 5522 est
1193 5481 1222 5520 a
1244 5467 1308 5522 D.
1343 5466 1518 5522 Bened
1529 5467 1632 5520 icto
1661 5465 1830 5533 accipi

396 5557 598 5594 αντα).

462 5540 771 5683 austroque
799 5609 1048 5683 nimirum
1077 5608 1219 5679 apud
1249 5608 1550 5683 Orientales
1580 5605 1771 5661 festivo
1808 5615 1862 5661 et
1896 5620 1986 5660 so-

399 5685 589 5750 lemni,
619 5680 842 5737 ut'alibi
885 5682 1079 5750 saepius
1117 5690 1390 5744 notatum;
1439 5680 1634 5749 quibus
1681 5692 1783 5750 pro
1826 5691 1986 5750 reve~

397 5747 584 5810 rentia
601 5752 927 5814 festivitatis,
950 5747 1151 5821 aliquid
1175 5751 1404 5805 subinde
1437 5747 1520 5804 vel
1550 5749 1676 5811 olei,
1708 5747 1984 5821 veloleris

396 5829 561 5895 cocti,
598 5841 699 5898 pro
726 5822 955 5878 obsonio
981 5817 1077 5876 seu
1110 5821 1384 5890 pulmento
1411 5822 1688 5877 monachis
1717 5817 1982 5891 indulgeri

687 5919 959 6011 ἕκηλοι..
1008 5914 1234 6011 XLIX.

2001 4795 2104 4856 D.»

2072 3484 2234 3586 solet,
2265 3492 2320 3586 ut
2345 3496 2411 3538 ex
2440 3482 2576 3538 Vitis
2604 3479 2818 3586 Patrum
2849 3490 2904 3537 et
2948 3481 3226 3540 Lausiacis
3275 3486 3514 3544 historiis
3564 3507 3659 3547 no-

2073 3566 2184 3610 tum
2211 3562 2312 3610 est.

2143 3625 2170 3662 ά
2200 3625 2273 3680 lta
2320 3623 2384 3677 D.
2431 3623 2663 3678 Basilius
2709 3623 2779 3678 de
2823 3623 2998 3679 Instit.
3041 3624 3286 3680 Monach.
3331 3642 3380 3682 c.
3427 3630 3493 3685 10
3521 3630 3660 3688 hanc

2071 3696 2230 3752 docet
2255 3709 2376 3750 esse
2406 3708 2716 3766 mensuram
2750 3694 3098 3766 continentia:
3144 3696 3318 3766 quoad
3364 3699 3512 3754 cibos
3536 3745 3548 3766 ,
3602 3715 3661 3757 ut

2072 3774 2232 3836 prout
2256 3781 2384 3820 usus
2411 3765 2674 3834 deposcit,
2709 3765 2794 3836 vel
2822 3773 2984 3830 tetas,
3011 3767 3096 3820 vel
3138 3767 3321 3832 labor,
3365 3771 3449 3824 vel
3495 3773 3661 3828 robur

2072 3835 2350 3907 ’corporis,
2399 3836 2484 3891 vel
2531 3835 3043 3907 commoditasuest;
3091 3836 3161 3891 ita
3193 3839 3352 3892 etiam
3387 3843 3577 3897 modus
3607 3856 3660 3900 et

2071 3905 2304 3983 qualitas
2347 3907 2451 3961 cibi
2479 3915 2848 3983 temperetur:
2883 3905 3062 3983 Neque
3083 3908 3238 3973 enim,
3270 3909 3461 3979 inquit,
3493 3916 3658 3983 passi-

2075 3979 2175 4033 bile
2204 3989 2277 4034 est
2303 3994 2474 4032 omnes
2498 3982 2705 4049 [ταυτί.
2738 3992 2899 4030 unum
2931 3979 3182 4045 ordinem,
3222 3996 3285 4032 ac
3311 3979 3550 4049 modum,
3584 3989 3662 4039 vel

2073 4052 2306 4120 regulam
2335 4051 2610 4103 custodire.
2648 4046 2720 4101 Hi
2747 4064 2864 4103 vero
2890 4051 2975 4118 qui
2997 4050 3108 4102 sani
3137 4059 3275 4112 sunt,
3313 4046 3663 4119 possunt—om-

2075 4137 2161 4174 nes
2191 4121 2417 4175 eamdem
2443 4135 2732 4174 mensuram
2759 4129 2924 4174 tenere
2953 4122 3005 4172 in
3027 4121 3351 4175 abstinentia.
3386 4121 3663 4180 linmulari

2075 4202 2246 4265 autem
2275 4201 2468 4265 Oportet
2493 4207 2580 4265 per
2608 4191 2941 4265 singulos,_in
2971 4191 3163 4265 quibus,
3180 4207 3335 4265 causa
3368 4198 3544 4265 aliqua
3576 4198 3662 4248 di-

2076 4263 2330 4336 uersitatis
2359 4263 2557 4336 existit,
2587 4262 2907 4336 providentia
2930 4278 2990 4314 ac
3023 4262 3513 4336 provisioneeorum
3549 4269 3664 4336 qni-

2079 4335 2171 4404 bus
2197 4335 2528 4404 dispensandi
2552 4349 2674 4386 cura
2700 4334 2808 4387 hac
2852 4333 3124 4385 commissa
3168 4344 3261 4386 est.
3312 4334 3456 4390 Idem
3507 4333 3663 4392 ducet

2078 4403 2230 4458 divus
2277 4403 2597 4458 Benedictus
2643 4405 2820 4474 capite
2871 4404 3144 4474 trigesimo
3180 4417 3354 4468 serto,
3388 4410 3663 4474 trigesimo

2079 4490 2246 4543 nono,
2275 4485 2329 4530 et
2354 4473 2762 4544 quadragesimo
2789 4472 3160 4544 [legitumum
3183 4477 3248 4528 de
3268 4490 3393 4528 cura
3423 4472 3660 4532 infirmo-

2078 4560 2195 4599 rum
2226 4543 2492 4608 habenda,
2523 4553 2577 4597 et
2605 4543 3086 4616 demensuracibi
3121 4552 3175 4616 et
3221 4555 3407 4613 potus,
3444 4563 3542 4616 pm
3576 4565 3664 4602 ra-

2079 4617 2225 4670 tione
2251 4616 2446 4681 astatis,
2487 4613 2847 4679 valetudinis,
2897 4613 3099 4666 laboris
3137 4615 3384 4682 fratrum,
3414 4613 3663 4674 accurate

2078 4685 2333 4740 disponit.

2153 4703 2455 4820 Lpgﬂnxltilicat
2488 4755 2648 4810 modo
2675 4753 2802 4821 quid
2835 4753 2936 4809 sibi
2970 4753 3202 4807 voluerit
3231 4755 3319 4809 illa
3349 4761 3619 4812 sententia
3647 4799 3658 4810 .

2079 4829 2349 4903 desiperest;
2378 4827 2642 4903 labentes;
2681 4827 2804 4903 quia
2825 4824 3101 4903 _nimirum
3147 4829 3424 4903 utriusque
3449 4830 3662 4903 nimie-

2082 4895 2225 4963 tatis,
2257 4900 2371 4953 sive
2406 4898 2791 4962 extremitatis,
2825 4895 2929 4949 hoc
2961 4904 3074 4956 est.
3107 4896 3283 4949 nimia:
3326 4897 3663 4954 abstinentia:

2082 4977 2136 5024 et
2164 4971 2341 5024 nimiae
2375 4968 2678 5036 edacitatis,
2707 4967 2928 5037 aequalia
2958 4967 3260 5020 sentiuntur
3299 4967 3659 5035 incommoda,

2083 5041 2198 5095 sive
2223 5041 2394 5109 quoad
2423 5040 2744 5103 orationem,
2776 5039 2891 5092 sive
2921 5037 3097 5109 quoad
3121 5038 3475 5109 _castimonim
3517 5041 3665 5108 puri-

2085 5105 2271 5174 tatem,
2304 5120 2363 5166 ut
2392 5109 2479 5164 hic
2507 5109 2827 5178 explicatur,
2855 5116 2910 5162 et
2937 5105 3030 5162 lib.
3063 5122 3096 5160 v
3119 5105 3662 5180 luetitutionunicap.

2082 5181 2276 5237 8et9.

2159 5249 2180 5289 ί
2210 5253 2378 5319 Quam
2407 5250 2634 5306 moleste
2661 5249 2884 5303 tulerint
2913 5258 2969 5319 et
2995 5263 3062 5303 ex
3093 5249 3281 5303 intimo
3309 5249 3474 5304 animi
3505 5265 3668 5306 sensu

2086 5318 2448 5392 ingemuerint
2477 5321 2576 5375 viri
2603 5320 2866 5391 religiosi,
2898 5318 2945 5373 si
2975 5321 3190 5392 quando
3210 5320 3549 5392 contingeret
3572 5337 3668 5376 eos

2089 5390 2394 5456 insomnis,
2422 5392 2584 5446 etiam
2609 5390 2752 5445 nulla
2784 5405 2876 5444 sua
2907 5391 3091 5459 culpa,
3137 5390 3330 5459 pollui;
3367 5399 3421 5444 et
3464 5402 3668 5458 quanto

2091 5465 2271 5518 studio
2290 5474 2344 5520 et
2365 5463 2728 5518 sollicitudine
2749 5461 3046 5515 laborarint
3073 5471 3130 5514 ut
3151 5460 3252 5514 hoc
3266 5461 3355 5532 vel
3378 5477 3667 5532 numquam

2090 5537 2170 5589 vel
2205 5535 2477 5589 rarissime
2503 5542 2831 5602 paterentur,
2867 5540 3010 5602 patet
3043 5540 3155 5585 tum
3177 5545 3241 5584 ex
3265 5530 3366 5585 hoc
3388 5530 3535 5597 loco,
3555 5541 3667 5587 tum

2089 5607 2356 5674 praecipue
2399 5621 2464 5658 ex
2506 5601 2692 5657 collat.
2736 5601 2828 5674 22.
2864 5601 2953 5674 ubi
2982 5601 3057 5674 de
3077 5603 3251 5674 causis
3277 5602 3586 5674 pollutionis
3613 5612 3668 5657 et

2086 5671 2364 5730 nocturnis
2393 5674 2731 5745 illusionibus
2759 5671 2972 5745 plenius
2996 5671 3322 5745 disseritur;
3367 5673 3435 5730 de
3468 5673 3666 5745 quibus

2087 5747 2248 5803 etiam
2274 5748 2384 5818 agit
2409 5743 2678 5801 Climacus
2697 5743 2866 5814 gradu
2892 5741 3102 5797 decimo
3131 5743 3339 5813 quinto.

3156 5907 3230 5973 18
