3966 6326
475 391 788 464 frugalitate
809 385 1014 452 finitur,
1046 389 1107 437 ut
1127 377 1397 436 interdum
1419 391 1480 434 se
1499 385 1623 447 post
1643 390 1927 447 vesperam
1957 390 2056 433 nec
2078 379 2134 439 Δ

475 488 678 548 sentiat
700 493 793 541 aut
817 478 1121 538 meminerit
1149 475 1421 531 refecisse.

1034 619 1260 690 CAPUT
1296 623 1486 687 XXIV.

470 781 554 842 De
577 782 748 837 labore
771 776 986 846 aqualis
1029 769 1375 894 refeciaon‘isie
1399 776 1446 822 et
1487 765 1551 821 de
1579 765 1752 836 fratris
1781 762 2055 836 Beniamin

1118 859 1146 894 e
1185 856 1264 894 act
1289 857 1319 891 a
1379 875 1394 892 .

1118 856 1394 896 εααειιαιε.

539 991 606 1048 Et
629 991 684 1046 in
711 987 914 1044 tantum
944 983 1050 1040 hoc
1076 996 1184 1038 non
1223 980 1342 1036 sine
1388 977 1576 1034 labore
1625 974 1948 1046 perficitur,
1999 979 2058 1030 ut

466 1074 665 1144 litalint
705 1073 761 1138 hi
791 1079 884 1154 qui
929 1075 1317 1150 perfectionem
1364 1069 1716 1128 discretionis
1765 1068 2052 1139 lgnOrant,

465 1175 627 1236 etiam
653 1176 818 1233 biduo
840 1171 1110 1244 protelare
1129 1166 1355 1239 jejunis,
1381 1164 1544 1232 idque
1566 1161 1706 1230 quod
1731 1160 1892 1214 hodie
1915 1165 2058 1214 sum-

461 1273 609 1344 pturi
650 1271 863 1325 fuerant
905 1265 960 1320 in
1007 1261 1306 1320 crastinum
1336 1269 1638 1320 reservare,
1669 1251 1960 1308 dummodo
1989 1251 2056 1306 ad

459 1362 817 1419 refectionem
844 1355 1220 1429 pervenientes
1248 1348 1550 1404 desiderata
1573 1347 1823 1399 satietate
1845 1344 2057 1434 potian-

461 1465 569 1511 tur.
600 1437 754 1522 Quod
786 1449 956 1520 nuper
986 1457 1012 1484 ⁸
1044 1443 1322 1513 Benjamin
1354 1440 1522 1502 civem
1552 1446 1790 1493 vestrum
1820 1435 2056 1507 pertina-

459 1548 599 1604 citer
628 1545 864 1601 leIIUiSSC
893 1537 1243 1613 cognoscitis,
1270 1533 1359 1602 qui
1389 1547 1456 1588 ne
1481 1530 1723 1601 quotidie
1755 1529 2053 1596 paximacia

459 1640 570 1696 duo
596 1635 899 1709 percipiens
929 1628 1121 1702 a‘eq'ua'li
1146 1625 1502 1698 castigatione
1530 1625 1838 1678 continuam
1873 1621 2050 1691 parci-

458 1725 624 1788 tatem
646 1729 843 1800 jttgiter
870 1723 1192 1782 retentaret,
1216 1718 1405 1775 maluit
1423 1715 1654 1772 biduana
1674 1713 1877 1783 jejunio
1905 1715 2052 1766 scm-

457 1821 558 1894 per
585 1825 902 1878 continuare
927 1857 942 1881 ,
976 1812 1271 1872 dummodo
1320 1809 1388 1866 ad
1429 1807 1776 1864 refectionem
1826 1807 2048 1860 veniens

457 1915 726 1984 duplicata
752 1919 1006 1966 mensura
1033 1907 1268 1976 repleret
1299 1902 1502 1958 ventris
1524 1899 1849 1970 ingluviem,
1871 1897 1924 1952 id
1947 1905 2050 1964 est,

456 2007 690 2080 Quatuor
728 2002 1028 2076 paximacia
1071 1997 1364 2056 comedens
1411 1994 1718 2052 desiderata
1767 1993 2051 2072 saturitate

455 2098 731 2170 gauderet,
758 2101 812 2150 et
836 2093 1204 2164 espletionem
1232 2087 1439 2144 ventris
1466 2087 1549 2142 sui
1581 2085 1815 2140 biduano
1843 2082 2050 2152 jejunio

455 2187 856 2264 quodammodo
885 2179 1246 2258 compararet.
1276 2182 1381 2249 Qui
1409 2179 1771 2237 obstinatione
1799 2187 1856 2235 et
1886 2177 2052 2248 perti-

452 2285 607 2340 nacia
640 2283 836 2336 mentis
861 2294 972 2334 sua:
999 2275 1406 2332 definitionibus
1433 2271 1612 2341 potius
1633 2270 1863 2340 propriis
1888 2271 2048 2341 quam

453 2375 727 2433 seniorum
763 2371 1143 2429 traditionibus
1169 2369 1548 2438 acquiescens,
1582 2365 1730 2435 quali
1764 2365 1870 2419 iin'e
1891 2378 2047 2419 suum

450 2469 788 2542 propositum
821 2465 1146 2529 terminarit,
1175 2459 1532 2534 proculdubio
1573 2459 1919 2514 meministis.
1964 2457 2050 2514 Si-

452 2560 672 2636 q'itide‘m
701 2559 887 2617 i'elicta
927 2574 1152 2625 eremo,
1203 2570 1393 2612 rursus
1431 2555 1498 2610 ad
1546 2556 1762 2609 inanem
1811 2552 2048 2621 philoso-

451 2655 636 2728 phiam
669 2654 854 2711 mundi
884 2651 1043 2722 hujus
1074 2665 1140 2707 ac
1177 2651 1472 2705 vanitatem
1513 2647 1699 2704 saeculi
1738 2646 2045 2711 devolutus,

451 2745 768 2821 praedictam
818 2743 1142 2803 sententiam
1197 2743 1470 2798 seniorum
1527 2739 1608 2796 sui
1664 2752 1824 2795 casus
1871 2736 2048 2808 signet

439 2837 729 2910 ‘exemplo,
758 2839 1022 2909 ruinaque
1069 2851 1170 2892 sua
1221 2843 1447 2891 Cunctos
1489 2833 1720 2897 doceat,
1774 2831 2044 2885 neminem

452 2929 570 2990 silis
598 2931 1000 2989 definitionibus
1028 2929 1113 2985 ve’l
1154 2927 1377 2998 praprio
1417 2923 1625 2995 judicio
1663 2921 2042 2982 confidentem,

450 3023 812 3095 perfectionis
852 3023 1068 3078 culmen
1118 3017 1406 3090 aliquando
1456 3025 1614 3086 posse
1651 3015 2043 3084 "conscendere,

453 3118 550 3175 sed
567 3131 667 3174 nec
686 3113 887 3173 diaboli
904 3111 1122 3185 quidem
1140 3110 1473 3183 perniciosas
1492 3107 1772 3162 illusiones
1791 3105 2043 3161 evadere.

1523 260 1806 319 JOANNIS
1840 259 2152 319 CASSIANI
2187 261 2678 321 COLLATIONES.

3628 264 3723 322 550

2720 374 2950 433 CAPUT
2988 374 3124 433 XXV

2158 465 2508 542 Interrogatio
2536 469 2796 541 quomodo
2836 486 2942 523 una
2971 485 3173 542 semper
3197 469 3478 541 eademque
3499 487 3727 528 mensura

2829 550 3083 596 seruetur.

2227 629 2566 688 Germanus:
2589 631 2875 700 Quomodo
2901 633 3062 703 igitur
3083 633 3172 689 hic
3202 633 3397 691 modus
3417 649 3446 688 a
3477 634 3634 690 nobis
3657 636 3731 692 in-

2155 720 2370 792 dirupte
2417 723 2620 780 valebit
2646 721 2952 780 custodiri?
2995 724 3128 780 Nam
3173 723 3576 798 nonnumquam
3609 731 3728 785 hora

2155 805 2299 870 nona
2319 861 2331 885 ,
2353 814 2378 854 δ
2408 817 2582 871 soluta
2606 813 2717 888 jam
2741 817 2972 872 statione
2995 815 3213 888 jejunii,
3234 818 3732 890 Supervenientibus

2155 911 2432 978 fratribus,
2452 925 2681 966 necesse
2711 905 2796 966 est
2833 926 3023 967 eorum
3052 912 3308 978 obtentu,
3339 921 3433 967 aut
3458 911 3617 983 adjici
3637 914 3731 968 ali-

2155 1003 2284 1075 quid
2321 1004 2390 1059 ad
2437 1013 2694 1060 statutam
2736 1005 3061 1072 solitamque
3105 1020 3454 1072 mensuram,
3490 1013 3582 1060 aut
3625 1021 3734 1060 cer-

2156 1104 2209 1151 te
2244 1106 2265 1134 ο
2291 1095 2708 1162 humanitatem,
2733 1111 2893 1168 quam
2913 1095 3167 1166 jubemur
3182 1096 3434 1152 omnibus
3453 1095 3729 1163 exhibere,

2155 1187 2374 1258 penitus
2410 1187 2676 1244 abdicari.

2724 1255 2952 1312 CAPUT
2989 1256 3184 1312 XXVI.

2263 1347 2555 1420 Responsio
2593 1349 2658 1404 de
2685 1361 2786 1403 non
2818 1349 3110 1404 excedenda
3138 1350 3434 1420 refectionis
3460 1351 3634 1406 modo.

2226 1443 2465 1516 Moyses:
2506 1443 2747 1514 Utraque
2791 1455 2898 1497 uno
2929 1443 3090 1498 modo
3122 1457 3186 1497 ac
3215 1442 3587 1499 sollicitudine
3629 1447 3736 1512 pari

2152 1536 2410 1592 c‘onvenit
2461 1534 2766 1591 observari.
2811 1534 2942 1590 Nam
2974 1545 3029 1591 et
3073 1549 3386 1590 mensuram
3433 1535 3536 1590 cibi
3581 1551 3736 1591 causa

2153 1629 2506 1686 continentia:
2533 1643 2597 1684 ac
2622 1630 2868 1699 puritatis
2896 1643 3017 1684 cum
3064 1629 3211 1685 omni
3259 1629 3515 1698 scrupulo
3561 1639 3739 1684 custo-

2154 1721 2271 1776 dire
2301 1721 2592 1787 debemus,
2621 1730 2674 1774 et
2695 1720 2722 1758 ἀ
2751 1720 3148 1777 humanitatem
3178 1729 3339 1791 atque
3366 1721 3736 1776 adorationem

2080 1785 2126 1845 Β
2151 1785 2864 1867 advenientibusfratribus
2909 1811 3197 1867 charitatis
3225 1785 3450 1867 obtentu
3489 1813 3739 1867 similiter

2149 1906 2454 1970 exhibere;
2486 1905 2608 1976 quia
2643 1906 2776 1960 satis
2803 1905 3098 1961 absurdum
3131 1912 3214 1961 est
3235 1947 3250 1972 ,
3279 1916 3337 1960 ut
3369 1906 3546 1974 fratri,
3581 1907 3740 1962 immo

2149 1997 2372 2052 Christo
2402 2012 2644 2052 mensam
2675 1998 2910 2053 offerens
2932 2038 2946 2062 .
2974 2013 3081 2054 non
3105 2013 3225 2053 cum
3247 2013 3315 2055 eo
3332 1999 3511 2054 cibum
3541 2002 3742 2069 pariter

2151 2101 2356 2157 sumas,
2375 2097 2468 2144 aut
2497 2091 2565 2145 ab
2587 2090 2704 2160 ejus
2733 2091 3031 2147 refectione
3062 2100 3115 2147 te
3145 2093 3312 2147 facias
3350 2094 3616 2147 alienum.
3644 2093 3742 2147 lla-

2151 2197 2256 2250 que
2287 2181 2337 2234 in
2370 2189 2563 2236 neutra
2592 2188 2744 2251 parte
2769 2182 3230 2252 reprehensibiles
3259 2185 3606 2238 inveniemur
3630 2232 3644 2253 ,
3699 2184 3743 2237 si

2151 2273 2270 2329 haec
2308 2288 2335 2324 a
2368 2274 2526 2328 nobis
2556 2273 2892 2328 consuetudo
2940 2282 3219 2339 teneatur,
3252 2284 3312 2330 ut
3336 2275 3467 2329 hora
3508 2291 3651 2331 noua
3682 2275 3746 2330 de

2150 2365 2361 2420 duobus
2417 2366 2770 2435 paximaciis,
2822 2381 2946 2437 qua:
2991 2367 3149 2424 nobis
3189 2369 3450 2423 canonica
3485 2384 3745 2424 mensura

2143 2457 2271 2528 jure
2299 2457 2599 2523 debentur,
2631 2473 2737 2512 uno
2761 2459 3068 2527 paximacio
3109 2459 3399 2528 praelibato
3421 2501 3436 2524 ,
3469 2460 3622 2516 aliud
3647 2460 3746 2514 bu-

2145 2547 2236 2620 jus
2264 2549 2695 2617 exspectationis
2727 2551 2896 2620 gratia
2939 2551 2993 2605 in
3037 2565 3318 2620 vesperam
3349 2567 3697 2608 reservemus
3729 2568 3745 2607 :

2149 2643 2293 2713 Quod
2332 2643 2378 2697 si
2423 2644 2801 2714 supervenerit
2845 2644 3113 2715 quispiam
3163 2645 3430 2712 fratrum,
3466 2661 3595 2701 cum
3623 2648 3740 2717 ipso

2147 2737 2357 2806 pariter
2401 2735 2770 2802 insumamus,
2820 2735 2948 2789 nihil
3001 2737 3378 2792 consuetudini
3409 2739 3595 2792 solita:
3631 2753 3746 2792 am-

2147 2827 2290 2896 plius
2316 2825 2698 2898 adjungentes,
2738 2836 2791 2882 et
2822 2827 2922 2882 hac
2952 2829 3358 2897 dispensatione
3402 2844 3746 2900 nequaquam

2137 2911 2334 2972 fratris
2374 2934 2474 2972 nos
2525 2919 2871 2973 contristabit
2919 2918 3218 2985 adventus,
3262 2920 3352 2992 qui
3383 2921 3540 2976 nobis
3583 2921 3749 2977 debet

2149 3024 2272 3068 esse
2303 3012 2665 3083 gratissimus.
2715 3011 2995 3082 Siquidem
3028 3013 3100 3067 ita
3126 3012 3476 3069 humanitatis
3509 3015 3747 3070 exhibe-

2146 3109 2269 3161 mus
2306 3105 2564 3177 obsequia
2591 3147 2607 3173 ,
2636 3111 2697 3160 ut
2718 3105 2854 3162 nihil
2883 3115 2912 3162 a
2940 3105 3119 3178 rigore
3139 3108 3490 3164 continentiae
3515 3108 3746 3164 relaxe-

1512 3285 1769 3348 ALARDI
1807 3289 2060 3347 ΕᾹΖᾹΞΓ
2081 3289 2640 3346 COMMENTARIUS.

538 3449 562 3478 ι
577 3437 709 3506 Quis
731 3435 834 3492 iste
852 3431 1141 3506 Benjamin‘
1155 3427 1624 3506 fuerithuriosum
1643 3434 1698 3506 et
1715 3425 2045 3506 superfluum
2074 3425 2119 3486 C

455 3520 539 3566 est
568 3496 847 3577 indagare.
899 3496 1025 3577 Fuit
1053 3501 1270 3577 quidem
1319 3496 1606 3577 Benjamin.
1645 3498 1812 3577 ab_bas
1841 3497 2043 3577 hydro-

452 3584 629 3656 picus,
648 3567 1382 3656 etvpatientigimusilequo
1402 3569 1677 3656 Palladius
1699 3567 1927 3656 pausia:
1952 3567 2035 3656 l5,

453 3639 512 3710 ct
546 3639 904 3706 Cassiodorus
946 3645 1150 3701 Histor.
1183 3639 1395 3710 Tripar.
1437 3639 1534 3694 lib.
1564 3655 1658 3695 vm
1697 3641 1874 3708 capite
1909 3641 1965 3710 l,
1987 3649 2042 3693 at

451 3703 612 3791 longe
633 3703 708 3775 ab
734 3721 834 3774 hoc
857 3718 1129 3791 diversus,
1151 3722 1202 3768 et
1220 3703 1340 3791 vita
1369 3727 1435 3788 ac
1466 3712 1573 3791 fine
1616 3703 1920 3791 dissimilis.
1947 3703 2040 3791 pi-

932 3769 1418 3848 vocari'existimo,
1443 3782 1529 3849 vel
1560 3797 1626 3836 ex
1658 3779 1844 3836 eadem
1875 3769 2033 3847 urbe,

451 3847 549 3928 seu
590 3861 843 3929 oppidulo
886 3851 1314 3923 Bethleemitico,
1376 3847 1461 3909 vel
1493 3869 1558 3908 ex
1585 3851 1773 3907 eadem
1814 3853 2038 3922 regione

450 3933 738 3989 Ρειωειῑῃιι
767 3929 1072 4000 oriundum.
1142 3995 1154 4000 _
1277 3987 1359 4000 Η,
1431 3992 1446 4000 _
1508 3991 1552 4000 η
1591 3992 1607 4000 _
1670 3989 1728 4000 Α,
2003 3995 2006 3998 .

527 4004 553 4042 ι»
582 4004 637 4056 id
662 4010 768 4062 est,
794 3995 1225 4065 siilutojejunio,
1251 3989 1307 4052 ut
1331 3989 1447 4050 fieri
1474 3991 1685 4065 solebat
1713 3989 1843 4065 hora
1871 3995 2035 4065 nona,

453 4083 607 4132 extra
655 4062 1166 4143 Quadragesninam._
1199 4063 1440 4143 Sumitur
1483 4063 1645 4143 ctiam
1687 4062 1848 4143 statio
1896 4063 2036 4143 apud

452 4133 773 4201 Cassianum
832 4133 930 4209 pro
989 4139 1106 4207 ipso
1149 4137 1356 4206 jejunio
1384 4133 1580 4209 ,‘sive
1620 4133 1934 4209 quotidiana
1984 4142 2040 4187 et

453 4227 791 4285 spontaneo,
814 4203 1310 4285 s'iveprleceptoet
1341 4203 1667 4285 a_Palt_rilius
1709 4203 1912 4285 indicto
1934 4249 1956 4285 ,ἲ
1981 4213 2039 4285 ut

453 4273 640 4342 multis
684 4273 816 4340 locis
859 4273 1044 4335 videre
1085 4273 1172 4334 est
1202 4277 1292 4332 lib.
1323 4293 1355 4327 v
1384 4275 1618 4332 Insiluit.
1662 4290 1780 4343 cap.
1811 4273 1902 4339 20,
1947 4274 2036 4329 ubi

454 4356 612 4412 docet
634 4371 738 4408 non
757 4353 918 4407 licere
933 4353 1199 4406 monacho
1216 4347 1502 4416 quidquam
1518 4347 1700 4411 edere,
1721 4346 2032 4412 authihcre,

453 4437 576 4490 ante
631 4426 905 4479 stationem
954 4422 1235 4492 legitimam
1270 4433 1692 4492 communemque
1740 4417 2037 4492 refectionis

455 4488 656 4552 horam.
686 4495 751 4549 Et
782 4509 900 4562 cap.
933 4488 1024 4557 ειζ
1057 4493 1142 4547 ubi
1168 4491 1322 4562 docet
1353 4488 2032 4562 stationemquotidianam

453 4570 614 4632 solvi,
649 4567 703 4621 id
734 4557 1057 4626 estfhoram
1087 4559 1402 4616 refectionis
1431 4557 2034 4632 prmt'etiiriittad_t-t-ntu

453 4629 754 4708 hospitum,
786 4635 1030 4708 exceptis
1053 4632 1303 4708 legitimis
1325 4629 1526 4708 quartus
1559 4639 1830 4708 scalaeque
1848 4629 2009 4708 ‘leriag

454 4671 754 4708 ιιυδμιιυιιι,
786 4671 1030 4701 “cep...
1054 4671 1303 4702 ,ιδ.......υ
1559 4671 1828 4696 υπηνηην
1860 4671 2009 4682 ..,....,

454 4709 701 4778 Denique
730 4709 912 4761 collat.
942 4705 1019 4778 εί
1061 4719 1180 4778 cap.
1230 4701 1302 4756 29
1347 4701 1479 4756 dicit
1529 4698 1821 4778 stationem
1840 4671 2034 4778 jejunii

454 4769 877 4847 snperveniente
907 4776 1081 4842 aliqua
1109 4769 1337 4847 honesta
1366 4773 1687 4847 necessitate
1713 4784 1741 4821 a
1785 4769 2034 4847 Patribus

450 4839 706 4913 relaxari.
733 4847 879 4906 Solvi
899 4839 1074 4900 autem
1101 4844 1388 4912 jejunium,
1415 4857 1506 4913 seu
1540 4841 1825 4913 stationem
1851 4839 2032 4913 finiri,

450 4910 604 4978 extra
653 4910 1644 4990 tempusQuadragesimalisjejunii,
1695 4910 1884 4990 solere.
1903 4911 2035 4964 hora

451 5008 593 5046 nona
613 5033 628 5058 ,
663 5001 720 5044 ut
747 4981 834 5043 hic
877 4981 1143 5058 habetur,
1173 4985 1224 5058 id
1256 4996 1338 5038 est
1366 4981 1595 5058 ,ξεί-Λυδ-
1626 4981 1989 5058 pomeridiaua
2018 5022 2032 5045 ,

450 5031 628 5126 6253278
873 5031 1074 5134 huciqr
1126 5031 1305 5134 hujus
1325 5031 1773 5134 collationiscap.
1807 5053 1930 5134 u_lt.,
1983 5031 2040 5107 ei

450 5123 640 5187 rursus
665 5131 956 5186 collatione
985 5128 1051 5181 21
1091 5142 1208 5194 cap.
1238 5126 1328 5188 25,
1362 5124 1457 5194 ubi
1507 5125 1656 5192 plura
1707 5125 1774 5177 de
1826 5123 1933 5194 hac
1977 5138 2036 5194 re

449 5202 786 5259 nOtabimus.
819 5199 1072 5269 Idemque
1099 5193 1383 5269 confirmat
1419 5193 1788 5269 Tertt‘tlliantts
1822 5193 1914 5247 Ii‘b.
1968 5193 2036 5247 de

456 5257 661 5342 jeiunio
698 5289 820 5342 cap.
875 5272 962 5342 10,
987 5257 1000 5269 ’
1037 5257 1270 5342 βθξὶιὶυε
1310 5263 1854 5342 adati‘tpltilocl‘dum
1908 5279 2029 5342 Cap.

486 5344 541 5408 5,
578 5334 910 5414 Epiphanius
950 5339 1002 5394 in
1029 5335 1283 5414 lipitome
1314 5335 1449 5414 _lidei
1473 5378 1486 5400 ,
1530 5334 2034 5414 Hieronymus-epi-

447 5406 579 5470 stol.
611 5406 694 5468 ‘2“!
711 5414 777 5467 ad
827 5409 1199 5471 Eustochium,
1233 5416 1286 5480 et
1314 5406 1422 5480 Leo
1451 5420 1585 5473 para
1611 5407 1823 5480 epistol.
1858 5406 2034 5480 65,_et

450 5485 547 5540 am
579 5481 786 5540 Pulres_
817 5483 1007 5536 Fuisse
1036 5479 1216 5534 tamen
1246 5477 1382 5542 πρωί
1415 5490 1632 5530 veteres
1669 5477 1884 5544 aliquod
1916 5476 2030 5529 dis-

451 5557 662 5610 crimen
693 5555 832 5609 inter
863 5554 1145 5606 stationem
1173 5590 1187 5613 ,
1219 5549 1446 5616 vigiliam
1467 5554 1521 5600 et
1551 5546 1814 5614 jejunium
1843 5590 1857 5612 ,
1903 5563 2031 5614 pro-

450 5624 890 5698 prie_loq_ueu_do,
922 5621 1080 5698 docet
1102 5615 1309 5698 erudite
1338 5615 1834 5698 carditt.Aifellart_n.
1869 5617 1961 5698 lib.
1995 5631 2034 5670 ll

455 5685 526 5750 de
573 5685 734 5748 Bonis
771 5685 1034 5762 Oper-ibus
1056 5689 1119 5762 in
1155 5694 1354 5762 partio.
1391 5704 1512 5762 cap.
1536 5685 1655 5762 2:1.
1697 5687 1826 5762 Vide
1871 5691 2032 5762 etiam

455 5765 759 5823 Parnelium
789 5757 858 5819 ad
885 5757 1277 5818 Tertullianum
1302 5757 1396 5814 lib.
1419 5760 1487 5814 de
1507 5757 1764 5814 Oratione
1801 5758 2038 5828 'cap.ult.

2062 4813 2113 4874 υ

2228 3437 2247 3464 ο
2280 3426 2332 3478 ld
2362 3425 2836 3493 est,humanitatis
2861 3433 2912 3480 et
2945 3424 3326 3494 hospitalitatis
3347 3424 3549 3480 officia.
3579 3426 3748 3483 Vides

2152 3495 2580 3563 hOSpitalitatem
2612 3497 2804 3566 priscis
2832 3498 2993 3551 etiam
3025 3496 3306 3566 monachis
3337 3500 3594 3552 usitatam
3623 3516 3636 3561 ;
3678 3499 3749 3553 de

2146 3569 2246 3639 'qua
2282 3568 2464 3623 itidem
2497 3564 2785 3639 Cassianus
2828 3567 2920 3639 lib.
2958 3583 2989 3620 v
3022 3564 3256 3622 lnstitut.
3289 3582 3408 3637 cap.
3458 3567 3530 3622 25
3562 3579 3621 3624 et
3652 3583 3742 3624 se-

2145 3637 2457 3709 quentibus.
2488 3639 2552 3692 Et
2571 3639 2680 3692 div.
2709 3637 3030 3709 Benedictus
3051 3652 3170 3706 cap.
3197 3640 3286 3705 53,
3309 3639 3399 3694 ubi
3430 3641 3606 3694 etiam
3641 3646 3746 3694 hu-

2146 3706 2462 3771 manitatem
2487 3719 2644 3764 vocat
2675 3725 2690 3762 :
2727 3706 2928 3772 Omnis,
2959 3710 3131 3777 inquit
3151 3751 3164 3772 ,
3191 3710 3263 3763 eis
3298 3711 3607 3764 exhibentur
3635 3713 3745 3764 hu-

2145 3779 2466 3835 ‘ma‘nitas.D.
2494 3779 2854 3850 Hieronymus
2877 3779 2930 3832 in
2959 3779 3206 3848 apologia
3233 3791 3416 3835 contra
3473 3779 3744 3836 Rufinum

2143 3850 2258 3922 (lib.
2285 3867 2341 3905 ill
2371 3869 2489 3918 cap.
2514 3852 2569 3919 5)
2603 3870 2614 3904 :
2644 3849 2807 3904 Nabis
2827 3850 2882 3903 in
2908 3851 3221 3904 monasterio
3235 3851 3566 3921 hospitalitas
3601 3854 3751 3906 cordi

2143 3933 2238 3984 est,
2271 3939 2546 3992 omnesque
2570 3925 2638 3976 ad
2661 3938 2750 3974 nos
2772 3922 3033 3992 venientes_
3046 3924 3172 3992 lazta
3196 3924 3531 3992 humanitatis
3565 3925 3745 3988 fronte

2141 3989 2474 4056 suscipimus.
2498 3989 2748 4046 Veremur
2767 3992 2903 4044 enim
2921 4008 2983 4045 ne
3007 3990 3178 4044 Maria
3198 4009 3314 4046 cum
3335 3990 3538 4059 Ioseph
3571 3993 3752 4047 locum

2142 4079 2244 4116 non
2274 4065 2497 4118 inveniat
2525 4064 2579 4116 in
2608 4063 2909 4127 diversorio,
2944 4079 3006 4114 ne
3035 4064 3181 4115 nobis
3201 4062 3356 4117 Jesus
3387 4066 3528 4118 dicat
3563 4069 3751 4118 exclu-

2142 4141 2227 4204 sus
2260 4151 2278 4188 :
2312 4133 2514 4194 Hospes
2534 4148 2711 4204 eram,
2752 4143 2798 4184 et
2838 4149 2940 4186 non
2978 4135 3272 4204 suscepistis
3313 4150 3392 4186 me
3409 4135 3448 4204 ί(
3473 4133 3644 4188 Luca:
3670 4151 3747 4196 rt;

2142 4202 2328 4257 Matth.
2344 4204 2494 4274 xxv).
2516 4203 2668 4260 Solos
2691 4203 2951 4256 hwrcticos
2969 4219 3070 4256 non
3085 4202 3379 4273 recipimus.
3396 4202 3634 4268 Pronosi
3641 4217 3753 4258 tum

2138 4276 2330 4346 quippe
2359 4277 2501 4329 nobis
2532 4287 2603 4329 est
2632 4274 2784 4344 pedes
2811 4275 2983 4329 lavare
3017 4275 3357 4342 venientium,
3409 4291 3513 4328 non
3547 4279 3751 4330 merita

2142 4347 2417 4400 discutere.

2212 4413 2239 4452 ά
2283 4417 2380 4472 Hic
2408 4431 2593 4471 rursus
2625 4415 2933 4470 humanitas
2968 4423 3065 4483 pro
3099 4414 3488 4484 hospitalitate.
3524 4415 3752 4472 Adora-

2140 4486 2342 4554 tionem
2387 4498 2566 4542 autem
2620 4487 2861 4555 intellige
2894 4485 3168 4554 honorem
3219 4488 3747 4553 Supervenientibus

2138 4555 2398 4613 fratribus
2423 4560 2536 4612 sive
2559 4557 2861 4625 hospitibus
2878 4555 3265 4610 exhibendum.
3295 4556 3370 4610 De
3394 4571 3503 4622 quo
3533 4558 3606 4612 D.
3644 4558 3749 4612 Be-

2138 4630 2382 4700 nedictus
2412 4632 2483 4682 ita
2514 4629 2702 4682 statuit
2742 4627 2890 4696 (cap.
3038 4626 3194 4700 Reg.)
3220 4643 3234 4681 :
3269 4627 3457 4700 Omnes
3485 4645 3752 4700 superve-

2137 4701 2325 4754 niente.»-
2348 4699 2605 4767 haspites,
2636 4708 2895 4770 tamquam
2925 4697 3157 4752 Christus
3186 4697 3582 4766 suscipiantur,
3613 4702 3748 4770 quia

2137 4772 2246 4840 ipse
2274 4771 2508 4822 dicturus
2539 4765 2653 4840 est:
2685 4765 2889 4840 Hospes
2921 4769 3058 4840 fui,
3094 4779 3139 4821 et
3179 4765 3475 4840 suscepistis
3509 4765 3638 4828 me.-
3678 4771 3747 4824 Et

2141 4835 2375 4894 dantibus
2425 4835 2680 4908 congruus
2711 4837 2881 4892 honor
2921 4835 3255 4908 exhibentur,
3306 4835 3532 4894 maxime
3568 4854 3754 4894 tamen

2140 4910 2434 4964 domesticis
2467 4907 2586 4974 ﬁdei
2613 4921 2657 4964 et
2687 4910 2985 4981 peregrinis.
3021 4907 3090 4964 Ut
3115 4923 3235 4981 ergo
3267 4913 3543 4981 nuntiatus
3581 4915 3755 4979 fuerit

2141 4981 2355 5050 hospes,
2388 4991 2688 5034 occurratur
2729 4981 2775 5032 ei
2821 4997 2855 5034 a
2896 4979 3100 5050 priore,
3133 4979 3212 5033 uel
3253 4997 3284 5032 a
3312 4980 3574 5046 fratribus
3628 4997 3756 5035 cum

2139 5055 2277 5122 omni
2305 5051 2480 5122 ofﬁcio
2510 5050 2873 5122 charitatis,_et
2893 5050 3130 5119 primitus
3160 5059 3304 5104 orent
3331 5053 3554 5120 pariter.
3596 5065 3650 5106 et
3677 5055 3754 5106 sic

2138 5121 2233 5177 sibi
2264 5119 2520 5176 sociemur
2552 5123 2602 5175 in
2630 5136 2775 5190 pace.
2802 5119 2868 5190 In
2896 5123 3010 5190 ipsa
3032 5129 3200 5173 autem
3222 5119 3540 5175 salutatione
3570 5125 3752 5174 omnis

2138 5194 2434 5247 ealribeatur
2464 5189 2750 5246 humilitas.
2788 5189 3033 5244 Omnibus
3073 5191 3389 5246 venientibus
3419 5194 3525 5246 sive
3562 5197 3753 5248 disce-

2140 5264 2376 5319 dentibus
2428 5263 2712 5334 hospitibus
2737 5303 2752 5324 ,
2804 5262 3317 5334 inclinato‘capitet
3349 5263 3425 5315 uel
3462 5273 3756 5331 prostrato

2139 5338 2277 5388 omni
2303 5329 2593 5408 corporei"
2621 5344 2791 5408 terra,
2806 5330 3072 5408 Christui
3068 5329 3120 5384 in
3147 5329 3220 5387 eis
3248 5329 3538 5408 adoretur,
3575 5337 3676 5403 qui
3703 5344 3754 5388 et

2135 5400 2432 5477 suscipitur.
2470 5407 2592 5459 llmc
2612 5403 2697 5477 ibi
2722 5401 2882 5474 (Vide
2916 5401 2991 5477 ibi
3016 5401 3351 5477 Iurrgcrcm.
3384 5413 3433 5458 et
3463 5400 3754 5477 smarag-

2136 5471 2339 5536 dumiet
2361 5475 2573 5530 Petrum
2597 5471 2990 5546 Cluniac.‘epist.
3012 5471 3081 5527 28
3103 5489 3150 5525 c.
3173 5473 3228 5539 3,
3248 5473 3346 5527 ρει.
3362 5479 3443 5527 ενι.
3459 5473 3630 5545 epist.
3664 5471 3752 5546 6).

2137 5547 2307 5614 Hujus
2341 5563 2501 5614 porro
2525 5544 2862 5601 adorationis
2907 5554 2961 5598 et
2991 5546 3210 5598 honoris
3236 5544 3551 5614 hospitibus
3569 5544 3756 5610 exhi-

2137 5613 2298 5672 bendi
2331 5613 2638 5687 exemplum
2676 5617 2957 5684 praebuere
2984 5617 3178 5687 summi
3200 5613 3529 5687 patriarchae
3555 5613 3753 5671 Abra-

2138 5687 2260 5742 ham
2288 5700 2341 5741 et
2366 5688 2466 5742 l.ot
2494 5686 2626 5763 ,_qui
2661 5688 2900 5763 hospites
2939 5686 3199 5740 adorasse
3243 5686 3488 5763 leguntur
3537 5687 3758 5763 proni,

2139 5767 2196 5814 et
2226 5763 2481 5828 prOstrati
2512 5753 2569 5815 in
2600 5753 2804 5815 terrain
2832 5753 3043 5830 (Cenes.
3076 5767 3173 5814 vm
3200 5765 3250 5813 α
3272 5756 3381 5829 ιι).
