3966 6326
291 272 389 332 557

1007 269 1358 329 εοιιΑτιο
1391 267 1474 332 ξιι.
1501 297 1574 313 -
1601 267 1690 324 DE
1730 264 1918 323 TRIBI

2013 262 2802 322 ABRENUNTIATIONIBIIS.

287 406 422 449 mus.
455 389 514 448 Si
544 405 677 446 vero
723 393 904 445 nullus
969 389 1243 457 evenerit,
1285 387 1426 442 hfi‘hc
1466 401 1678 457 quoque
1717 385 1867 440 velut
1891 387 1944 447 Α
1970 384 2072 438 bus
2116 397 2214 437 nos
2258 391 2447 438 beatus
2484 380 2666 439 Musas
2711 382 2941 454 geminat
2984 383 3341 442 institutionis
3373 387 3548 457 epulis

288 485 354 540 de
373 485 638 540 canonico
655 483 816 538 modo
827 483 1065 538 debitum
1091 481 1243 537 nobis
1263 480 1434 536 libere
1448 490 1865 550 prtesumemus;

285 592 390 650 qua
431 576 697 648 parcitate
728 589 826 630 nec
854 573 1164 630 stomachus
1187 587 1419 643 vespere
1456 571 1653 642 poterit
1680 584 1869 639 aggra-

282 671 426 736 vari,
451 671 654 741 quippe
686 670 816 724 hora
849 683 988 724 nona
1020 683 1128 723 uno
1154 665 1460 738 paximacio
1483 665 1596 736 jam
1625 664 1867 735 praemis-

171 822 184 833 .
283 778 376 828 so,
428 763 571 832 quod
604 763 921 832 plerumque
948 759 1032 816 his
1057 761 1144 831 qui
1177 759 1562 815 districtiorem
1594 757 1870 811 abstinen-

284 857 413 911 tiam
435 871 494 910 se
523 865 717 911 tenere
741 853 1029 910 credentes
1048 896 1063 920 ,
1093 861 1258 907 totam
1303 851 1651 906 refectionem
1676 848 1744 902 ad
1772 863 1867 902 ve-

284 961 499 1017 speram
544 945 849 1010 differunt,
899 943 1122 1000 evenire
1154 941 1462 998 consuevit.
1503 940 1634 996 Nam
1682 953 1873 995 recens

286 1056 426 1096 escae
451 1039 738 1110 perceptio
760 1049 864 1093 tam
895 1039 947 1091 in
975 1037 1302 1108 vespertinis
1328 1051 1488 1106 quam
1513 1035 1565 1088 in
1596 1032 1873 1090 nocturnis

286 1131 631 1186 orationibus
648 1142 863 1186 tenuem
887 1129 1171 1198 levemque
1193 1142 1413 1183 sensum
1442 1141 1548 1180 non
1575 1124 1706 1180 sinit
1725 1125 1873 1179 inve-

287 1223 415 1280 niri.
443 1222 682 1293 Ideoque
710 1220 1052 1277 commodum
1081 1221 1243 1288 satis,
1277 1229 1332 1275 et
1357 1219 1491 1274 utile
1519 1226 1544 1254 ει
1572 1217 1702 1291 hora
1731 1229 1878 1272 nona

286 1316 602 1372 retectionis
653 1326 864 1384 tempus
914 1313 1184 1369 indultum
1229 1324 1346 1376 est,
1397 1312 1450 1367 in
1483 1325 1589 1382 quo
1623 1309 1874 1365 reficiens

285 1411 592 1465 monachus
639 1424 745 1464 non
773 1408 948 1462 solum
979 1406 1033 1462 in
1065 1407 1344 1463 nocturnis
1381 1404 1584 1475 vigiliis
1631 1403 1765 1459 levis
1809 1417 1874 1459 ac

284 1517 490 1568 vacuus
513 1544 528 1566 ,
559 1517 746 1557 verum
785 1501 946 1556 etiam
980 1503 1032 1554 in
1077 1500 1209 1569 ipsis
1255 1497 1583 1569 vespertinis
1613 1495 1870 1553 solemni-

287 1597 487 1652 tatibus
517 1595 733 1666 digesto
753 1595 864 1665 jam
892 1594 1014 1649 cibo
1036 1592 1308 1648 invenitur
1337 1590 1666 1661 aptissimus.
1718 1588 1865 1643 Tali-

1968 476 2262 547 saginavit;
2289 491 2395 530 non
2420 476 2592 531 solum
2621 476 2968 532 discretionis.
2991 478 3219 547 gratiam
3250 487 3410 550 atque
3437 479 3552 533 vir-

1968 579 2138 626 tutem
2195 571 2451 640 praesenti
2493 571 2795 626 eruditione
2853 572 3186 640 verborum,
3254 573 3350 629 sed
3389 575 3554 629 etiam

1969 662 2381 719 abrenuntiandi
2411 663 2676 719 rationem
2703 674 2758 720 et
2779 663 3234 731 destinationem,
3281 666 3556 738 ﬁnemque

1971 755 2236 825 propositi
2252 764 2500 810 anteacta
2520 756 2885 826 disputatione
2914 755 3318 828 demonstrans,
3340 759 3556 830 utquod

1971 859 2128 905 antea
2158 844 2374 903 fervore
2404 856 2616 904 tantum
2660 850 2882 918 spiritus
2935 865 2998 906 ac
3043 851 3162 906 zelo
3212 831 3306 907 Dei
3357 853 3559 907 clausis

1971 942 2368 1014 quodammodo
2399 943 2570 998 oculis
2598 944 2970 1013 sectabamur,
3001 945 3123 1001 luce
3151 946 3349 1002 clarius
3385 949 3562 1014 aperi-

1972 1044 2087 1102 ret;
2126 1035 2436 1102 faceretque
2459 1035 2664 1090 sentire
2692 1046 2952 1107 quantum
2981 1053 3011 1092 a
3043 1039 3277 1106 puritate
3303 1040 3483 1094 cordis
3506 1048 3564 1095 et

1976 1127 2322 1182 discretionis
2346 1128 2486 1181 linea
2516 1127 2806 1184 fuissemus
2835 1144 2933 1199 per
2959 1129 3010 1184 id
3043 1131 3300 1201 temporis
3329 1131 3558 1202 evagati,

1973 1222 2173 1291 quippe
2203 1237 2324 1276 cum
2369 1222 2530 1277 etiam
2557 1222 2797 1277 omnium
2831 1223 3116 1279 visibilium
3149 1226 3200 1279 in
3231 1223 3336 1280 hoc
3363 1227 3564 1280 saeculo

1977 1314 2173 1368 artium
2219 1313 2499 1384 disciplina
2535 1313 2739 1381 absque
2769 1314 3151 1371 destinationis
3180 1316 3390 1371 ratione
3427 1316 3560 1372 sub-

1975 1407 2200 1471 sistere,
2243 1423 2306 1462 ac
2358 1407 2477 1462 sine
2518 1407 2978 1479 contemplatione
3017 1407 3152 1464 certi
3193 1407 3314 1464 linis
3368 1408 3564 1480 attingi

1971 1500 2194 1556 omnino
2221 1514 2330 1554 non
2365 1497 2557 1568 possit.

1359 1702 1612 1758 ALARDI
1653 1701 1889 1759 GAZA‘JI
1925 1702 2296 1760 COMMENTA
2309 1703 2482 1762 RlUS.

362 1812 387 1839 ι
420 1801 693 1871 .Iejunium
726 1801 858 1857 olim
887 1803 940 1856 in

292 1869 499 1944 peram,
534 1875 658 1926 aliis
687 1888 816 1928 vero
847 1871 1177 1944 temporibus
1204 1870 1493 1944 adhoram
1525 1882 1741 1944 nonam,
1775 1869 1877 1922 hoc

292 1939 401 2010 est,
435 1945 651 1999 tertiam
685 1939 1134 2012 pomeridianatn,
1159 1939 1298 2012 solvi
1331 1939 1510 1993 stilere
1536 1939 1664 1992 alibi
1693 1947 1880 1992 Osten-

290 2017 468 2070 dimus
501 2015 617 2084 (lib.
642 2011 886 2068 v’Instit.
915 2029 1031 2083 cap.
1056 2014 1180 2084 24).
1200 2011 1399 2084 Quare
1432 2013 1637 2084 mirum
1666 2018 1882 2084 nonest

293 2088 341 2140 si
373 2081 626 2140 monachi
662 2086 761 2150 illi,
793 2085 884 2154 qui
916 2081 1158 2154 quotidie
1186 2083 1451 2154 (exceptis
1492 2081 1783 2154 dominicis
1822 2090 1882 2136 et

292 2158 556 2224 sabbatis,
586 2165 640 2210 et
672 2157 728 2210 in
755 2152 989 2210 advenio
1020 2153 1318 2222 lt03pitum)
1343 2152 1684 2222 jejunabant,
1719 2154 1879 2224 unica

291 2227 592 2282 relecuone
618 2227 883 2291 contenti,
926 2240 1043 2279 eam
1080 2223 1207 2278 hora
1237 2239 1402 2287 nona,
1436 2239 1502 2275 ex
1534 2239 1684 2276 more
1714 2233 1767 2276 et
1799 2223 1881 2276 iu-

293 2300 486 2353 stituto
525 2298 819 2368 majorum,
867 2305 1170 2368 sumerent;
1223 2309 1380 2363 quam
1431 2294 1878 2368 consuetudinem

293 2370 459 2423 etiam
491 2384 586 2422 sua
612 2363 788 2422 'aztate
832 2367 1154 2438 perdurasse
1187 2363 1541 2438 testantur:
1578 2365 1882 2438 [lernardus

293 2449 353 2494 et
378 2439 614 2493 Thomas
647 2433 890 2509 Aquinas
917 2436 1200 2509 (Bern/1rd.
1248 2453 1400 2509 smn.
1431 2433 1552 2509 fide
1581 2434 1883 2509 Quadrage-
1921 2442 1926 2446 ’

292 2513 464 2575 sima;
498 2510 559 2564 S.
594 2505 780 2563 Thom.
813 2505 935 2570 2-2,
961 2526 1012 2578 ᾳ.
1053 2507 1173 2566 H6.
1205 2517 1302 2560 art.
1338 2506 1426 2577 8).
1460 2505 1759 2578 Indultutng
1788 2505 1883 2560 au-

295 2591 406 2634 tem
438 2583 570 2635 dicit
601 2583 703 2635 hoc
735 2576 1044 2634 refectionis
1074 2585 1301 2648 tempus,
1337 2577 1488 2647 quasi
1530 2593 1596 2631 ex
1627 2576 1795 2648 gratia
1828 2584 1884 2648 et

295 2651 637 2719 indulgentia
664 2652 892 2721 quadam
924 2665 1002 2704 eis
1032 2645 1390 2721 concessum,
1445 2662 1510 2702 eo
1545 2647 1696 2721 quod
1725 2645 1882 2721 primi

295 2717 552 2776 monachi
578 2723 644 2776 ad
671 2717 959 2788 vesperam
987 2735 1156 2790 usque
1174 2719 1512 2788 jejunareut.
1539 2717 1628 2772 Sic
1653 2721 1795 2771 enim
1816 2719 1882 2771 de

298 2806 496 2846 ascctts
553 2795 660 2846 illis
704 2792 1083 2847 Alexandrinis
1128 2808 1153 2842 a
1213 2791 1272 2845 Β.
1321 2790 1520 2859 Marco,
1549 2790 1882 2859 evangelista

298 2865 564 2918 institutis
592 2861 783 2917 scribit
809 2879 875 2916 ex
912 2863 1138 2916 Philone
1173 2861 1433 2915 Eusebius
1464 2857 1563 2913 lib.
1605 2875 1642 2913 ιι
1675 2857 1880 2913 IIiSIor.

296 2949 421 3002 cap.
461 2935 555 2989 lli:
578 2934 761 2988 Cibum
786 2944 874 2986 aut
900 2935 1158 3004 potionem
1183 2941 1301 2985 ante
1323 2931 1448 3004 solis
1471 2945 1707 3004 occasum
1737 2947 1883 2983 nemo

297 3007 510 3058 illorum
531 3009 689 3074 capit.
719 3003 922 3072 Quippe
953 3003 1142 3056 divine
1162 3003 1424 3073 sapientia:
1439 3003 1688 3065 studium,
1711 3018 1811 3070 quo
1833 3019 1886 3055 se

297 3078 588 3142 involvunt,
642 3076 809 3129 lucem
853 3075 1132 3145 promereri
1157 3076 1431 3141 iudicant;
1459 3074 1688 3142 corporis
1717 3083 1886 3145 autem

298 3149 627 3202 necessitates
655 3142 888 3201 tenebras
914 3145 1080 3199 solum
1099 3147 1280 3197 inerito
1307 3145 1402 3197 sibi
1427 3145 1708 3197 vindicare.
1735 3142 1885 3197 Unde

296 3195 641 3286 stays-ags.
655 3195 1323 3284 Instantis;sua...
1339 3195 1582 3287 sagum
1609 3195 1889 3283 quantum
1917 3195 1963 3258 C

971 1799 1393 1869 Quadragesima
1424 1813 1531 1852 non
1581 1806 1709 1852 ante
1752 1811 1874 1854 ves-
1905 1803 1953 1862 Β
1979 1799 2142 1852 noctis
2168 1798 2474 1868 particulam
2503 1800 2555 1853 la

2561 1799 2824 1923 Tantm.
2856 1797 2916 1854 S.
2947 1800 3078 1855 item
3109 1800 3398 1867 Antonius,
3429 1811 3568 1860 teste

2603 1874 2648 1923 ie
2678 1881 2792 1923 post
2815 1871 2943 1923 solis
2961 1887 3200 1923 occasum
3220 1872 3418 1923 edebat.
3441 1891 3568 1923 non-

1982 1870 2537 1942 Athanasio.semelin
2565 1870 2648 1923 die
2677 1881 2792 1942 post
2815 1871 2943 1925 solis
2961 1887 3200 1924 occasum
3220 1872 3418 1936 edebat,
3441 1891 3570 1926 non-

1982 1957 2263 2014 numquam
2290 1941 2457 2014 biduo
2475 1941 2748 2014 triduoque
2788 1943 2861 2014 sic
2889 1958 3194 2014 permanens
3217 1989 3229 2010 ,
3261 1954 3444 2014 quarta
3475 1944 3568 2000 de-

1983 2021 2124 2064 mum
2155 2013 2237 2064 die
2262 2011 2605 2078 reﬁciebatur.
2641 2011 2785 2067 Idem
2817 2011 2897 2065 de
2918 2012 3200 2069 Hilarione
3231 2011 3393 2068 tradit
3441 2015 3567 2072 Hie-

1981 2097 2246 2152 ronymus
2272 2124 2284 2145 ,
2341 2085 2434 2152 qui
2476 2092 2530 2135 et
2554 2083 2622 2136 ad
2662 2084 2943 2137 Paulinum
2977 2087 3222 2138 scribens
3266 2086 3410 2143 inter
3436 2089 3572 2143 alias

1983 2151 2234 2227 monachi
2278 2151 2644 2227 institutiones
2678 2153 2805 2227 :_Sit
2842 2153 2990 2227 vilis,
3044 2155 3254 2227 inquit,
3279 2168 3330 2220 et
3371 2176 3572 2227 resper-

1983 2225 2120 2296 tinus
2143 2215 2291 2296 gibus
2324 2223 2522 2296 (Epist.
2557 2225 2673 2296 I5).
2712 2224 2881 2278 Porro
2919 2215 2996 2296 Di
3034 2215 3360 2296 Benedictus
3401 2215 3575 2284 iu'his

1985 2294 2084 2349 SS.
2143 2292 2364 2348 Patrum
2409 2305 2465 2350 et
2510 2292 2749 2349 veterum
2787 2293 3178 2350 monachorum
3231 2299 3476 2352 moribus
3519 2311 3576 2354 et

1984 2365 2244 2418 inatitutis
2269 2366 2466 2436 eximie
2485 2374 2754 2426 versatus,
2781 2368 2970 2434 eisque
2993 2377 3256 2436 perpetuo
3277 2369 3568 2433 inhzerens,

1984 2439 2175 2509 statuit
2209 2436 2350 2509 (cap.
2384 2435 2479 2506 M)
2512 2447 2565 2488 ut
2595 2437 2648 2509 in
2673 2436 2852 2509 diebus
2873 2438 3067 2508 jejunii
3095 2435 3240 2509 eastra
3267 2439 3572 2509 Quadi-age-

1982 2507 2186 2578 simam,
2220 2507 2345 2560 liora
2372 2524 2509 2560 nona
2538 2507 2771 2575 reﬁciant
2808 2507 3022 2576 fratres;
3052 2507 3170 2578 aliis
3199 2507 3317 2574 vero
3352 2507 3531 2564 diebus
3553 2555 3567 2578 ,

1983 2576 2055 2652 ad
2074 2588 2270 2630 sextam
2303 2577 2612 2652 prenderint.
2635 2578 2708 2630 Ab
2735 2578 2904 2652 idibus
2927 2594 3046 2631 vero
3073 2577 3386 2651 Septembris
3416 2576 3576 2652 usque

1985 2648 2058 2722 ad
2098 2657 2250 2722 caput
2292 2647 2714 2722 Quadragesirnte
2751 2649 2828 2722 ad
2865 2665 3060 2722 nonam
3087 2647 3288 2722 semper
3313 2647 3569 2720 reﬁciant.

1983 2717 2065 2774 Ex
2093 2719 2290 2789 quibus
2321 2717 2520 2774 verbis
2551 2720 2757 2786 Colligit
2797 2719 3128 2789 Sutaragdus
3173 2717 3342 2778 abbas
3372 2717 3573 2777 secun-

1987 2789 2113 2861 dum
2135 2788 2396 2857 Regulam
2414 2791 2654 2860 quotidie
2676 2788 3027 2861 jejnnandutn
3054 2791 3123 2846 ab
3145 2793 3319 2847 idibus
3333 2793 3577 2861 Septem-

1986 2860 2123 2922 bris,
2155 2861 2205 2913 id
2235 2861 2336 2926 e'st,
2377 2859 2716 2915 Exaltatione
2745 2859 2802 2916 S.
2829 2859 3017 2916 Crucis
3045 2878 3216 2932 usque
3246 2863 3310 2916 ad
3336 2859 3578 2932 Quadra-

1986 2931 2270 3000 gesimani,
2303 2933 2374 2984 ita
2407 2943 2584 2985 tamen
2617 2941 2679 2985 ut
2711 2933 2810 2984 hoc
2836 2933 3102 3001 jejunium
3130 2931 3269 2988 hora
3303 2951 3441 2990 nona
3471 2937 3580 2990 sol-

1986 3014 2178 3075 vatur;
2212 3002 2264 3054 in
2295 3003 2721 3075 Quadragesima
2749 3018 2881 3057 vero
2905 3021 3008 3058 non
3041 3004 3142 3059 nisi
3177 3006 3244 3058 ad
3268 3021 3574 3075 vesperam.

1987 3069 2144 3127 Unde
2176 3081 2320 3149 patet
2354 3081 2610 3149 quantum
2642 3074 2810 3149 etiam
2842 3075 2942 3128 hac
2971 3078 3023 3149 in
3057 3087 3206 3149 parte
3248 3077 3317 3131 de
3359 3069 3578 3149 antiqua

1992 3145 2308 3201 austeritate
2334 3151 2390 3200 et
2419 3145 2654 3215 regulari
2685 3147 3032 3202 observantia
3063 3148 3135 3203 sit
3163 3149 3490 3204 relaxatum.

1114 3406 1682 3572 'COLLA
1701 3463 1964 3569 TIO
2058 3462 2363 3570 TER
2387 3465 2714 3585 TIA,

1469 3649 1626 3722 Quin
1659 3650 1757 3708 est
1789 3645 2040 3708 abbatis
2074 3624 2473 3725 Paphnulii.‘

1389 3797 1472 3850 DF.
1505 3795 1735 3848 TRIBUS
1769 3789 2496 3845 ABRI‘ZNUNTIATIONIBUS.

1750 3925 1788 3940 ν,

815 4039 1040 4098 CAPUT
1078 4036 1366 4094 PRIMUM.

384 4137 442 4192 In
470 4135 562 4191 illo
593 4133 764 4190 choro
802 4144 1116 4188 sanctorum
1143 4176 1158 4201 ,
1211 4130 1300 4200 qui
1323 4128 1473 4184 velut
1501 4135 1642 4182 astra
1674 4124 1897 4196 purissi-

305 4245 442 4293 ma,
497 4231 546 4282 in
604 4237 761 4282 nocte
816 4226 1002 4281 mundi
1041 4225 1198 4280 istius
1245 4222 1614 4291 refulgebant,
1669 4221 1896 4274 vidimus

303 4330 561 4376 sanctum
578 4331 602 4357 ³
625 4319 986 4390 Paphnutium
1003 4318 1129 4372 vice
1143 4315 1424 4372 luminaris
1446 4315 1624 4385 magni
1649 4314 1898 4369 claritate

306 4414 557 4470 scientia:
586 4419 993 4468 coruscantem.

391 4504 490 4560 llic
521 4519 748 4574 namque
781 4503 1066 4573 presbvter
1104 4500 1534 4573 congregationis
1565 4509 1763 4553 nostrae
1784 4539 1800 4562 ,
1845 4498 1896 4552 id

2004 4039 2117 4098 est,
2152 4030 2297 4085 illius
2333 4043 2454 4098 quae
2483 4028 2538 4083 in
2572 4035 2758 4083 eremo
2785 4026 2932 4100 Scyti
2961 4031 3313 4101 morabatur,
3342 4033 3441 4091 fuit
3464 4077 3480 4104 ,
3532 4038 3588 4096 in

2002 4137 2107 4194 qua
2148 4124 2219 4178 ita
2267 4137 2448 4197 usque»
2496 4123 2563 4176 ad
2617 4131 2915 4176 extremam
2969 4123 3189 4179 duravit
3231 4133 3478 4197 aetatem,
3530 4143 3590 4188 ut

2005 4231 2298 4286 numquam
2348 4229 2379 4270 e
2427 4195 2562 4269 cella
2603 4230 2763 4283 quam
2810 4215 2997 4284 junior
3026 4228 3266 4287 coeperat
3307 4195 3584 4292 habitare,

2005 4326 2231 4382 qumque
2258 4311 2324 4366 ab
2351 4308 2576 4364 ecclesia
2601 4307 2836 4366 millibus
2864 4314 3100 4383 quinque
3126 4311 3376 4384 distabat,
3399 4320 3590 4376 saltem

2007 4405 2074 4459 ad
2103 4405 2362 4460 viciniora
2405 4404 2718 4471 migraverit
2758 4419 2773 4456 :
2807 4421 2910 4460 nec
2938 4408 3107 4463 fessus
3151 4412 3306 4464 annis
3341 4412 3471 4465 tanti
3499 4413 3590 4466 iti-

2008 4498 2154 4553 neris
2184 4497 2357 4566 spatio
2384 4495 2411 4534 δ
2441 4497 2528 4550 die
2573 4496 2782 4551 sabbati
2805 4497 2892 4552 vel
2913 4497 3197 4556 Dominico
3226 4513 3485 4558 venturus
3521 4503 3591 4560 ad

1386 4611 1636 4666 ALARDI
1677 4610 1908 4664 GAZeEl
1949 4607 2518 4664 COMMENTARIUS.

394 4707 416 4750 ὁ
437 4711 699 4778 Quamvis
748 4709 902 4763 Dom.
935 4707 1206 4778 Cuycbius
1227 4707 1278 4761 in
1307 4704 1449 4760 notis
1477 4703 1541 4758 ad
1573 4703 1711 4778 banc
1739 4703 1904 4756 colla-
1936 4706 1988 4764 D
2013 4713 2069 4778 et
2093 4702 2179 4755 alii
2215 4703 2282 4754 ita
2318 4703 2678 4778 meminerunt
2706 4742 2720 4766 ,
2779 4710 2856 4778 u_t__
2885 4701 3036 4778 illum
3077 4706 3238 4760 etiam
3279 4709 3590 4770 interfuisse

315 4776 522 4837 tionem
577 4781 889 4840 contendat,
951 4776 1031 4834 exi
1066 4778 1445 4844 manuscriptis
1508 4776 1806 4835 ciidicihus,
1850 4783 1904 4828 et

320 4854 587 4924 Dionysio
644 4852 724 4924 eis
775 4851 1163 4924 sullragante,
1211 4850 1497 4924 legendum
1529 4862 1650 4901 esse
1713 4845 1908 4924 Pafiiu-

317 4917 487 4987 filim,
512 4939 618 4976 non
651 4923 1016 4990 Paphnutiun,
1051 4929 1108 4974 ut
1153 4921 1205 4973 in
1237 4919 1558 4989 quibusdam
1587 4917 1804 4990 esensis
1831 4917 1910 4970 le-

317 4997 503 5064 gitur;
534 5005 713 5048 tamen
733 4988 992 5047 Ciaconio
1022 4992 1199 5064 potius
1223 4988 1513 5053 assentior,
1540 4988 1658 5056 qui,
1695 5001 1804 5042 tum
1841 5002 1906 5042 ex
1943 5041 1947 5058 λ

322 5062 598 5119 Vaticanis
626 5064 1062 5133 exemplaribus,
1109 5062 1301 5127 quibus
1343 5075 1478 5114 usus
1523 5068 1638 5133 est»,
1665 5069 1802 5133 _t_utu
1834 5072 1905 5133 ex

320 5137 629 5192 Snzomeno
670 5145 726 5190 et
779 5128 1014 5188 Palladio
1065 5133 1302 5204 (quibus
1333 5142 1387 5204 et
1435 5131 1620 5204 czete‘ri
1665 5128 1908 5204 historici

324 5207 683 5262 ecclesiastici
707 5248 722 5271 ,
756 5213 810 5260 et
835 5199 1110 5257 sacrorum
1126 5199 1440 5256 'Annalium
1473 5199 1908 5271 scriptorBziro-

324 5278 471 5338 nius.
491 5293 589 5333 nec
617 5291 722 5331 non
746 5275 942 5329 Suidas
963 5281 1016 5328 ct
1037 5275 1129 5328 alii
1155 5287 1344 5328 omnes
1364 5272 1759 5338 consentiunt),
1783 5285 1912 5323 con-

327 5350 547 5402 trarium
579 5347 807 5410 astruit,
841 5345 981 5413 apud
1009 5360 1145 5417 quos
1176 5346 1504 5414 Paphnutius
1528 5386 1542 5408 ,
1576 5358 1682 5417 non
1714 5340 1913 5417 Pafnu-

326 5419 461 5482 tius,
494 5419 692 5487 ubique
723 5411 1043 5471 nozuiiiatur'
1060 5424 1115 5471 et
1143 5411 1422 5477 scribitur,
1455 5411 1912 5487 quemadmodum

323 5490 515 5543 Grzece
546 5484 871 5562 Πάφνούτιος.
901 5487 1068 5562 Porro
1098 5487 1433 5562 Paphnutius
1455 5484 1910 5562 duosanachorec

326 5567 414 5614 tas
438 5557 727 5628 superiore
750 5557 1037 5612 collatione
1067 5569 1122 5611 et
1144 5560 1270 5610 alibi
1299 5559 1460 5611 etiam
1491 5557 1907 5628 designavimns.

323 5631 402 5685 At
424 5626 551 5685 ecce
581 5630 806 5685 tertium
836 5629 990 5688 nobis
1011 5632 1250 5698 suggerit
1277 5632 1470 5682 Anton.
1503 5627 1826 5681 PthSEViﬂus
1855 5626 1910 5682 in

322 5701 607 5769 Apparatu
653 5714 855 5764 sacro,
905 5699 991 5752 ubi
1037 5697 1151 5753 haec
1197 5700 1404 5753 habet:
1439 5697 1910 5769 Paphnutiusnon

499 5773 606 5829 fuit
630 5789 646 5830 :
674 5772 816 5827 alter
834 5770 1075 5839 quidem,
1114 5770 1273 5836 cujus
1301 5771 1661 5841 Epiphanius,
1688 5767 1916 5823 Ruﬁnus

2013 4774 2243 4846 Nicena:
2273 4772 2502 4846 synodo,
2536 4774 2689 4846 aede
2717 4773 2969 4846 cmlibatu
2994 4777 3050 4846 in
3081 4792 3140 4828 ea
3167 4779 3339 4846 egisse
3365 4797 3587 4838 assere-

2009 4856 2129 4898 rent
2154 4841 2363 4919 (Collat.
2398 4843 2432 4896 ‘2
2464 4859 2579 4919 cap.
2606 4841 2684 4913 5).
2713 4845 2886 4919 Alter,
2920 4845 3072 4919 cujus
3097 4841 3337 4919 episcopi
3369 4852 3583 4908 Theba-

2010 4931 2128 4997 rum
2161 4916 2368 4997 .‘S‘uidas
2391 4914 2732 4997 Ill-Pllllont‘lll.
2753 4914 2927 4997 facit,“
2947 4917 3040 4997 sed
3069 4932 3230 4997 quem
3261 4914 3391 4997 nihil
3421 4929 3592 4997 scrip-

2009 4987 2392 5060 si‘sseginquiat.
2426 4985 2618 5060 Alius,
2649 4986 2802 5054 cujus
2827 4986 3044 5060 collatio
3065 4985 3132 5042 de
3165 4989 3359 5060 triplici
3384 4997 3449 5048 ad
3470 4985 3589 5051 ser-

2009 5056 2263 5111 viendum
2301 5055 2411 5110 Deo
2434 5058 2710 5110 vocatione
2733 5068 2786 5110 et
2817 5059 3215 5114 renuntiatinne
3238 5055 3420 5118 exstat
3448 5067 3592 5123 inter

2010 5127 2146 5200 alias
2176 5128 2399 5200 Joannis
2422 5125 2666 5200 Cissiani
2721 5127 3062 5200 collationes.
3117 5130 3243 5185 Haec
3292 5134 3428 5200 ipse.
3482 5138 3591 5193 Sed

2015 5199 2273 5270 quidquid
2307 5200 2376 5251 sit
2401 5197 2469 5270 de
2498 5197 2939 5270 duobusprimis,
2969 5213 3000 5253 e
3028 5200 3224 5270 quibus
3248 5197 3411 5259 unum
3435 5208 3594 5263 dum-

2015 5277 2164 5342 taxat
2196 5268 2372 5323 facere
2421 5269 2673 5342 videntur
2707 5267 2901 5323 Snidas
2921 5279 3008 5342 _et_
3034 5267 3178 5342 alii,
3209 5273 3261 5327 id
3311 5291 3409 5342 pro
3443 5290 3595 5334 certo

2019 5340 2302 5419 habetur“,
2331 5354 2452 5419 cum
2488 5337 2591 5392 hoc
2623 5348 2892 5419 postremo
2921 5335 3243 5419 Paphnutio,
3270 5335 3592 5419 presbytero

2013 5412 2223 5490 scilicet
2254 5423 2305 5465 et
2331 5411 2548 5490 abbate,
2576 5413 2978 5490 nonepiscopo,
2999 5423 3060 5490 _ut
3091 5414 3224 5467 alias
3255 5411 3589 5490 monuimus,

2015 5481 2567 5557 hzihitainessehanc
2599 5485 2807 5557 tertiam
2838 5479 3210 5557 collationem,
3235 5502 3363 5557 qua:
3391 5499 3445 5544 et
3474 5479 3592 5557 ejus

2015 5555 2235 5607 nomine
2263 5553 2604 5613 inscribitur;
2639 5551 2791 5618 cujus
2818 5550 2980 5603 etiam
3003 5558 3206 5607 mentio
3231 5550 3459 5616 lt'abetur
3482 5550 3593 5618 col-

2014 5623 2220 5693 latione
2253 5621 2516 5693 sequenti,
2542 5636 2659 5688 cap.
2696 5623 2745 5693 l_,
2779 5629 2833 5673 et
2861 5621 2985 5674 alibi
3015 5626 3233 5692 smpius.

2085 5689 2113 5732 ¹³
2153 5689 2347 5767 Etiam:
2371 5696 2646 5767 erettiitre,
2680 5691 2795 5767 sive
2835 5689 3178 5767 atiacltoretzr
3200 5741 3214 5766 ,
3249 5701 3592 5767 paucissimis

2014 5768 2256 5836 exceptis
2297 5763 2490 5820 diebus
2535 5761 2830 5818 sabbatinis
2877 5770 2934 5819 et
2977 5761 3303 5840 dominicis,
3354 5775 3596 5840 utrisque
