3966 6326
466 253 575 326 559

468 380 759 439 ecclesiam
829 380 1161 438 vexaretur,
1252 371 1347 428 sed
1418 384 1517 425 nec
1565 386 1768 427 vacuus
1835 370 2050 442 quidem
2077 375 2133 457 Α

467 471 676 530 reverti
727 469 922 527 exinde
967 474 1282 532 contentus,
1333 479 1429 519 vas
1481 480 1667 536 aquae,
1739 481 1897 536 quam
1956 481 2052 536 per

467 579 639 624 totam
690 575 809 622 erat
864 560 1257 619 hebdomadam
1322 567 1635 628 sumpturus
1673 602 1687 624 ,
1747 559 2052 614 cervicibus

465 661 582 718 suis
603 671 911 730 supponens
934 655 1249 727 reportabat
1276 654 1342 709 ad
1373 654 1589 709 cellam.
1624 664 1650 690 ἰ
1671 653 1912 724 Cumque
1947 668 2047 708 no-

465 754 818 824 nagenariam
868 747 1191 805 excessisset
1233 757 1485 812 aetatem,
1528 763 1820 816 numquam
1862 761 2049 816 passus

465 855 551 903 est
576 860 694 901 eam
723 842 998 913 juniorum
1036 839 1141 896 sibi
1171 839 1360 895 labore
1388 837 1614 894 deferri.
1646 838 1746 894 Hic
1770 840 1951 908 itaque
1980 837 2048 892 ab

464 937 830 995 adolescentia
876 950 973 990 sua
1011 932 1382 990 coenobiorum
1422 932 1623 986 scholis
1662 941 1814 987 tanto
1853 933 2048 988 ardore

384 1049 386 1052 '
463 1047 526 1089 se
553 1029 792 1095 tradidit,
810 1037 868 1083 ut
897 1028 949 1082 in
977 1026 1055 1082 eis
1088 1041 1252 1096 parvo
1273 1035 1518 1094 tempore
1540 1032 1907 1080 commoratus
1938 1033 2045 1078 tam

463 1121 821 1192 subjectionis
841 1120 984 1174 bono
1003 1134 1162 1189 quam
1188 1120 1559 1172 universarum
1588 1117 1849 1172 virtutum
1873 1116 2050 1172 scien-

462 1217 537 1272 tia
568 1216 775 1287 pariter
788 1213 1074 1268 ditaretur.
1100 1211 1427 1265 Humilitatis
1453 1225 1684 1276 namque
1709 1221 1764 1265 et
1792 1209 2049 1265 obedien-

460 1310 552 1365 tia:
581 1306 870 1376 disciplina
896 1349 912 1374 ,
943 1319 1131 1360 omnes
1172 1319 1298 1358 suas
1336 1302 1666 1358 ntortiftcans
1694 1303 2004 1358 voluntates
2028 1345 2044 1370 ,

460 1413 624 1472 etper
648 1403 786 1456 hanc
807 1400 1088 1457 exstinctis
1109 1398 1381 1454 universis
1394 1398 1560 1460 vitiis.
1587 1399 1908 1468 cunctisque
1936 1399 2048 1452 vir-

459 1497 666 1552 tutibns
694 1494 1104 1557 consummatis,
1135 1507 1270 1561 quas
1301 1489 1756 1546 monasteriorum
1803 1491 2044 1545 instituta

457 1590 545 1644 vel
575 1587 1074 1658 antiquissimorum
1099 1583 1321 1639 Patrum
1350 1583 1594 1640 doctrina
1627 1583 1919 1650 fundavit;
1957 1598 2049 1637 su-

454 1680 722 1738 blimioris
737 1680 1012 1751 profectus
1031 1677 1226 1733 ardore
1247 1690 1560 1743 succensus,
1585 1677 1754 1732 eremi
1772 1674 2047 1730 festinavit

1510 241 1792 312 JOANNIS
1831 252 2145 312 cassum
2181 251 2677 316 COLLATIONES.
2835 290 2840 294 ~
2938 241 2944 246 ’
3601 259 3697 328 sta

2790 372 3018 434 CAPUT
3055 375 3120 431 Π.

2227 466 2306 522 De
2333 485 2568 523 sermone
2591 470 2822 541 ejusdem
2847 473 3000 536 senis,
3025 479 3074 524 et
3101 471 3430 538 responsione
3452 485 3633 534 nostra.

2225 562 2398 628 Hujus
2428 561 2593 632 igitur
2616 563 2932 632 magisterio
2960 564 3172 618 institui
3200 565 3492 634 cupientes,
3513 569 3703 642 cogita-

2152 653 2359 707 tionum
2410 655 2569 708 etiam
2616 655 2852 709 stimulis
2899 655 3110 724 agitati,
3138 655 3203 710 ad
3233 656 3420 712 cellam
3448 658 3560 729 ejus
3595 661 3702 732 jam

2151 744 2239 801 die
2261 747 2742 816 advesperascente
2761 748 3130 817 pervenimus.
3147 746 3272 816 Qui,
3291 748 3470 805 habito
3484 752 3704 823 aliquan-

2156 840 2328 908 tisper
2355 841 2596 906 silentio,
2636 857 2757 896 cum
2795 841 3130 912 propositum
3166 851 3404 897 nostrum
3433 846 3703 914 praedicare

2151 931 2437 1001 coepisset,
2489 933 2630 1002 quod
2677 933 2889 989 scilicet
2935 933 3166 1003 patriam
3213 934 3591 1004 relinquentes,
3633 946 3708 994 tot

2150 1025 2444 1095 provinciis
2473 1040 2568 1093 pro
2589 1040 2776 1080 amore
2804 1025 3020 1080 Domini
3045 1026 3406 1097 perlustratis,
3435 1039 3704 1098 egestatem

2150 1134 2214 1174 ac
2246 1120 2555 1174 vastitatem
2608 1119 2775 1174 eremi
2825 1120 3095 1186 tolerare,
3153 1130 3206 1176 et
3247 1120 3447 1176 imitari
3491 1121 3710 1192 rigorem

2150 1211 2580 1266 conversationis
2625 1210 2844 1266 illorum
2899 1223 3182 1283 tantopere
3223 1215 3539 1282 niteremur,
3565 1231 3708 1284 quem

2151 1303 2244 1356 vix
2284 1303 2382 1372 ipsi
2414 1303 2502 1372 qtti
2537 1303 2587 1357 itt
2617 1303 2806 1358 eadem
2860 1305 3188 1360 necessitate
3214 1313 3375 1375 atque
3411 1305 3586 1376 inopia
3612 1307 3713 1363 nati

2152 1393 2476 1464 educatique
2518 1402 2660 1458 sunt,
2697 1395 3063 1460 sustinerent;
3095 1396 3478 1464 respoodimns
3527 1412 3620 1451 nos
3653 1397 3715 1452 ob

2152 1489 2205 1544 id
2233 1490 2299 1543 ad
2333 1489 2452 1559 ejus
2481 1489 2780 1544 doctrinam
2810 1503 2873 1544 ac
2915 1491 3284 1559 magisterium
3329 1490 3637 1554 tetendisse,
3664 1501 3718 1545 ut

2150 1583 2320 1638 imbui
2347 1585 2688 1652 aliquatenus
2715 1585 3147 1640 institutionibus
3167 1601 3228 1640 ac
3246 1585 3577 1655 perfectione
3597 1587 3720 1640 tanti

2152 1679 2253 1732 viri
2286 1693 2594 1747 possemus,
2625 1694 2786 1748 quant
2823 1679 3124 1734 innumeris
3161 1679 3506 1735 documentis
3555 1680 3718 1734 inesse

436 1779 668 1832 secreta
719 1782 1038 1845 penetrare,
1089 1783 1149 1827 ut
1199 1769 1426 1827 Domino
1453 1814 1468 1840 ,
1507 1771 1595 1826 cui
1647 1771 1788 1826 inter
1818 1771 2044 1826 fratrum
2076 1773 2124 1832 B
2152 1771 2328 1827 eidem
2367 1786 2734 1836 senseramus,
2767 1787 2873 1826 non
2905 1784 2965 1826 ut
2993 1771 3159 1836 illius,
3188 1787 3310 1842 qua:
3345 1783 3522 1826 tamen
3554 1771 3603 1824 in
3635 1787 3722 1825 no-

454 1869 643 1924 turbas
660 1868 870 1939 positus
890 1866 1106 1922 sitiebat
1126 1864 1565 1931 inseparabiliter
1587 1864 1876 1927 inhaerere,
1893 1864 2044 1918 nullo

454 1962 716 2031 deinceps
741 1960 979 2016 humano
1007 1956 1286 2014 consortio
1328 1956 1642 2013 retrahente
1687 1955 1898 2013 facilius
1927 1958 2045 2011 uni-

452 2064 627 2111 retur.
675 2053 782 2110 Ubi
834 2067 1046 2108 rursum
1111 2059 1261 2106 tanto
1319 2050 1533 2106 fervore
1587 2051 1749 2106 etiam
1800 2051 2041 2120 ipsorum

453 2145 908 2201 anachoretarum
935 2144 1162 2199 virtutes
1203 2158 1466 2213 superans
1493 2142 1765 2198 desiderio
1791 2151 1848 2198 et
1868 2144 2044 2199 inten-

453 2239 600 2294 tione
621 2238 766 2308 jugis
800 2253 862 2293 ac
888 2235 1088 2291 divinze
1117 2236 1261 2290 illius
1292 2236 1518 2292 theoria:
1541 2277 1557 2303 ,
1598 2246 1918 2291 cunctorum
1949 2236 2043 2292 de-

450 2334 660 2389 vitahat
684 2341 936 2402 aspectus
967 2374 983 2399 ,
1021 2331 1258 2385 vastiora
1281 2340 1337 2386 et
1359 2329 1766 2387 inaccessibilia
1795 2329 2046 2384 solitudi-

449 2426 535 2481 nis
558 2435 848 2495 penetrans
875 2424 1014 2492 loca,
1048 2423 1328 2492 multoque
1353 2423 1404 2476 in
1436 2424 1515 2478 eis
1547 2432 1794 2492 tempore
1824 2422 2046 2478 delites-

449 2536 612 2586 cens,
645 2528 706 2576 ut
734 2521 804 2576 ab
832 2519 965 2590 ipsis
1007 2535 1226 2588 quoque
1263 2519 1612 2574 anachoretis
1649 2519 1943 2575 difficulter
1983 2535 2046 2575 ac

447 2612 726 2668 rarissime
764 2609 1176 2680 deprehensus,
1219 2610 1536 2679 angelorum
1567 2609 1888 2679 quotidiano
1917 2623 2048 2663 con-

449 2706 620 2761 sortio
648 2705 908 2760 delectari
935 2719 998 2759 ac
1025 2704 1225 2774 perfrui
1259 2703 1596 2767 crederetur,
1623 2712 1784 2774 atque
1805 2705 1852 2758 ei
1877 2702 1905 2742 b
1933 2719 2047 2759 me-

447 2797 557 2851 rito
585 2796 801 2851 virtutis
843 2795 1006 2866 hujus
1059 2797 1128 2850 ab
1182 2796 1314 2866 ipsis
1363 2795 1592 2851 inditum
1646 2795 1809 2852 fuerit
1852 2795 2043 2852 Bubali

449 2897 872 2959 cognomentum

2146 1865 2229 1922 bis
2256 1881 2359 1920 non
2385 1875 2591 1934 essent,
2623 1865 2878 1921 laudibus
2900 1881 3270 1935 gravaremur.
3306 1865 3474 1920 autin
3507 1865 3722 1920 elatione

2148 1959 2335 2018 animi,
2369 1974 2468 2027 qua
2503 1958 2555 2012 in
2589 1959 2793 2012 nostris
2836 1973 3054 2028 quoque
3086 1957 3298 2012 cellulis
3332 1971 3723 2027 nonnumquam

2146 2051 2492 2119 suggestioiie
2520 2050 2876 2104 titillabamur
2899 2049 3130 2114 inimici,
3169 2048 3345 2118 ipsius
3372 2063 3588 2118 quoque
3617 2063 3723 2102 ser-

2149 2145 2400 2200 monibus
2443 2144 2782 2200 inﬂaremur.
2823 2143 3184 2212 Quamobrem
3228 2144 3320 2196 illa
3370 2144 3531 2197 nobis
3560 2143 3728 2212 potius

2151 2237 2510 2306 preCabamur
2539 2236 2768 2300 infundi,
2789 2236 2986 2307 quibus
3008 2236 3304 2307 compnngi
3323 2237 3409 2291 vel
3444 2233 3728 2300 humiliari,

2148 2345 2256 2385 non
2304 2331 2503 2401 quibus
2550 2330 2957 2398 nobismetipsis
3004 2328 3239 2386 blandiri
3290 2330 3590 2398 extollique
3618 2341 3732 2398 pos-

2148 2437 2353 2479 senius.

2761 2513 2989 2569 CAPUT
3029 2513 3116 2568 Ill.

2156 2607 2455 2680 Pi'Opositio
2491 2605 2686 2680 abbatis
2741 2604 3049 2680 _Papl_mutii_
3079 2605 3142 2659 de
3191 2605 3364 2680 tribus
3419 2603 3733 2680 uocationunt

2331 2678 2622 2746 generibus,
2650 2690 2698 2730 et
2716 2676 2782 2730 de
2806 2676 2968 2730 tribus
2997 2675 3566 2730 abrenuntiationibus.

2227 2790 2363 2845 Tum
2397 2791 2588 2844 beatus
2629 2789 2967 2859 Paphnutius
2994 2806 3008 2842 :
3037 2798 3059 2827 ο
3083 2787 3247 2854 Tres,
3281 2790 3482 2860 inquit,
3509 2789 3736 2844 vocatio-

2151 2901 2279 2940 num
2328 2894 2454 2939 sunt
2497 2883 2739 2950 ordines,
2790 2879 2816 2920 δ
2872 2891 2986 2939 tres
3034 2899 3258 2955 quoque
3305 2883 3740 2941 renuntiationes

1530 3029 1791 3085 ALABDI
1829 3025 2060 3085 GAZIEI
2096 3023 2661 3082 COMMENTARIUS.

451 3147 592 3215 apud
622 3146 926 3202 Orientales
957 3145 1162 3202 festivis
1184 3188 1200 3213 ,
1225 3144 1294 3200 ad
1325 3146 1618 3201 ecclesiam
1650 3145 1812 3201 simul
1843 3159 2042 3200 conve-
2065 3139 2112 3203 C
2143 3140 2271 3207 bus,
2305 3154 2508 3215 cornua
2540 3140 2752 3215 habens
2794 3141 2950 3215 longa
2984 3151 3038 3195 et
3077 3141 3305 3215 inflexa,
3342 3143 3504 3215 parvi

451 3221 674 3273 niebant
700 3260 716 3283 ,
757 3229 817 3272 ut
856 3231 1008 3272 sacra
1035 3217 1299 3288 mysteria
1327 3227 1746 3288 peragerentAac
1782 3218 2039 3288 percipe-

451 3299 576 3343 rent
599 3333 614 3355 ,
671 3299 731 3343 ut
757 3289 884 3343 alibi
915 3284 1250 3352 notavimus;
1290 3289 1434 3342 sicut
1463 3284 1609 3342 nunc
1647 3284 2041 3342 Carthusianos

450 3370 511 3414 et
537 3360 979 3415 Camaldulenses
1001 3357 1180 3414 facere
1210 3361 1478 3414 videmus.

529 3440 556 3468 ἰ
597 3431 782 3501 Magna
815 3429 1054 3498 profecto
1090 3429 1453 3485 admiratione
1475 3429 1698 3501 dignum
1720 3439 1842 3501 est,
1894 3427 2040 3501 viros

451 3499 823 3556 sanctos—tam
878 3501 931 3555 in
977 3515 1163 3555 eremo
1209 3516 1368 3570 quam
1420 3502 1472 3555 in
1519 3499 1867 3556 monasteriis
1903 3499 2040 3554 adeo

451 3573 618 3630 fuisse
645 3574 942 3640 longaevos.
976 3581 1029 3624 et
1053 3571 1121 3627 ad
1146 3583 1446 3627 extremam
1476 3582 1816 3627 senectutem
1841 3587 2038 3641 perve-

454 3645 622 3709 nisse,
653 3659 777 3699 cum
809 3643 1162 3709 asperrimam
1207 3645 1403 3710 vitam,
1457 3645 1710 3698 omnibus
1749 3657 1887 3709 pene
1918 3657 2039 3696 cor-

449 3717 600 3783 poris
621 3713 923 3769 commodis
952 3714 1289 3774 destitutam,
1315 3715 1611 3779 ducerent;
1647 3713 1790 3782 quod
1823 3715 2035 3767 illorum

452 3787 732 3840 sobrietati
790 3793 846 3840 et
891 3785 1244 3853 parcimoniae
1291 3786 1592 3841 secundum
1653 3786 1744 3839 Dei
1806 3788 2034 3854 gratiam

454 3855 832 3910 ascribendum
856 3870 1018 3926 nemo
1043 3856 1326 3910 dubitarit.
1353 3855 1410 3910 In
1441 3871 1670 3926 quorum
1703 3872 1926 3908 numero
1959 3856 2041 3926 (ut

450 3941 654 3995 paucos
683 3925 1014 3996 antiquiores
1041 3929 1491 3996 commemorem)
1524 3927 1579 3983 S.
1612 3926 1809 3980 Paulus
1837 3926 2039 3993 primus

452 3999 676 4053 eremita
718 4008 932 4051 aetatem
986 3997 1054 4052 ad
1109 4012 1280 4051 annos
1322 3997 1434 4052 fere
1473 4007 1689 4052 centum
1731 3997 2037 4064 quindecim

449 4067 726 4137 produxit,
761 4083 824 4122 ex
856 4068 1046 4136 quibus
1077 4069 1297 4123 circiter
1324 4078 1540 4124 Centum
1571 4069 1622 4121 in
1655 4083 1838 4122 eremo
1864 4079 2038 4122 trans—
2079 4075 2099 4089 ³

452 4141 582 4206 egit,
613 4147 671 4191 ut
721 4137 916 4210 scribit
935 4138 996 4190 D.
1035 4137 1418 4210 Hieronymus.
1451 4139 1506 4194 S.
1547 4139 1814 4191 Antonius
1846 4138 1911 4191 ad
1942 4155 2039 4192 an-

452 4224 554 4263 nos
583 4219 797 4262 centum
829 4209 1070 4276 quinque
1097 4211 1252 4273 vixit,
1280 4224 1343 4263 ex
1377 4211 1572 4278 quibus
1615 4210 1903 4273 nonaginta
1929 4211 2037 4278 egit

450 4280 506 4333 in
529 4294 732 4343 eremo,
763 4281 880 4333 solo
912 4295 1052 4348 pane
1087 4290 1142 4332 et
1190 4295 1328 4348 aqua
1376 4280 1612 4350 (quibus
1645 4279 1842 4345 aliquid
1875 4280 2036 4336 oleris

449 4351 504 4404 in
528 4361 768 4404 extrema
797 4359 954 4403 :etate
984 4351 1248 4421 addebat)
1275 4365 1473 4418 corpus
1504 4361 1819 4404 sustentans
1844 4394 1858 4417 ,
1900 4359 2037 4407 teSIe

452 4421 770 4475 Athanasio.
815 4422 870 4475 S.
927 4421 1264 4489 Paphnutius
1322 4423 1741 4490 nonagenariam
1800 4427 2036 4477 excessit

452 4501 690 4563 aetatem,
725 4492 840 4546 solo
872 4507 1010 4558 pane
1052 4502 1105 4545 et
1142 4508 1276 4560 aqua
1321 4503 1640 4556 contentus,
1678 4504 1733 4547 ut
1764 4495 2034 4563 colligitur

451 4578 518 4616 ex
545 4563 645 4616 hoc
677 4562 820 4616 loco.
855 4563 1112 4635 Arsenius
1147 4565 1359 4618 Arcadii
1386 4577 1436 4619 et
1462 4565 1682 4619 Honorii
1719 4562 2042 4635 pa'dagogus

448 4647 618 4707 annos
639 4634 1102 4707 centumviginti.“
1127 4636 1374 4707 eiqnibus
1397 4638 1777 4704 quinquaginta
1801 4634 2042 4707 quinque

449 4705 502 4774 in
534 4703 771 4765 deserto,
800 4703 1105 4758 admirabili
1133 4706 1482 4760 abstinentia.
1512 4703 1744 4761 Jacobus
1775 4703 1998 4763 eremita
2019 4752 2034 4774 ,

453 4773 617 4846 Persa
645 4788 863 4841 genere,
892 4779 1085 4843 partim
1120 4777 1170 4828 in
1204 4792 1413 4840 eremo,
1447 4781 1640 4846 partim
1683 4781 1733 4831 in
1764 4791 2038 4835 monaste-

446 4845 532 4898 rio
554 4847 809 4919 transegit
838 4859 1010 4919 annos
1027 4856 1242 4919 centum
1268 4845 1503 4919 quatuor
1520 4851 1659 4903 victu
1695 4850 2030 4919 tenuissimo,

448 4924 508 4987 ut
534 4914 699 4987 r_efert
729 4915 1126 4987 Theodoretus.
1161 4914 1389 4973 Historia
1422 4917 1691 4987 Religiosa
1721 4922 1773 4974 in
1795 4914 2030 4976 Jnliano.

447 4983 507 5059 ξ.
540 4985 898 5055 Epiphaninm
921 5000 1108 5059 annos
1122 4987 1233 5041 fere
1257 5003 1477 5044 centum
1503 4983 1807 5059 quindecim
1827 4995 2030 5048 vixisse

448 5055 624 5112 Graeci
665 5059 1030 5130 testantur_in
1061 5055 1370 5130 Menologio
1400 5055 1569 5127 (Paff.
1605 5062 1812 5116 Laiisia.
1847 5065 1901 5128 8,
1932 5065 2032 5120 So-

447 5142 688 5202 gomentts
714 5126 835 5202 Litt
864 5144 909 5179 ε.
939 5127 1030 5202 29,
1057 5126 1341 5202 Niecpltor.
1375 5131 1414 5185 ι.
1441 5148 1476 5186 ll
1507 5149 1625 5202 cap.
1659 5134 1772 5200 4‘2).
1799 5126 2033 5191 Sanctus

450 5197 716 5253 Macarius
746 5197 1052 5270 Egyptius,
1081 5197 1236 5269 cujus
1268 5203 1508 5257 humilia
1538 5197 1774 5269 exstant,
1799 5209 2037 5261 excessit

447 5282 620 5346 annos
649 5271 965 5346 nonaginta,
995 5286 1062 5346 ex
1089 5272 1283 5346 quibus
1300 5274 1366 5346 in
1399 5287 1586 5328 eremo
1611 5320 1624 5342 ,
1662 5275 2035 5346 assiduojeju-

446 5339 561 5404 nio,
604 5341 814 5412 peregit
845 5342 1144 5412 sexaginta.
1180 5343 1422 5412 Denique
1451 5339 1784 5400 Sozomenus
1810 5389 1824 5411 ,
1851 5339 1963 5401 lib:
1983 5365 2034 5402 νι

445 5422 568 5486 cap.
598 5411 687 5471 34.
720 5411 886 5466 refert
919 5411 1182 5486 plurimos
1216 5411 1512 5486 monachos
1545 5419 1704 5470 vitam
1727 5418 1792 5470 ad
1826 5419 2032 5486 longis-

445 5481 656 5556 simum
668 5493 884 5556 tempus
913 5484 1260 5556 produxisse.
1290 5484 1549 5556 Idemque
1574 5489 1856 5542 confirmat
1875 5481 2034 5545 Nice-

452 5550 618 5622 ph_or_._
643 5551 739 5605 lib.
771 5567 825 5606 xt
850 5567 969 5622 cap.
995 5554 1087 5609 40.

520 5617 548 5657 ι’
581 5619 830 5698 Virtutis_.
862 5617 1056 5698 nempe
1084 5625 1420 5698 solitudinis.
1453 5642 1514 5682 ac
1547 5629 1772 5684 tbeoriae.
1811 5631 2031 5698 merito,

441 5705 508 5744 ac
539 5692 766 5774 ratione.
800 5693 969 5774 Porro
999 5696 1257 5774 Bubalus,
1284 5699 1359 5774 ait
1382 5698 1681 5774 Cuychitts,
1705 5711 1790 5758 est
1815 5701 1916 5774 bos
1937 5692 2037 5758 sil;

441 5763 640 5820 vestris
669 5762 853 5821 colore
897 5766 1076 5832 niger,
1107 5762 1426 5827 fortissimis
1466 5762 1744 5839 cruribus,
1775 5784 1830 5830 et
1855 5773 2036 5831 brevi-

3591 3143 3663 3204 ili,
3694 3152 3744 3197 et

2155 3159 2271 3207 Dus,
2305 3159 2508 3195 cornua
2543 3159 2748 3193 nauens
2797 3159 2950 3210 longa
2984 3159 3038 3195 et
3077 3159 3305 3207 innexa,
3342 3159 3504 3207 parvi
3553 3159 3663 3212 pili,
3694 3159 3744 3197 et

2155 3227 2336 3277 parva:
2365 3210 2549 3264 caudae
2583 3210 2816 3282 (Plinius
2846 3213 2884 3262 ι.
2917 3226 3014 3266 vui
3043 3228 3157 3280 cap.
3194 3213 3318 3281 t5).
3342 3214 3429 3268 Ob
3470 3218 3607 3268 hanc
3628 3229 3745 3267 cau-

2148 3295 2292 3345 sam,
2339 3297 2459 3334 cum
2501 3283 2571 3335 sit
2609 3282 2897 3336 admodum
2929 3292 3144 3351 agreste
3175 3283 3288 3338 hoc
3315 3287 3550 3347 animal,
3581 3286 3747 3353 Paph-

2147 3353 2301 3407 nutio
2331 3352 2511 3406 abbati
2562 3363 2785 3420 propter
2824 3364 3089 3420 agrestem
3131 3365 3182 3408 et
3237 3356 3556 3410 solitariam
3589 3352 3743 3408 vitam

2147 3423 2334 3496 Bubali
2366 3433 2782 3496 cognomentum
2808 3421 3035 3476 inditunt
3071 3425 3242 3480 fuisse
3275 3427 3534 3491 videtur,
3567 3441 3748 3496 quem-

2143 3495 2432 3566 admodum
2461 3493 2718 3566 colligere
2748 3494 3016 3566 licetrtum
3045 3509 3109 3548 ex
3148 3499 3256 3550 hoc
3290 3499 3505 3566 capite,
3537 3493 3645 3550 tum
3685 3511 3747 3550 ex

2147 3565 2336 3630 quinto
2385 3564 2594 3618 decimo
2640 3565 2817 3632 capite
2866 3565 3095 3618 decimae
3140 3564 3380 3620 octava!
3422 3567 3744 3622 collationis.

2145 3635 2335 3691 Simile
2364 3635 2639 3703 quippiam
2664 3640 2745 3703 (ut
2779 3634 2956 3688 obiter
2995 3635 3048 3689 id
3081 3635 3316 3699 addam)
3349 3638 3421 3692 de
3449 3637 3513 3693 S.
3547 3639 3748 3692 'l‘homa

2144 3708 2411 3775 Aquinate
2443 3705 2662 3774 legitur,
2695 3720 2853 3774 quem
2889 3707 2938 3758 in
2983 3707 3185 3760 scholis
3229 3709 3340 3762 sub
3385 3710 3616 3762 Alberto
3646 3708 3751 3762 Ma-

2143 3793 2251 3846 gno
2299 3789 2545 3844 agentem
2595 3777 2727 3830 socii
2776 3777 2967 3830 bovem
3023 3788 3236 3830 mutum
3289 3780 3653 3840 vocitabant.
3685 3778 3751 3831 ob

2143 3850 2366 3902 nimiam
2409 3849 2856 3919 taciturnitatem,
2902 3855 2958 3919 et
2999 3846 3438 3919 Pythagoricum
3485 3851 3752 3919 quoddam

2149 3919 2455 3982 silentium;
2489 3934 2591 3985 qua
2621 3918 2689 3972 de
2720 3933 2778 3971 re
2802 3917 3023 3972 memini
3045 3919 3172 3971 olim
3208 3921 3318 3973 hos
3353 3917 3662 3976 versiculos
3687 3921 3749 3973 ad

2143 3990 2261 4059 ejus
2293 3990 2502 4043 iconem
2528 3990 2721 4043 lusisse
2751 4004 2765 4041 :

2236 4081 2362 4144 Ecce
2385 4081 2558 4129 bovem
2580 4087 2784 4141 mutum,
2812 4093 2959 4142 quem
2985 4079 3127 4128 turba
3145 4081 3352 4144 insulsa
3379 4085 3610 4144 vocabat,

2233 4143 2381 4203 Cujus
2403 4144 2450 4190 in
2479 4151 2704 4190 extremo
2723 4144 2892 4192 reboat
2919 4144 3137 4203 mugitus
3163 4142 3302 4196 Eoo.

2221 4238 2240 4262 ο
2272 4226 2326 4278 Id
2357 4234 2462 4288 est,
2498 4234 2608 4278 tres
2639 4226 2799 4289 modi,l
2832 4227 3026 4293 quibus
3059 4225 3126 4279 ad
3161 4225 3264 4280 Dei
3298 4229 3547 4293 cultum,
3581 4229 3756 4284 smculi

2142 4305 2518 4364 contemptum
2562 4307 2613 4348 et
2667 4297 3012 4362 perfectionis
3066 4298 3355 4364 Studium,
3394 4316 3666 4355 vocamur
3706 4309 3758 4354 et

2147 4369 2496 4432 attrahimur,
2531 4381 2666 4432 quos
2697 4369 2940 4434 sequenti
2970 4371 3145 4434 capite
3173 4372 3449 4437 exponit.

2215 4437 2239 4474 ἀ
2269 4437 2342 4491 Ne
2365 4440 2486 4505 quis
2510 4446 2719 4505 putaret
2741 4445 2848 4490 tres
2866 4438 3303 4495 renuntiationis
3326 4443 3558 4506 Species
3593 4443 3759 4496 tribus

2067 4527 2123 4587 Ι)
2148 4508 2520 4587 vacationibus
2549 4509 2773 4586 opponi,
2806 4507 2990 4587 eisque
3019 4509 3211 4563 eodem
3264 4513 3478 4587 ordine
3532 4529 3759 4587 respon-

2149 4580 2300 4638 dere.
2344 4594 2536 4643 nempe
2569 4582 2792 4648 primatu
2839 4585 3046 4645 printae,
3099 4583 3419 4638 secundam
3475 4580 3758 4648 secundat,

2151 4649 2590 4723 tertianrtertiee,
2622 4660 2676 4723 et
2716 4649 2941 4716 proinde
2988 4667 3144 4723 unam
3177 4653 3406 4723 absque
3449 4656 3578 4709 aliis
3605 4654 3754 4710 suffi-

2151 4737 2309 4785 cere;
2337 4720 2470 4794 dicit
2501 4733 2608 4794 tres
2631 4719 2760 4794 istas
2789 4722 3222 4794 renuntiationes
3255 4719 3431 4780 simul
3459 4737 3520 4782 et
3554 4726 3758 4794 pariter

2148 4793 2202 4864 in
2230 4791 2376 4843 omni
2406 4792 2702 4864 vocationis
2739 4805 2936 4864 genere
2965 4793 3187 4860 requiri,
3223 4805 3293 4850 ut
3338 4813 3516 4852 verus
3544 4791 3612 4852 ae
3643 4815 3762 4864 per-

2148 4863 2331 4933 fectus
2350 4863 2639 4933 monachus
2678 4862 2801 4930 quis
2841 4877 2960 4917 esse
3009 4877 3072 4916 ac
3122 4864 3235 4917 dici
3283 4867 3494 4933 possit.
3527 4862 3684 4923 Unde
3711 4877 3764 4922 et

2146 4934 2214 4986 de
2251 4932 2421 4984 tribus
2465 4932 3023 5003 abrenuntiationibus
3069 4932 3331 4990 instituta
3363 4939 3496 4995 huic
3519 4940 3758 5003 collatio,

2145 5018 2263 5071 quae
2294 5003 2408 5071 hoc,
2440 5003 2598 5056 titulo
2641 5004 2969 5057 inscribitur.
3014 5002 3187 5058 Porro
3229 5002 3759 5064 abrenuntiationis

2140 5070 2234 5151 {ne
2259 5072 2377 5151 quis
2403 5070 2559 5151 hujus
2581 5073 2727 5151 vocis
2753 5073 3053 5151 barbariem
3075 5083 3168 5128 ant
3202 5079 3532 5151 novitatem
3562 5080 3763 5151 suggil-

2143 5143 2241 5214 let)
2264 5145 2365 5198 etsi
2399 5144 2541 5196 nulla
2574 5145 2715 5209 apud
2743 5145 2987 5198 ethnicos
3014 5156 3278 5201 auctores
3300 5149 3588 5206 classicos
3611 5143 3766 5206 man-

2146 5218 2242 5281 tio,
2284 5225 2504 5266 utuntur
2551 5225 2726 5266 tamen
2773 5214 2878 5269 hoc
2927 5215 3143 5269 nomine
3207 5231 3459 5276 sanctus
3511 5221 3766 5277 Clemens

2142 5283 2422 5361 {inruanus
2448 5283 2685 5352 pontifex
2725 5285 3102 5361 in‘QonSLitut.
3125 5286 3430 5361 ⁸Λβυειοι.
3466 5292 3620 5348 libro
3649 5307 3770 5361 sep-

2143 5355 2276 5408 timo
2307 5355 2484 5424 capite
2515 5363 2728 5421 quarto,
2756 5356 2846 5409 ubi
2891 5357 3061 5424 ipsam
3093 5355 3631 5417 abrenuntiationis
3660 5355 3771 5416 for-

2142 5425 2343 5502 mnlzim
2380 5426 2439 5502 in
2487 5425 2754 5502 baptismo
2798 5432 3088 5502 etiamnum
3109 5428 3424 5502 _usitatam
3470 5434 3770 5502 exprimit;

2141 5495 2462 5572 Ambrosius
2497 5496 2548 5549 in
2578 5511 2697 5565 cap.
2718 5497 2762 5572 ‘2
2798 5497 2976 5572 epist._
3003 5497 3073 5572 ad
3099 5497 3362 5567 Coloss.,
3399 5513 3461 5558 et
3495 5495 3640 5561 libro
3665 5495 3774 5572 pri-

2137 5580 2229 5642 ΨΟ
2277 5565 2368 5642 de_
2396 5566 2760 5642 sacramentis
2804 5583 2924 5642 cap.
2946 5569 3016 5642 2;
3051 5565 3416 5633 Augustinus
3473 5565 3772 5642 epist.'38.

2138 5634 2574 5708 Benuntiationis
2596 5634 2916 5692 vocabulum
2935 5639 3066 5708 (quo
3095 5647 3344 5698 utuntur
3360 5634 3772 5708 Tertullianus,

2139 5706 2444 5787 ἓγρτίξξῑιιιε
2464 5749 2478 5767 ς
2497 5709 2915 5787 "ldiﬁcemus.
2945 5706 3312 5787 Ambrosius.
3377 5706 3777 5787 Augustinus)

2140 5778 2471 5840 Quintiliano
2497 5778 2592 5833 lib.
2624 5796 2656 5835 x
2696 5778 2753 5836 in
2793 5781 2984 5837 eadem
3029 5778 3779 5846 srzniflcationevusitatum

2214 5904 2314 5922 "'anr
