3966 6326
346 358 443 414 56!

1059 357 1399 416 COLLA’I‘IO
1437 358 1524 414 III.
1555 388 1624 402 —
1652 358 1741 414 DE-
1781 356 2026 415 TRIBUS
2065 357 2846 424 ABRENUNTIATIONIBUS.

3488 372 3597 434 562

347 471 613 528 monacho
635 473 690 528 in
712 487 1056 544 quacumque
1077 475 1382 529 vocationis
1411 475 1602 530 ordine
1632 475 1931 529 constituto
1956 480 2004 537 Α
2035 474 2328 530 luberrima
2353 479 2667 535 cohortatur
2696 499 2710 548 ;
2738 493 2795 536 ut
2823 485 2873 538 in
2895 484 3194 557 Scripturis
3220 490 3418 546 sanctis
3444 493 3616 550 Abra-

348 565 686 622 necessarias
716 567 1049 624 noverimus.
1081 567 1148 622 Et
1187 570 1420 638 primum
1458 568 1673 637 quidem
1708 581 1927 621 causam

346 673 508 730 quare
539 669 653 713 tres
676 673 801 714 esse
829 661 1176 714 vacationum
1214 659 1437 714 ordines
1465 659 1720 724 diximus,
1753 673 1924 728 opor-

345 763 421 809 tet
451 768 549 808 nos
575 753 866 823 diligenter
913 755 1213 824 inquirere,
1237 768 1360 808 cum
1399 752 1780 823 agnoverimus
1827 765 1929 806 nos

342 847 408 901 ad
438 847 532 901 Dei
573 847 784 901 cultum
823 847 1002 916 prima
1032 846 1199 914 gradu
1238 846 1541 900 vacationis
1581 847 1803 908 ascitos,
1834 859 1927 899 se-

340 936 577 992 cundum
619 936 740 1006 ejus
789 937 1176 992 sublimitatem
1226 936 1660 992 conversationis
1713 950 1927 1006 quoque

341 1040 544 1086 nostra:
571 1032 987 1100 congruentiam
1013 1041 1400 1101 temperemus.
1427 1029 1572 1084 Nihil
1595 1029 1738 1084 enim
1763 1028 1928 1098 prod-

339 1127 441 1179 erit
468 1124 781 1180 sublimiter
823 1124 1133 1190 inchoasse,
1165 1125 1208 1179 si
1239 1124 1473 1178 similem
1497 1122 1776 1193 principiis
1814 1137 1922 1176 non

338 1217 750 1273 exhibuerimus
775 1227 830 1273 et
861 1218 1044 1273 linem.
1074 1217 1228 1284 Quod
1267 1218 1312 1273 si
1349 1218 1518 1273 etiam
1561 1216 1752 1271 ultimo
1773 1215 1926 1270 ordi-

339 1325 406 1364 ne
436 1325 538 1364 nas
558 1326 588 1364 a
618 1312 1034 1366 conversatione
1085 1310 1275 1366 saeculi
1327 1319 1604 1365 extractas
1635 1307 1802 1362 fuisse
1830 1323 1925 1363 co-

334 1403 902 1473 gnascimus,quanto
940 1402 1119 1458 minus
1171 1401 1434 1471 probabili
1485 1401 1552 1456 ad
1599 1399 1923 1470 religionem

336 1494 608 1564 principia
642 1493 890 1548 videmur
918 1492 1100 1559 inniti,
1127 1501 1280 1548 tanto
1328 1494 1512 1548 acrius
1556 1494 1924 1563 nosmetipsos

334 1591 401 1644 ad
445 1590 731 1646 meliorem
783 1589 944 1644 tinem
995 1588 1224 1658 spiritali
1259 1588 1474 1644 fervore
1513 1587 1740 1644 incitare
1767 1602 1923 1644 cure-

337 1697 481 1736 mus.
509 1679 820 1738 Secundam
850 1695 1067 1751 quoque
1093 1695 1311 1736 causam
1361 1682 1517 1736 trinae
1564 1680 1922 1737 abrenuntia-

336 1775 502 1830 tianis
545 1774 876 1830 omnimodis
923 1789 1088 1830 nosse
1141 1789 1242 1829 nos
1281 1774 1564 1841 convenit,
1593 1776 1721 1844 quia
1773 1773 1922 1828 nullo

2036 567 2160 622 ham
2191 584 2323 624 voce
2371 571 2662 636 Dominica,
2699 575 2766 629 de
2794 577 3016 643 genitali
3060 580 3201 647 sola,
3235 591 3290 636 et
3319 583 3484 638 totius
3513 599 3613 639 co—

2033 661 2302 729 gnationis
2332 661 2641 728 aﬂectibus,
2671 667 2944 738 patrisque
2974 669 3134 725 domo
3164 672 3392 742 legimus
3419 689 3614 729 evoca-

2033 763 2171 821 tum,
2202 755 2415 812 dicente
2447 758 2713 817 Domino:
2746 761 2846 816 Exi
2877 763 2942 816 de
2967 773 3102 817 terra
3131 775 3241 832 tua,
3263 778 3309 821 et
3335 768 3398 822 de
3421 785 3612 841 cogna-

2029 848 2168 902 tione
2196 859 2307 912 tua,
2338 859 2387 903 et
2433 851 2495 903 de
2542 851 2692 906 domo
2749 855 2908 922 patris
2949 858 3026 909 tui
3055 855 3219 922 (Gen.
3256 859 3375 928 xtt).
3407 859 3435 898 δ
3486 861 3606 928 Qua

2031 940 2195 994 etiam
2238 941 2401 995 modo
2442 942 2658 998 beatum
2684 945 2975 1000 Antonium
3006 949 3235 1003 accitum
3265 964 3385 1005 esse
3407 966 3596 1021 cogna

2031 1032 2242 1098 vimus,
2293 1036 2381 1104 qui
2432 1037 2776 1090 occasionem
2827 1052 2939 1092 suae
2992 1040 3367 1094 conversionis
3413 1055 3444 1096 a
3491 1041 3609 1096 sala

2034 1125 2325 1179 Divinitnte
2373 1126 2628 1194 percepit.
2688 1127 2968 1197 Ingressus
3012 1145 3244 1200 namque
3294 1131 3607 1197 ecclesiam,

2029 1215 2213 1285 ibique
2232 1216 2456 1270 audiens
2485 1217 2538 1270 in
2560 1217 2852 1288 Evangelia
2875 1219 3162 1274 Dominum
3187 1221 3607 1289 praedicantem:

2031 1308 2134 1373 Qui
2161 1324 2263 1361 non
2303 1310 2412 1362 odit
2442 1317 2663 1380 patrem,
2695 1320 2742 1364 et
2771 1319 3008 1376 matrem,
3033 1322 3080 1365 et
3101 1312 3263 1381 ﬁlios,
3293 1324 3343 1367 et
3369 1330 3606 1384 uxorem,

2027 1406 2076 1450 et
2106 1414 2280 1467 agros,
2323 1399 2530 1468 insuper
2557 1410 2604 1452 et
2645 1400 2871 1454 animam
2918 1419 3087 1467 suam,
3118 1420 3219 1458 non
3257 1416 3422 1477 potest
3463 1424 3608 1461 meus

2027 1508 2138 1546 esse
2167 1492 2455 1563 discipulus
2479 1493 2672 1561 (Luca:
2702 1494 2837 1566 xlv);
2871 1503 2946 1561 et,
2977 1497 3037 1550 Si
3069 1497 3143 1550 uis
3191 1500 3446 1570 perfectus
3476 1516 3601 1560 esse,

1991 1608 2000 1616 -
2025 1584 2175 1648 uade,
2206 1593 2253 1636 et
2285 1584 2446 1636 vende
2461 1599 2573 1653 quia
2597 1583 2774 1650 habes,
2797 1593 2849 1638 et
2875 1585 2944 1638 da
2972 1589 3300 1656 pauperibus,
3325 1598 3374 1643 et
3397 1587 3608 1643 habebis

2027 1673 2325 1729 thesaurum
2363 1675 2418 1728 in
2444 1673 2592 1740 caelo,
2621 1685 2667 1728 et
2698 1677 2833 1741 veni,
2857 1693 3069 1748 sequere
3101 1694 3184 1732 me
3209 1678 3425 1746 (Matth.
3460 1680 3604 1752 xrx);

2026 1777 2355 1837 praeceptum
2391 1769 2494 1824 bac
2529 1768 2743 1825 Domini
2773 1772 2919 1826 velut
2949 1771 3256 1840 specialiter
3282 1774 3347 1828 ad
3377 1789 3436 1830 se
3462 1776 3609 1830 dire-

333 1868 497 1923 modo
526 1868 916 1939 perfectionem
945 1869 1243 1938 poterimus
1270 1867 1562 1938 attingere,
1589 1867 1634 1921 si
1680 1881 1799 1921 eam
1833 1867 1920 1921 vel
1949 1866 1998 1926 Β
2025 1868 2169 1914 ctum
2224 1874 2346 1913 cum
2394 1875 2605 1914 summa
2647 1862 2829 1918 cordis
2870 1866 3285 1932 compunctione
3327 1867 3605 1934 suscepit,

333 1959 804 2032 ignoraverimus,
852 1959 941 2016 vel
1006 1961 1240 2016 scientes
1306 1976 1418 2016 non
1477 1960 1918 2017 contenderimus

333 2067 500 2124 opere
527 2067 930 2110 consummare.

960 2144 1191 2204 CAPUT
1229 2145 1313 2202 IV.

709 2237 986 2304 Expositio
1013 2242 1170 2294 trium
1216 2241 1553 2297 vacationum.

405 2329 477 2386 Ut
506 2328 672 2398 igitur
703 2339 732 2368 ι
758 2339 870 2385 tres
899 2330 956 2385 hi
982 2326 1328 2386 vacationum
1379 2333 1521 2387 modi
1567 2333 1787 2403 speciali
1827 2333 1914 2389 di-

332 2421 625 2477 stinctione
665 2422 994 2492 pandantur,
1025 2425 1232 2494 primus
1263 2441 1330 2481 ex
1373 2426 1486 2482 Deo
1506 2436 1611 2494 est,
1640 2429 1914 2484 secundus

333 2527 431 2582 per
455 2513 749 2580 hominem,
767 2514 958 2570 tertius
983 2531 1050 2571 ex
1076 2517 1425 2575 necessitate.
1451 2519 1527 2573 Ex
1557 2519 1668 2575 Deo
1693 2521 1910 2591 quidem

332 2615 437 2670 est,
461 2605 676 2675 quoties
706 2607 988 2676 inspiratio
1014 2609 1260 2678 quaedam
1293 2610 1536 2665 immissa
1563 2612 1618 2666 in
1660 2627 1756 2667 car
1782 2629 1912 2669 nos-

332 2707 472 2752 trum
503 2714 909 2771 nonnumquam
939 2702 1104 2758 etiam
1127 2702 1462 2760 dormientes
1493 2720 1590 2760 nos
1613 2707 1680 2760 ad
1705 2707 1917 2764 deside-

333 2791 474 2846 rium
522 2801 743 2848 teternte
781 2793 906 2848 vita:
955 2808 1020 2850 ac
1048 2795 1238 2851 salutis
1285 2799 1606 2865 exsuscitat,
1637 2799 1915 2871 Deumque

328 2890 484 2957 sequi
511 2899 566 2944 et
591 2888 711 2959 ejus
751 2889 1019 2946 inhaerere
1043 2890 1337 2961 praeceptis
1377 2893 1799 2962 compunctione
1825 2908 1917 2949 sa-

2029 1949 2428 2018 canfestimque
2467 1953 2786 2008 renuntiatis
2814 1955 3046 2022 cunctis,
3077 1964 3294 2011 secutus
3321 1967 3408 2012 est
3450 1955 3607 2011 Chri-

2027 2055 2197 2110 stum,
2230 2047 2378 2100 nulla
2416 2045 2797 2104 exhortatione
2828 2064 3004 2118 neque
3042 2049 3288 2105 doctrina
3321 2049 3605 2105 hominum

2027 2149 2370 2202 provocatus.
2424 2140 2706 2195 Secundus
2740 2142 3038 2197 vacationis
3076 2141 3268 2198 modus
3311 2153 3395 2198 est
3444 2158 3604 2213 quem

2026 2229 2144 2285 ﬂeri
2195 2245 2293 2300 per
2341 2230 2615 2286 hominem
2668 2232 2930 2298 diximus,
2964 2248 3086 2288 cunt
3141 2235 3226 2288 vel
3275 2244 3297 2272 ε
3343 2234 3606 2302 exemplis

2025 2325 2381 2394 quorumdam
2442 2337 2774 2391 sanctarum,
2820 2329 2903 2382 vel
2955 2327 3173 2382 monitis
3225 2327 3487 2398 instigati,
3535 2327 3605 2382 ad

2024 2418 2354 2476 desiderium
2377 2421 2569 2476 salutis
2593 2421 2960 2476 accendimur.
2988 2422 3107 2487 Quo
3140 2436 3242 2476 nos
3267 2436 3484 2490 quoque
3508 2435 3604 2490 per

2022 2515 2249 2584 gratiam
2282 2515 2494 2569 Domini
2527 2515 2824 2570 retinemus
2863 2513 3084 2581 ascitas,
3109 2514 3199 2583 qui
3233 2511 3478 2583 praedicti
3501 2511 3603 2566 viri

2022 2607 2245 2662 monitis
2275 2622 2338 2661 ac
2365 2608 2659 2663 virtutibus
2685 2608 2895 2662 incitari
2940 2606 3064 2662 huic
3107 2619 3208 2660 nos
3251 2604 3432 2660 studia
3476 2619 3602 2673 pro-

2020 2701 2359 2774 fessionique
2390 2703 2746 2768 tradidimus;
2775 2719 2882 2774 quo
2911 2702 3105 2758 ordine
3131 2701 3299 2756 etiam
3337 2701 3392 2755 in
3421 2700 3603 2770 Scrip-

2021 2799 2157 2856 turis
2185 2800 2390 2854 sanctis
2428 2815 2526 2869 per
2572 2799 2759 2854 Mosen
2807 2797 2948 2853 illias
2993 2796 3162 2852 Israel
3210 2794 3280 2850 de
3307 2794 3602 2849 alllictione

2019 2891 2240 2964 Egypti
2290 2894 2516 2963 legimus
2568 2892 2830 2947 liberatos
2881 2888 3091 2961 (Exod.
3137 2883 3340 2957 xtv).‘l
3387 2885 3602 2942 Tertius

1390 3008 1648 3065 ALARDI
1685 3011 1917 3069 ϐΑΖᾹΞί
1955 3009 2526 3068 COMMENTARIUS.

329 3108 436 3164 est,
465 3115 565 3170 qua
595 3101 918 3157 vocabulum
962 3101 1208 3158 Gracum
1257 3104 1648 3159 ἁποτὰσσισοαι
1709 3104 1916 3162 Graecis

327 3170 582 3244 Patribus
605 3171 866 3243 Dionysio
893 3174 1120 3240 Areap.,
1154 3173 1376 3239 Basilio,
1409 3173 1614 3244 (Iyrillo
1644 3190 1659 3238 ;
1684 3184 1743 3229 ut
1770 3177 1913 3232 idem

330 3243 510 3315 situac
540 3252 843 3297 extremum
889 3245 1216 3307 valedicere,
1244 3254 1336 3298 aut
1368 3243 1586 3312 penitus
1611 3246 1909 3315 dimittere,

327 3311 587 3385 abjicere,
637 3315 914 3385 abdicare.
962 3315 1185 3385 Mutuati
1237 3311 1419 3371 autem
1464 3315 1718 3385 videntur
1773 3311 1985 3385 hancC

327 3382 616 3438 locutionis
639 3384 928 3440 formulam
959 3394 1071 3440 tum
1099 3384 1296 3453 Graeci,
1327 3396 1438 3441 tum
1479 3383 1656 3440 Latini
1699 3386 1906 3455 Patres,

333 3469 442 3507 non
467 3470 530 3508 ex
555 3456 802 3510 lormulis
826 3456 1344 3524 jureconsultorum,
1368 3466 1426 3510 ut
1453 3457 1696 3510 nonnulli
1722 3459 1912 3514 existi-

327 3534 500 3592 mant,
535 3526 677 3595 apud
714 3541 852 3596 quas
877 3527 1205 3582 renuntiatio
1235 3527 1377 3582 idem
1406 3527 1549 3597 quod
1575 3529 1773 3592 cessio,
1815 3541 1910 3584 aut

329 3597 600 3650 recusatio
631 3598 712 3652 rei
738 3613 858 3664 qua:
887 3597 940 3652 in
980 3607 1193 3668 pactum
1224 3609 1316 3652 aut
1345 3599 1762 3668 promissionem
1812 3616 1904 3656 ve-

332 3676 525 3738 nerat;
554 3668 647 3721 sed
673 3669 850 3737 patius
862 3669 1036 3723 exillo
1057 3667 1218 3724 Luca:
1238 3667 1448 3724 decimo
1476 3681 1669 3738 quarto
1693 3668 1906 3725 :Omnis

329 3752 394 3810 ea:
417 3737 557 3792 vobis
590 3740 677 3806 qui
705 3755 808 3792 non
835 3741 1095 3794 renuntiat
1124 3739 1357 3793 omnibus
1380 3737 1508 3807 qua!
1526 3740 1770 3810 possidet,
1799 3754 1905 3797 etc.

326 3806 596 3880 Caeterum
627 3809 941 3865 meminisse
969 3821 1202 3880 aportet,
1232 3811 1375 3878 quod
1394 3806 1536 3864 alibi
1563 3812 1722 3864 etiam
1753 3821 1908 3866 nota-

325 3878 530 3949 vimus,
563 3880 833 3949 duplicem
863 3895 984 3936 esse
1008 3878 1491 3944 renuntiationem,
1518 3894 1613 3933 seu
1639 3881 1910 3936 abrenun-

327 3948 632 4015 tiationem,
661 3952 887 4006 alteram
916 3966 1256 4006 communem
1283 3952 1533 4006 omnibus
1561 3949 1904 4018 Christianis,

323 4022 528 4093 quaelit
561 4023 610 4076 in
643 4023 932 4093 baptismo,
975 4026 1042 4075 de
1069 4037 1172 4092 qua
1197 4023 1352 4077 divus
1381 4022 1652 4086 Clemens,
1685 4031 1741 4076 et
1776 4024 1906 4078 Am-

323 4089 542 4163 brosius
590 4093 680 4146 ubi
714 4089 917 4160 supra,
967 4089 1257 4163 Dionysius
1326 4094 1645 4162 Areopagita
1695 4093 1902 4163 Eccles.

323 4159 609 4233 Hic-rarclt.
658 4159 838 4233 capite
881 4165 943 4229 1,
987 4159 1349 4220 Τετιίιιιίθιιυε
1398 4159 1647 4233 ιὶιιηίόθ
1692 4162 1905 4219 Corona

319 4232 514 4306 militis
535 4248 654 4300 cap.
672 4232 1052 4306 5,Cyprianns
1074 4238 1231 4304 epist.
1263 4237 1294 4290 7
1317 4244 1372 4289 et
1393 4232 1482 4296 54,
1504 4246 1558 4288 et
1586 4237 1674 4288 alii
1695 4237 1901 4306 Patres;

320 4302 552 4357 alteram
599 4302 968 4373 apostolorum
1000 4317 1054 4360 et
1094 4302 1482 4361 monachorum
1531 4305 1802 4373 propriam
1853 4317 1908 4362 et

321 4377 680 4448 peculiarem,
705 4377 773 4431 de
799 4391 903 4445 qua
931 4375 1020 4431 hic
1045 4379 1242 4448 agitur,
1267 4379 1422 4444 cujus
1450 4384 1560 4430 tres
1590 4387 1769 4442 partes
1791 4378 1906 4434 sive

318 4447 521 4517 gradus
553 4447 602 4499 in
632 4446 735 4501 hac
762 4448 1050 4502 collatione
1078 4446 1438 4517 explicantur.

394 4525 420 4552 ⁸
459 4514 602 4570 Idem
641 4518 764 4570 aliis
798 4520 980 4572 verbis
1016 4517 1078 4571 D.
1115 4514 1422 4573 Bernardus
1470 4518 1520 4570 in
1564 4518 1853 4571 sententiis
1886 4537 1899 4572 :

327 4583 657 4651 I’ocationes,
697 4589 792 4653 ait,
850 4600 949 4642 tres
998 4598 1140 4653 sunt,
1173 4589 1370 4650 divina,
1402 4589 1531 4642 sicut
1583 4589 1636 4640 in
1693 4587 1904 4656 Paulo;

319 4657 572 4730 humana,
599 4659 652 4711 in
683 4660 907 4729 quinque
933 4660 1157 4713 millibus
1197 4661 1450 4714 conversis
1478 4659 1547 4730 ad
1574 4674 1744 4730 vocem
1777 4676 1900 4730 apo-

314 4727 612 4799 stolorum;
644 4727 954 4795 necessaria,
979 4731 1032 4782 in
1060 4732 1224 4799 primo
1254 4733 1462 4785 eremita
1488 4728 1677 4784 Paulo.

388 4797 415 4836 δ
449 4799 503 4853 Id
539 4810 655 4865 est,
686 4799 946 4854 divinitus
986 4797 1257 4856 vocatum.
1292 4802 1381 4858 Sic
1419 4802 1564 4855 enim
1608 4811 1663 4854 et
1707 4799 1898 4856 iisdem

315 4883 460 4938 pene
492 4872 674 4925 verbis
705 4869 874 4925 refert
900 4869 1222 4926 Athanasius
1255 4873 1305 4925 in
1339 4871 1456 4940 ejus
1488 4872 1626 4925 Vita.

391 4950 414 4978 ε
446 4941 560 4994 Hoc
579 4941 738 4994 modo
763 4943 942 4995 vocati
968 4950 1022 4995 et
1049 4942 1116 4996 ad
1138 4941 1462 4997 desiderium
1487 4942 1676 4996 salutis
1697 4951 1753 4998 et
1771 4958 1895 5008 per-

312 5009 572 5082 fectionis
603 5012 817 5066 accensi
845 5011 952 5066 duo
984 5011 1060 5066 illi
1087 5015 1284 5068 milites
1312 5028 1448 5082 quos
1473 5013 1536 5067 D.
1572 5015 1896 5081 Augustinus

310 5079 460 5149 (Lib.
513 5086 606 5136 Vm
659 5083 867 5151 Confes.
919 5099 1034 5153 cap.
1072 5084 1105 5137 6
1139 5092 1186 5136 et
1231 5079 1364 5153 seq.)
1401 5079 1792 5138 commemorat
1829 5101 1895 5139 ex

305 5153 436 5207 aula
492 5154 841 5223 imperatoris
885 5152 1198 5218 Theodosii,
1251 5152 1372 5208 cum
1420 5155 1472 5208 in
1529 5153 1700 5207 Vitam
1751 5155 1892 5210 beati

306 5219 531 5278 Antonii
565 5219 824 5293 scriptam
849 5225 1345 5295 incidissent,inter
1378 5225 1662 5295 legendum
1685 5227 1891 5294 cuspis-

308 5309 370 5348 se
430 5295 642 5361 mirari,
677 5304 735 5349 et
779 5294 1034 5358 accendi;
1071 5294 1304 5365 denique
1354 5294 1446 5350 ita
1484 5296 1775 5358 exarsisse,
1832 5305 1891 5350 ut

305 5365 475 5419 ambo
518 5369 570 5418 in
602 5365 794 5420 eodem
827 5365 946 5420 loco
977 5365 1030 5420 in
1071 5380 1178 5434 quo
1226 5369 1602 5427 constiterant,
1641 5367 1887 5422 saeculari

303 5435 504 5490 militia
536 5436 746 5504 relicta,
775 5451 966 5490 novam
1010 5437 1258 5491 militiam
1287 5438 1339 5491 in
1379 5437 1473 5491 Dei
1504 5437 1762 5490 famulatu
1789 5452 1887 5490 ex-

301 5507 417 5560 orsi
476 5507 604 5561 sint.
640 5506 796 5573 Quod
829 5506 1026 5561 factum
1076 5521 1196 5560 cum
1231 5509 1281 5561 in
1333 5523 1589 5562 sermone
1638 5508 1885 5564 familiari

299 5575 611 5632 Potitianus
639 5580 943 5647 Augustino
973 5591 1304 5640 enarrasset,
1336 5580 1607 5647 simulque
1636 5580 1883 5642 Antonii,

294 5650 461 5717 cujus
497 5649 673 5703 adhuc
709 5651 760 5704 ei
792 5663 989 5703 nomen
1036 5650 1279 5717 ignotum
1313 5648 1507 5712 fuerat,
1539 5649 1803 5713 instituta,
1831 5660 1886 5704 et

291 5716 682 5788 Egyptiorum
713 5716 1163 5774 monasteriorum
1194 5735 1406 5790 greges,
1440 5734 1504 5773 ac
1534 5735 1710 5773 mores
1734 5720 1880 5784 illos,
1929 5767 1941 5780 .

289 5799 361 5842 ut
391 5792 512 5858 ipse
545 5790 642 5856 ait,
669 5791 1053 5845 snavealentiac
1100 5791 1196 5844 Dei
1240 5792 1459 5845 uberius
1503 5791 1877 5859 exposuisset;

287 5870 488 5916 tantos
520 5877 582 5917 ea
615 5876 698 5918 res
748 5861 1038 5931 igniculos,
1063 5862 1148 5917 vel
1179 5860 1327 5917 faces
1369 5861 1565 5931 potius,
1592 5862 1876 5930 Augustini

2025 3106 2226 3174 pectori
2255 3106 2508 3175 subjecit,
2542 3117 2596 3160 ut
2619 3119 2907 3174 numquam
2930 3103 3130 3175 animo,
3147 3117 3434 3173 numquam
3466 3117 3601 3156 con-

2023 3176 2248 3231 scientia
2293 3174 2678 3244 conquiescere
2720 3174 3196 3246 patuerit,_donec
3237 3177 3349 3242 ipse
3387 3187 3600 3243 quoque

2021 3249 2222 3302 saeculo
2250 3248 2557 3302 renuntiare
2583 3260 2636 3302 et
2661 3244 2870 3302 ctelesti
2895 3244 3022 3300 vitae
3050 3245 3318 3300 iubati-are
3345 3246 3600 3298 decreve-

2015 3318 2106 3372 rit.
2135 3316 2215 3374 Ita
2245 3317 2467 3372 Antonii
2494 3319 2802 3387 exemplum
2826 3317 2968 3370 duos
2992 3316 3116 3387 illos
3143 3316 3367 3378 milites,
3391 3319 3599 3370 utrius-

2013 3405 2119 3458 que
2148 3405 2279 3444 vero
2313 3386 2703 3458 Augustinum,
2737 3386 3024 3458 Augustini
3056 3386 3183 3440 item
3227 3387 3427 3440 multos
3463 3387 3598 3441 alios

2013 3460 2078 3513 ad
2110 3463 2335 3514 salutem
2365 3461 2648 3528 pertraxit.

2081 3529 2109 3566 ά
2142 3530 2308 3597 llujus
2348 3525 2650 3584 vocationis
2671 3528 2979 3600 exemplum
3010 3536 3167 3600 notat
3183 3525 3251 3600 D_.
3284 3526 3592 3600 Bernartius

2013 3599 2069 3654 in
2098 3596 2270 3655 Paulo
2299 3604 2472 3669 prima
2509 3601 2735 3656 eremita
2771 3618 2785 3652 :
2815 3596 2972 3668 quem
3007 3597 3208 3669 scribit_
3229 3596 3592 3669 Daliierony-

2014 3687 2134 3741 mus
2173 3667 2310 3726 casu‘
2356 3673 2409 3724 in
2439 3687 2660 3740 specum
2693 3667 3016 3741 ingressum.
3044 3684 3152 3735 quo
3182 3667 3335 3741 Decii
3361 3677 3430 3741 et
3485 3667 3590 3741 Va-

2012 3739 2203 3796 leriani
2233 3736 2493 3796 saevitiam
2530 3736 2774 3812 fugeret:
2789 3755 2917 3812 cunt
2943 3737 3270 3812 aliquamdiu
3302 3736 3372 3791 ibi
3403 3738 3589 3812 latuisf

2011 3821 2116 3874 set,
2160 3813 2390 3878 cmpisse
2433 3807 2611 3866 etiant'
2661 3808 2922 3866 delectari
2972 3807 3296 3878 solitudine;
3341 3817 3394 3861 et
3445 3811 3589 3878 quod

2010 3885 2162 3950 prius
2192 3877 2536 3948 necessitate,
2566 3882 2821 3949 deinceps
2856 3881 3131 3933 voluntate
3176 3877 3589 3950 fecissetidque

2013 3947 2121 4024 tota
2146 3954 2248 4006 vita
2277 3953 2534 4009 tenuisse.
2555 3952 2715 4024 (Vide
2735 3947 2890 4022 supra
2914 3950 3134 4024 Hieron.
3151 3951 3204 4002 in
3243 3947 3358 4024 Vita
3383 3948 3590 4024 Pauli.)

2011 4023 2238 4078 Arsenio
2269 4025 2454 4078 itidem
2484 4020 2602 4078 viro
2632 4020 2820 4078 sancto
2843 4020 3058 4076 Arcadii
3101 4020 3178 4074 ira
3204 4020 3590 4086 adolescentis,

2010 4109 2171 4163 quem
2213 4096 2545 4160 instituebat,
2576 4109 2791 4148 causam
2841 4091 3072 4162 praabuit
3117 4101 3175 4144 ut
3219 4092 3475 4146 saeculum
3506 4091 3590 4146 fu-

2008 4162 2161 4233 giens
2190 4174 2358 4220 totum
2387 4179 2445 4219 se
2468 4166 2559 4221 Dei
2581 4164 2842 4233 obsequio
2864 4173 3242 4224 consecraret;
3266 4177 3432 4225 quare
3459 4162 3588 4217 dum

2011 4238 2251 4306 corporis
2283 4237 2442 4290 saluti
2470 4238 2725 4303 consulit,
2750 4237 2943 4288 anima:
2968 4234 3196 4306 salutem
3235 4233 3404 4286 multa
3433 4245 3585 4302 apta-

2009 4304 2258 4361 biltorem
2304 4309 2524 4362 invenit.
2558 4308 2710 4363 Alter
2759 4307 2919 4361 etiam
2970 4304 3582 4372 Paulus,cognomento

2011 4377 2273 4446 Simplex,
2323 4377 2433 4445 qui,
2494 4393 2662 4432 uxore
2709 4379 2761 4430 in
2820 4375 3086 4430 adulterio
3138 4374 3497 4446 deprehensa,
3531 4385 3585 4429 ct

2008 4445 2154 4502 illam
2204 4459 2259 4503 et
2302 4449 2518 4503 domum
2575 4450 2910 4516 relinquens,
2943 4456 3088 4500 recta
3137 4461 3196 4500 se
3243 4445 3307 4516 ad
3365 4448 3582 4498 Antonii

2007 4519 2247 4573 scholam
2271 4519 2521 4582 contulit,
2555 4519 2606 4570 in
2638 4515 2741 4587 qua
2773 4517 2839 4570 ad
2881 4531 3107 4569 summa:
3133 4515 3434 4569 sanctitatis
3460 4531 3583 4579 per-

2006 4589 2291 4642 fectionem
2327 4590 2647 4643 brevissima
2685 4598 2930 4654 tempore
2961 4601 3276 4653 progressus
3305 4596 3409 4640 est.
3448 4587 3579 4640 Illud

2007 4669 2188 4713 autem
2223 4659 2616 4725 admirabilius,
2652 4657 2791 4726 quod
2821 4655 2889 4710 de
2919 4655 3114 4710 abbate
3145 4657 3311 4710 Mutio
3351 4658 3581 4710 sanctis-

1928 4705 1983 4766 Β
2009 4729 2149 4782 sima
2179 4741 2233 4784 et
2258 4705 2616 4784 celeberrimo
2643 4705 2758 4783 v'iro
2787 4727 3005 4796 legitur,
3035 4741 3155 4780 cum
3176 4727 3389 4794 gentilis
3411 4735 3575 4792 esset,

2009 4808 2064 4854 et
2093 4800 2251 4868 latro,
2278 4811 2331 4854 et
2359 4801 2424 4853 ad
2450 4800 2714 4870 virginum
2743 4798 3093 4870 quarumdam
3123 4797 3430 4851 coenobium
3454 4812 3581 4864 spo-

2011 4866 2247 4925 liandum
2275 4873 2326 4925 in
2359 4866 2557 4926 teetqu
2602 4866 2955 4930 ascendisset,
2987 4866 3040 4921 in
3070 4867 3185 4933 ipso
3222 4877 3364 4920 tecto
3387 4883 3581 4920 conso-

2009 4940 2202 5010 pitum,
2233 4943 2433 4998 vidisse
2476 4957 2659 5010 regem
2701 4941 3010 5010 quemdam,
3040 4954 3069 4991 a
3110 4938 3581 5010 quo‘tnonebatur

2006 5007 2059 5064 ut
2084 5013 2296 5067 tandem
2325 5028 2355 5066 a
2386 5007 2684 5068 sceleribus
2711 5007 3028 5066 desisteret:
3055 5024 3160 5079 quo
3191 5007 3279 5061 ille
3307 5019 3580 5074 permotus

2008 5082 2332 5151 baptismum
2369 5084 2535 5148 illico,
2593 5082 2789 5136 deinde
2820 5081 2980 5135 etiam
3025 5080 3376 5133 monasticam
3411 5079 3578 5131 vitam

2005 5159 2263 5222 suscepit,
2299 5154 2350 5208 iu
2380 5170 2484 5225 qua
2521 5162 2722 5208 tantam
2755 5153 2984 5225 adeptus
3011 5162 3092 5204 est
3127 5158 3493 5225 sanctitatem,
3521 5159 3580 5202 ut

2002 5219 2200 5290 prteter
2241 5219 2344 5278 alia
2398 5219 2652 5279 miracula
2675 5267 2687 5287 ,
2715 5225 2884 5278 solem
2917 5222 3076 5274 etiam
3124 5219 3579 5290 tamquattt_alter

1998 5287 2162 5351 Josue
2188 5308 2332 5351 stare
2355 5297 2594 5365 jusserit.
2615 5295 2802 5351 Simile
2823 5293 3124 5360 exemplum
3144 5287 3579 5365 _b_l_oysis__Atlt_h_iof

1998 5366 2082 5434 pis
2134 5367 2300 5421 babes
2350 5359 2573 5421 inferius
2623 5373 3100 5421 commemoratum
3135 5359 3290 5430 (Cap.
3322 5359 3576 5434 5),_:tliud

1996 5431 2136 5509 item
2164 5438 2374 5508 Evagrii
2406 5439 2545 5509 apud
2587 5437 2945 5509 Sozomenum
2994 5434 3087 5509 lib.
3127 5448 3180 5509 vt
3225 5445 3344 5509 cap.
3522 5439 3577 5484 et

1994 5508 2141 5578 aliud
2192 5501 2360 5578 magis
2408 5501 2654 5563 mirabile
2701 5507 2849 5578 apud
2893 5503 3252 5578 Saphraniutn
3291 5501 3574 5578 _in_l’raot

1993 5577 2234 5648 Spiritali
2281 5570 2408 5648 vcap.
2444 5583 2530 5633 78.
2563 5570 2750 5648 (Apud
2793 5575 3088 5648 Metaphra.
3127 5576 3168 5648 8_
3188 5570 3569 5648 (MaiilBttron.

1987 5643 2112 5702 tom.
2157 5651 2222 5704 IV
2265 5643 2370 5704 an:
2397 5649 2524 5706 585.
2572 5643 2849 5702 Palladius
2885 5646 3094 5698 Lausia.
3141 5645 3235 5708 28,
3277 5643 3567 5710 Nicephor.

1984 5719 2023 5790 l.
2061 5737 2151 5774 νιιι
2203 5739 2317 5790 cap.
2362 5722 2453 5784 40,
2498 5718 2769 5774 Cassiodo.
2799 5717 3002 5790 Histor.
3037 5714 3179 5787 Trip.
3211 5713 3250 5771 Ι.
3275 5730 3294 5770 ι
3320 5729 3437 5784 cap.
3474 5711 3564 5782 Η,

1982 5789 2132 5845 Pctr.
2158 5794 2212 5846 in
2243 5787 2475 5864 Catalog.
2509 5790 2548 5843 ι.
2583 5807 2613 5843 v
2639 5806 2753 5859 cap.
2785 5787 2903 5861 48.)
