  <div class='ocr_page' id='page_1' title='image "/cluster/home/n/w/nwhite01/storage/ocr_20150623/49/hvd.32044015471543/289.png"; bbox 0 0 3966 6326; ppageno 0'>
   <div class='ocr_carea' id='block_1_1' title="bbox 498 307 604 371">
    <p class='ocr_par' dir='ltr' id='par_1_1' title="bbox 498 307 604 371">
     <span class='ocr_line' id='line_1_1' title="bbox 498 307 604 371; baseline 0 -1"><span class='ocrx_word' id='word_1_1' title='bbox 498 307 604 371; x_wconf 75' lang='lat'><strong>565</strong></span> 
     </span>
    </p>
   </div>
   <div class='ocr_carea' id='block_1_2' title="bbox 1559 299 3721 367">
    <p class='ocr_par' dir='ltr' id='par_1_2' title="bbox 1559 299 3721 367">
     <span class='ocr_line' id='line_1_2' title="bbox 1559 299 3721 367; baseline -0.009 -2"><span class='ocrx_word' id='word_1_2' title='bbox 1559 305 1831 365; x_wconf 75' lang='lat' dir='ltr'><strong>JOANNIS</strong></span> <span class='ocrx_word' id='word_1_3' title='bbox 1869 302 2177 362; x_wconf 63' lang='lat' dir='ltr'><strong>cassum</strong></span> <span class='ocrx_word' id='word_1_4' title='bbox 2213 299 2702 358; x_wconf 79' lang='lat' dir='ltr'><strong>COLLATIONES.</strong></span> <span class='ocrx_word' id='word_1_5' title='bbox 3631 308 3721 367; x_wconf 61' lang='grc' dir='ltr'><strong>δα</strong></span> 
     </span>
    </p>
   </div>
   <div class='ocr_carea' id='block_1_3' title="bbox 501 391 3725 492">
    <p class='ocr_par' dir='ltr' id='par_1_3' title="bbox 501 391 3725 492">
     <span class='ocr_line' id='line_1_3' title="bbox 501 391 3725 492; baseline -0.003 -8"><span class='ocrx_word' id='word_1_6' title='bbox 501 443 632 484; x_wconf 91' lang='lat' dir='ltr'><strong>vero</strong></span> <span class='ocrx_word' id='word_1_7' title='bbox 676 426 979 484; x_wconf 85' lang='lat' dir='ltr'><strong>vocationis</strong></span> <span class='ocrx_word' id='word_1_8' title='bbox 1023 422 1216 483; x_wconf 82' lang='lat' dir='ltr'><strong>modus</strong></span> <span class='ocrx_word' id='word_1_9' title='bbox 1257 429 1360 486; x_wconf 89' lang='lat' dir='ltr'><strong>est,</strong></span> <span class='ocrx_word' id='word_1_10' title='bbox 1385 419 1476 492; x_wconf 88' lang='lat' dir='ltr'><strong>qui</strong></span> <span class='ocrx_word' id='word_1_11' title='bbox 1507 432 1579 475; x_wconf 78' lang='lat' dir='ltr'><strong>ex</strong></span> <span class='ocrx_word' id='word_1_12' title='bbox 1632 419 1957 473; x_wconf 71' lang='lat' dir='ltr'><strong>necessitate</strong></span> <span class='ocrx_word' id='word_1_13' title='bbox 1987 429 2084 471; x_wconf 90' lang='lat' dir='ltr'><strong>ae-</strong></span> <span class='ocrx_word' id='word_1_14' title='bbox 2108 422 2163 480; x_wconf 73' lang='grc' dir='ltr'><strong>Α</strong></span> <span class='ocrx_word' id='word_1_15' title='bbox 2187 421 2500 467; x_wconf 86' lang='lat' dir='ltr'><strong>terminare.</strong></span> <span class='ocrx_word' id='word_1_16' title='bbox 2533 417 2644 465; x_wconf 73' lang='lat' dir='ltr'><strong>Nec</strong></span> <span class='ocrx_word' id='word_1_17' title='bbox 2696 407 2841 464; x_wconf 90' lang='lat' dir='ltr'><strong>enim</strong></span> <span class='ocrx_word' id='word_1_18' title='bbox 2865 405 2894 448; x_wconf 66' lang='grc' dir='ltr'><strong>ιτ</strong></span> <span class='ocrx_word' id='word_1_19' title='bbox 2926 405 3107 463; x_wconf 89' lang='lat' dir='ltr'><strong>abbati</strong></span> <span class='ocrx_word' id='word_1_20' title='bbox 3160 407 3308 476; x_wconf 75' lang='lat' dir='ltr'><strong>Mosi,</strong></span> <span class='ocrx_word' id='word_1_21' title='bbox 3362 411 3450 482; x_wconf 91' lang='lat' dir='ltr'><strong>qui</strong></span> <span class='ocrx_word' id='word_1_22' title='bbox 3493 391 3725 474; x_wconf 77' lang='lat' dir='ltr'><strong>habitavit</strong></span> 
     </span>
    </p>
   </div>
   <div class='ocr_carea' id='block_1_4' title="bbox 500 507 2080 588">
    <p class='ocr_par' dir='ltr' id='par_1_4' title="bbox 500 507 2080 588">
     <span class='ocr_line' id='line_1_4' title="bbox 500 507 2080 588; baseline -0.009 -13"><span class='ocrx_word' id='word_1_23' title='bbox 500 519 736 588; x_wconf 89' lang='lat' dir='ltr'><strong>scendit,</strong></span> <span class='ocrx_word' id='word_1_24' title='bbox 770 535 894 577; x_wconf 90' lang='lat' dir='ltr'><strong>cum</strong></span> <span class='ocrx_word' id='word_1_25' title='bbox 924 518 1132 574; x_wconf 75' lang='lat' dir='ltr'><strong>divitiis</strong></span> <span class='ocrx_word' id='word_1_26' title='bbox 1168 513 1356 571; x_wconf 91' lang='lat' dir='ltr'><strong>mundi</strong></span> <span class='ocrx_word' id='word_1_27' title='bbox 1387 513 1546 583; x_wconf 87' lang='lat' dir='ltr'><strong>hujus</strong></span> <span class='ocrx_word' id='word_1_28' title='bbox 1581 511 1667 567; x_wconf 89' lang='lat' dir='ltr'><strong>vel</strong></span> <span class='ocrx_word' id='word_1_29' title='bbox 1707 507 2080 580; x_wconf 73' lang='lat' dir='ltr'><strong>voluptatibus</strong></span> 
     </span>
    </p>
   </div>
   <div class='ocr_carea' id='block_1_5' title="bbox 501 604 2081 683">
    <p class='ocr_par' dir='ltr' id='par_1_5' title="bbox 501 604 2081 683">
     <span class='ocr_line' id='line_1_5' title="bbox 501 604 2081 683; baseline -0.008 -15"><span class='ocrx_word' id='word_1_30' title='bbox 501 610 746 683; x_wconf 75' lang='lat' dir='ltr'><strong>obligati,</strong></span> <span class='ocrx_word' id='word_1_31' title='bbox 792 609 1168 682; x_wconf 71' lang='lat' dir='ltr'><strong>ingruentibus</strong></span> <span class='ocrx_word' id='word_1_32' title='bbox 1213 614 1439 676; x_wconf 89' lang='lat' dir='ltr'><strong>repente</strong></span> <span class='ocrx_word' id='word_1_33' title='bbox 1494 604 1909 672; x_wconf 89' lang='lat' dir='ltr'><strong>tentatiouibus,</strong></span> <span class='ocrx_word' id='word_1_34' title='bbox 1957 616 2081 671; x_wconf 75' lang='lat' dir='ltr'><strong>quae</strong></span> 
     </span>
    </p>
   </div>
   <div class='ocr_carea' id='block_1_6' title="bbox 502 696 2082 773">
    <p class='ocr_par' dir='ltr' id='par_1_6' title="bbox 502 696 2082 773">
     <span class='ocr_line' id='line_1_6' title="bbox 502 696 2082 773; baseline -0.005 -15"><span class='ocrx_word' id='word_1_35' title='bbox 502 705 591 761; x_wconf 87' lang='lat' dir='ltr'><strong>vel</strong></span> <span class='ocrx_word' id='word_1_36' title='bbox 637 703 829 760; x_wconf 83' lang='lat' dir='ltr'><strong>mortis</strong></span> <span class='ocrx_word' id='word_1_37' title='bbox 871 703 1107 773; x_wconf 89' lang='lat' dir='ltr'><strong>pericula</strong></span> <span class='ocrx_word' id='word_1_38' title='bbox 1164 701 1570 756; x_wconf 84' lang='lat' dir='ltr'><strong>committantur</strong></span> <span class='ocrx_word' id='word_1_39' title='bbox 1595 739 1611 765; x_wconf 90' lang='lat'><strong>,</strong></span> <span class='ocrx_word' id='word_1_40' title='bbox 1660 698 1746 753; x_wconf 92' lang='lat' dir='ltr'><strong>vel</strong></span> <span class='ocrx_word' id='word_1_41' title='bbox 1787 696 2082 754; x_wconf 87' lang='lat' dir='ltr'><strong>amissione</strong></span> 
     </span>
    </p>
   </div>
   <div class='ocr_carea' id='block_1_7' title="bbox 500 788 2080 863">
    <p class='ocr_par' dir='ltr' id='par_1_7' title="bbox 500 788 2080 863">
     <span class='ocr_line' id='line_1_7' title="bbox 500 788 2080 863; baseline -0.01 -8"><span class='ocrx_word' id='word_1_42' title='bbox 500 799 769 855; x_wconf 84' lang='lat' dir='ltr'><strong>bonorum</strong></span> <span class='ocrx_word' id='word_1_43' title='bbox 805 809 870 849; x_wconf 88' lang='lat' dir='ltr'><strong>ac</strong></span> <span class='ocrx_word' id='word_1_44' title='bbox 900 791 1296 863; x_wconf 83' lang='lat' dir='ltr'><strong>proscriptione</strong></span> <span class='ocrx_word' id='word_1_45' title='bbox 1323 791 1657 862; x_wconf 87' lang='lat' dir='ltr'><strong>percutiunt,</strong></span> <span class='ocrx_word' id='word_1_46' title='bbox 1680 789 1766 845; x_wconf 83' lang='lat' dir='ltr'><strong>vel</strong></span> <span class='ocrx_word' id='word_1_47' title='bbox 1789 788 2080 844; x_wconf 86' lang='lat' dir='ltr'><strong>charorum</strong></span> 
     </span>
    </p>
   </div>
   <div class='ocr_carea' id='block_1_8' title="bbox 501 877 2082 955">
    <p class='ocr_par' dir='ltr' id='par_1_8' title="bbox 501 877 2082 955">
     <span class='ocr_line' id='line_1_8' title="bbox 501 877 2082 955; baseline -0.009 -8"><span class='ocrx_word' id='word_1_48' title='bbox 501 897 681 948; x_wconf 79' lang='lat' dir='ltr'><strong>marte</strong></span> <span class='ocrx_word' id='word_1_49' title='bbox 728 892 1118 955; x_wconf 87' lang='lat' dir='ltr'><strong>compungunt,</strong></span> <span class='ocrx_word' id='word_1_50' title='bbox 1149 883 1218 942; x_wconf 85' lang='lat' dir='ltr'><strong>ad</strong></span> <span class='ocrx_word' id='word_1_51' title='bbox 1256 883 1546 939; x_wconf 87' lang='lat' dir='ltr'><strong>Dominum</strong></span> <span class='ocrx_word' id='word_1_52' title='bbox 1599 895 1762 952; x_wconf 84' lang='lat' dir='ltr'><strong>quem</strong></span> <span class='ocrx_word' id='word_1_53' title='bbox 1810 878 1964 951; x_wconf 86' lang='lat' dir='ltr'><strong>sequi</strong></span> <span class='ocrx_word' id='word_1_54' title='bbox 2023 877 2082 932; x_wconf 88' lang='lat' dir='ltr'><strong>in</strong></span> 
     </span>
    </p>
   </div>
   <div class='ocr_carea' id='block_1_9' title="bbox 501 971 2081 1050">
    <p class='ocr_par' dir='ltr' id='par_1_9' title="bbox 501 971 2081 1050">
     <span class='ocr_line' id='line_1_9' title="bbox 501 971 2081 1050; baseline -0.008 -12"><span class='ocrx_word' id='word_1_55' title='bbox 501 995 684 1038; x_wconf 86' lang='lat' dir='ltr'><strong>rerum</strong></span> <span class='ocrx_word' id='word_1_56' title='bbox 739 979 1105 1050; x_wconf 81' lang='lat' dir='ltr'><strong>prosperitate</strong></span> <span class='ocrx_word' id='word_1_57' title='bbox 1174 977 1632 1047; x_wconf 76' lang='lat' dir='ltr'><strong>contempsimus,</strong></span> <span class='ocrx_word' id='word_1_58' title='bbox 1681 975 1874 1031; x_wconf 79' lang='lat' dir='ltr'><strong>saltem</strong></span> <span class='ocrx_word' id='word_1_59' title='bbox 1924 971 2081 1028; x_wconf 84' lang='lat' dir='ltr'><strong>inviti</strong></span> 
     </span>
    </p>
   </div>
   <div class='ocr_carea' id='block_1_10' title="bbox 501 1068 2086 1144">
    <p class='ocr_par' dir='ltr' id='par_1_10' title="bbox 501 1068 2086 1144">
     <span class='ocr_line' id='line_1_10' title="bbox 501 1068 2086 1144; baseline -0.004 -16"><span class='ocrx_word' id='word_1_60' title='bbox 501 1087 796 1144; x_wconf 80' lang='lat' dir='ltr'><strong>properare</strong></span> <span class='ocrx_word' id='word_1_61' title='bbox 823 1070 1226 1141; x_wconf 82' lang='lat' dir='ltr'><strong>compellimur.</strong></span> <span class='ocrx_word' id='word_1_62' title='bbox 1258 1069 1432 1138; x_wconf 81' lang='lat' dir='ltr'><strong>Cujus</strong></span> <span class='ocrx_word' id='word_1_63' title='bbox 1461 1069 1765 1126; x_wconf 87' lang='lat' dir='ltr'><strong>vocationis</strong></span> <span class='ocrx_word' id='word_1_64' title='bbox 1791 1068 2086 1123; x_wconf 85' lang='lat' dir='ltr'><strong>necessita-</strong></span> 
     </span>
    </p>
   </div>
   <div class='ocr_carea' id='block_1_11' title="bbox 502 1160 2082 1234">
    <p class='ocr_par' dir='ltr' id='par_1_11' title="bbox 502 1160 2082 1234">
     <span class='ocr_line' id='line_1_11' title="bbox 502 1160 2082 1234; baseline -0.004 -12"><span class='ocrx_word' id='word_1_65' title='bbox 502 1175 610 1222; x_wconf 89' lang='lat' dir='ltr'><strong>tem</strong></span> <span class='ocrx_word' id='word_1_66' title='bbox 639 1165 694 1220; x_wconf 92' lang='lat' dir='ltr'><strong>in</strong></span> <span class='ocrx_word' id='word_1_67' title='bbox 726 1163 1026 1234; x_wconf 85' lang='lat' dir='ltr'><strong>Scripturis</strong></span> <span class='ocrx_word' id='word_1_68' title='bbox 1055 1177 1272 1233; x_wconf 88' lang='lat' dir='ltr'><strong>quoque</strong></span> <span class='ocrx_word' id='word_1_69' title='bbox 1290 1162 1592 1233; x_wconf 62' lang='lat' dir='ltr'><strong>sepissime</strong></span> <span class='ocrx_word' id='word_1_70' title='bbox 1613 1160 1942 1230; x_wconf 87' lang='lat' dir='ltr'><strong>reperimus,</strong></span> <span class='ocrx_word' id='word_1_71' title='bbox 1959 1174 2082 1215; x_wconf 91' lang='lat' dir='ltr'><strong>cum</strong></span> 
     </span>
    </p>
   </div>
   <div class='ocr_carea' id='block_1_12' title="bbox 501 1252 2082 1324">
    <p class='ocr_par' dir='ltr' id='par_1_12' title="bbox 501 1252 2082 1324">
     <span class='ocr_line' id='line_1_12' title="bbox 501 1252 2082 1324; baseline -0.004 -12"><span class='ocrx_word' id='word_1_72' title='bbox 501 1256 641 1313; x_wconf 78' lang='lat' dir='ltr'><strong>ﬁlios</strong></span> <span class='ocrx_word' id='word_1_73' title='bbox 669 1255 840 1312; x_wconf 86' lang='lat' dir='ltr'><strong>Israel</strong></span> <span class='ocrx_word' id='word_1_74' title='bbox 870 1257 943 1312; x_wconf 89' lang='lat' dir='ltr'><strong>ob</strong></span> <span class='ocrx_word' id='word_1_75' title='bbox 983 1255 1176 1310; x_wconf 84' lang='lat' dir='ltr'><strong>merita</strong></span> <span class='ocrx_word' id='word_1_76' title='bbox 1217 1265 1564 1324; x_wconf 81' lang='lat' dir='ltr'><strong>peccatorum</strong></span> <span class='ocrx_word' id='word_1_77' title='bbox 1594 1269 1819 1314; x_wconf 89' lang='lat' dir='ltr'><strong>suorum</strong></span> <span class='ocrx_word' id='word_1_78' title='bbox 1854 1252 2082 1323; x_wconf 79' lang='lat' dir='ltr'><strong>legimus</strong></span> 
     </span>
    </p>
   </div>
   <div class='ocr_carea' id='block_1_13' title="bbox 491 1343 2081 1416">
    <p class='ocr_par' dir='ltr' id='par_1_13' title="bbox 491 1343 2081 1416">
     <span class='ocr_line' id='line_1_13' title="bbox 491 1343 2081 1416; baseline -0.006 -11"><span class='ocrx_word' id='word_1_79' title='bbox 491 1364 530 1413; x_wconf 60' lang='grc' dir='ltr'><strong>,ι</strong></span> <span class='ocrx_word' id='word_1_80' title='bbox 562 1349 792 1404; x_wconf 89' lang='lat' dir='ltr'><strong>Domino</strong></span> <span class='ocrx_word' id='word_1_81' title='bbox 819 1346 1046 1404; x_wconf 90' lang='lat' dir='ltr'><strong>traditos</strong></span> <span class='ocrx_word' id='word_1_82' title='bbox 1075 1346 1326 1402; x_wconf 83' lang='lat' dir='ltr'><strong>hostibus</strong></span> <span class='ocrx_word' id='word_1_83' title='bbox 1356 1348 1492 1411; x_wconf 87' lang='lat' dir='ltr'><strong>suis,</strong></span> <span class='ocrx_word' id='word_1_84' title='bbox 1523 1346 1594 1401; x_wconf 91' lang='lat' dir='ltr'><strong>ob</strong></span> <span class='ocrx_word' id='word_1_85' title='bbox 1630 1360 1860 1416; x_wconf 89' lang='lat' dir='ltr'><strong>quorum</strong></span> <span class='ocrx_word' id='word_1_86' title='bbox 1902 1343 2081 1400; x_wconf 82' lang='lat' dir='ltr'><strong>domi-</strong></span> 
     </span>
    </p>
   </div>
   <div class='ocr_carea' id='block_1_14' title="bbox 504 1441 2082 1510">
    <p class='ocr_par' dir='ltr' id='par_1_14' title="bbox 504 1441 2082 1510">
     <span class='ocr_line' id='line_1_14' title="bbox 504 1441 2082 1510; baseline -0.004 -12"><span class='ocrx_word' id='word_1_87' title='bbox 504 1442 781 1499; x_wconf 84' lang='lat' dir='ltr'><strong>nationem</strong></span> <span class='ocrx_word' id='word_1_88' title='bbox 808 1441 1298 1510; x_wconf 79' lang='lat' dir='ltr'><strong>crudelitatemque</strong></span> <span class='ocrx_word' id='word_1_89' title='bbox 1327 1441 1701 1506; x_wconf 66' lang='lat' dir='ltr'><strong>saevissimam,</strong></span> <span class='ocrx_word' id='word_1_90' title='bbox 1734 1453 1924 1494; x_wconf 85' lang='lat' dir='ltr'><strong>rursus</strong></span> <span class='ocrx_word' id='word_1_91' title='bbox 1949 1452 2082 1492; x_wconf 81' lang='lat' dir='ltr'><strong>con-</strong></span> 
     </span>
    </p>
   </div>
   <div class='ocr_carea' id='block_1_15' title="bbox 2185 501 3720 580">
    <p class='ocr_par' dir='ltr' id='par_1_15' title="bbox 2185 501 3720 580">
     <span class='ocr_line' id='line_1_15' title="bbox 2185 501 3720 580; baseline 0.002 -19"><span class='ocrx_word' id='word_1_92' title='bbox 2185 507 2239 561; x_wconf 89' lang='lat' dir='ltr'><strong>in</strong></span> <span class='ocrx_word' id='word_1_93' title='bbox 2289 505 2409 560; x_wconf 86' lang='lat' dir='ltr'><strong>loco</strong></span> <span class='ocrx_word' id='word_1_94' title='bbox 2461 504 2621 560; x_wconf 82' lang='lat' dir='ltr'><strong>istius</strong></span> <span class='ocrx_word' id='word_1_95' title='bbox 2667 501 2840 560; x_wconf 87' lang='lat' dir='ltr'><strong>eremi</strong></span> <span class='ocrx_word' id='word_1_96' title='bbox 2890 502 2983 572; x_wconf 91' lang='lat' dir='ltr'><strong>qui</strong></span> <span class='ocrx_word' id='word_1_97' title='bbox 3031 512 3053 541; x_wconf 77' lang='grc' dir='ltr'><strong>ε</strong></span> <span class='ocrx_word' id='word_1_98' title='bbox 3084 501 3336 558; x_wconf 83' lang='lat' dir='ltr'><strong>Calamus</strong></span> <span class='ocrx_word' id='word_1_99' title='bbox 3391 520 3720 580; x_wconf 84' lang='lat' dir='ltr'><strong>nuncupatur,</strong></span> 
     </span>
    </p>
   </div>
   <div class='ocr_carea' id='block_1_16' title="bbox 2183 595 3723 669">
    <p class='ocr_par' dir='ltr' id='par_1_16' title="bbox 2183 595 3723 669">
     <span class='ocr_line' id='line_1_16' title="bbox 2183 595 3723 669; baseline 0.002 -16"><span class='ocrx_word' id='word_1_100' title='bbox 2183 598 2475 669; x_wconf 84' lang='lat' dir='ltr'><strong>quidquam</strong></span> <span class='ocrx_word' id='word_1_101' title='bbox 2504 597 2674 652; x_wconf 76' lang='lat' dir='ltr'><strong>deluit</strong></span> <span class='ocrx_word' id='word_1_102' title='bbox 2705 595 2770 652; x_wconf 83' lang='lat' dir='ltr'><strong>ad</strong></span> <span class='ocrx_word' id='word_1_103' title='bbox 2809 595 3072 668; x_wconf 67' lang='lat' dir='ltr'><strong>perlecta:</strong></span> <span class='ocrx_word' id='word_1_104' title='bbox 3112 595 3453 653; x_wconf 83' lang='lat' dir='ltr'><strong>beatitudinis</strong></span> <span class='ocrx_word' id='word_1_105' title='bbox 3477 601 3723 669; x_wconf 87' lang='lat' dir='ltr'><strong>meritum,</strong></span> 
     </span>
    </p>
   </div>
   <div class='ocr_carea' id='block_1_17' title="bbox 2185 689 3720 762">
    <p class='ocr_par' dir='ltr' id='par_1_17' title="bbox 2185 689 3720 762">
     <span class='ocr_line' id='line_1_17' title="bbox 2185 689 3720 762; baseline 0.003 -16"><span class='ocrx_word' id='word_1_106' title='bbox 2185 693 2325 762; x_wconf 89' lang='lat' dir='ltr'><strong>quod</strong></span> <span class='ocrx_word' id='word_1_107' title='bbox 2349 699 2497 746; x_wconf 88' lang='lat' dir='ltr'><strong>metu</strong></span> <span class='ocrx_word' id='word_1_108' title='bbox 2526 689 2742 756; x_wconf 87' lang='lat' dir='ltr'><strong>mortis,</strong></span> <span class='ocrx_word' id='word_1_109' title='bbox 2769 705 2890 760; x_wconf 73' lang='lat' dir='ltr'><strong>quae</strong></span> <span class='ocrx_word' id='word_1_110' title='bbox 2910 691 2964 745; x_wconf 87' lang='lat' dir='ltr'><strong>ei</strong></span> <span class='ocrx_word' id='word_1_111' title='bbox 2994 697 3217 759; x_wconf 80' lang='lat' dir='ltr'><strong>propter</strong></span> <span class='ocrx_word' id='word_1_112' title='bbox 3244 689 3510 744; x_wconf 80' lang='lat' dir='ltr'><strong>homicidii</strong></span> <span class='ocrx_word' id='word_1_113' title='bbox 3537 693 3720 750; x_wconf 87' lang='lat' dir='ltr'><strong>crimen</strong></span> 
     </span>
    </p>
   </div>
   <div class='ocr_carea' id='block_1_18' title="bbox 2187 780 3724 853">
    <p class='ocr_par' dir='ltr' id='par_1_18' title="bbox 2187 780 3724 853">
     <span class='ocr_line' id='line_1_18' title="bbox 2187 780 3724 853; baseline 0.002 -14"><span class='ocrx_word' id='word_1_114' title='bbox 2187 781 2584 846; x_wconf 83' lang='lat' dir='ltr'><strong>intentabatur,</strong></span> <span class='ocrx_word' id='word_1_115' title='bbox 2600 781 2886 853; x_wconf 88' lang='lat' dir='ltr'><strong>impulsus,</strong></span> <span class='ocrx_word' id='word_1_116' title='bbox 2915 781 2982 836; x_wconf 88' lang='lat' dir='ltr'><strong>ad</strong></span> <span class='ocrx_word' id='word_1_117' title='bbox 3014 780 3395 838; x_wconf 80' lang='lat' dir='ltr'><strong>monasterium</strong></span> <span class='ocrx_word' id='word_1_118' title='bbox 3417 781 3724 842; x_wconf 85' lang='lat' dir='ltr'><strong>decucurrit:</strong></span> 
     </span>
    </p>
   </div>
   <div class='ocr_carea' id='block_1_19' title="bbox 2183 875 3728 946">
    <p class='ocr_par' dir='ltr' id='par_1_19' title="bbox 2183 875 3728 946">
     <span class='ocr_line' id='line_1_19' title="bbox 2183 875 3728 946; baseline 0.001 -14"><span class='ocrx_word' id='word_1_119' title='bbox 2183 876 2314 946; x_wconf 87' lang='lat' dir='ltr'><strong>quia</strong></span> <span class='ocrx_word' id='word_1_120' title='bbox 2354 876 2422 930; x_wconf 87' lang='lat' dir='ltr'><strong>ita</strong></span> <span class='ocrx_word' id='word_1_121' title='bbox 2452 877 2837 931; x_wconf 86' lang='lat' dir='ltr'><strong>necessitatem</strong></span> <span class='ocrx_word' id='word_1_122' title='bbox 2868 875 3239 929; x_wconf 88' lang='lat' dir='ltr'><strong>conversionis</strong></span> <span class='ocrx_word' id='word_1_123' title='bbox 3276 875 3521 944; x_wconf 84' lang='lat' dir='ltr'><strong>arripuit,</strong></span> <span class='ocrx_word' id='word_1_124' title='bbox 3551 888 3604 931; x_wconf 89' lang='lat' dir='ltr'><strong>ut</strong></span> <span class='ocrx_word' id='word_1_125' title='bbox 3623 893 3728 934; x_wconf 84' lang='lat' dir='ltr'><strong>eam</strong></span> 
     </span>
    </p>
   </div>
   <div class='ocr_carea' id='block_1_20' title="bbox 2186 967 3727 1038">
    <p class='ocr_par' dir='ltr' id='par_1_20' title="bbox 2186 967 3727 1038">
     <span class='ocr_line' id='line_1_20' title="bbox 2186 967 3727 1038; baseline 0.003 -15"><span class='ocrx_word' id='word_1_126' title='bbox 2186 970 2241 1024; x_wconf 85' lang='lat' dir='ltr'><strong>in</strong></span> <span class='ocrx_word' id='word_1_127' title='bbox 2273 969 2604 1024; x_wconf 86' lang='lat' dir='ltr'><strong>voluntatem</strong></span> <span class='ocrx_word' id='word_1_128' title='bbox 2633 976 2882 1038; x_wconf 87' lang='lat' dir='ltr'><strong>prompta</strong></span> <span class='ocrx_word' id='word_1_129' title='bbox 2921 968 3086 1032; x_wconf 81' lang='lat' dir='ltr'><strong>animi</strong></span> <span class='ocrx_word' id='word_1_130' title='bbox 3117 967 3320 1022; x_wconf 87' lang='lat' dir='ltr'><strong>virtute</strong></span> <span class='ocrx_word' id='word_1_131' title='bbox 3345 980 3647 1026; x_wconf 90' lang='lat' dir='ltr'><strong>convertens</strong></span> <span class='ocrx_word' id='word_1_132' title='bbox 3669 974 3727 1028; x_wconf 89' lang='lat' dir='ltr'><strong>ad</strong></span> 
     </span>
    </p>
   </div>
   <div class='ocr_carea' id='block_1_21' title="bbox 2187 1057 3729 1132">
    <p class='ocr_par' dir='ltr' id='par_1_21' title="bbox 2187 1057 3729 1132">
     <span class='ocr_line' id='line_1_21' title="bbox 2187 1057 3729 1132; baseline 0.002 -17"><span class='ocrx_word' id='word_1_133' title='bbox 2187 1060 2546 1132; x_wconf 79' lang='lat' dir='ltr'><strong>perfectionis</strong></span> <span class='ocrx_word' id='word_1_134' title='bbox 2584 1058 2793 1127; x_wconf 86' lang='lat' dir='ltr'><strong>fastigia</strong></span> <span class='ocrx_word' id='word_1_135' title='bbox 2835 1074 3046 1114; x_wconf 84' lang='lat' dir='ltr'><strong>summa</strong></span> <span class='ocrx_word' id='word_1_136' title='bbox 3075 1057 3564 1128; x_wconf 85' lang='lat' dir='ltr'><strong>pervenerit;sicut</strong></span> <span class='ocrx_word' id='word_1_137' title='bbox 3585 1062 3729 1118; x_wconf 86' lang='lat' dir='ltr'><strong>etiam</strong></span> 
     </span>
    </p>
   </div>
   <div class='ocr_carea' id='block_1_22' title="bbox 2185 1147 3732 1224">
    <p class='ocr_par' dir='ltr' id='par_1_22' title="bbox 2185 1147 3732 1224">
     <span class='ocr_line' id='line_1_22' title="bbox 2185 1147 3732 1224; baseline 0 -12"><span class='ocrx_word' id='word_1_138' title='bbox 2185 1171 2220 1212; x_wconf 90' lang='lat' dir='ltr'><strong>e</strong></span> <span class='ocrx_word' id='word_1_139' title='bbox 2264 1155 2540 1211; x_wconf 86' lang='lat' dir='ltr'><strong>contrario</strong></span> <span class='ocrx_word' id='word_1_140' title='bbox 2598 1153 2846 1224; x_wconf 90' lang='lat' dir='ltr'><strong>plurimis</strong></span> <span class='ocrx_word' id='word_1_141' title='bbox 2897 1168 3035 1223; x_wconf 88' lang='lat' dir='ltr'><strong>quos</strong></span> <span class='ocrx_word' id='word_1_142' title='bbox 3083 1152 3398 1208; x_wconf 84' lang='lat' dir='ltr'><strong>nominatim</strong></span> <span class='ocrx_word' id='word_1_143' title='bbox 3454 1147 3732 1212; x_wconf 83' lang='lat' dir='ltr'><strong>memorare</strong></span> 
     </span>
    </p>
   </div>
   <div class='ocr_carea' id='block_1_23' title="bbox 2186 1246 3732 1318">
    <p class='ocr_par' dir='ltr' id='par_1_23' title="bbox 2186 1246 3732 1318">
     <span class='ocr_line' id='line_1_23' title="bbox 2186 1246 3732 1318; baseline -0.001 -12"><span class='ocrx_word' id='word_1_144' title='bbox 2186 1266 2298 1307; x_wconf 88' lang='lat' dir='ltr'><strong>non</strong></span> <span class='ocrx_word' id='word_1_145' title='bbox 2325 1249 2522 1315; x_wconf 86' lang='lat' dir='ltr'><strong>debeo,</strong></span> <span class='ocrx_word' id='word_1_146' title='bbox 2547 1247 2682 1304; x_wconf 81' lang='lat' dir='ltr'><strong>nihil</strong></span> <span class='ocrx_word' id='word_1_147' title='bbox 2714 1246 2915 1318; x_wconf 89' lang='lat' dir='ltr'><strong>profuit</strong></span> <span class='ocrx_word' id='word_1_148' title='bbox 2943 1247 3156 1302; x_wconf 89' lang='lat' dir='ltr'><strong>Domini</strong></span> <span class='ocrx_word' id='word_1_149' title='bbox 3193 1246 3505 1302; x_wconf 84' lang='lat' dir='ltr'><strong>servitutem</strong></span> <span class='ocrx_word' id='word_1_150' title='bbox 3531 1247 3732 1304; x_wconf 85' lang='lat' dir='ltr'><strong>meliore</strong></span> 
     </span>
    </p>
   </div>
   <div class='ocr_carea' id='block_1_24' title="bbox 2183 1340 3732 1413">
    <p class='ocr_par' dir='ltr' id='par_1_24' title="bbox 2183 1340 3732 1413">
     <span class='ocr_line' id='line_1_24' title="bbox 2183 1340 3732 1413; baseline 0 -14"><span class='ocrx_word' id='word_1_151' title='bbox 2183 1344 2489 1413; x_wconf 78' lang='lat' dir='ltr'><strong>arripuisse</strong></span> <span class='ocrx_word' id='word_1_152' title='bbox 2517 1341 2806 1412; x_wconf 88' lang='lat' dir='ltr'><strong>principio,</strong></span> <span class='ocrx_word' id='word_1_153' title='bbox 2838 1342 2933 1411; x_wconf 92' lang='lat' dir='ltr'><strong>qui</strong></span> <span class='ocrx_word' id='word_1_154' title='bbox 2966 1341 3226 1410; x_wconf 85' lang='lat' dir='ltr'><strong>deinceps</strong></span> <span class='ocrx_word' id='word_1_155' title='bbox 3253 1340 3434 1400; x_wconf 86' lang='lat' dir='ltr'><strong>cordis</strong></span> <span class='ocrx_word' id='word_1_156' title='bbox 3465 1343 3658 1411; x_wconf 75' lang='lat' dir='ltr'><strong>ignavia</strong></span> <span class='ocrx_word' id='word_1_157' title='bbox 3677 1358 3732 1399; x_wconf 87' lang='lat' dir='ltr'><strong>ac</strong></span> 
     </span>
    </p>
   </div>
   <div class='ocr_carea' id='block_1_25' title="bbox 2187 1434 3732 1505">
    <p class='ocr_par' dir='ltr' id='par_1_25' title="bbox 2187 1434 3732 1505">
     <span class='ocr_line' id='line_1_25' title="bbox 2187 1434 3732 1505; baseline 0 -15"><span class='ocrx_word' id='word_1_158' title='bbox 2187 1436 2385 1492; x_wconf 85' lang='lat' dir='ltr'><strong>duritia</strong></span> <span class='ocrx_word' id='word_1_159' title='bbox 2413 1435 2783 1505; x_wconf 82' lang='lat' dir='ltr'><strong>subsequente</strong></span> <span class='ocrx_word' id='word_1_160' title='bbox 2825 1435 2877 1488; x_wconf 92' lang='lat' dir='ltr'><strong>in</strong></span> <span class='ocrx_word' id='word_1_161' title='bbox 2923 1444 3166 1504; x_wconf 91' lang='lat' dir='ltr'><strong>teporem</strong></span> <span class='ocrx_word' id='word_1_162' title='bbox 3209 1434 3424 1488; x_wconf 77' lang='lat' dir='ltr'><strong>noxium</strong></span> <span class='ocrx_word' id='word_1_163' title='bbox 3453 1450 3511 1490; x_wconf 92' lang='lat' dir='ltr'><strong>ac</strong></span> <span class='ocrx_word' id='word_1_164' title='bbox 3540 1435 3589 1489; x_wconf 91' lang='lat' dir='ltr'><strong>in</strong></span> <span class='ocrx_word' id='word_1_165' title='bbox 3623 1451 3732 1505; x_wconf 90' lang='lat' dir='ltr'><strong>pro-</strong></span> 
     </span>
    </p>
   </div>
   <div class='ocr_carea' id='block_1_26' title="bbox 502 1524 3729 1603">
    <p class='ocr_par' dir='ltr' id='par_1_26' title="bbox 502 1524 3729 1603">
     <span class='ocr_line' id='line_1_26' title="bbox 502 1524 3729 1603; baseline -0.002 -15"><span class='ocrx_word' id='word_1_166' title='bbox 502 1549 692 1593; x_wconf 86' lang='lat' dir='ltr'><strong>versos</strong></span> <span class='ocrx_word' id='word_1_167' title='bbox 719 1533 789 1590; x_wconf 88' lang='lat' dir='ltr'><strong>ad</strong></span> <span class='ocrx_word' id='word_1_168' title='bbox 817 1533 1108 1589; x_wconf 86' lang='lat' dir='ltr'><strong>Dominum</strong></span> <span class='ocrx_word' id='word_1_169' title='bbox 1136 1534 1532 1603; x_wconf 82' lang='lat' dir='ltr'><strong>proclamasse;</strong></span> <span class='ocrx_word' id='word_1_170' title='bbox 1556 1541 1612 1587; x_wconf 89' lang='lat' dir='ltr'><strong>et</strong></span> <span class='ocrx_word' id='word_1_171' title='bbox 1639 1533 1776 1586; x_wconf 86' lang='lat' dir='ltr'><strong>misit</strong></span> <span class='ocrx_word' id='word_1_172' title='bbox 1804 1530 2085 1601; x_wconf 87' lang='lat' dir='ltr'><strong>eis,inquit</strong></span> <span class='ocrx_word' id='word_1_173' title='bbox 2145 1531 2148 1534; x_wconf 76' lang='grc'><em>’</em></span> <span class='ocrx_word' id='word_1_174' title='bbox 2187 1527 2410 1582; x_wconf 64' lang='lat' dir='ltr'><strong>fundum</strong></span> <span class='ocrx_word' id='word_1_175' title='bbox 2443 1527 2632 1582; x_wconf 91' lang='lat' dir='ltr'><strong>mortis</strong></span> <span class='ocrx_word' id='word_1_176' title='bbox 2665 1526 2986 1582; x_wconf 77' lang='lat' dir='ltr'><strong>barathrum</strong></span> <span class='ocrx_word' id='word_1_177' title='bbox 3026 1524 3401 1580; x_wconf 88' lang='lat' dir='ltr'><strong>conciderunt.</strong></span> <span class='ocrx_word' id='word_1_178' title='bbox 3429 1525 3590 1592; x_wconf 80' lang='lat' dir='ltr'><strong>Quam</strong></span> <span class='ocrx_word' id='word_1_179' title='bbox 3634 1543 3729 1581; x_wconf 86' lang='lat' dir='ltr'><strong>rem</strong></span> 
     </span>
    </p>
   </div>
   <div class='ocr_carea' id='block_1_27' title="bbox 501 1619 3733 1695">
    <p class='ocr_par' dir='ltr' id='par_1_27' title="bbox 501 1619 3733 1695">
     <span class='ocr_line' id='line_1_27' title="bbox 501 1619 3733 1695; baseline -0.002 -13"><span class='ocrx_word' id='word_1_180' title='bbox 501 1627 783 1693; x_wconf 85' lang='lat' dir='ltr'><strong>Dominus,</strong></span> <span class='ocrx_word' id='word_1_181' title='bbox 803 1623 1131 1682; x_wconf 83' lang='lat' dir='ltr'><strong>Salvatorem</strong></span> <span class='ocrx_word' id='word_1_182' title='bbox 1155 1624 1291 1692; x_wconf 80' lang='lat' dir='ltr'><strong>Aod,</strong></span> <span class='ocrx_word' id='word_1_183' title='bbox 1313 1624 1479 1695; x_wconf 74' lang='lat' dir='ltr'><strong>[ilium</strong></span> <span class='ocrx_word' id='word_1_184' title='bbox 1493 1621 1649 1690; x_wconf 84' lang='lat' dir='ltr'><strong>Gera,</strong></span> <span class='ocrx_word' id='word_1_185' title='bbox 1670 1625 1838 1693; x_wconf 74' lang='lat' dir='ltr'><strong>ﬁlium</strong></span> <span class='ocrx_word' id='word_1_186' title='bbox 1860 1622 2080 1688; x_wconf 83' lang='lat' dir='ltr'><strong>Jemini,</strong></span> <span class='ocrx_word' id='word_1_187' title='bbox 2188 1621 2243 1676; x_wconf 90' lang='lat' dir='ltr'><strong>in</strong></span> <span class='ocrx_word' id='word_1_188' title='bbox 2271 1620 2638 1691; x_wconf 85' lang='lat' dir='ltr'><strong>apostolorum</strong></span> <span class='ocrx_word' id='word_1_189' title='bbox 2666 1635 2884 1691; x_wconf 88' lang='lat' dir='ltr'><strong>quoque</strong></span> <span class='ocrx_word' id='word_1_190' title='bbox 2912 1620 3196 1674; x_wconf 89' lang='lat' dir='ltr'><strong>vocatione</strong></span> <span class='ocrx_word' id='word_1_191' title='bbox 3218 1619 3461 1674; x_wconf 87' lang='lat' dir='ltr'><strong>videmus</strong></span> <span class='ocrx_word' id='word_1_192' title='bbox 3483 1621 3733 1676; x_wconf 85' lang='lat' dir='ltr'><strong>evidenter</strong></span> 
     </span>
    </p>
   </div>
   <div class='ocr_carea' id='block_1_28' title="bbox 499 1713 3734 1792">
    <p class='ocr_par' dir='ltr' id='par_1_28' title="bbox 499 1713 3734 1792">
     <span class='ocr_line' id='line_1_28' title="bbox 499 1713 3734 1792; baseline -0.002 -16"><span class='ocrx_word' id='word_1_193' title='bbox 499 1723 590 1792; x_wconf 91' lang='lat' dir='ltr'><strong>qui</strong></span> <span class='ocrx_word' id='word_1_194' title='bbox 607 1732 822 1792; x_wconf 88' lang='lat' dir='ltr'><strong>utraque</strong></span> <span class='ocrx_word' id='word_1_195' title='bbox 846 1737 1005 1775; x_wconf 88' lang='lat' dir='ltr'><strong>manu</strong></span> <span class='ocrx_word' id='word_1_196' title='bbox 1031 1720 1271 1776; x_wconf 81' lang='lat' dir='ltr'><strong>utebatur</strong></span> <span class='ocrx_word' id='word_1_197' title='bbox 1296 1737 1389 1784; x_wconf 79' lang='lat' dir='ltr'><strong>pro</strong></span> <span class='ocrx_word' id='word_1_198' title='bbox 1414 1721 1628 1774; x_wconf 70' lang='lat' dir='ltr'><strong>dextera</strong></span> <span class='ocrx_word' id='word_1_199' title='bbox 1657 1719 1856 1791; x_wconf 83' lang='lat' dir='ltr'><strong>(Judic.</strong></span> <span class='ocrx_word' id='word_1_200' title='bbox 1887 1718 1995 1788; x_wconf 80' lang='lat' dir='ltr'><strong>ut).</strong></span> <span class='ocrx_word' id='word_1_201' title='bbox 2019 1720 2086 1774; x_wconf 86' lang='lat' dir='ltr'><strong>Et</strong></span> <span class='ocrx_word' id='word_1_202' title='bbox 2186 1728 2524 1783; x_wconf 75' lang='lat' dir='ltr'><strong>expressam.</strong></span> <span class='ocrx_word' id='word_1_203' title='bbox 2553 1713 2697 1781; x_wconf 82' lang='lat' dir='ltr'><strong>Quid</strong></span> <span class='ocrx_word' id='word_1_204' title='bbox 2718 1713 2864 1769; x_wconf 89' lang='lat' dir='ltr'><strong>enim</strong></span> <span class='ocrx_word' id='word_1_205' title='bbox 2905 1713 3107 1782; x_wconf 89' lang='lat' dir='ltr'><strong>profuit</strong></span> <span class='ocrx_word' id='word_1_206' title='bbox 3135 1713 3292 1768; x_wconf 75' lang='lat' dir='ltr'><strong>Judm</strong></span> <span class='ocrx_word' id='word_1_207' title='bbox 3315 1715 3629 1783; x_wconf 85' lang='lat' dir='ltr'><strong>apostolatus</strong></span> <span class='ocrx_word' id='word_1_208' title='bbox 3657 1730 3734 1768; x_wconf 88' lang='lat' dir='ltr'><strong>su-</strong></span> 
     </span>
    </p>
   </div>
   <div class='ocr_carea' id='block_1_29' title="bbox 501 1805 3737 1885">
    <p class='ocr_par' dir='ltr' id='par_1_29' title="bbox 501 1805 3737 1885">
     <span class='ocr_line' id='line_1_29' title="bbox 501 1805 3737 1885; baseline -0.001 -16"><span class='ocrx_word' id='word_1_209' title='bbox 501 1829 741 1882; x_wconf 88' lang='lat' dir='ltr'><strong>rursum,</strong></span> <span class='ocrx_word' id='word_1_210' title='bbox 765 1813 1152 1881; x_wconf 87' lang='lat' dir='ltr'><strong>Clamaverunt,</strong></span> <span class='ocrx_word' id='word_1_211' title='bbox 1176 1815 1373 1885; x_wconf 88' lang='lat' dir='ltr'><strong>inquit,</strong></span> <span class='ocrx_word' id='word_1_212' title='bbox 1398 1815 1465 1869; x_wconf 82' lang='lat' dir='ltr'><strong>ad</strong></span> <span class='ocrx_word' id='word_1_213' title='bbox 1489 1812 1769 1869; x_wconf 88' lang='lat' dir='ltr'><strong>Dominum</strong></span> <span class='ocrx_word' id='word_1_214' title='bbox 1789 1816 1877 1885; x_wconf 90' lang='lat' dir='ltr'><strong>qui</strong></span> <span class='ocrx_word' id='word_1_215' title='bbox 1911 1815 2082 1869; x_wconf 83' lang='lat' dir='ltr'><strong>susci-</strong></span> <span class='ocrx_word' id='word_1_216' title='bbox 2113 1811 2163 1871; x_wconf 85' lang='lat' dir='ltr'><strong>B</strong></span> <span class='ocrx_word' id='word_1_217' title='bbox 2191 1806 2571 1862; x_wconf 73' lang='lat' dir='ltr'><strong>NimiSSimum</strong></span> <span class='ocrx_word' id='word_1_218' title='bbox 2595 1806 2847 1876; x_wconf 66' lang='lat' dir='ltr'><strong>stadim),</strong></span> <span class='ocrx_word' id='word_1_219' title='bbox 2879 1805 3074 1862; x_wconf 75' lang='lat' dir='ltr'><strong>eodem</strong></span> <span class='ocrx_word' id='word_1_220' title='bbox 3103 1805 3300 1860; x_wconf 74' lang='lat' dir='ltr'><strong>ordine</strong></span> <span class='ocrx_word' id='word_1_221' title='bbox 3329 1821 3432 1876; x_wconf 85' lang='lat' dir='ltr'><strong>quo</strong></span> <span class='ocrx_word' id='word_1_222' title='bbox 3451 1806 3630 1862; x_wconf 73' lang='lat' dir='ltr'><strong>Petrus</strong></span> <span class='ocrx_word' id='word_1_223' title='bbox 3645 1822 3737 1861; x_wconf 70' lang='lat'><strong>02-</strong></span> 
     </span>
    </p>
   </div>
   <div class='ocr_carea' id='block_1_30' title="bbox 502 1897 3730 1976">
    <p class='ocr_par' dir='ltr' id='par_1_30' title="bbox 502 1897 3730 1976">
     <span class='ocr_line' id='line_1_30' title="bbox 502 1897 3730 1976; baseline -0.003 -14"><span class='ocrx_word' id='word_1_224' title='bbox 502 1909 628 1962; x_wconf 86' lang='lat' dir='ltr'><strong>tavit</strong></span> <span class='ocrx_word' id='word_1_225' title='bbox 670 1908 743 1963; x_wconf 82' lang='lat' dir='ltr'><strong>eis</strong></span> <span class='ocrx_word' id='word_1_226' title='bbox 790 1907 1118 1976; x_wconf 73' lang='lat' dir='ltr'><strong>salvatorem,</strong></span> <span class='ocrx_word' id='word_1_227' title='bbox 1145 1917 1194 1961; x_wconf 85' lang='lat' dir='ltr'><strong>et</strong></span> <span class='ocrx_word' id='word_1_228' title='bbox 1225 1907 1455 1961; x_wconf 75' lang='lat' dir='ltr'><strong>liberavit</strong></span> <span class='ocrx_word' id='word_1_229' title='bbox 1484 1923 1593 1972; x_wconf 84' lang='lat' dir='ltr'><strong>eos,</strong></span> <span class='ocrx_word' id='word_1_230' title='bbox 1625 1905 1870 1960; x_wconf 80' lang='lat' dir='ltr'><strong>Othoniel</strong></span> <span class='ocrx_word' id='word_1_231' title='bbox 1912 1906 2082 1975; x_wconf 80' lang='lat' dir='ltr'><strong>filium</strong></span> <span class='ocrx_word' id='word_1_232' title='bbox 2189 1900 2400 1968; x_wconf 80' lang='lat' dir='ltr'><strong>terique</strong></span> <span class='ocrx_word' id='word_1_233' title='bbox 2431 1899 2661 1970; x_wconf 83' lang='lat' dir='ltr'><strong>apostoli</strong></span> <span class='ocrx_word' id='word_1_234' title='bbox 2699 1899 2852 1954; x_wconf 84' lang='lat' dir='ltr'><strong>asciti</strong></span> <span class='ocrx_word' id='word_1_235' title='bbox 2903 1908 3056 1965; x_wconf 86' lang='lat' dir='ltr'><strong>sunt,</strong></span> <span class='ocrx_word' id='word_1_236' title='bbox 3087 1897 3395 1953; x_wconf 83' lang='lat' dir='ltr'><strong>voluntarie</strong></span> <span class='ocrx_word' id='word_1_237' title='bbox 3434 1899 3730 1966; x_wconf 87' lang='lat' dir='ltr'><strong>suscepisse,</strong></span> 
     </span>
    </p>
   </div>
   <div class='ocr_carea' id='block_1_31' title="bbox 503 1989 3734 2071">
    <p class='ocr_par' dir='ltr' id='par_1_31' title="bbox 503 1989 3734 2071">
     <span class='ocr_line' id='line_1_31' title="bbox 503 1989 3734 2071; baseline -0.004 -15"><span class='ocrx_word' id='word_1_238' title='bbox 503 1997 669 2054; x_wconf 84' lang='lat' dir='ltr'><strong>Cenes</strong></span> <span class='ocrx_word' id='word_1_239' title='bbox 698 2000 911 2069; x_wconf 79' lang='lat' dir='ltr'><strong>fratrem</strong></span> <span class='ocrx_word' id='word_1_240' title='bbox 947 1997 1101 2054; x_wconf 87' lang='lat' dir='ltr'><strong>Caleb</strong></span> <span class='ocrx_word' id='word_1_241' title='bbox 1136 1999 1405 2070; x_wconf 86' lang='lat' dir='ltr'><strong>juniorem</strong></span> <span class='ocrx_word' id='word_1_242' title='bbox 1431 1998 1651 2071; x_wconf 85' lang='lat' dir='ltr'><strong>(lbid.).</strong></span> <span class='ocrx_word' id='word_1_243' title='bbox 1686 2000 1750 2053; x_wconf 85' lang='lat' dir='ltr'><strong>Et</strong></span> <span class='ocrx_word' id='word_1_244' title='bbox 1787 1999 1856 2054; x_wconf 84' lang='lat' dir='ltr'><strong>de</strong></span> <span class='ocrx_word' id='word_1_245' title='bbox 1889 1999 2084 2056; x_wconf 86' lang='lat' dir='ltr'><strong>talibus</strong></span> <span class='ocrx_word' id='word_1_246' title='bbox 2189 1989 2286 2060; x_wconf 93' lang='lat' dir='ltr'><strong>qui</strong></span> <span class='ocrx_word' id='word_1_247' title='bbox 2317 1990 2618 2045; x_wconf 90' lang='lat' dir='ltr'><strong>vocationis</strong></span> <span class='ocrx_word' id='word_1_248' title='bbox 2642 2006 2754 2046; x_wconf 72' lang='lat' dir='ltr'><strong>suae</strong></span> <span class='ocrx_word' id='word_1_249' title='bbox 2782 1991 3040 2060; x_wconf 67' lang='lat' dir='ltr'><strong>praeclara</strong></span> <span class='ocrx_word' id='word_1_250' title='bbox 3081 1991 3344 2061; x_wconf 90' lang='lat' dir='ltr'><strong>principia</strong></span> <span class='ocrx_word' id='word_1_251' title='bbox 3371 1991 3662 2059; x_wconf 85' lang='lat' dir='ltr'><strong>cupiditatis</strong></span> <span class='ocrx_word' id='word_1_252' title='bbox 3680 2005 3734 2044; x_wconf 87' lang='lat' dir='ltr'><strong>ac</strong></span> 
     </span>
    </p>
   </div>
   <div class='ocr_carea' id='block_1_32' title="bbox 505 2093 2084 2164">
    <p class='ocr_par' dir='ltr' id='par_1_32' title="bbox 505 2093 2084 2164">
     <span class='ocr_line' id='line_1_32' title="bbox 505 2093 2084 2164; baseline -0.001 -16"><span class='ocrx_word' id='word_1_253' title='bbox 505 2095 562 2148; x_wconf 89' lang='lat' dir='ltr'><strong>in</strong></span> <span class='ocrx_word' id='word_1_254' title='bbox 593 2094 799 2164; x_wconf 87' lang='lat' dir='ltr'><strong>psalmo</strong></span> <span class='ocrx_word' id='word_1_255' title='bbox 819 2094 1015 2149; x_wconf 90' lang='lat' dir='ltr'><strong>dicitur</strong></span> <span class='ocrx_word' id='word_1_256' title='bbox 1039 2109 1054 2146; x_wconf 73' lang='grc' dir='ltr'>ε</span> <span class='ocrx_word' id='word_1_257' title='bbox 1078 2093 1207 2148; x_wconf 88' lang='lat' dir='ltr'><strong>Cum</strong></span> <span class='ocrx_word' id='word_1_258' title='bbox 1237 2093 1490 2148; x_wconf 87' lang='lat' dir='ltr'><strong>occideret</strong></span> <span class='ocrx_word' id='word_1_259' title='bbox 1517 2109 1621 2159; x_wconf 82' lang='lat' dir='ltr'><strong>eos,</strong></span> <span class='ocrx_word' id='word_1_260' title='bbox 1647 2104 1766 2147; x_wconf 87' lang='lat' dir='ltr'><strong>tunc</strong></span> <span class='ocrx_word' id='word_1_261' title='bbox 1785 2095 2084 2164; x_wconf 69' lang='lat' dir='ltr'><strong>quarebant</strong></span> 
     </span>
    </p>
   </div>
   <div class='ocr_carea' id='block_1_33' title="bbox 505 2185 2080 2253">
    <p class='ocr_par' dir='ltr' id='par_1_33' title="bbox 505 2185 2080 2253">
     <span class='ocr_line' id='line_1_33' title="bbox 505 2185 2080 2253; baseline -0.003 -13"><span class='ocrx_word' id='word_1_262' title='bbox 505 2201 643 2253; x_wconf 81' lang='lat' dir='ltr'><strong>eum,</strong></span> <span class='ocrx_word' id='word_1_263' title='bbox 676 2195 722 2240; x_wconf 85' lang='lat' dir='ltr'><strong>st</strong></span> <span class='ocrx_word' id='word_1_264' title='bbox 761 2186 1165 2251; x_wconf 79' lang='lat' dir='ltr'><strong>revertebantur,</strong></span> <span class='ocrx_word' id='word_1_265' title='bbox 1194 2195 1243 2239; x_wconf 89' lang='lat' dir='ltr'><strong>et</strong></span> <span class='ocrx_word' id='word_1_266' title='bbox 1289 2185 1519 2239; x_wconf 81' lang='lat' dir='ltr'><strong>diluculo</strong></span> <span class='ocrx_word' id='word_1_267' title='bbox 1544 2185 1814 2238; x_wconf 84' lang='lat' dir='ltr'><strong>veniebant</strong></span> <span class='ocrx_word' id='word_1_268' title='bbox 1851 2185 1918 2238; x_wconf 86' lang='lat' dir='ltr'><strong>ad</strong></span> <span class='ocrx_word' id='word_1_269' title='bbox 1941 2201 2080 2248; x_wconf 86' lang='lat' dir='ltr'><strong>eum,</strong></span> 
     </span>
    </p>
   </div>
   <div class='ocr_carea' id='block_1_34' title="bbox 503 2278 2080 2350">
    <p class='ocr_par' dir='ltr' id='par_1_34' title="bbox 503 2278 2080 2350">
     <span class='ocr_line' id='line_1_34' title="bbox 503 2278 2080 2350; baseline -0.001 -17"><span class='ocrx_word' id='word_1_270' title='bbox 503 2286 553 2333; x_wconf 89' lang='lat' dir='ltr'><strong>et</strong></span> <span class='ocrx_word' id='word_1_271' title='bbox 572 2278 830 2334; x_wconf 81' lang='lat' dir='ltr'><strong>recordati</strong></span> <span class='ocrx_word' id='word_1_272' title='bbox 845 2288 965 2333; x_wconf 90' lang='lat' dir='ltr'><strong>sunt</strong></span> <span class='ocrx_word' id='word_1_273' title='bbox 987 2278 1108 2348; x_wconf 84' lang='lat' dir='ltr'><strong>quia</strong></span> <span class='ocrx_word' id='word_1_274' title='bbox 1136 2278 1278 2334; x_wconf 85' lang='lat' dir='ltr'><strong>Deus</strong></span> <span class='ocrx_word' id='word_1_275' title='bbox 1298 2278 1510 2350; x_wconf 84' lang='lat' dir='ltr'><strong>adjutor</strong></span> <span class='ocrx_word' id='word_1_276' title='bbox 1530 2293 1710 2332; x_wconf 81' lang='lat' dir='ltr'><strong>eorum</strong></span> <span class='ocrx_word' id='word_1_277' title='bbox 1737 2288 1832 2339; x_wconf 87' lang='lat' dir='ltr'><strong>est,</strong></span> <span class='ocrx_word' id='word_1_278' title='bbox 1862 2287 1911 2332; x_wconf 84' lang='lat' dir='ltr'><strong>et</strong></span> <span class='ocrx_word' id='word_1_279' title='bbox 1941 2278 2080 2334; x_wconf 84' lang='lat' dir='ltr'><strong>Deus</strong></span> 
     </span>
    </p>
   </div>
   <div class='ocr_carea' id='block_1_35' title="bbox 504 2370 2082 2443">
    <p class='ocr_par' dir='ltr' id='par_1_35' title="bbox 504 2370 2082 2443">
     <span class='ocr_line' id='line_1_35' title="bbox 504 2370 2082 2443; baseline -0.002 -16"><span class='ocrx_word' id='word_1_280' title='bbox 504 2371 740 2429; x_wconf 69' lang='lat' dir='ltr'><strong>excelsus</strong></span> <span class='ocrx_word' id='word_1_281' title='bbox 783 2372 1094 2442; x_wconf 82' lang='lat' dir='ltr'><strong>Redemptor</strong></span> <span class='ocrx_word' id='word_1_282' title='bbox 1139 2388 1314 2426; x_wconf 85' lang='lat' dir='ltr'><strong>eorum</strong></span> <span class='ocrx_word' id='word_1_283' title='bbox 1345 2381 1420 2427; x_wconf 80' lang='lat' dir='ltr'><strong>est</strong></span> <span class='ocrx_word' id='word_1_284' title='bbox 1445 2371 1620 2443; x_wconf 88' lang='lat' dir='ltr'><strong>(Psal.</strong></span> <span class='ocrx_word' id='word_1_285' title='bbox 1663 2370 1893 2443; x_wconf 76' lang='lat' dir='ltr'><strong>Lxxvtt).</strong></span> <span class='ocrx_word' id='word_1_286' title='bbox 1943 2370 2082 2424; x_wconf 80' lang='lat' dir='ltr'><strong>Rur-</strong></span> 
     </span>
    </p>
   </div>
   <div class='ocr_carea' id='block_1_36' title="bbox 503 2460 2086 2534">
    <p class='ocr_par' dir='ltr' id='par_1_36' title="bbox 503 2460 2086 2534">
     <span class='ocr_line' id='line_1_36' title="bbox 503 2460 2086 2534; baseline -0.001 -16"><span class='ocrx_word' id='word_1_287' title='bbox 503 2479 729 2534; x_wconf 81' lang='lat' dir='ltr'><strong>sumque</strong></span> <span class='ocrx_word' id='word_1_288' title='bbox 763 2462 872 2518; x_wconf 84' lang='lat' dir='ltr'><strong>:Et</strong></span> <span class='ocrx_word' id='word_1_289' title='bbox 893 2465 1247 2520; x_wconf 79' lang='lat' dir='ltr'><strong>clamauerunt</strong></span> <span class='ocrx_word' id='word_1_290' title='bbox 1271 2463 1340 2517; x_wconf 80' lang='lat' dir='ltr'><strong>ad</strong></span> <span class='ocrx_word' id='word_1_291' title='bbox 1390 2460 1678 2518; x_wconf 85' lang='lat' dir='ltr'><strong>Dominum</strong></span> <span class='ocrx_word' id='word_1_292' title='bbox 1710 2479 1826 2517; x_wconf 86' lang='lat' dir='ltr'><strong>cum</strong></span> <span class='ocrx_word' id='word_1_293' title='bbox 1863 2463 2086 2516; x_wconf 84' lang='lat' dir='ltr'><strong>tribula-</strong></span> 
     </span>
    </p>
   </div>
   <div class='ocr_carea' id='block_1_37' title="bbox 501 2557 2082 2627">
    <p class='ocr_par' dir='ltr' id='par_1_37' title="bbox 501 2557 2082 2627">
     <span class='ocr_line' id='line_1_37' title="bbox 501 2557 2082 2627; baseline -0.001 -17"><span class='ocrx_word' id='word_1_294' title='bbox 501 2565 713 2627; x_wconf 87' lang='lat' dir='ltr'><strong>rentur,</strong></span> <span class='ocrx_word' id='word_1_295' title='bbox 765 2567 816 2614; x_wconf 81' lang='lat' dir='ltr'><strong>et</strong></span> <span class='ocrx_word' id='word_1_296' title='bbox 872 2557 938 2614; x_wconf 85' lang='lat' dir='ltr'><strong>de</strong></span> <span class='ocrx_word' id='word_1_297' title='bbox 994 2557 1387 2612; x_wconf 83' lang='lat' dir='ltr'><strong>necessitatibus</strong></span> <span class='ocrx_word' id='word_1_298' title='bbox 1437 2572 1619 2612; x_wconf 80' lang='lat' dir='ltr'><strong>eorum</strong></span> <span class='ocrx_word' id='word_1_299' title='bbox 1686 2557 1921 2610; x_wconf 87' lang='lat' dir='ltr'><strong>liberavit</strong></span> <span class='ocrx_word' id='word_1_300' title='bbox 1995 2571 2082 2610; x_wconf 87' lang='lat' dir='ltr'><strong>eos</strong></span> 
     </span>
    </p>
   </div>
   <div class='ocr_carea' id='block_1_38' title="bbox 507 2647 846 2720">
    <p class='ocr_par' dir='ltr' id='par_1_38' title="bbox 507 2647 846 2720">
     <span class='ocr_line' id='line_1_38' title="bbox 507 2647 846 2720; baseline 0 -16"><span class='ocrx_word' id='word_1_301' title='bbox 507 2647 682 2719; x_wconf 83' lang='lat' dir='ltr'><strong>(Psal.</strong></span> <span class='ocrx_word' id='word_1_302' title='bbox 711 2649 846 2720; x_wconf 85' lang='lat' dir='ltr'><strong>cvi).</strong></span> 
     </span>
    </p>
   </div>
   <div class='ocr_carea' id='block_1_39' title="bbox 1133 2742 1468 2800">
    <p class='ocr_par' dir='ltr' id='par_1_39' title="bbox 1133 2742 1468 2800">
     <span class='ocr_line' id='line_1_39' title="bbox 1133 2742 1468 2800; baseline 0 0"><span class='ocrx_word' id='word_1_303' title='bbox 1133 2742 1361 2800; x_wconf 70' lang='lat' dir='ltr'><strong>CAPUT</strong></span> <span class='ocrx_word' id='word_1_304' title='bbox 1399 2742 1468 2800; x_wconf 66' lang='grc' dir='ltr'><strong>ν.</strong></span> 
     </span>
    </p>
   </div>
   <div class='ocr_carea' id='block_1_40' title="bbox 510 2833 2088 2906">
    <p class='ocr_par' dir='ltr' id='par_1_40' title="bbox 510 2833 2088 2906">
     <span class='ocr_line' id='line_1_40' title="bbox 510 2833 2088 2906; baseline 0.001 -14"><span class='ocrx_word' id='word_1_305' title='bbox 510 2835 664 2906; x_wconf 78' lang='lat' dir='ltr'><strong>Quod</strong></span> <span class='ocrx_word' id='word_1_306' title='bbox 690 2843 740 2890; x_wconf 91' lang='lat' dir='ltr'><strong>et</strong></span> <span class='ocrx_word' id='word_1_307' title='bbox 759 2833 1021 2892; x_wconf 81' lang='lat' dir='ltr'><strong>desidioso</strong></span> <span class='ocrx_word' id='word_1_308' title='bbox 1041 2837 1243 2890; x_wconf 81' lang='lat' dir='ltr'><strong>vacatio</strong></span> <span class='ocrx_word' id='word_1_309' title='bbox 1261 2838 1432 2906; x_wconf 85' lang='lat' dir='ltr'><strong>prima</strong></span> <span class='ocrx_word' id='word_1_310' title='bbox 1460 2851 1564 2890; x_wconf 90' lang='lat' dir='ltr'><strong>non</strong></span> <span class='ocrx_word' id='word_1_311' title='bbox 1596 2837 1785 2906; x_wconf 81' lang='lat' dir='ltr'><strong>prosit,</strong></span> <span class='ocrx_word' id='word_1_312' title='bbox 1809 2843 1859 2890; x_wconf 85' lang='lat' dir='ltr'><strong>et</strong></span> <span class='ocrx_word' id='word_1_313' title='bbox 1879 2844 2088 2893; x_wconf 85' lang='lat' dir='ltr'><strong>strenuo</strong></span> 
     </span>
    </p>
   </div>
   <div class='ocr_carea' id='block_1_41' title="bbox 1021 2907 1594 2978">
    <p class='ocr_par' dir='ltr' id='par_1_41' title="bbox 1021 2907 1594 2978">
     <span class='ocr_line' id='line_1_41' title="bbox 1021 2907 1594 2978; baseline 0.01 -20"><span class='ocrx_word' id='word_1_314' title='bbox 1021 2919 1280 2978; x_wconf 81' lang='lat' dir='ltr'><strong>postrema</strong></span> <span class='ocrx_word' id='word_1_315' title='bbox 1309 2923 1414 2960; x_wconf 90' lang='lat' dir='ltr'><strong>non</strong></span> <span class='ocrx_word' id='word_1_316' title='bbox 1438 2907 1594 2966; x_wconf 84' lang='lat' dir='ltr'><strong>obsit.</strong></span> 
     </span>
    </p>
   </div>
   <div class='ocr_carea' id='block_1_42' title="bbox 2195 2081 3737 2153">
    <p class='ocr_par' dir='ltr' id='par_1_42' title="bbox 2195 2081 3737 2153">
     <span class='ocr_line' id='line_1_42' title="bbox 2195 2081 3737 2153; baseline 0 -19"><span class='ocrx_word' id='word_1_317' title='bbox 2195 2081 2540 2153; x_wconf 67' lang='lat' dir='ltr'><strong>philargyriae</strong></span> <span class='ocrx_word' id='word_1_318' title='bbox 2578 2083 2836 2152; x_wconf 88' lang='lat' dir='ltr'><strong>pestifero</strong></span> <span class='ocrx_word' id='word_1_319' title='bbox 2884 2082 2988 2138; x_wconf 80' lang='lat' dir='ltr'><strong>line</strong></span> <span class='ocrx_word' id='word_1_320' title='bbox 3034 2097 3444 2146; x_wconf 89' lang='lat' dir='ltr'><strong>consummans,</strong></span> <span class='ocrx_word' id='word_1_321' title='bbox 3486 2097 3643 2152; x_wconf 89' lang='lat' dir='ltr'><strong>usque</strong></span> <span class='ocrx_word' id='word_1_322' title='bbox 3681 2082 3737 2135; x_wconf 87' lang='lat' dir='ltr'><strong>ad</strong></span> 
     </span>
    </p>
   </div>
   <div class='ocr_carea' id='block_1_43' title="bbox 2199 2174 3740 2244">
    <p class='ocr_par' dir='ltr' id='par_1_43' title="bbox 2199 2174 3740 2244">
     <span class='ocr_line' id='line_1_43' title="bbox 2199 2174 3740 2244; baseline 0 -16"><span class='ocrx_word' id='word_1_323' title='bbox 2199 2174 2545 2232; x_wconf 88' lang='lat' dir='ltr'><strong>traditionem</strong></span> <span class='ocrx_word' id='word_1_324' title='bbox 2574 2175 2786 2230; x_wconf 86' lang='lat' dir='ltr'><strong>Domini</strong></span> <span class='ocrx_word' id='word_1_325' title='bbox 2821 2174 3234 2230; x_wconf 86' lang='lat' dir='ltr'><strong>crudelissimus</strong></span> <span class='ocrx_word' id='word_1_326' title='bbox 3272 2175 3538 2244; x_wconf 86' lang='lat' dir='ltr'><strong>parricida</strong></span> <span class='ocrx_word' id='word_1_327' title='bbox 3571 2189 3740 2243; x_wconf 85' lang='lat' dir='ltr'><strong>proru-</strong></span> 
     </span>
    </p>
   </div>
   <div class='ocr_carea' id='block_1_44' title="bbox 2192 2249 3741 2339">
    <p class='ocr_par' dir='ltr' id='par_1_44' title="bbox 2192 2249 3741 2339">
     <span class='ocr_line' id='line_1_44' title="bbox 2192 2249 3741 2339; baseline -0.001 -18"><span class='ocrx_word' id='word_1_328' title='bbox 2192 2267 2271 2338; x_wconf 87' lang='lat' dir='ltr'><strong>pit</strong></span> <span class='ocrx_word' id='word_1_329' title='bbox 2293 2266 2508 2339; x_wconf 80' lang='lat' dir='ltr'><strong>(Matth.</strong></span> <span class='ocrx_word' id='word_1_330' title='bbox 2538 2266 2714 2339; x_wconf 77' lang='lat' dir='ltr'><strong>xxvi)?</strong></span> <span class='ocrx_word' id='word_1_331' title='bbox 2737 2269 2842 2324; x_wconf 84' lang='lat' dir='ltr'><strong>Aut</strong></span> <span class='ocrx_word' id='word_1_332' title='bbox 2870 2249 2998 2338; x_wconf 87' lang='lat' dir='ltr'><strong>quid</strong></span> <span class='ocrx_word' id='word_1_333' title='bbox 3021 2267 3194 2323; x_wconf 90' lang='lat' dir='ltr'><strong>obfuit</strong></span> <span class='ocrx_word' id='word_1_334' title='bbox 3214 2265 3385 2322; x_wconf 88' lang='lat' dir='ltr'><strong>Paulo</strong></span> <span class='ocrx_word' id='word_1_335' title='bbox 3407 2267 3543 2337; x_wconf 92' lang='lat' dir='ltr'><strong>quod</strong></span> <span class='ocrx_word' id='word_1_336' title='bbox 3571 2281 3741 2333; x_wconf 87' lang='lat' dir='ltr'><strong>repen-</strong></span> 
     </span>
    </p>
   </div>
   <div class='ocr_carea' id='block_1_45' title="bbox 2197 2360 3740 2433">
    <p class='ocr_par' dir='ltr' id='par_1_45' title="bbox 2197 2360 3740 2433">
     <span class='ocr_line' id='line_1_45' title="bbox 2197 2360 3740 2433; baseline -0.001 -17"><span class='ocrx_word' id='word_1_337' title='bbox 2197 2369 2249 2416; x_wconf 88' lang='lat' dir='ltr'><strong>te</strong></span> <span class='ocrx_word' id='word_1_338' title='bbox 2272 2371 2507 2417; x_wconf 67' lang='lat' dir='ltr'><strong>caecatus</strong></span> <span class='ocrx_word' id='word_1_339' title='bbox 2537 2361 2735 2433; x_wconf 78' lang='lat' dir='ltr'><strong>(Actor.</strong></span> <span class='ocrx_word' id='word_1_340' title='bbox 2759 2361 2836 2431; x_wconf 76' lang='lat' dir='ltr'><strong>is)</strong></span> <span class='ocrx_word' id='word_1_341' title='bbox 2863 2361 2932 2416; x_wconf 87' lang='lat' dir='ltr'><strong>ad</strong></span> <span class='ocrx_word' id='word_1_342' title='bbox 2971 2362 3111 2418; x_wconf 86' lang='lat' dir='ltr'><strong>viam</strong></span> <span class='ocrx_word' id='word_1_343' title='bbox 3145 2360 3338 2416; x_wconf 89' lang='lat' dir='ltr'><strong>salutis</strong></span> <span class='ocrx_word' id='word_1_344' title='bbox 3383 2360 3524 2415; x_wconf 86' lang='lat' dir='ltr'><strong>velut</strong></span> <span class='ocrx_word' id='word_1_345' title='bbox 3566 2361 3740 2415; x_wconf 84' lang='lat' dir='ltr'><strong>invitus</strong></span> 
     </span>
    </p>
   </div>
   <div class='ocr_carea' id='block_1_46' title="bbox 2196 2450 3741 2522">
    <p class='ocr_par' dir='ltr' id='par_1_46' title="bbox 2196 2450 3741 2522">
     <span class='ocr_line' id='line_1_46' title="bbox 2196 2450 3741 2522; baseline -0.001 -16"><span class='ocrx_word' id='word_1_346' title='bbox 2196 2452 2411 2514; x_wconf 74' lang='lat' dir='ltr'><strong>videtur</strong></span> <span class='ocrx_word' id='word_1_347' title='bbox 2438 2462 2722 2519; x_wconf 85' lang='lat' dir='ltr'><strong>attractus,</strong></span> <span class='ocrx_word' id='word_1_348' title='bbox 2755 2454 2844 2521; x_wconf 90' lang='lat' dir='ltr'><strong>qui</strong></span> <span class='ocrx_word' id='word_1_349' title='bbox 2874 2463 3058 2522; x_wconf 90' lang='lat' dir='ltr'><strong>postea</strong></span> <span class='ocrx_word' id='word_1_350' title='bbox 3091 2452 3386 2508; x_wconf 86' lang='lat' dir='ltr'><strong>Dominum</strong></span> <span class='ocrx_word' id='word_1_351' title='bbox 3415 2461 3556 2506; x_wconf 89' lang='lat' dir='ltr'><strong>tanto</strong></span> <span class='ocrx_word' id='word_1_352' title='bbox 3593 2450 3741 2505; x_wconf 87' lang='lat' dir='ltr'><strong>animi</strong></span> 
     </span>
    </p>
   </div>
   <div class='ocr_carea' id='block_1_47' title="bbox 2185 2542 3742 2611">
    <p class='ocr_par' dir='ltr' id='par_1_47' title="bbox 2185 2542 3742 2611">
     <span class='ocr_line' id='line_1_47' title="bbox 2185 2542 3742 2611; baseline -0.003 -10"><span class='ocrx_word' id='word_1_353' title='bbox 2185 2545 2410 2602; x_wconf 73' lang='lat' dir='ltr'><strong>fervore</strong></span> <span class='ocrx_word' id='word_1_354' title='bbox 2433 2555 2694 2611; x_wconf 88' lang='lat' dir='ltr'><strong>sectatus,</strong></span> <span class='ocrx_word' id='word_1_355' title='bbox 2721 2547 2935 2600; x_wconf 88' lang='lat' dir='ltr'><strong>initium</strong></span> <span class='ocrx_word' id='word_1_356' title='bbox 2970 2545 3313 2600; x_wconf 86' lang='lat' dir='ltr'><strong>necessitatis</strong></span> <span class='ocrx_word' id='word_1_357' title='bbox 3342 2543 3627 2598; x_wconf 86' lang='lat' dir='ltr'><strong>voluntaria</strong></span> <span class='ocrx_word' id='word_1_358' title='bbox 3662 2542 3742 2597; x_wconf 85' lang='lat' dir='ltr'><strong>de—</strong></span> 
     </span>
    </p>
   </div>
   <div class='ocr_carea' id='block_1_48' title="bbox 2192 2635 3743 2708">
    <p class='ocr_par' dir='ltr' id='par_1_48' title="bbox 2192 2635 3743 2708">
     <span class='ocr_line' id='line_1_48' title="bbox 2192 2635 3743 2708; baseline -0.001 -17"><span class='ocrx_word' id='word_1_359' title='bbox 2192 2640 2409 2694; x_wconf 89' lang='lat' dir='ltr'><strong>votione</strong></span> <span class='ocrx_word' id='word_1_360' title='bbox 2455 2652 2869 2706; x_wconf 79' lang='lat' dir='ltr'><strong>consummatis,</strong></span> <span class='ocrx_word' id='word_1_361' title='bbox 2910 2637 3206 2708; x_wconf 72' lang='lat' dir='ltr'><strong>gloriosam</strong></span> <span class='ocrx_word' id='word_1_362' title='bbox 3253 2638 3421 2692; x_wconf 87' lang='lat' dir='ltr'><strong>tantis</strong></span> <span class='ocrx_word' id='word_1_363' title='bbox 3477 2635 3743 2691; x_wconf 85' lang='lat' dir='ltr'><strong>virtutibus</strong></span> 
     </span>
    </p>
   </div>
   <div class='ocr_carea' id='block_1_49' title="bbox 2193 2726 3741 2802">
    <p class='ocr_par' dir='ltr' id='par_1_49' title="bbox 2193 2726 3741 2802">
     <span class='ocr_line' id='line_1_49' title="bbox 2193 2726 3741 2802; baseline -0.005 -14"><span class='ocrx_word' id='word_1_364' title='bbox 2193 2732 2359 2788; x_wconf 81' lang='lat' dir='ltr'><strong>vitam</strong></span> <span class='ocrx_word' id='word_1_365' title='bbox 2389 2731 2800 2802; x_wconf 87' lang='lat' dir='ltr'><strong>incomparabili</strong></span> <span class='ocrx_word' id='word_1_366' title='bbox 2845 2731 2951 2786; x_wconf 86' lang='lat' dir='ltr'><strong>line</strong></span> <span class='ocrx_word' id='word_1_367' title='bbox 2981 2729 3291 2786; x_wconf 81' lang='lat' dir='ltr'><strong>conclusit?</strong></span> <span class='ocrx_word' id='word_1_368' title='bbox 3319 2730 3508 2785; x_wconf 88' lang='lat' dir='ltr'><strong>Totum</strong></span> <span class='ocrx_word' id='word_1_369' title='bbox 3533 2742 3653 2798; x_wconf 89' lang='lat' dir='ltr'><strong>ergo</strong></span> <span class='ocrx_word' id='word_1_370' title='bbox 3694 2726 3741 2780; x_wconf 91' lang='lat' dir='ltr'><strong>iu</strong></span> 
     </span>
    </p>
   </div>
   <div class='ocr_carea' id='block_1_50' title="bbox 2193 2820 3745 2892">
    <p class='ocr_par' dir='ltr' id='par_1_50' title="bbox 2193 2820 3745 2892">
     <span class='ocr_line' id='line_1_50' title="bbox 2193 2820 3745 2892; baseline -0.006 -12"><span class='ocrx_word' id='word_1_371' title='bbox 2193 2825 2302 2880; x_wconf 83' lang='lat' dir='ltr'><strong>ﬁne</strong></span> <span class='ocrx_word' id='word_1_372' title='bbox 2331 2824 2601 2891; x_wconf 85' lang='lat' dir='ltr'><strong>consistit,</strong></span> <span class='ocrx_word' id='word_1_373' title='bbox 2632 2823 2685 2877; x_wconf 89' lang='lat' dir='ltr'><strong>in</strong></span> <span class='ocrx_word' id='word_1_374' title='bbox 2711 2837 2816 2892; x_wconf 93' lang='lat' dir='ltr'><strong>quo</strong></span> <span class='ocrx_word' id='word_1_375' title='bbox 2845 2830 3025 2892; x_wconf 88' lang='lat' dir='ltr'><strong>potest</strong></span> <span class='ocrx_word' id='word_1_376' title='bbox 3051 2821 3173 2891; x_wconf 90' lang='lat' dir='ltr'><strong>quis</strong></span> <span class='ocrx_word' id='word_1_377' title='bbox 3210 2830 3267 2877; x_wconf 93' lang='lat' dir='ltr'><strong>et</strong></span> <span class='ocrx_word' id='word_1_378' title='bbox 3307 2820 3523 2890; x_wconf 66' lang='lat' dir='ltr'><strong>optimae</strong></span> <span class='ocrx_word' id='word_1_379' title='bbox 3544 2831 3745 2874; x_wconf 85' lang='lat' dir='ltr'><strong>conver-</strong></span> 
     </span>
    </p>
   </div>
   <div class='ocr_carea' id='block_1_51' title="bbox 2195 2911 3742 2984">
    <p class='ocr_par' dir='ltr' id='par_1_51' title="bbox 2195 2911 3742 2984">
     <span class='ocr_line' id='line_1_51' title="bbox 2195 2911 3742 2984; baseline -0.006 -11"><span class='ocrx_word' id='word_1_380' title='bbox 2195 2917 2369 2973; x_wconf 85' lang='lat' dir='ltr'><strong>sionis</strong></span> <span class='ocrx_word' id='word_1_381' title='bbox 2417 2917 2588 2972; x_wconf 90' lang='lat' dir='ltr'><strong>initiis</strong></span> <span class='ocrx_word' id='word_1_382' title='bbox 2631 2917 2911 2974; x_wconf 91' lang='lat' dir='ltr'><strong>dedicatus</strong></span> <span class='ocrx_word' id='word_1_383' title='bbox 2964 2915 3190 2970; x_wconf 86' lang='lat' dir='ltr'><strong>inferior</strong></span> <span class='ocrx_word' id='word_1_384' title='bbox 3243 2931 3345 2984; x_wconf 89' lang='lat' dir='ltr'><strong>per</strong></span> <span class='ocrx_word' id='word_1_385' title='bbox 3396 2911 3742 2983; x_wconf 87' lang='lat' dir='ltr'><strong>negligentiam</strong></span> 
     </span>
    </p>
   </div>
   <div class='ocr_carea' id='block_1_52' title="bbox 579 2999 3746 3081">
    <p class='ocr_par' dir='ltr' id='par_1_52' title="bbox 579 2999 3746 3081">
     <span class='ocr_line' id='line_1_52' title="bbox 579 2999 3746 3081; baseline -0.005 -10"><span class='ocrx_word' id='word_1_386' title='bbox 579 2999 662 3056; x_wconf 64' lang='lat' dir='ltr'><strong>EX</strong></span> <span class='ocrx_word' id='word_1_387' title='bbox 693 2999 779 3055; x_wconf 67' lang='lat' dir='ltr'><strong>his</strong></span> <span class='ocrx_word' id='word_1_388' title='bbox 808 2999 991 3070; x_wconf 73' lang='grc' dir='ltr'><strong>ίιτιίιιιθ</strong></span> <span class='ocrx_word' id='word_1_389' title='bbox 1037 2999 1208 3054; x_wconf 69' lang='lat' dir='ltr'><strong>&quot;ibus</strong></span> <span class='ocrx_word' id='word_1_390' title='bbox 1239 3001 1413 3056; x_wconf 75' lang='lat' dir='ltr'><strong>m0dis</strong></span> <span class='ocrx_word' id='word_1_391' title='bbox 1446 3001 1572 3057; x_wconf 74' lang='grc' dir='ltr'><strong>ιίεθι</strong></span> <span class='ocrx_word' id='word_1_392' title='bbox 1597 3003 1808 3072; x_wconf 70' lang='grc' dir='ltr'><strong>Ρτίοΐθε</strong></span> <span class='ocrx_word' id='word_1_393' title='bbox 1837 3003 1947 3068; x_wconf 65' lang='lat' dir='ltr'><strong>duo</strong></span> <span class='ocrx_word' id='word_1_394' title='bbox 1978 3018 2092 3058; x_wconf 78' lang='grc' dir='ltr'><strong>ηιθ-</strong></span> <span class='ocrx_word' id='word_1_395' title='bbox 2197 3011 2453 3081; x_wconf 90' lang='lat' dir='ltr'><strong>reperiri,</strong></span> <span class='ocrx_word' id='word_1_396' title='bbox 2476 3020 2528 3078; x_wconf 82' lang='lat' dir='ltr'><strong>et</strong></span> <span class='ocrx_word' id='word_1_397' title='bbox 2559 3010 2887 3066; x_wconf 86' lang='lat' dir='ltr'><strong>necessitate</strong></span> <span class='ocrx_word' id='word_1_398' title='bbox 2917 3017 3174 3070; x_wconf 84' lang='lat' dir='ltr'><strong>attractus</strong></span> <span class='ocrx_word' id='word_1_399' title='bbox 3199 3008 3270 3064; x_wconf 89' lang='lat' dir='ltr'><strong>ad</strong></span> <span class='ocrx_word' id='word_1_400' title='bbox 3300 3022 3494 3065; x_wconf 88' lang='lat' dir='ltr'><strong>nomen</strong></span> <span class='ocrx_word' id='word_1_401' title='bbox 3525 3001 3746 3062; x_wconf 87' lang='lat' dir='ltr'><strong>monachi</strong></span> 
     </span>
    </p>
   </div>
   <div class='ocr_carea' id='block_1_53' title="bbox 509 3091 2085 3175">
    <p class='ocr_par' dir='ltr' id='par_1_53' title="bbox 509 3091 2085 3163">
     <span class='ocr_line' id='line_1_53' title="bbox 509 3091 2085 3163; baseline 0.001 -15"><span class='ocrx_word' id='word_1_402' title='bbox 509 3093 740 3148; x_wconf 89' lang='lat' dir='ltr'><strong>lioribus</strong></span> <span class='ocrx_word' id='word_1_403' title='bbox 787 3093 942 3148; x_wconf 88' lang='lat' dir='ltr'><strong>inniti</strong></span> <span class='ocrx_word' id='word_1_404' title='bbox 996 3091 1277 3162; x_wconf 90' lang='lat' dir='ltr'><strong>principiis</strong></span> <span class='ocrx_word' id='word_1_405' title='bbox 1319 3091 1630 3162; x_wconf 90' lang='lat' dir='ltr'><strong>videantur,</strong></span> <span class='ocrx_word' id='word_1_406' title='bbox 1685 3109 2085 3163; x_wconf 88' lang='lat' dir='ltr'><strong>nonnumquam</strong></span> 
     </span>
    </p>
   </div>
   <div class='ocr_carea' id='block_1_54' title="bbox 2193 3091 3746 3175">
    <p class='ocr_par' dir='ltr' id='par_1_54' title="bbox 2198 3102 3746 3175">
     <span class='ocr_line' id='line_1_54' title="bbox 2198 3102 3746 3175; baseline -0.004 -16"><span class='ocrx_word' id='word_1_407' title='bbox 2198 3104 2563 3175; x_wconf 81' lang='lat' dir='ltr'><strong>profitendum</strong></span> <span class='ocrx_word' id='word_1_408' title='bbox 2595 3103 2733 3160; x_wconf 86' lang='lat' dir='ltr'><strong>el&#39;llci</strong></span> <span class='ocrx_word' id='word_1_409' title='bbox 2762 3119 2860 3174; x_wconf 87' lang='lat' dir='ltr'><strong>per</strong></span> <span class='ocrx_word' id='word_1_410' title='bbox 2889 3105 3140 3166; x_wconf 85' lang='lat' dir='ltr'><strong>timorem</strong></span> <span class='ocrx_word' id='word_1_411' title='bbox 3187 3104 3288 3158; x_wconf 88' lang='lat' dir='ltr'><strong>Dei</strong></span> <span class='ocrx_word' id='word_1_412' title='bbox 3333 3102 3746 3174; x_wconf 81' lang='lat' dir='ltr'><strong>diligentiamque</strong></span> 
     </span>
    </p>
   </div>
   <div class='ocr_carea' id='block_1_55' title="bbox 509 3183 2487 3269">
    <p class='ocr_par' dir='ltr' id='par_1_55' title="bbox 509 3183 2487 3269">
     <span class='ocr_line' id='line_1_55' title="bbox 509 3183 2487 3269; baseline 0.004 -30"><span class='ocrx_word' id='word_1_413' title='bbox 509 3193 692 3239; x_wconf 85' lang='lat' dir='ltr'><strong>tamen</strong></span> <span class='ocrx_word' id='word_1_414' title='bbox 716 3184 1022 3240; x_wconf 88' lang='lat' dir='ltr'><strong>invenimus</strong></span> <span class='ocrx_word' id='word_1_415' title='bbox 1045 3183 1208 3240; x_wconf 89' lang='lat' dir='ltr'><strong>etiam</strong></span> <span class='ocrx_word' id='word_1_416' title='bbox 1239 3183 1308 3240; x_wconf 85' lang='lat' dir='ltr'><strong>de</strong></span> <span class='ocrx_word' id='word_1_417' title='bbox 1341 3186 1500 3240; x_wconf 89' lang='lat' dir='ltr'><strong>tertio</strong></span> <span class='ocrx_word' id='word_1_418' title='bbox 1528 3185 1724 3256; x_wconf 88' lang='lat' dir='ltr'><strong>gradu,</strong></span> <span class='ocrx_word' id='word_1_419' title='bbox 1752 3188 1844 3259; x_wconf 89' lang='lat' dir='ltr'><strong>qui</strong></span> <span class='ocrx_word' id='word_1_420' title='bbox 1872 3188 2088 3245; x_wconf 86' lang='lat' dir='ltr'><strong>inﬁmus</strong></span> <span class='ocrx_word' id='word_1_421' title='bbox 2114 3193 2161 3257; x_wconf 86' lang='lat' dir='ltr'><strong>C</strong></span> <span class='ocrx_word' id='word_1_422' title='bbox 2193 3198 2487 3269; x_wconf 73' lang='lat' dir='ltr'><strong>perfectus.</strong></span> 
     </span>
    </p>
   </div>
   <div class='ocr_carea' id='block_1_56' title="bbox 509 3278 2089 3353">
    <p class='ocr_par' dir='ltr' id='par_1_56' title="bbox 509 3278 2089 3353">
     <span class='ocr_line' id='line_1_56' title="bbox 509 3278 2089 3353; baseline 0.006 -21"><span class='ocrx_word' id='word_1_423' title='bbox 509 3279 726 3334; x_wconf 89' lang='lat' dir='ltr'><strong>videtur</strong></span> <span class='ocrx_word' id='word_1_424' title='bbox 749 3293 815 3334; x_wconf 90' lang='lat' dir='ltr'><strong>ac</strong></span> <span class='ocrx_word' id='word_1_425' title='bbox 834 3279 1068 3350; x_wconf 90' lang='lat' dir='ltr'><strong>tepidus,</strong></span> <span class='ocrx_word' id='word_1_426' title='bbox 1099 3278 1371 3352; x_wconf 81' lang='lat' dir='ltr'><strong>perfectos</strong></span> <span class='ocrx_word' id='word_1_427' title='bbox 1401 3279 1550 3338; x_wconf 88' lang='lat' dir='ltr'><strong>viros</strong></span> <span class='ocrx_word' id='word_1_428' title='bbox 1576 3296 1640 3337; x_wconf 91' lang='lat' dir='ltr'><strong>ac</strong></span> <span class='ocrx_word' id='word_1_429' title='bbox 1661 3284 1856 3353; x_wconf 87' lang='lat' dir='ltr'><strong>spiritu</strong></span> <span class='ocrx_word' id='word_1_430' title='bbox 1879 3284 2089 3341; x_wconf 84' lang='lat' dir='ltr'><strong>ferven-</strong></span> 
     </span>
    </p>
   </div>
   <div class='ocr_carea' id='block_1_57' title="bbox 508 3370 2094 3450">
    <p class='ocr_par' dir='ltr' id='par_1_57' title="bbox 508 3370 2094 3450">
     <span class='ocr_line' id='line_1_57' title="bbox 508 3370 2094 3450; baseline 0.006 -22"><span class='ocrx_word' id='word_1_431' title='bbox 508 3371 754 3429; x_wconf 88' lang='lat' dir='ltr'><strong>tissimos</strong></span> <span class='ocrx_word' id='word_1_432' title='bbox 799 3370 1093 3440; x_wconf 81' lang='lat' dir='ltr'><strong>exstitisse,</strong></span> <span class='ocrx_word' id='word_1_433' title='bbox 1126 3373 1343 3445; x_wconf 88' lang='lat' dir='ltr'><strong>illisque</strong></span> <span class='ocrx_word' id='word_1_434' title='bbox 1384 3376 1714 3443; x_wconf 84' lang='lat' dir='ltr'><strong>consimiles,</strong></span> <span class='ocrx_word' id='word_1_435' title='bbox 1747 3379 1838 3450; x_wconf 90' lang='lat' dir='ltr'><strong>qui</strong></span> <span class='ocrx_word' id='word_1_436' title='bbox 1889 3381 2094 3450; x_wconf 91' lang='lat' dir='ltr'><strong>optimo</strong></span> 
     </span>
    </p>
   </div>
   <div class='ocr_carea' id='block_1_58' title="bbox 510 3468 2091 3545">
    <p class='ocr_par' dir='ltr' id='par_1_58' title="bbox 510 3468 2091 3545">
     <span class='ocr_line' id='line_1_58' title="bbox 510 3468 2091 3545; baseline 0.003 -20"><span class='ocrx_word' id='word_1_437' title='bbox 510 3468 781 3540; x_wconf 86' lang='lat' dir='ltr'><strong>principio</strong></span> <span class='ocrx_word' id='word_1_438' title='bbox 852 3469 1095 3539; x_wconf 84' lang='lat' dir='ltr'><strong>aggressi</strong></span> <span class='ocrx_word' id='word_1_439' title='bbox 1163 3469 1376 3525; x_wconf 89' lang='lat' dir='ltr'><strong>Domini</strong></span> <span class='ocrx_word' id='word_1_440' title='bbox 1440 3469 1778 3539; x_wconf 86' lang='lat' dir='ltr'><strong>famulatum,</strong></span> <span class='ocrx_word' id='word_1_441' title='bbox 1830 3475 2091 3545; x_wconf 88' lang='lat' dir='ltr'><strong>reliquam</strong></span> 
     </span>
    </p>
   </div>
   <div class='ocr_carea' id='block_1_59' title="bbox 509 3558 2089 3636">
    <p class='ocr_par' dir='ltr' id='par_1_59' title="bbox 509 3558 2089 3636">
     <span class='ocr_line' id='line_1_59' title="bbox 509 3558 2089 3636; baseline 0.004 -22"><span class='ocrx_word' id='word_1_442' title='bbox 509 3574 725 3631; x_wconf 87' lang='lat' dir='ltr'><strong>quoque</strong></span> <span class='ocrx_word' id='word_1_443' title='bbox 765 3559 930 3613; x_wconf 84' lang='lat' dir='ltr'><strong>vitam</strong></span> <span class='ocrx_word' id='word_1_444' title='bbox 960 3558 1215 3614; x_wconf 87' lang='lat' dir='ltr'><strong>laudabili</strong></span> <span class='ocrx_word' id='word_1_445' title='bbox 1241 3558 1458 3616; x_wconf 77' lang='lat' dir='ltr'><strong>fervore</strong></span> <span class='ocrx_word' id='word_1_446' title='bbox 1493 3563 1719 3631; x_wconf 87' lang='lat' dir='ltr'><strong>spiritus</strong></span> <span class='ocrx_word' id='word_1_447' title='bbox 1759 3575 2089 3636; x_wconf 81' lang='lat' dir='ltr'><strong>exegerunt;</strong></span> 
     </span>
    </p>
   </div>
   <div class='ocr_carea' id='block_1_60' title="bbox 509 3651 2088 3728">
    <p class='ocr_par' dir='ltr' id='par_1_60' title="bbox 509 3651 2088 3728">
     <span class='ocr_line' id='line_1_60' title="bbox 509 3651 2088 3728; baseline 0.004 -21"><span class='ocrx_word' id='word_1_448' title='bbox 509 3663 566 3708; x_wconf 89' lang='lat' dir='ltr'><strong>et</strong></span> <span class='ocrx_word' id='word_1_449' title='bbox 595 3653 792 3712; x_wconf 87' lang='lat' dir='ltr'><strong>iterum</strong></span> <span class='ocrx_word' id='word_1_450' title='bbox 821 3651 891 3708; x_wconf 92' lang='lat' dir='ltr'><strong>de</strong></span> <span class='ocrx_word' id='word_1_451' title='bbox 941 3651 1037 3707; x_wconf 92' lang='lat' dir='ltr'><strong>illo</strong></span> <span class='ocrx_word' id='word_1_452' title='bbox 1083 3653 1352 3722; x_wconf 87' lang='lat' dir='ltr'><strong>superiori</strong></span> <span class='ocrx_word' id='word_1_453' title='bbox 1381 3654 1552 3726; x_wconf 84' lang='lat' dir='ltr'><strong>gradu</strong></span> <span class='ocrx_word' id='word_1_454' title='bbox 1586 3655 1848 3725; x_wconf 88' lang='lat' dir='ltr'><strong>plurimos</strong></span> <span class='ocrx_word' id='word_1_455' title='bbox 1879 3658 2088 3728; x_wconf 88' lang='lat' dir='ltr'><strong>tepefa-</strong></span> 
     </span>
    </p>
   </div>
   <div class='ocr_carea' id='block_1_61' title="bbox 2804 3268 3162 3327">
    <p class='ocr_par' dir='ltr' id='par_1_61' title="bbox 2804 3268 3162 3327">
     <span class='ocr_line' id='line_1_61' title="bbox 2804 3268 3162 3327; baseline 0 -3"><span class='ocrx_word' id='word_1_456' title='bbox 2804 3268 3033 3327; x_wconf 80' lang='lat' dir='ltr'><strong>CAPUT</strong></span> <span class='ocrx_word' id='word_1_457' title='bbox 3075 3269 3162 3324; x_wconf 78' lang='lat' dir='ltr'><strong>Vl.</strong></span> 
     </span>
    </p>
   </div>
   <div class='ocr_carea' id='block_1_62' title="bbox 2479 3362 3495 3435">
    <p class='ocr_par' dir='ltr' id='par_1_62' title="bbox 2479 3362 3495 3435">
     <span class='ocr_line' id='line_1_62' title="bbox 2479 3362 3495 3435; baseline -0.002 -18"><span class='ocrx_word' id='word_1_458' title='bbox 2479 3362 2746 3435; x_wconf 75' lang='lat' dir='ltr'><strong>Expositio</strong></span> <span class='ocrx_word' id='word_1_459' title='bbox 2776 3365 2931 3418; x_wconf 87' lang='lat' dir='ltr'><strong>trium</strong></span> <span class='ocrx_word' id='word_1_460' title='bbox 2964 3363 3495 3420; x_wconf 83' lang='lat' dir='ltr'><strong>abrenuntiationum.</strong></span> 
     </span>
    </p>
   </div>
   <div class='ocr_carea' id='block_1_63' title="bbox 2265 3475 3751 3540">
    <p class='ocr_par' dir='ltr' id='par_1_63' title="bbox 2265 3475 3751 3540">
     <span class='ocr_line' id='line_1_63' title="bbox 2265 3475 3751 3540; baseline -0.005 -9"><span class='ocrx_word' id='word_1_461' title='bbox 2265 3475 2420 3531; x_wconf 80' lang='lat' dir='ltr'><strong>Nunc</strong></span> <span class='ocrx_word' id='word_1_462' title='bbox 2440 3475 2507 3530; x_wconf 92' lang='lat' dir='ltr'><strong>de</strong></span> <span class='ocrx_word' id='word_1_463' title='bbox 2534 3477 3096 3532; x_wconf 88' lang='lat' dir='ltr'><strong>abrenuntiationibus</strong></span> <span class='ocrx_word' id='word_1_464' title='bbox 3111 3476 3492 3533; x_wconf 88' lang='lat' dir='ltr'><strong>disserendum</strong></span> <span class='ocrx_word' id='word_1_465' title='bbox 3521 3480 3619 3539; x_wconf 88' lang='lat' dir='ltr'><strong>est,</strong></span> <span class='ocrx_word' id='word_1_466' title='bbox 3633 3484 3751 3540; x_wconf 90' lang='lat' dir='ltr'><strong>quas</strong></span> 
     </span>
    </p>
   </div>
   <div class='ocr_carea' id='block_1_64' title="bbox 2196 3559 3752 3641">
    <p class='ocr_par' dir='ltr' id='par_1_64' title="bbox 2196 3559 3752 3641">
     <span class='ocr_line' id='line_1_64' title="bbox 2196 3559 3752 3641; baseline -0.003 -17"><span class='ocrx_word' id='word_1_467' title='bbox 2196 3579 2308 3624; x_wconf 90' lang='lat' dir='ltr'><strong>tres</strong></span> <span class='ocrx_word' id='word_1_468' title='bbox 2329 3559 2450 3624; x_wconf 74' lang='lat' dir='ltr'><strong>eSse</strong></span> <span class='ocrx_word' id='word_1_469' title='bbox 2471 3579 2521 3623; x_wconf 88' lang='lat' dir='ltr'><strong>et</strong></span> <span class='ocrx_word' id='word_1_470' title='bbox 2549 3568 2766 3624; x_wconf 86' lang='lat' dir='ltr'><strong>Patrum</strong></span> <span class='ocrx_word' id='word_1_471' title='bbox 2791 3570 3030 3638; x_wconf 87' lang='lat' dir='ltr'><strong>traditio,</strong></span> <span class='ocrx_word' id='word_1_472' title='bbox 3063 3579 3117 3626; x_wconf 89' lang='lat' dir='ltr'><strong>et</strong></span> <span class='ocrx_word' id='word_1_473' title='bbox 3137 3571 3539 3641; x_wconf 90' lang='lat' dir='ltr'><strong>Scripturarum</strong></span> <span class='ocrx_word' id='word_1_474' title='bbox 3566 3575 3752 3634; x_wconf 79' lang='lat' dir='ltr'><strong>satieta-</strong></span> 
     </span>
    </p>
   </div>
   <div class='ocr_carea' id='block_1_65' title="bbox 2199 3662 3753 3733">
    <p class='ocr_par' dir='ltr' id='par_1_65' title="bbox 2199 3662 3753 3733">
     <span class='ocr_line' id='line_1_65' title="bbox 2199 3662 3753 3733; baseline -0.005 -15"><span class='ocrx_word' id='word_1_475' title='bbox 2199 3678 2320 3718; x_wconf 91' lang='lat' dir='ltr'><strong>rum</strong></span> <span class='ocrx_word' id='word_1_476' title='bbox 2346 3662 2683 3718; x_wconf 88' lang='lat' dir='ltr'><strong>demonstrat</strong></span> <span class='ocrx_word' id='word_1_477' title='bbox 2719 3663 3035 3730; x_wconf 83' lang='lat' dir='ltr'><strong>auctoritas,</strong></span> <span class='ocrx_word' id='word_1_478' title='bbox 3067 3677 3315 3733; x_wconf 87' lang='lat' dir='ltr'><strong>quasque</strong></span> <span class='ocrx_word' id='word_1_479' title='bbox 3344 3669 3753 3729; x_wconf 82' lang='lat' dir='ltr'><strong>unumquemque</strong></span> 
     </span>
    </p>
   </div>
   <div class='ocr_carea' id='block_1_66' title="bbox 510 3744 3756 3823">
    <p class='ocr_par' dir='ltr' id='par_1_66' title="bbox 510 3744 3756 3823">
     <span class='ocr_line' id='line_1_66' title="bbox 510 3744 3756 3823; baseline 0.001 -23"><span class='ocrx_word' id='word_1_480' title='bbox 510 3755 630 3802; x_wconf 90' lang='lat' dir='ltr'><strong>ctos</strong></span> <span class='ocrx_word' id='word_1_481' title='bbox 651 3746 720 3800; x_wconf 89' lang='lat' dir='ltr'><strong>ad</strong></span> <span class='ocrx_word' id='word_1_482' title='bbox 742 3744 1161 3814; x_wconf 88' lang='lat' dir='ltr'><strong>vituperabilem</strong></span> <span class='ocrx_word' id='word_1_483' title='bbox 1187 3744 1351 3801; x_wconf 87' lang='lat' dir='ltr'><strong>linem</strong></span> <span class='ocrx_word' id='word_1_484' title='bbox 1370 3747 1675 3817; x_wconf 66' lang='lat' dir='ltr'><strong>saepissime</strong></span> <span class='ocrx_word' id='word_1_485' title='bbox 1705 3750 2004 3806; x_wconf 89' lang='lat' dir='ltr'><strong>recidisse:</strong></span> <span class='ocrx_word' id='word_1_486' title='bbox 2027 3765 2093 3808; x_wconf 91' lang='lat' dir='ltr'><strong>ac</strong></span> <span class='ocrx_word' id='word_1_487' title='bbox 2199 3762 2448 3808; x_wconf 86' lang='lat' dir='ltr'><strong>nostrum</strong></span> <span class='ocrx_word' id='word_1_488' title='bbox 2479 3753 2630 3808; x_wconf 90' lang='lat' dir='ltr'><strong>omni</strong></span> <span class='ocrx_word' id='word_1_489' title='bbox 2667 3753 2850 3808; x_wconf 88' lang='lat' dir='ltr'><strong>studio</strong></span> <span class='ocrx_word' id='word_1_490' title='bbox 2892 3762 3107 3823; x_wconf 87' lang='lat' dir='ltr'><strong>oportet</strong></span> <span class='ocrx_word' id='word_1_491' title='bbox 3157 3755 3404 3822; x_wconf 89' lang='lat' dir='ltr'><strong>implere.</strong></span> <span class='ocrx_word' id='word_1_492' title='bbox 3455 3753 3625 3808; x_wconf 81' lang='lat' dir='ltr'><strong>Prima</strong></span> <span class='ocrx_word' id='word_1_493' title='bbox 3680 3752 3756 3803; x_wconf 74' lang='lat' dir='ltr'><strong>est</strong></span> 
     </span>
    </p>
   </div>
   <div class='ocr_carea' id='block_1_67' title="bbox 507 3838 2090 3914">
    <p class='ocr_par' dir='ltr' id='par_1_67' title="bbox 507 3838 2090 3914">
     <span class='ocr_line' id='line_1_67' title="bbox 507 3838 2090 3914; baseline 0.003 -18"><span class='ocrx_word' id='word_1_494' title='bbox 507 3840 738 3912; x_wconf 86' lang='lat' dir='ltr'><strong>perinde</strong></span> <span class='ocrx_word' id='word_1_495' title='bbox 767 3838 939 3912; x_wconf 85' lang='lat' dir='ltr'><strong>[Lips.</strong></span> <span class='ocrx_word' id='word_1_496' title='bbox 963 3840 1018 3892; x_wconf 87' lang='lat' dir='ltr'><strong>in</strong></span> <span class='ocrx_word' id='word_1_497' title='bbox 1048 3855 1214 3911; x_wconf 87' lang='lat' dir='ltr'><strong>marg.</strong></span> <span class='ocrx_word' id='word_1_498' title='bbox 1243 3841 1496 3914; x_wconf 86' lang='lat' dir='ltr'><strong>proinde]</strong></span> <span class='ocrx_word' id='word_1_499' title='bbox 1523 3842 1666 3897; x_wconf 89' lang='lat' dir='ltr'><strong>sicut</strong></span> <span class='ocrx_word' id='word_1_500' title='bbox 1695 3843 1804 3898; x_wconf 88' lang='lat' dir='ltr'><strong>illis</strong></span> <span class='ocrx_word' id='word_1_501' title='bbox 1831 3843 1965 3898; x_wconf 89' lang='lat' dir='ltr'><strong>nihil</strong></span> <span class='ocrx_word' id='word_1_502' title='bbox 1992 3845 2090 3900; x_wconf 89' lang='lat' dir='ltr'><strong>ob-</strong></span> 
     </span>
    </p>
   </div>
   <div class='ocr_carea' id='block_1_68' title="bbox 507 3929 2092 4005">
    <p class='ocr_par' dir='ltr' id='par_1_68' title="bbox 507 3929 2092 4005">
     <span class='ocr_line' id='line_1_68' title="bbox 507 3929 2092 4005; baseline 0.004 -18"><span class='ocrx_word' id='word_1_503' title='bbox 507 3932 615 3987; x_wconf 87' lang='lat' dir='ltr'><strong>fuit</strong></span> <span class='ocrx_word' id='word_1_504' title='bbox 642 3929 788 4003; x_wconf 92' lang='lat' dir='ltr'><strong>quod</strong></span> <span class='ocrx_word' id='word_1_505' title='bbox 827 3944 936 3984; x_wconf 89' lang='lat' dir='ltr'><strong>non</strong></span> <span class='ocrx_word' id='word_1_506' title='bbox 963 3945 1065 3985; x_wconf 89' lang='lat' dir='ltr'><strong>suo</strong></span> <span class='ocrx_word' id='word_1_507' title='bbox 1089 3929 1404 3986; x_wconf 88' lang='lat' dir='ltr'><strong>viderentur</strong></span> <span class='ocrx_word' id='word_1_508' title='bbox 1441 3933 1691 4005; x_wconf 86' lang='lat' dir='ltr'><strong>arbitrio,</strong></span> <span class='ocrx_word' id='word_1_509' title='bbox 1724 3936 1821 3990; x_wconf 90' lang='lat' dir='ltr'><strong>sed</strong></span> <span class='ocrx_word' id='word_1_510' title='bbox 1852 3937 2092 3994; x_wconf 89' lang='lat' dir='ltr'><strong>necessi-</strong></span> 
     </span>
    </p>
   </div>
   <div class='ocr_carea' id='block_1_69' title="bbox 506 4022 2090 4099">
    <p class='ocr_par' dir='ltr' id='par_1_69' title="bbox 506 4022 2090 4099">
     <span class='ocr_line' id='line_1_69' title="bbox 506 4022 2090 4099; baseline 0.004 -19"><span class='ocrx_word' id='word_1_511' title='bbox 506 4026 636 4081; x_wconf 87' lang='lat' dir='ltr'><strong>tatis</strong></span> <span class='ocrx_word' id='word_1_512' title='bbox 677 4022 1051 4094; x_wconf 89' lang='lat' dir='ltr'><strong>compulsione</strong></span> <span class='ocrx_word' id='word_1_513' title='bbox 1093 4025 1368 4091; x_wconf 87' lang='lat' dir='ltr'><strong>conversi,</strong></span> <span class='ocrx_word' id='word_1_514' title='bbox 1414 4028 1614 4096; x_wconf 89' lang='lat' dir='ltr'><strong>quippe</strong></span> <span class='ocrx_word' id='word_1_515' title='bbox 1659 4037 1686 4066; x_wconf 77' lang='grc' dir='ltr'>ι</span> <span class='ocrx_word' id='word_1_516' title='bbox 1715 4029 1912 4099; x_wconf 87' lang='lat' dir='ltr'><strong>quibus</strong></span> <span class='ocrx_word' id='word_1_517' title='bbox 1950 4029 2090 4086; x_wconf 87' lang='lat' dir='ltr'><strong>hanc</strong></span> 
     </span>
    </p>
   </div>
   <div class='ocr_carea' id='block_1_70' title="bbox 507 4115 2090 4191">
    <p class='ocr_par' dir='ltr' id='par_1_70' title="bbox 507 4115 2090 4191">
     <span class='ocr_line' id='line_1_70' title="bbox 507 4115 2090 4191; baseline 0.004 -19"><span class='ocrx_word' id='word_1_518' title='bbox 507 4119 688 4188; x_wconf 85' lang='lat' dir='ltr'><strong>ipsam</strong></span> <span class='ocrx_word' id='word_1_519' title='bbox 733 4115 1107 4180; x_wconf 87' lang='lat' dir='ltr'><strong>occasionem,</strong></span> <span class='ocrx_word' id='word_1_520' title='bbox 1158 4131 1263 4183; x_wconf 85' lang='lat' dir='ltr'><strong>qua</strong></span> <span class='ocrx_word' id='word_1_521' title='bbox 1307 4131 1821 4191; x_wconf 89' lang='lat' dir='ltr'><strong>compungerentur,</strong></span> <span class='ocrx_word' id='word_1_522' title='bbox 1875 4122 2090 4179; x_wconf 92' lang='lat' dir='ltr'><strong>Domini</strong></span> 
     </span>
    </p>
   </div>
   <div class='ocr_carea' id='block_1_71' title="bbox 507 4207 2091 4279">
    <p class='ocr_par' dir='ltr' id='par_1_71' title="bbox 507 4207 2091 4279">
     <span class='ocr_line' id='line_1_71' title="bbox 507 4207 2091 4279; baseline 0.005 -15"><span class='ocrx_word' id='word_1_523' title='bbox 507 4209 816 4279; x_wconf 86' lang='lat' dir='ltr'><strong>benignitas</strong></span> <span class='ocrx_word' id='word_1_524' title='bbox 843 4207 1185 4278; x_wconf 83' lang='lat' dir='ltr'><strong>procuravit;</strong></span> <span class='ocrx_word' id='word_1_525' title='bbox 1232 4207 1303 4263; x_wconf 88' lang='lat' dir='ltr'><strong>ita</strong></span> <span class='ocrx_word' id='word_1_526' title='bbox 1336 4209 1498 4264; x_wconf 90' lang='lat' dir='ltr'><strong>etiam</strong></span> <span class='ocrx_word' id='word_1_527' title='bbox 1529 4211 1651 4266; x_wconf 88' lang='lat' dir='ltr'><strong>istis</strong></span> <span class='ocrx_word' id='word_1_528' title='bbox 1689 4215 1912 4269; x_wconf 90' lang='lat' dir='ltr'><strong>omnino</strong></span> <span class='ocrx_word' id='word_1_529' title='bbox 1954 4217 2091 4272; x_wconf 89' lang='lat' dir='ltr'><strong>nihil</strong></span> 
     </span>
    </p>
   </div>
   <div class='ocr_carea' id='block_1_72' title="bbox 507 4297 2084 4378">
    <p class='ocr_par' dir='ltr' id='par_1_72' title="bbox 507 4297 2084 4378">
     <span class='ocr_line' id='line_1_72' title="bbox 507 4297 2084 4378; baseline 0.004 -22"><span class='ocrx_word' id='word_1_530' title='bbox 507 4299 716 4373; x_wconf 84' lang='lat' dir='ltr'><strong>profuit</strong></span> <span class='ocrx_word' id='word_1_531' title='bbox 745 4297 1059 4356; x_wconf 86' lang='lat' dir='ltr'><strong>sublimiora</strong></span> <span class='ocrx_word' id='word_1_532' title='bbox 1096 4299 1473 4356; x_wconf 87' lang='lat' dir='ltr'><strong>conversionis</strong></span> <span class='ocrx_word' id='word_1_533' title='bbox 1503 4301 1763 4360; x_wconf 85' lang='lat' dir='ltr'><strong>habuisse</strong></span> <span class='ocrx_word' id='word_1_534' title='bbox 1803 4306 2084 4378; x_wconf 89' lang='lat' dir='ltr'><strong>principia,</strong></span> 
     </span>
    </p>
   </div>
   <div class='ocr_carea' id='block_1_73' title="bbox 509 4389 2089 4470">
    <p class='ocr_par' dir='ltr' id='par_1_73' title="bbox 509 4389 2089 4470">
     <span class='ocr_line' id='line_1_73' title="bbox 509 4389 2089 4470; baseline 0.006 -24"><span class='ocrx_word' id='word_1_535' title='bbox 509 4393 637 4464; x_wconf 89' lang='lat' dir='ltr'><strong>quia</strong></span> <span class='ocrx_word' id='word_1_536' title='bbox 666 4405 772 4448; x_wconf 88' lang='lat' dir='ltr'><strong>non</strong></span> <span class='ocrx_word' id='word_1_537' title='bbox 801 4389 1126 4448; x_wconf 81' lang='lat' dir='ltr'><strong>studuerunt</strong></span> <span class='ocrx_word' id='word_1_538' title='bbox 1169 4390 1436 4461; x_wconf 89' lang='lat' dir='ltr'><strong>reliquam</strong></span> <span class='ocrx_word' id='word_1_539' title='bbox 1481 4397 1648 4453; x_wconf 85' lang='lat' dir='ltr'><strong>vitam</strong></span> <span class='ocrx_word' id='word_1_540' title='bbox 1692 4398 1801 4454; x_wconf 76' lang='lat' dir='ltr'><strong>line</strong></span> <span class='ocrx_word' id='word_1_541' title='bbox 1849 4414 2089 4470; x_wconf 90' lang='lat' dir='ltr'><strong>congruo</strong></span> 
     </span>
    </p>
   </div>
   <div class='ocr_carea' id='block_1_74' title="bbox 2197 3844 3756 3920">
    <p class='ocr_par' dir='ltr' id='par_1_74' title="bbox 2197 3844 3756 3920">
     <span class='ocr_line' id='line_1_74' title="bbox 2197 3844 3756 3920; baseline -0.004 -19"><span class='ocrx_word' id='word_1_542' title='bbox 2197 3862 2301 3920; x_wconf 90' lang='lat' dir='ltr'><strong>qua</strong></span> <span class='ocrx_word' id='word_1_543' title='bbox 2332 3846 2690 3916; x_wconf 88' lang='lat' dir='ltr'><strong>corporaliter</strong></span> <span class='ocrx_word' id='word_1_544' title='bbox 2715 3848 2994 3902; x_wconf 88' lang='lat' dir='ltr'><strong>universas</strong></span> <span class='ocrx_word' id='word_1_545' title='bbox 3019 3847 3233 3901; x_wconf 89' lang='lat' dir='ltr'><strong>divitias</strong></span> <span class='ocrx_word' id='word_1_546' title='bbox 3259 3847 3449 3902; x_wconf 91' lang='lat' dir='ltr'><strong>mundi</strong></span> <span class='ocrx_word' id='word_1_547' title='bbox 3481 3844 3756 3899; x_wconf 73' lang='lat' dir='ltr'><strong>facultates-</strong></span> 
     </span>
    </p>
   </div>
   <div class='ocr_carea' id='block_1_75' title="bbox 2197 3931 3752 4008">
    <p class='ocr_par' dir='ltr' id='par_1_75' title="bbox 2197 3931 3752 4008">
     <span class='ocr_line' id='line_1_75' title="bbox 2197 3931 3752 4008; baseline 0.001 -14"><span class='ocrx_word' id='word_1_548' title='bbox 2197 3953 2302 4008; x_wconf 88' lang='lat' dir='ltr'><strong>que</strong></span> <span class='ocrx_word' id='word_1_549' title='bbox 2348 3938 2785 4005; x_wconf 87' lang='lat' dir='ltr'><strong>contemnimus;</strong></span> <span class='ocrx_word' id='word_1_550' title='bbox 2833 3937 3069 3993; x_wconf 88' lang='lat' dir='ltr'><strong>secunda</strong></span> <span class='ocrx_word' id='word_1_551' title='bbox 3095 3953 3200 4008; x_wconf 90' lang='lat' dir='ltr'><strong>qua</strong></span> <span class='ocrx_word' id='word_1_552' title='bbox 3242 3952 3466 4000; x_wconf 89' lang='lat' dir='ltr'><strong>mores,</strong></span> <span class='ocrx_word' id='word_1_553' title='bbox 3498 3949 3559 3994; x_wconf 80' lang='lat' dir='ltr'><strong>ac</strong></span> <span class='ocrx_word' id='word_1_554' title='bbox 3601 3931 3752 3996; x_wconf 66' lang='lat' dir='ltr'><strong>Vilia.</strong></span> 
     </span>
    </p>
   </div>
   <div class='ocr_carea' id='block_1_76' title="bbox 2191 4024 3753 4100">
    <p class='ocr_par' dir='ltr' id='par_1_76' title="bbox 2191 4024 3753 4100">
     <span class='ocr_line' id='line_1_76' title="bbox 2191 4024 3753 4100; baseline -0.007 -14"><span class='ocrx_word' id='word_1_555' title='bbox 2191 4030 2524 4100; x_wconf 76' lang='lat' dir='ltr'><strong>ali‘ectusque</strong></span> <span class='ocrx_word' id='word_1_556' title='bbox 2577 4030 2832 4099; x_wconf 90' lang='lat' dir='ltr'><strong>pristinos</strong></span> <span class='ocrx_word' id='word_1_557' title='bbox 2881 4030 3047 4084; x_wconf 89' lang='lat' dir='ltr'><strong>animi</strong></span> <span class='ocrx_word' id='word_1_558' title='bbox 3098 4031 3390 4100; x_wconf 84' lang='lat' dir='ltr'><strong>carnisque</strong></span> <span class='ocrx_word' id='word_1_559' title='bbox 3432 4024 3753 4095; x_wconf 88' lang='lat' dir='ltr'><strong>respnimus;</strong></span> 
     </span>
    </p>
   </div>
   <div class='ocr_carea' id='block_1_77' title="bbox 2192 4113 3755 4193">
    <p class='ocr_par' dir='ltr' id='par_1_77' title="bbox 2192 4113 3755 4193">
     <span class='ocr_line' id='line_1_77' title="bbox 2192 4113 3755 4193; baseline -0.01 -14"><span class='ocrx_word' id='word_1_560' title='bbox 2192 4125 2349 4179; x_wconf 87' lang='lat' dir='ltr'><strong>tertia</strong></span> <span class='ocrx_word' id='word_1_561' title='bbox 2373 4139 2474 4193; x_wconf 90' lang='lat' dir='ltr'><strong>qua</strong></span> <span class='ocrx_word' id='word_1_562' title='bbox 2499 4131 2734 4178; x_wconf 89' lang='lat' dir='ltr'><strong>mentem</strong></span> <span class='ocrx_word' id='word_1_563' title='bbox 2758 4131 2995 4176; x_wconf 91' lang='lat' dir='ltr'><strong>nostram</strong></span> <span class='ocrx_word' id='word_1_564' title='bbox 3026 4121 3094 4176; x_wconf 90' lang='lat' dir='ltr'><strong>de</strong></span> <span class='ocrx_word' id='word_1_565' title='bbox 3123 4121 3482 4191; x_wconf 65' lang='lat' dir='ltr'><strong>praesentibus</strong></span> <span class='ocrx_word' id='word_1_566' title='bbox 3507 4113 3755 4172; x_wconf 85' lang='lat' dir='ltr'><strong>universis</strong></span> 
     </span>
    </p>
   </div>
   <div class='ocr_carea' id='block_1_78' title="bbox 2193 4212 3755 4280">
    <p class='ocr_par' dir='ltr' id='par_1_78' title="bbox 2193 4212 3755 4280">
     <span class='ocr_line' id='line_1_78' title="bbox 2193 4212 3755 4280; baseline -0.008 -8"><span class='ocrx_word' id='word_1_567' title='bbox 2193 4229 2258 4272; x_wconf 87' lang='lat' dir='ltr'><strong>ac</strong></span> <span class='ocrx_word' id='word_1_568' title='bbox 2277 4215 2578 4270; x_wconf 90' lang='lat' dir='ltr'><strong>visibilibus</strong></span> <span class='ocrx_word' id='word_1_569' title='bbox 2600 4221 2910 4280; x_wconf 88' lang='lat' dir='ltr'><strong>evocantes,</strong></span> <span class='ocrx_word' id='word_1_570' title='bbox 2938 4213 3118 4270; x_wconf 89' lang='lat' dir='ltr'><strong>futura</strong></span> <span class='ocrx_word' id='word_1_571' title='bbox 3148 4212 3520 4268; x_wconf 87' lang='lat' dir='ltr'><strong>tantummodo</strong></span> <span class='ocrx_word' id='word_1_572' title='bbox 3537 4217 3755 4265; x_wconf 87' lang='lat' dir='ltr'><strong>contem-</strong></span> 
     </span>
    </p>
   </div>
   <div class='ocr_carea' id='block_1_79' title="bbox 2194 4302 3754 4380">
    <p class='ocr_par' dir='ltr' id='par_1_79' title="bbox 2194 4302 3754 4380">
     <span class='ocr_line' id='line_1_79' title="bbox 2194 4302 3754 4380; baseline -0.008 -16"><span class='ocrx_word' id='word_1_573' title='bbox 2194 4310 2444 4380; x_wconf 87' lang='lat' dir='ltr'><strong>plamur,</strong></span> <span class='ocrx_word' id='word_1_574' title='bbox 2474 4316 2528 4364; x_wconf 88' lang='lat' dir='ltr'><strong>et</strong></span> <span class='ocrx_word' id='word_1_575' title='bbox 2558 4320 2621 4364; x_wconf 84' lang='lat' dir='ltr'><strong>ea</strong></span> <span class='ocrx_word' id='word_1_576' title='bbox 2667 4323 2786 4378; x_wconf 71' lang='lat' dir='ltr'><strong>qua:</strong></span> <span class='ocrx_word' id='word_1_577' title='bbox 2829 4316 2956 4362; x_wconf 89' lang='lat' dir='ltr'><strong>sunt</strong></span> <span class='ocrx_word' id='word_1_578' title='bbox 2999 4306 3291 4364; x_wconf 85' lang='lat' dir='ltr'><strong>invisibilia</strong></span> <span class='ocrx_word' id='word_1_579' title='bbox 3323 4302 3754 4376; x_wconf 87' lang='lat' dir='ltr'><strong>concupiscimus.</strong></span> 
     </span>
    </p>
   </div>
   <div class='ocr_carea' id='block_1_80' title="bbox 2193 4392 3755 4470">
    <p class='ocr_par' dir='ltr' id='par_1_80' title="bbox 2193 4392 3755 4470">
     <span class='ocr_line' id='line_1_80' title="bbox 2193 4392 3755 4470; baseline -0.006 -15"><span class='ocrx_word' id='word_1_580' title='bbox 2193 4400 2323 4467; x_wconf 73' lang='lat' dir='ltr'><strong>Quae</strong></span> <span class='ocrx_word' id='word_1_581' title='bbox 2356 4401 2480 4467; x_wconf 90' lang='lat' dir='ltr'><strong>tria,</strong></span> <span class='ocrx_word' id='word_1_582' title='bbox 2514 4410 2571 4456; x_wconf 92' lang='lat' dir='ltr'><strong>ut</strong></span> <span class='ocrx_word' id='word_1_583' title='bbox 2597 4400 2757 4456; x_wconf 89' lang='lat' dir='ltr'><strong>simul</strong></span> <span class='ocrx_word' id='word_1_584' title='bbox 2788 4399 3157 4470; x_wconf 86' lang='lat' dir='ltr'><strong>perficiantur,</strong></span> <span class='ocrx_word' id='word_1_585' title='bbox 3190 4399 3354 4456; x_wconf 89' lang='lat' dir='ltr'><strong>etiam</strong></span> <span class='ocrx_word' id='word_1_586' title='bbox 3379 4397 3608 4454; x_wconf 74' lang='lat' dir='ltr'><strong>Abrahae</strong></span> <span class='ocrx_word' id='word_1_587' title='bbox 3632 4392 3755 4462; x_wconf 76' lang='lat' dir='ltr'><strong>legi-</strong></span> 
     </span>
    </p>
   </div>
   <div class='ocr_carea' id='block_1_81' title="bbox 1576 4557 2694 4617">
    <p class='ocr_par' dir='ltr' id='par_1_81' title="bbox 1576 4557 2694 4617">
     <span class='ocr_line' id='line_1_81' title="bbox 1576 4557 2694 4617; baseline 0.004 -3"><span class='ocrx_word' id='word_1_588' title='bbox 1576 4557 1827 4614; x_wconf 79' lang='lat' dir='ltr'><strong>ALARDI</strong></span> <span class='ocrx_word' id='word_1_589' title='bbox 1863 4558 2092 4615; x_wconf 68' lang='lat' dir='ltr'><strong>GAZEI</strong></span> <span class='ocrx_word' id='word_1_590' title='bbox 2128 4557 2694 4617; x_wconf 77' lang='lat' dir='ltr'><strong>COMMENTARIUS.</strong></span> 
     </span>
    </p>
   </div>
   <div class='ocr_carea' id='block_1_82' title="bbox 584 4669 1964 4800">
    <p class='ocr_par' dir='ltr' id='par_1_82' title="bbox 584 4669 1964 4800">
     <span class='ocr_line' id='line_1_82' title="bbox 584 4669 1964 4800; baseline -0.001 -69"><span class='ocrx_word' id='word_1_591' title='bbox 584 4685 612 4714; x_wconf 81' lang='grc' dir='ltr'>ι</span> <span class='ocrx_word' id='word_1_592' title='bbox 653 4675 712 4731; x_wconf 85' lang='lat' dir='ltr'><strong>S.</strong></span> <span class='ocrx_word' id='word_1_593' title='bbox 741 4670 1007 4756; x_wconf 68' lang='lat' dir='ltr'><strong>Macarius</strong></span> <span class='ocrx_word' id='word_1_594' title='bbox 1053 4670 1110 4726; x_wconf 90' lang='lat' dir='ltr'><strong>in</strong></span> <span class='ocrx_word' id='word_1_595' title='bbox 1137 4669 1361 4726; x_wconf 86' lang='lat' dir='ltr'><strong>homilia</strong></span> <span class='ocrx_word' id='word_1_596' title='bbox 1385 4673 1617 4742; x_wconf 89' lang='lat' dir='ltr'><strong>quadam</strong></span> <span class='ocrx_word' id='word_1_597' title='bbox 1646 4674 1830 4758; x_wconf 57' lang='lat' dir='ltr'><strong>(liam.</strong></span> <span class='ocrx_word' id='word_1_598' title='bbox 1861 4674 1964 4800; x_wconf 47' lang='lat' dir='ltr'><strong>52L</strong></span> 
     </span>
     <span class='ocr_line' id='line_1_83' title="bbox 584 4740 1924 4800; baseline 0.003 -4"><span class='ocrx_word' id='word_1_599' title='bbox 584 4761 656 4800; x_wconf 38' lang='lat' dir='ltr'><strong>[ne</strong></span> <span class='ocrx_word' id='word_1_600' title='bbox 685 4758 906 4800; x_wconf 85' lang='lat' dir='ltr'><strong>evenire</strong></span> <span class='ocrx_word' id='word_1_601' title='bbox 927 4740 1184 4800; x_wconf 81' lang='lat' dir='ltr'><strong>afﬁrmat.</strong></span> <span class='ocrx_word' id='word_1_602' title='bbox 1219 4751 1278 4796; x_wconf 90' lang='lat' dir='ltr'><strong>ut</strong></span> <span class='ocrx_word' id='word_1_603' title='bbox 1308 4744 1447 4798; x_wconf 90' lang='lat' dir='ltr'><strong>Deus</strong></span> <span class='ocrx_word' id='word_1_604' title='bbox 1489 4760 1743 4799; x_wconf 82' lang='lat' dir='ltr'><strong>aerumnis</strong></span> <span class='ocrx_word' id='word_1_605' title='bbox 1767 4761 1831 4800; x_wconf 89' lang='lat' dir='ltr'><strong>ac</strong></span> <span class='ocrx_word' id='word_1_606' title='bbox 1862 4756 1924 4800; x_wconf 82' lang='lat' dir='ltr'><strong>tri</strong></span> 
     </span>
    </p>
   </div>
   <div class='ocr_carea' id='block_1_83' title="bbox 511 4740 2086 4816">
    <p class='ocr_par' dir='ltr' id='par_1_83' title="bbox 511 4740 2086 4816">
     <span class='ocr_line' id='line_1_84' title="bbox 511 4740 2086 4816; baseline -0.003 -13"><span class='ocrx_word' id='word_1_607' title='bbox 511 4761 656 4816; x_wconf 63' lang='lat' dir='ltr'><strong>saepe</strong></span> <span class='ocrx_word' id='word_1_608' title='bbox 685 4740 1184 4816; x_wconf 81' lang='lat' dir='ltr'><strong>evenirealﬁrmat,</strong></span> <span class='ocrx_word' id='word_1_609' title='bbox 1209 4751 1278 4816; x_wconf 89' lang='lat' dir='ltr'><strong>_ut</strong></span> <span class='ocrx_word' id='word_1_610' title='bbox 1308 4740 1447 4816; x_wconf 83' lang='lat' dir='ltr'><strong>Deus</strong></span> <span class='ocrx_word' id='word_1_611' title='bbox 1489 4740 1743 4799; x_wconf 69' lang='lat' dir='ltr'><strong>aerumnis</strong></span> <span class='ocrx_word' id='word_1_612' title='bbox 1767 4761 1831 4800; x_wconf 89' lang='lat' dir='ltr'><strong>ac</strong></span> <span class='ocrx_word' id='word_1_613' title='bbox 1862 4740 2086 4800; x_wconf 84' lang='lat' dir='ltr'><strong>tribula-</strong></span> 
     </span>
    </p>
   </div>
   <div class='ocr_carea' id='block_1_84' title="bbox 509 4813 2087 4885">
    <p class='ocr_par' dir='ltr' id='par_1_84' title="bbox 509 4813 2087 4885">
     <span class='ocr_line' id='line_1_85' title="bbox 509 4813 2087 4885; baseline -0.001 -12"><span class='ocrx_word' id='word_1_614' title='bbox 509 4813 744 4873; x_wconf 85' lang='lat' dir='ltr'><strong>tionibus</strong></span> <span class='ocrx_word' id='word_1_615' title='bbox 772 4815 1044 4885; x_wconf 84' lang='lat' dir='ltr'><strong>hominem</strong></span> <span class='ocrx_word' id='word_1_616' title='bbox 1069 4813 1323 4885; x_wconf 73' lang='lat' dir='ltr'><strong>exagitet,</strong></span> <span class='ocrx_word' id='word_1_617' title='bbox 1347 4825 1406 4868; x_wconf 92' lang='lat' dir='ltr'><strong>ut</strong></span> <span class='ocrx_word' id='word_1_618' title='bbox 1426 4814 1472 4870; x_wconf 91' lang='lat' dir='ltr'><strong>is</strong></span> <span class='ocrx_word' id='word_1_619' title='bbox 1493 4816 1582 4885; x_wconf 91' lang='lat' dir='ltr'><strong>qui</strong></span> <span class='ocrx_word' id='word_1_620' title='bbox 1608 4817 1830 4870; x_wconf 90' lang='lat' dir='ltr'><strong>nimium</strong></span> <span class='ocrx_word' id='word_1_621' title='bbox 1859 4820 2087 4872; x_wconf 87' lang='lat' dir='ltr'><strong>terrenis</strong></span> 
     </span>
    </p>
   </div>
   <div class='ocr_carea' id='block_1_85' title="bbox 509 4883 2086 4950">
    <p class='ocr_par' dir='ltr' id='par_1_85' title="bbox 509 4883 2086 4950">
     <span class='ocr_line' id='line_1_86' title="bbox 509 4883 2086 4950; baseline 0.001 -8"><span class='ocrx_word' id='word_1_622' title='bbox 509 4888 673 4943; x_wconf 84' lang='lat' dir='ltr'><strong>rebus</strong></span> <span class='ocrx_word' id='word_1_623' title='bbox 699 4889 880 4940; x_wconf 89' lang='lat' dir='ltr'><strong>animo</strong></span> <span class='ocrx_word' id='word_1_624' title='bbox 908 4898 973 4939; x_wconf 91' lang='lat' dir='ltr'><strong>ac</strong></span> <span class='ocrx_word' id='word_1_625' title='bbox 1013 4883 1288 4938; x_wconf 87' lang='lat' dir='ltr'><strong>desiderio</strong></span> <span class='ocrx_word' id='word_1_626' title='bbox 1317 4883 1577 4950; x_wconf 71' lang='lat' dir='ltr'><strong>inhaeret,</strong></span> <span class='ocrx_word' id='word_1_627' title='bbox 1620 4901 1741 4941; x_wconf 89' lang='lat' dir='ltr'><strong>cum</strong></span> <span class='ocrx_word' id='word_1_628' title='bbox 1774 4889 1954 4941; x_wconf 90' lang='lat' dir='ltr'><strong>omnia</strong></span> <span class='ocrx_word' id='word_1_629' title='bbox 1983 4889 2086 4944; x_wconf 90' lang='lat' dir='ltr'><strong>sibi</strong></span> 
     </span>
    </p>
   </div>
   <div class='ocr_carea' id='block_1_86' title="bbox 510 4955 2087 5024">
    <p class='ocr_par' dir='ltr' id='par_1_86' title="bbox 510 4955 2087 5024">
     <span class='ocr_line' id='line_1_87' title="bbox 510 4955 2087 5024; baseline -0.001 -11"><span class='ocrx_word' id='word_1_630' title='bbox 510 4957 804 5013; x_wconf 78' lang='lat' dir='ltr'><strong>infeliciter</strong></span> <span class='ocrx_word' id='word_1_631' title='bbox 833 4955 1126 5010; x_wconf 88' lang='lat' dir='ltr'><strong>succedere</strong></span> <span class='ocrx_word' id='word_1_632' title='bbox 1154 4955 1320 5024; x_wconf 88' lang='lat' dir='ltr'><strong>videt,</strong></span> <span class='ocrx_word' id='word_1_633' title='bbox 1348 4957 1418 5010; x_wconf 87' lang='lat' dir='ltr'><strong>ita</strong></span> <span class='ocrx_word' id='word_1_634' title='bbox 1449 4973 1632 5012; x_wconf 87' lang='lat' dir='ltr'><strong>secum</strong></span> <span class='ocrx_word' id='word_1_635' title='bbox 1664 4961 1975 5014; x_wconf 89' lang='lat' dir='ltr'><strong>ratiocinari</strong></span> <span class='ocrx_word' id='word_1_636' title='bbox 2006 4962 2087 5012; x_wconf 85' lang='lat' dir='ltr'><strong>iii-</strong></span> 
     </span>
    </p>
   </div>
   <div class='ocr_carea' id='block_1_87' title="bbox 510 5026 2085 5105">
    <p class='ocr_par' dir='ltr' id='par_1_87' title="bbox 510 5026 2085 5105">
     <span class='ocr_line' id='line_1_88' title="bbox 510 5026 2085 5105; baseline -0.001 -21"><span class='ocrx_word' id='word_1_637' title='bbox 510 5031 703 5105; x_wconf 86' lang='lat' dir='ltr'><strong>cipiat:</strong></span> <span class='ocrx_word' id='word_1_638' title='bbox 728 5026 1174 5105; x_wconf 71' lang='lat' dir='ltr'><strong>Quandoquidem</strong></span> <span class='ocrx_word' id='word_1_639' title='bbox 1201 5041 1308 5105; x_wconf 86' lang='lat' dir='ltr'><strong>no_n</strong></span> <span class='ocrx_word' id='word_1_640' title='bbox 1331 5030 1529 5105; x_wconf 71' lang='lat' dir='ltr'><strong>possim</strong></span> <span class='ocrx_word' id='word_1_641' title='bbox 1547 5030 1597 5083; x_wconf 92' lang='lat' dir='ltr'><strong>in</strong></span> <span class='ocrx_word' id='word_1_642' title='bbox 1613 5031 1809 5083; x_wconf 90' lang='lat' dir='ltr'><strong>mundo</strong></span> <span class='ocrx_word' id='word_1_643' title='bbox 1829 5033 2085 5105; x_wconf 80' lang='lat' dir='ltr'><strong>consequi</strong></span> 
     </span>
    </p>
   </div>
   <div class='ocr_carea' id='block_1_88' title="bbox 511 5096 2086 5170">
    <p class='ocr_par' dir='ltr' id='par_1_88' title="bbox 511 5096 2086 5170">
     <span class='ocr_line' id='line_1_89' title="bbox 511 5096 2086 5170; baseline -0.001 -15"><span class='ocrx_word' id='word_1_644' title='bbox 511 5096 634 5170; x_wconf 70' lang='lat' dir='ltr'><strong>qua:</strong></span> <span class='ocrx_word' id='word_1_645' title='bbox 665 5098 906 5170; x_wconf 86' lang='lat' dir='ltr'><strong>volebam</strong></span> <span class='ocrx_word' id='word_1_646' title='bbox 927 5137 942 5161; x_wconf 90' lang='lat'><strong>,</strong></span> <span class='ocrx_word' id='word_1_647' title='bbox 965 5096 1379 5170; x_wconf 9' lang='lat' dir='ltr'><strong>eccermundum</strong></span> <span class='ocrx_word' id='word_1_648' title='bbox 1419 5098 1689 5170; x_wconf 86' lang='lat' dir='ltr'><strong>relinquo,</strong></span> <span class='ocrx_word' id='word_1_649' title='bbox 1723 5109 1777 5153; x_wconf 90' lang='lat' dir='ltr'><strong>et</strong></span> <span class='ocrx_word' id='word_1_650' title='bbox 1821 5103 1886 5153; x_wconf 87' lang='lat' dir='ltr'><strong>ad</strong></span> <span class='ocrx_word' id='word_1_651' title='bbox 1921 5096 2086 5154; x_wconf 83' lang='lat' dir='ltr'><strong>Deum</strong></span> 
     </span>
    </p>
   </div>
   <div class='ocr_carea' id='block_1_89' title="bbox 510 5167 2087 5238">
    <p class='ocr_par' dir='ltr' id='par_1_89' title="bbox 510 5167 2087 5238">
     <span class='ocr_line' id='line_1_90' title="bbox 510 5167 2087 5238; baseline 0.001 -15"><span class='ocrx_word' id='word_1_652' title='bbox 510 5167 668 5235; x_wconf 76' lang='lat' dir='ltr'><strong>vado,</strong></span> <span class='ocrx_word' id='word_1_653' title='bbox 702 5177 761 5224; x_wconf 91' lang='lat' dir='ltr'><strong>ut</strong></span> <span class='ocrx_word' id='word_1_654' title='bbox 789 5169 836 5222; x_wconf 92' lang='lat' dir='ltr'><strong>ei</strong></span> <span class='ocrx_word' id='word_1_655' title='bbox 857 5169 944 5222; x_wconf 89' lang='lat' dir='ltr'><strong>uni</strong></span> <span class='ocrx_word' id='word_1_656' title='bbox 976 5169 1242 5232; x_wconf 90' lang='lat' dir='ltr'><strong>serviam;</strong></span> <span class='ocrx_word' id='word_1_657' title='bbox 1264 5167 1444 5237; x_wconf 89' lang='lat' dir='ltr'><strong>itaque</strong></span> <span class='ocrx_word' id='word_1_658' title='bbox 1469 5167 1862 5238; x_wconf 57' lang='lat' dir='ltr'><strong>tiat&#39;utgratias</strong></span> <span class='ocrx_word' id='word_1_659' title='bbox 1893 5170 2087 5225; x_wconf 90' lang='lat' dir='ltr'><strong>deinde</strong></span> 
     </span>
    </p>
   </div>
   <div class='ocr_carea' id='block_1_90' title="bbox 509 5239 2087 5310">
    <p class='ocr_par' dir='ltr' id='par_1_90' title="bbox 509 5239 2087 5310">
     <span class='ocr_line' id='line_1_91' title="bbox 509 5239 2087 5310; baseline 0 -16"><span class='ocrx_word' id='word_1_660' title='bbox 509 5249 632 5310; x_wconf 90' lang='lat' dir='ltr'><strong>agat</strong></span> <span class='ocrx_word' id='word_1_661' title='bbox 662 5243 728 5296; x_wconf 90' lang='lat' dir='ltr'><strong>de</strong></span> <span class='ocrx_word' id='word_1_662' title='bbox 759 5239 988 5310; x_wconf 86' lang='lat' dir='ltr'><strong>adversa</strong></span> <span class='ocrx_word' id='word_1_663' title='bbox 1034 5240 1284 5310; x_wconf 76' lang='lat' dir='ltr'><strong>fortuna,</strong></span> <span class='ocrx_word' id='word_1_664' title='bbox 1316 5240 1470 5304; x_wconf 78' lang='lat' dir='ltr'><strong>Cujus</strong></span> <span class='ocrx_word' id='word_1_665' title='bbox 1498 5243 1784 5294; x_wconf 88' lang='lat' dir='ltr'><strong>occasione</strong></span> <span class='ocrx_word' id='word_1_666' title='bbox 1829 5243 2087 5310; x_wconf 89' lang='lat' dir='ltr'><strong>impulsus</strong></span> 
     </span>
    </p>
   </div>
   <div class='ocr_carea' id='block_1_91' title="bbox 508 5308 2088 5366">
    <p class='ocr_par' dir='ltr' id='par_1_91' title="bbox 508 5308 2088 5366">
     <span class='ocr_line' id='line_1_92' title="bbox 508 5308 2088 5366; baseline -0.001 0"><span class='ocrx_word' id='word_1_667' title='bbox 508 5308 583 5366; x_wconf 84' lang='lat' dir='ltr'><strong>sit</strong></span> <span class='ocrx_word' id='word_1_668' title='bbox 610 5313 675 5364; x_wconf 91' lang='lat' dir='ltr'><strong>ad</strong></span> <span class='ocrx_word' id='word_1_669' title='bbox 707 5308 1087 5366; x_wconf 84' lang='lat' dir='ltr'><strong>suavissimum</strong></span> <span class='ocrx_word' id='word_1_670' title='bbox 1117 5309 1212 5362; x_wconf 85' lang='lat' dir='ltr'><strong>Dei</strong></span> <span class='ocrx_word' id='word_1_671' title='bbox 1243 5308 1580 5365; x_wconf 81' lang='lat' dir='ltr'><strong>famulatum.</strong></span> <span class='ocrx_word' id='word_1_672' title='bbox 1614 5311 1668 5364; x_wconf 91' lang='lat' dir='ltr'><strong>In</strong></span> <span class='ocrx_word' id='word_1_673' title='bbox 1697 5308 1942 5365; x_wconf 88' lang='lat' dir='ltr'><strong>eamdem</strong></span> <span class='ocrx_word' id='word_1_674' title='bbox 1964 5325 2088 5365; x_wconf 90' lang='lat' dir='ltr'><strong>sen-</strong></span> 
     </span>
    </p>
   </div>
   <div class='ocr_carea' id='block_1_92' title="bbox 509 5379 2084 5446">
    <p class='ocr_par' dir='ltr' id='par_1_92' title="bbox 509 5379 2084 5446">
     <span class='ocr_line' id='line_1_93' title="bbox 509 5379 2084 5446; baseline -0.002 -8"><span class='ocrx_word' id='word_1_675' title='bbox 509 5384 732 5438; x_wconf 83' lang='lat' dir='ltr'><strong>tentiam</strong></span> <span class='ocrx_word' id='word_1_676' title='bbox 754 5379 992 5436; x_wconf 80' lang='lat' dir='ltr'><strong>Joannes</strong></span> <span class='ocrx_word' id='word_1_677' title='bbox 1022 5379 1293 5434; x_wconf 86' lang='lat' dir='ltr'><strong>Clitnacus</strong></span> <span class='ocrx_word' id='word_1_678' title='bbox 1323 5379 1466 5434; x_wconf 91' lang='lat' dir='ltr'><strong>hunc</strong></span> <span class='ocrx_word' id='word_1_679' title='bbox 1497 5382 1586 5435; x_wconf 89' lang='lat' dir='ltr'><strong>Dei</strong></span> <span class='ocrx_word' id='word_1_680' title='bbox 1619 5396 1822 5436; x_wconf 87' lang='lat' dir='ltr'><strong>morem</strong></span> <span class='ocrx_word' id='word_1_681' title='bbox 1847 5396 1966 5435; x_wconf 86' lang='lat' dir='ltr'><strong>esse</strong></span> <span class='ocrx_word' id='word_1_682' title='bbox 1987 5384 2084 5446; x_wconf 90' lang='lat' dir='ltr'><strong>ait,</strong></span> 
     </span>
    </p>
   </div>
   <div class='ocr_carea' id='block_1_93' title="bbox 511 5450 2082 5520">
    <p class='ocr_par' dir='ltr' id='par_1_93' title="bbox 511 5450 2082 5520">
     <span class='ocr_line' id='line_1_94' title="bbox 511 5450 2082 5520; baseline -0.001 -14"><span class='ocrx_word' id='word_1_683' title='bbox 511 5462 571 5506; x_wconf 88' lang='lat' dir='ltr'><strong>ut</strong></span> <span class='ocrx_word' id='word_1_684' title='bbox 595 5453 868 5509; x_wconf 88' lang='lat' dir='ltr'><strong>interdum</strong></span> <span class='ocrx_word' id='word_1_685' title='bbox 901 5450 1149 5506; x_wconf 87' lang='lat' dir='ltr'><strong>homines</strong></span> <span class='ocrx_word' id='word_1_686' title='bbox 1176 5450 1317 5505; x_wconf 85' lang='lat' dir='ltr'><strong>bono</strong></span> <span class='ocrx_word' id='word_1_687' title='bbox 1365 5451 1492 5505; x_wconf 91' lang='lat' dir='ltr'><strong>dolo</strong></span> <span class='ocrx_word' id='word_1_688' title='bbox 1541 5454 1734 5520; x_wconf 88' lang='lat' dir='ltr'><strong>capiat,</strong></span> <span class='ocrx_word' id='word_1_689' title='bbox 1769 5461 1823 5505; x_wconf 91' lang='lat' dir='ltr'><strong>et</strong></span> <span class='ocrx_word' id='word_1_690' title='bbox 1859 5451 1911 5505; x_wconf 93' lang='lat' dir='ltr'><strong>in</strong></span> <span class='ocrx_word' id='word_1_691' title='bbox 1942 5452 2082 5505; x_wconf 83' lang='lat' dir='ltr'><strong>viain</strong></span> 
     </span>
    </p>
   </div>
   <div class='ocr_carea' id='block_1_94' title="bbox 512 5521 2082 5593">
    <p class='ocr_par' dir='ltr' id='par_1_94' title="bbox 512 5521 2082 5593">
     <span class='ocr_line' id='line_1_95' title="bbox 512 5521 2082 5593; baseline 0.001 -17"><span class='ocrx_word' id='word_1_692' title='bbox 512 5524 705 5578; x_wconf 89' lang='lat' dir='ltr'><strong>salutis</strong></span> <span class='ocrx_word' id='word_1_693' title='bbox 727 5523 1006 5591; x_wconf 87' lang='lat' dir='ltr'><strong>deceptos,</strong></span> <span class='ocrx_word' id='word_1_694' title='bbox 1031 5529 1124 5593; x_wconf 76' lang='lat' dir='ltr'><strong>aut</strong></span> <span class='ocrx_word' id='word_1_695' title='bbox 1143 5521 1476 5593; x_wconf 79' lang='lat' dir='ltr'><strong>nihilminus</strong></span> <span class='ocrx_word' id='word_1_696' title='bbox 1492 5523 1808 5593; x_wconf 87' lang='lat' dir='ltr'><strong>cogitantes,</strong></span> <span class='ocrx_word' id='word_1_697' title='bbox 1846 5521 2082 5577; x_wconf 86' lang='lat' dir='ltr'><strong>inducat.</strong></span> 
     </span>
    </p>
   </div>
   <div class='ocr_carea' id='block_1_95' title="bbox 513 5591 2087 5664">
    <p class='ocr_par' dir='ltr' id='par_1_95' title="bbox 513 5591 2087 5664">
     <span class='ocr_line' id='line_1_96' title="bbox 513 5591 2087 5664; baseline 0 -17"><span class='ocrx_word' id='word_1_698' title='bbox 513 5593 644 5661; x_wconf 76' lang='lat' dir='ltr'><strong>Ejus</strong></span> <span class='ocrx_word' id='word_1_699' title='bbox 673 5595 839 5648; x_wconf 84' lang='lat' dir='ltr'><strong>verba</strong></span> <span class='ocrx_word' id='word_1_700' title='bbox 867 5602 995 5648; x_wconf 80' lang='lat' dir='ltr'><strong>sunt</strong></span> <span class='ocrx_word' id='word_1_701' title='bbox 1034 5591 1239 5664; x_wconf 82' lang='lat' dir='ltr'><strong>(Gradu</strong></span> <span class='ocrx_word' id='word_1_702' title='bbox 1269 5591 1322 5664; x_wconf 83' lang='grc'><strong>1)</strong></span> <span class='ocrx_word' id='word_1_703' title='bbox 1346 5609 1362 5648; x_wconf 88' lang='lat'><strong>:</strong></span> <span class='ocrx_word' id='word_1_704' title='bbox 1414 5591 1537 5647; x_wconf 88' lang='lat' dir='ltr'><strong>Non</strong></span> <span class='ocrx_word' id='word_1_705' title='bbox 1567 5591 1973 5660; x_wconf 70' lang='lat' dir='ltr'><strong>contemnamus,</strong></span> <span class='ocrx_word' id='word_1_706' title='bbox 2006 5595 2087 5647; x_wconf 87' lang='lat' dir='ltr'><strong>in-</strong></span> 
     </span>
    </p>
   </div>
   <div class='ocr_carea' id='block_1_96' title="bbox 515 5664 2087 5733">
    <p class='ocr_par' dir='ltr' id='par_1_96' title="bbox 515 5664 2087 5733">
     <span class='ocr_line' id='line_1_97' title="bbox 515 5664 2087 5733; baseline 0.002 -17"><span class='ocrx_word' id='word_1_707' title='bbox 515 5667 654 5733; x_wconf 89' lang='lat' dir='ltr'><strong>quit,</strong></span> <span class='ocrx_word' id='word_1_708' title='bbox 685 5664 939 5733; x_wconf 80' lang='lat' dir='ltr'><strong>quosdam</strong></span> <span class='ocrx_word' id='word_1_709' title='bbox 955 5665 1149 5718; x_wconf 87' lang='lat' dir='ltr'><strong>mundo</strong></span> <span class='ocrx_word' id='word_1_710' title='bbox 1185 5667 1534 5719; x_wconf 83' lang='lat' dir='ltr'><strong>renuntiantes</strong></span> <span class='ocrx_word' id='word_1_711' title='bbox 1563 5665 1676 5721; x_wconf 84' lang='lat' dir='ltr'><strong>sine</strong></span> <span class='ocrx_word' id='word_1_712' title='bbox 1714 5666 1932 5731; x_wconf 75' lang='lat' dir='ltr'><strong>sapienti</strong></span> <span class='ocrx_word' id='word_1_713' title='bbox 1958 5665 2087 5719; x_wconf 85' lang='lat' dir='ltr'><strong>deli-</strong></span> 
     </span>
    </p>
   </div>
   <div class='ocr_carea' id='block_1_97' title="bbox 517 5735 2083 5805">
    <p class='ocr_par' dir='ltr' id='par_1_97' title="bbox 517 5735 2083 5805">
     <span class='ocr_line' id='line_1_98' title="bbox 517 5735 2083 5805; baseline 0.004 -19"><span class='ocrx_word' id='word_1_714' title='bbox 517 5735 803 5805; x_wconf 84' lang='lat' dir='ltr'><strong>beratione,</strong></span> <span class='ocrx_word' id='word_1_715' title='bbox 823 5735 948 5805; x_wconf 82' lang='lat' dir='ltr'><strong>quia</strong></span> <span class='ocrx_word' id='word_1_716' title='bbox 969 5735 1195 5805; x_wconf 83' lang='lat' dir='ltr'><strong>Spiritus</strong></span> <span class='ocrx_word' id='word_1_717' title='bbox 1214 5739 1519 5804; x_wconf 77' lang='lat' dir='ltr'><strong>quandoque</strong></span> <span class='ocrx_word' id='word_1_718' title='bbox 1544 5736 1625 5804; x_wconf 85' lang='lat' dir='ltr'><strong>pie</strong></span> <span class='ocrx_word' id='word_1_719' title='bbox 1651 5735 1836 5805; x_wconf 80' lang='lat' dir='ltr'><strong>decipit</strong></span> <span class='ocrx_word' id='word_1_720' title='bbox 1865 5736 2083 5792; x_wconf 86' lang='lat' dir='ltr'><strong>animos.</strong></span> 
     </span>
    </p>
   </div>
   <div class='ocr_carea' id='block_1_98' title="bbox 517 5802 2084 5875">
    <p class='ocr_par' dir='ltr' id='par_1_98' title="bbox 517 5802 2084 5875">
     <span class='ocr_line' id='line_1_99' title="bbox 517 5802 2084 5875; baseline 0.002 -14"><span class='ocrx_word' id='word_1_721' title='bbox 517 5803 678 5869; x_wconf 66' lang='lat' dir='ltr'><strong>Swpe</strong></span> <span class='ocrx_word' id='word_1_722' title='bbox 701 5805 838 5860; x_wconf 84' lang='lat' dir='ltr'><strong>enim</strong></span> <span class='ocrx_word' id='word_1_723' title='bbox 875 5802 1021 5858; x_wconf 54' lang='lat' dir='ltr'><strong>talis&#39;</strong></span> <span class='ocrx_word' id='word_1_724' title='bbox 1040 5806 1352 5860; x_wconf 81' lang='lat' dir='ltr'><strong>renuntiatio</strong></span> <span class='ocrx_word' id='word_1_725' title='bbox 1380 5802 1582 5862; x_wconf 79' lang='lat' dir='ltr'><strong>meliori</strong></span> <span class='ocrx_word' id='word_1_726' title='bbox 1605 5808 1714 5875; x_wconf 76' lang='lat' dir='ltr'><strong>ﬁne</strong></span> <span class='ocrx_word' id='word_1_727' title='bbox 1759 5802 2084 5874; x_wconf 83' lang='lat' dir='ltr'><strong>terminatur,</strong></span> 
     </span>
    </p>
   </div>
   <div class='ocr_carea' id='block_1_99' title="bbox 1985 4670 3755 4758">
    <p class='ocr_par' dir='ltr' id='par_1_99' title="bbox 1985 4670 3755 4758">
     <span class='ocr_line' id='line_1_100' title="bbox 1985 4670 3755 4758; baseline -0.004 -28"><span class='ocrx_word' id='word_1_728' title='bbox 1985 4676 2087 4758; x_wconf 77' lang='lat' dir='ltr'><strong>hoc</strong></span> <span class='ocrx_word' id='word_1_729' title='bbox 2113 4677 2166 4738; x_wconf 89' lang='lat' dir='ltr'><strong>D</strong></span> <span class='ocrx_word' id='word_1_730' title='bbox 2188 4693 2342 4747; x_wconf 88' lang='lat' dir='ltr'><strong>quam</strong></span> <span class='ocrx_word' id='word_1_731' title='bbox 2370 4677 2462 4730; x_wconf 89' lang='lat' dir='ltr'><strong>illa</strong></span> <span class='ocrx_word' id='word_1_732' title='bbox 2479 4691 2609 4758; x_wconf 37' lang='lat' dir='ltr'><strong>.qu‘ie</strong></span> <span class='ocrx_word' id='word_1_733' title='bbox 2632 4677 2731 4758; x_wconf 73' lang='lat' dir='ltr'><strong>fuit</strong></span> <span class='ocrx_word' id='word_1_734' title='bbox 2750 4675 3070 4758; x_wconf 62' lang='lat' dir='ltr'><strong>deliberata;</strong></span> <span class='ocrx_word' id='word_1_735' title='bbox 3110 4676 3249 4758; x_wconf 64' lang='lat' dir='ltr'><strong>sicut</strong></span> <span class='ocrx_word' id='word_1_736' title='bbox 3275 4674 3667 4758; x_wconf 42' lang='lat' dir='ltr'><strong>semen‘cadens</strong></span> <span class='ocrx_word' id='word_1_737' title='bbox 3698 4670 3755 4752; x_wconf 72' lang='lat' dir='ltr'><strong>de</strong></span> 
     </span>
    </p>
   </div>
   <div class='ocr_carea' id='block_1_100' title="bbox 2193 4742 3760 4818">
    <p class='ocr_par' dir='ltr' id='par_1_100' title="bbox 2193 4742 3760 4818">
     <span class='ocr_line' id='line_1_101' title="bbox 2193 4742 3760 4818; baseline -0.004 -18"><span class='ocrx_word' id='word_1_738' title='bbox 2193 4742 2347 4801; x_wconf 75' lang='lat' dir='ltr'><strong>manu</strong></span> <span class='ocrx_word' id='word_1_739' title='bbox 2377 4742 2642 4818; x_wconf 65' lang='lat' dir='ltr'><strong>agricolas,</strong></span> <span class='ocrx_word' id='word_1_740' title='bbox 2674 4747 2761 4800; x_wconf 87' lang='lat' dir='ltr'><strong>ubi</strong></span> <span class='ocrx_word' id='word_1_741' title='bbox 2783 4764 2886 4800; x_wconf 86' lang='lat' dir='ltr'><strong>non</strong></span> <span class='ocrx_word' id='word_1_742' title='bbox 2912 4749 3040 4810; x_wconf 81' lang='lat' dir='ltr'><strong>vult,</strong></span> <span class='ocrx_word' id='word_1_743' title='bbox 3065 4748 3274 4801; x_wconf 76' lang='lat' dir='ltr'><strong>uberius</strong></span> <span class='ocrx_word' id='word_1_744' title='bbox 3304 4747 3563 4800; x_wconf 82' lang='lat' dir='ltr'><strong>interdum</strong></span> <span class='ocrx_word' id='word_1_745' title='bbox 3585 4742 3760 4818; x_wconf 46' lang='lat' dir='ltr'><strong>germif</strong></span> 
     </span>
    </p>
   </div>
   <div class='ocr_carea' id='block_1_101' title="bbox 2193 4813 3758 4887">
    <p class='ocr_par' dir='ltr' id='par_1_101' title="bbox 2193 4813 3758 4887">
     <span class='ocr_line' id='line_1_102' title="bbox 2193 4813 3758 4887; baseline -0.004 -17"><span class='ocrx_word' id='word_1_746' title='bbox 2193 4829 2314 4881; x_wconf 89' lang='lat' dir='ltr'><strong>nat,</strong></span> <span class='ocrx_word' id='word_1_747' title='bbox 2343 4813 2494 4884; x_wconf 76' lang='lat' dir='ltr'><strong>quam</strong></span> <span class='ocrx_word' id='word_1_748' title='bbox 2530 4819 2593 4871; x_wconf 86' lang='lat' dir='ltr'><strong>de</strong></span> <span class='ocrx_word' id='word_1_749' title='bbox 2630 4818 2886 4871; x_wconf 84' lang='lat' dir='ltr'><strong>industria</strong></span> <span class='ocrx_word' id='word_1_750' title='bbox 2908 4819 3233 4872; x_wconf 86' lang='lat' dir='ltr'><strong>seminatum.</strong></span> <span class='ocrx_word' id='word_1_751' title='bbox 3281 4817 3407 4871; x_wconf 84' lang='lat' dir='ltr'><strong>Vidi</strong></span> <span class='ocrx_word' id='word_1_752' title='bbox 3427 4813 3676 4887; x_wconf 78' lang='lat' dir='ltr'><strong>quosdam</strong></span> <span class='ocrx_word' id='word_1_753' title='bbox 3697 4813 3758 4887; x_wconf 75' lang='lat' dir='ltr'><strong>ad</strong></span> 
     </span>
    </p>
   </div>
   <div class='ocr_carea' id='block_1_102' title="bbox 2195 4886 3755 4956">
    <p class='ocr_par' dir='ltr' id='par_1_102' title="bbox 2195 4886 3755 4956">
     <span class='ocr_line' id='line_1_103' title="bbox 2195 4886 3755 4956; baseline -0.004 -15"><span class='ocrx_word' id='word_1_754' title='bbox 2195 4891 2558 4942; x_wconf 76' lang='lat' dir='ltr'><strong>monasterium</strong></span> <span class='ocrx_word' id='word_1_755' title='bbox 2584 4897 2758 4941; x_wconf 83' lang='lat' dir='ltr'><strong>euntes</strong></span> <span class='ocrx_word' id='word_1_756' title='bbox 2801 4905 2905 4942; x_wconf 89' lang='lat' dir='ltr'><strong>non</strong></span> <span class='ocrx_word' id='word_1_757' title='bbox 2930 4899 3068 4943; x_wconf 88' lang='lat' dir='ltr'><strong>recta</strong></span> <span class='ocrx_word' id='word_1_758' title='bbox 3096 4889 3402 4956; x_wconf 85' lang='lat' dir='ltr'><strong>intentione,</strong></span> <span class='ocrx_word' id='word_1_759' title='bbox 3431 4886 3520 4942; x_wconf 83' lang='lat' dir='ltr'><strong>sed</strong></span> <span class='ocrx_word' id='word_1_760' title='bbox 3553 4886 3755 4940; x_wconf 82' lang='lat' dir='ltr'><strong>necessi-</strong></span> 
     </span>
    </p>
   </div>
   <div class='ocr_carea' id='block_1_103' title="bbox 2194 4956 3757 5030">
    <p class='ocr_par' dir='ltr' id='par_1_103' title="bbox 2194 4956 3757 5030">
     <span class='ocr_line' id='line_1_104' title="bbox 2194 4956 3757 5030; baseline -0.004 -19"><span class='ocrx_word' id='word_1_761' title='bbox 2194 4969 2298 5012; x_wconf 82' lang='lat' dir='ltr'><strong>tate</strong></span> <span class='ocrx_word' id='word_1_762' title='bbox 2314 4970 2538 5023; x_wconf 86' lang='lat' dir='ltr'><strong>coactos,</strong></span> <span class='ocrx_word' id='word_1_763' title='bbox 2558 4962 2641 5027; x_wconf 85' lang='lat' dir='ltr'><strong>qui</strong></span> <span class='ocrx_word' id='word_1_764' title='bbox 2670 4960 2856 5012; x_wconf 83' lang='lat' dir='ltr'><strong>deinde</strong></span> <span class='ocrx_word' id='word_1_765' title='bbox 2879 4963 3084 5028; x_wconf 63' lang='lat' dir='ltr'><strong>{uetant</strong></span> <span class='ocrx_word' id='word_1_766' title='bbox 3106 4962 3243 5030; x_wconf 87' lang='lat' dir='ltr'><strong>capti</strong></span> <span class='ocrx_word' id='word_1_767' title='bbox 3267 4975 3299 5011; x_wconf 87' lang='lat' dir='ltr'><strong>a</strong></span> <span class='ocrx_word' id='word_1_768' title='bbox 3325 4963 3498 5030; x_wconf 0' lang='lat' dir='ltr'><strong>(multa</strong></span> <span class='ocrx_word' id='word_1_769' title='bbox 3517 4956 3757 5030; x_wconf 61' lang='lat' dir='ltr'><strong>sapientia</strong></span> 
     </span>
    </p>
   </div>
   <div class='ocr_carea' id='block_1_104' title="bbox 2193 5028 3756 5099">
    <p class='ocr_par' dir='ltr' id='par_1_104' title="bbox 2193 5028 3756 5099">
     <span class='ocr_line' id='line_1_105' title="bbox 2193 5028 3756 5099; baseline -0.003 -17"><span class='ocrx_word' id='word_1_770' title='bbox 2193 5030 2414 5094; x_wconf 87' lang='lat' dir='ltr'><strong>abbatis,</strong></span> <span class='ocrx_word' id='word_1_771' title='bbox 2443 5040 2488 5082; x_wconf 88' lang='lat' dir='ltr'><strong>et</strong></span> <span class='ocrx_word' id='word_1_772' title='bbox 2507 5031 2710 5099; x_wconf 79' lang='lat' dir='ltr'><strong>placida</strong></span> <span class='ocrx_word' id='word_1_773' title='bbox 2730 5034 3108 5084; x_wconf 84' lang='lat' dir='ltr'><strong>conversatione</strong></span> <span class='ocrx_word' id='word_1_774' title='bbox 3129 5028 3518 5083; x_wconf 81' lang='lat' dir='ltr'><strong>monachorum.</strong></span> <span class='ocrx_word' id='word_1_775' title='bbox 3537 5028 3607 5082; x_wconf 79' lang='lat' dir='ltr'><strong>Hi</strong></span> <span class='ocrx_word' id='word_1_776' title='bbox 3633 5033 3756 5092; x_wconf 85' lang='lat' dir='ltr'><strong>post-</strong></span> 
     </span>
    </p>
   </div>
   <div class='ocr_carea' id='block_1_105' title="bbox 2194 5099 3756 5172">
    <p class='ocr_par' dir='ltr' id='par_1_105' title="bbox 2194 5099 3756 5172">
     <span class='ocr_line' id='line_1_106' title="bbox 2194 5099 3756 5172; baseline -0.001 -20"><span class='ocrx_word' id='word_1_777' title='bbox 2194 5103 2399 5172; x_wconf 85' lang='lat' dir='ltr'><strong>modum</strong></span> <span class='ocrx_word' id='word_1_778' title='bbox 2417 5109 2712 5172; x_wconf 74' lang='lat' dir='ltr'><strong>reccperunt</strong></span> <span class='ocrx_word' id='word_1_779' title='bbox 2745 5119 2776 5154; x_wconf 83' lang='grc' dir='ltr'><strong>α</strong></span> <span class='ocrx_word' id='word_1_780' title='bbox 2797 5099 2907 5172; x_wconf 66' lang='lat' dir='ltr'><strong>Deo</strong></span> <span class='ocrx_word' id='word_1_781' title='bbox 2935 5100 3107 5155; x_wconf 85' lang='lat' dir='ltr'><strong>lumen</strong></span> <span class='ocrx_word' id='word_1_782' title='bbox 3135 5102 3338 5171; x_wconf 67' lang='lat' dir='ltr'><strong>gratiae,</strong></span> <span class='ocrx_word' id='word_1_783' title='bbox 3367 5108 3415 5154; x_wconf 87' lang='lat' dir='ltr'><strong>et</strong></span> <span class='ocrx_word' id='word_1_784' title='bbox 3445 5102 3756 5172; x_wconf 64' lang='lat' dir='ltr'><strong>pervenerunt</strong></span> 
     </span>
    </p>
   </div>
   <div class='ocr_carea' id='block_1_106' title="bbox 2193 5167 3754 5242">
    <p class='ocr_par' dir='ltr' id='par_1_106' title="bbox 2193 5167 3754 5242">
     <span class='ocr_line' id='line_1_107' title="bbox 2193 5167 3754 5242; baseline -0.003 -20"><span class='ocrx_word' id='word_1_785' title='bbox 2193 5170 2262 5222; x_wconf 84' lang='lat' dir='ltr'><strong>ad</strong></span> <span class='ocrx_word' id='word_1_786' title='bbox 2291 5173 2451 5224; x_wconf 84' lang='lat' dir='ltr'><strong>altum</strong></span> <span class='ocrx_word' id='word_1_787' title='bbox 2472 5167 2681 5225; x_wconf 78' lang='lat' dir='ltr'><strong>statum.</strong></span> <span class='ocrx_word' id='word_1_788' title='bbox 2709 5173 2785 5226; x_wconf 89' lang='lat' dir='ltr'><strong>lta</strong></span> <span class='ocrx_word' id='word_1_789' title='bbox 2807 5170 3079 5228; x_wconf 85' lang='lat' dir='ltr'><strong>Climacus</strong></span> <span class='ocrx_word' id='word_1_790' title='bbox 3111 5167 3398 5242; x_wconf 72' lang='lat' dir='ltr'><strong>Paphuutii</strong></span> <span class='ocrx_word' id='word_1_791' title='bbox 3429 5167 3586 5236; x_wconf 85' lang='lat' dir='ltr'><strong>hujus</strong></span> <span class='ocrx_word' id='word_1_792' title='bbox 3611 5167 3754 5223; x_wconf 80' lang='lat' dir='ltr'><strong>dictis</strong></span> 
     </span>
    </p>
   </div>
   <div class='ocr_carea' id='block_1_107' title="bbox 2191 5245 2556 5296">
    <p class='ocr_par' dir='ltr' id='par_1_107' title="bbox 2191 5245 2556 5296">
     <span class='ocr_line' id='line_1_108' title="bbox 2191 5245 2556 5296; baseline -0.003 -1"><span class='ocrx_word' id='word_1_793' title='bbox 2191 5245 2556 5296; x_wconf 81' lang='lat' dir='ltr'><strong>consentiens.</strong></span> 
     </span>
    </p>
   </div>
   <div class='ocr_carea' id='block_1_108' title="bbox 2262 5308 3750 5386">
    <p class='ocr_par' dir='ltr' id='par_1_108' title="bbox 2262 5308 3750 5386">
     <span class='ocr_line' id='line_1_109' title="bbox 2262 5308 3750 5386; baseline -0.005 -18"><span class='ocrx_word' id='word_1_794' title='bbox 2262 5310 2289 5350; x_wconf 68' lang='grc' dir='ltr'>δ</span> <span class='ocrx_word' id='word_1_795' title='bbox 2323 5313 2402 5367; x_wconf 90' lang='lat' dir='ltr'><strong>Illi</strong></span> <span class='ocrx_word' id='word_1_796' title='bbox 2431 5313 2636 5368; x_wconf 88' lang='lat' dir='ltr'><strong>scilicet</strong></span> <span class='ocrx_word' id='word_1_797' title='bbox 2655 5311 2911 5386; x_wconf 69' lang='lat' dir='ltr'><strong>_/Et_lli0pi</strong></span> <span class='ocrx_word' id='word_1_798' title='bbox 2934 5357 2948 5377; x_wconf 91' lang='lat'><strong>,</strong></span> <span class='ocrx_word' id='word_1_799' title='bbox 2979 5313 3046 5367; x_wconf 89' lang='lat' dir='ltr'><strong>de</strong></span> <span class='ocrx_word' id='word_1_800' title='bbox 3090 5327 3198 5386; x_wconf 83' lang='lat' dir='ltr'><strong>quo</strong></span> <span class='ocrx_word' id='word_1_801' title='bbox 3239 5311 3515 5367; x_wconf 88' lang='lat' dir='ltr'><strong>Palladius</strong></span> <span class='ocrx_word' id='word_1_802' title='bbox 3553 5308 3750 5386; x_wconf 57' lang='lat' dir='ltr'><strong>Lausiu.</strong></span> 
     </span>
    </p>
   </div>
   <div class='ocr_carea' id='block_1_109' title="bbox 2190 5381 3753 5456">
    <p class='ocr_par' dir='ltr' id='par_1_109' title="bbox 2190 5381 3753 5456">
     <span class='ocr_line' id='line_1_110' title="bbox 2190 5381 3753 5456; baseline -0.003 -21"><span class='ocrx_word' id='word_1_803' title='bbox 2190 5382 2445 5450; x_wconf 83' lang='lat' dir='ltr'><strong>vigesima</strong></span> <span class='ocrx_word' id='word_1_804' title='bbox 2470 5384 2726 5456; x_wconf 78' lang='lat' dir='ltr'><strong>secunda,</strong></span> <span class='ocrx_word' id='word_1_805' title='bbox 2755 5381 3089 5456; x_wconf 13' lang='lat' dir='ltr'><strong>Sozome‘nus</strong></span> <span class='ocrx_word' id='word_1_806' title='bbox 3112 5381 3252 5456; x_wconf 87' lang='lat' dir='ltr'><strong>libro</strong></span> <span class='ocrx_word' id='word_1_807' title='bbox 3274 5394 3463 5450; x_wconf 81' lang='lat' dir='ltr'><strong>sexto,</strong></span> <span class='ocrx_word' id='word_1_808' title='bbox 3491 5381 3660 5456; x_wconf 85' lang='lat' dir='ltr'><strong>capite</strong></span> <span class='ocrx_word' id='word_1_809' title='bbox 3674 5381 3753 5456; x_wconf 71' lang='lat' dir='ltr'><strong>vi-</strong></span> 
     </span>
    </p>
   </div>
   <div class='ocr_carea' id='block_1_110' title="bbox 2189 5453 3752 5524">
    <p class='ocr_par' dir='ltr' id='par_1_110' title="bbox 2189 5453 3752 5524">
     <span class='ocr_line' id='line_1_111' title="bbox 2189 5453 3752 5524; baseline -0.006 -18"><span class='ocrx_word' id='word_1_810' title='bbox 2189 5456 2396 5522; x_wconf 86' lang='lat' dir='ltr'><strong>gesimo</strong></span> <span class='ocrx_word' id='word_1_811' title='bbox 2417 5470 2580 5523; x_wconf 85' lang='lat' dir='ltr'><strong>nono,</strong></span> <span class='ocrx_word' id='word_1_812' title='bbox 2611 5454 2951 5524; x_wconf 85' lang='lat' dir='ltr'><strong>Nicephorus</strong></span> <span class='ocrx_word' id='word_1_813' title='bbox 2981 5453 3120 5510; x_wconf 87' lang='lat' dir='ltr'><strong>libro</strong></span> <span class='ocrx_word' id='word_1_814' title='bbox 3145 5455 3436 5509; x_wconf 86' lang='lat' dir='ltr'><strong>undecimo</strong></span> <span class='ocrx_word' id='word_1_815' title='bbox 3460 5454 3630 5522; x_wconf 88' lang='lat' dir='ltr'><strong>capite</strong></span> <span class='ocrx_word' id='word_1_816' title='bbox 3668 5453 3752 5500; x_wconf 87' lang='lat' dir='ltr'><strong>tri-</strong></span> 
     </span>
    </p>
   </div>
   <div class='ocr_carea' id='block_1_111' title="bbox 2186 5526 2600 5593">
    <p class='ocr_par' dir='ltr' id='par_1_111' title="bbox 2186 5526 2600 5593">
     <span class='ocr_line' id='line_1_112' title="bbox 2186 5526 2600 5593; baseline 0.005 -15"><span class='ocrx_word' id='word_1_817' title='bbox 2186 5526 2395 5593; x_wconf 90' lang='lat' dir='ltr'><strong>gesimo</strong></span> <span class='ocrx_word' id='word_1_818' title='bbox 2423 5535 2600 5580; x_wconf 80' lang='lat' dir='ltr'><strong>sexto.</strong></span> 
     </span>
    </p>
   </div>
   <div class='ocr_carea' id='block_1_112' title="bbox 2269 5591 3750 5667">
    <p class='ocr_par' dir='ltr' id='par_1_112' title="bbox 2269 5591 3750 5667">
     <span class='ocr_line' id='line_1_113' title="bbox 2269 5591 3750 5667; baseline 0.005 -18"><span class='ocrx_word' id='word_1_819' title='bbox 2269 5606 2292 5635; x_wconf 75' lang='grc' dir='ltr'><strong>ο</strong></span> <span class='ocrx_word' id='word_1_820' title='bbox 2315 5597 2570 5651; x_wconf 89' lang='lat' dir='ltr'><strong>Calamus</strong></span> <span class='ocrx_word' id='word_1_821' title='bbox 2599 5597 2748 5653; x_wconf 89' lang='lat' dir='ltr'><strong>locus</strong></span> <span class='ocrx_word' id='word_1_822' title='bbox 2776 5596 3085 5652; x_wconf 84' lang='lat' dir='ltr'><strong>solitudinis</strong></span> <span class='ocrx_word' id='word_1_823' title='bbox 3109 5595 3277 5652; x_wconf 82' lang='lat' dir='ltr'><strong>fuitin</strong></span> <span class='ocrx_word' id='word_1_824' title='bbox 3296 5594 3551 5667; x_wconf 67' lang='lat' dir='ltr'><strong>Egypto,</strong></span> <span class='ocrx_word' id='word_1_825' title='bbox 3586 5591 3636 5644; x_wconf 80' lang='lat' dir='ltr'><strong>in</strong></span> <span class='ocrx_word' id='word_1_826' title='bbox 3655 5599 3750 5656; x_wconf 73' lang='grc' dir='ltr'><strong>(Ιυο</strong></span> 
     </span>
    </p>
   </div>
   <div class='ocr_carea' id='block_1_113' title="bbox 2193 5663 3749 5732">
    <p class='ocr_par' dir='ltr' id='par_1_113' title="bbox 2193 5663 3749 5732">
     <span class='ocr_line' id='line_1_114' title="bbox 2193 5663 3749 5732; baseline -0.007 -10"><span class='ocrx_word' id='word_1_827' title='bbox 2193 5670 2354 5722; x_wconf 89' lang='lat' dir='ltr'><strong>etiam</strong></span> <span class='ocrx_word' id='word_1_828' title='bbox 2391 5669 2584 5722; x_wconf 89' lang='lat' dir='ltr'><strong>Paulus</strong></span> <span class='ocrx_word' id='word_1_829' title='bbox 2609 5668 2835 5723; x_wconf 88' lang='lat' dir='ltr'><strong>eremita</strong></span> <span class='ocrx_word' id='word_1_830' title='bbox 2868 5668 3149 5722; x_wconf 86' lang='lat' dir='ltr'><strong>habitavit.</strong></span> <span class='ocrx_word' id='word_1_831' title='bbox 3181 5663 3422 5722; x_wconf 76' lang='lat' dir='ltr'><strong>Meminii</strong></span> <span class='ocrx_word' id='word_1_832' title='bbox 3451 5663 3608 5732; x_wconf 83' lang='lat' dir='ltr'><strong>hujus</strong></span> <span class='ocrx_word' id='word_1_833' title='bbox 3641 5674 3749 5714; x_wconf 82' lang='lat' dir='ltr'><strong>rur-</strong></span> 
     </span>
    </p>
   </div>
   <div class='ocr_carea' id='block_1_114' title="bbox 2192 5734 3750 5809">
    <p class='ocr_par' dir='ltr' id='par_1_114' title="bbox 2192 5734 3750 5809">
     <span class='ocr_line' id='line_1_115' title="bbox 2192 5734 3750 5809; baseline -0.006 -15"><span class='ocrx_word' id='word_1_834' title='bbox 2192 5753 2283 5796; x_wconf 90' lang='lat' dir='ltr'><strong>sus</strong></span> <span class='ocrx_word' id='word_1_835' title='bbox 2331 5737 2620 5809; x_wconf 81' lang='lat' dir='ltr'><strong>Cassianus</strong></span> <span class='ocrx_word' id='word_1_836' title='bbox 2669 5740 2855 5795; x_wconf 88' lang='lat' dir='ltr'><strong>collat.</strong></span> <span class='ocrx_word' id='word_1_837' title='bbox 2885 5739 2917 5794; x_wconf 85' lang='lat'>7</span> <span class='ocrx_word' id='word_1_838' title='bbox 2947 5742 3129 5809; x_wconf 87' lang='lat' dir='ltr'><strong>capite</strong></span> <span class='ocrx_word' id='word_1_839' title='bbox 3175 5737 3435 5809; x_wconf 85' lang='lat' dir='ltr'><strong>vigesimo</strong></span> <span class='ocrx_word' id='word_1_840' title='bbox 3476 5743 3627 5791; x_wconf 76' lang='lat' dir='ltr'><strong>sexto</strong></span> <span class='ocrx_word' id='word_1_841' title='bbox 3699 5734 3750 5784; x_wconf 87' lang='lat' dir='ltr'><strong>et</strong></span> 
     </span>
    </p>
   </div>
   <div class='ocr_carea' id='block_1_115' title="bbox 2190 5808 2702 5871">
    <p class='ocr_par' dir='ltr' id='par_1_115' title="bbox 2190 5808 2702 5871">
     <span class='ocr_line' id='line_1_116' title="bbox 2190 5808 2702 5871; baseline -0.002 -7"><span class='ocrx_word' id='word_1_842' title='bbox 2190 5811 2368 5865; x_wconf 89' lang='lat' dir='ltr'><strong>collat.</strong></span> <span class='ocrx_word' id='word_1_843' title='bbox 2397 5808 2468 5864; x_wconf 67' lang='lat'><strong>24</strong></span> <span class='ocrx_word' id='word_1_844' title='bbox 2494 5825 2616 5871; x_wconf 77' lang='lat' dir='ltr'><strong>can.</strong></span> <span class='ocrx_word' id='word_1_845' title='bbox 2645 5811 2702 5866; x_wconf 80' lang='grc' dir='ltr'><strong>ι.</strong></span> 
     </span>
    </p>
   </div>
  </div>
