3966 6326
1057 234 1397 293 COLLATIO
1434 236 1524 293 111.
1553 267 1622 281 —
1650 238 1739 296 DE
1778 240 2032 301 TRIBUS
2071 244 2849 304 ABRENUNTIATIONIBUS.
3523 254 3628 307 5⁵ὑο

355 357 470 400 Inus
495 341 788 399 Dominum
813 345 1136 414 pracepisse
1159 386 1175 413 ,
1221 362 1343 403 cum
1385 349 1520 405 dicit
1555 350 1622 404 ad
1651 366 1807 406 eum:
1841 350 1946 407 Eni
1974 362 2016 416 Α
2049 355 2114 428 (11
2139 355 2258 410 Cor.
2302 357 2402 427 ιν).
2434 357 2499 411 Ει
2524 369 2790 414 exeuntes
2829 361 2993 416 corde
3021 361 3089 417 de
3119 363 3217 417 hac
3246 365 3524 432 temporali
3562 381 3627 422 ua

357 435 422 491 de
450 444 587 490 terra
610 447 703 489 tua
724 477 738 500 ,
767 445 816 490 et
842 439 904 490 de
932 439 1236 508 cognatione
1264 452 1353 494 tua
1377 481 1392 505 ,
1433 452 1482 495 et
1507 443 1571 496 de
1593 442 1747 497 domo
1787 446 1948 512 patris

361 528 436 582 tui
467 524 678 597 (Cenes.
715 528 832 599 xu).
857 528 1254 587 Primumdixit
1276 532 1340 586 de
1361 541 1497 587 terra
1521 544 1632 600 tua,
1663 535 1712 589 id
1743 545 1848 602 est,
1877 535 1946 594 de

361 620 707 675 lacultatibus
752 621 939 676 mundi
971 622 1162 693 hujus,
1218 626 1518 696 opibusque
1555 632 1826 697 terrenis;
1859 646 1947 687 se-

359 711 536 766 cundo
565 713 630 766 de
660 715 963 782 cognatione
982 723 1091 780 tua,
1117 717 1170 772 id
1196 725 1304 778 est.
1333 719 1402 773 de
1427 724 1862 789 conversatione,
1890 732 1946 780 et

361 804 621 872 moribus,
646 806 900 878 vitiisque
923 809 1214 878 prioribus,
1255 827 1376 882 qum
1402 813 1562 869 nobis
1583 829 1614 870 a
1642 825 1825 871 nostra
1851 832 1946 872 na-

358 894 565 951 tivitate
587 897 917 954 cohaerentia
940 901 1084 955 velut
1105 901 1367 959 altinitate
1389 905 1618 973 quadam
1641 915 1695 961 et
1711 921 1945 964 consan-

353 985 622 1056 guinitate
650 998 879 1059 cognata
907 1003 1031 1046 sunt
1057 1008 1072 1056 ;
1113 993 1271 1047 tertio
1299 994 1365 1052 de
1392 995 1542 1050 domo
1570 999 1731 1067 patris
1761 999 1856 1065 tui,
1886 999 1943 1056 id

354 1091 462 1144 est,
485 1081 632 1135 omni
662 1083 923 1139 memoria
955 1085 1145 1139 mundi
1193 1087 1356 1155 hujus
1384 1104 1505 1159 qua:
1532 1090 1812 1146 oculorum
1850 1107 1944 1148 oc-

350 1171 527 1226 currit
571 1172 870 1230 obtutibus.
917 1175 994 1230 De
1023 1175 1236 1232 duobus
1263 1179 1407 1234 enim
1431 1182 1702 1250 patribus,
1733 1183 1786 1237 id
1817 1192 1937 1252 est,

353 1263 469 1319 sive
488 1263 557 1319 de
581 1264 676 1320 illo
696 1281 856 1336 quem
881 1266 1158 1336 deserere,
1180 1270 1296 1326 sive
1317 1271 1386 1327 de
1410 1287 1478 1328 eo
1498 1288 1659 1344 quem
1680 1275 1940 1333 debemus

347 1369 650 1427 expetere,
710 1361 781 1414 ita
829 1376 926 1429 per
977 1363 1141 1418 David
1170 1379 1234 1420 es
1266 1381 1499 1434 persona
1542 1367 1638 1424 Dei
1685 1372 1934 1427 canitur:

349 1449 510 1514 Audi,
536 1452 668 1516 ﬁlia,
687 1462 736 1506 et
758 1454 892 1518 vide,
917 1463 965 1508 et
984 1455 1178 1511 inclina
1203 1474 1379 1513 aurem
1401 1469 1557 1526 tuam,
1579 1471 1627 1515 et
1646 1463 1939 1520 obliviscere

346 1542 603 1612 populum
621 1553 850 1611 tuum,et
880 1548 1091 1602 domum
1113 1553 1276 1618 patris
1301 1552 1376 1605 tui
1409 1551 1581 1624 (Psal.
1607 1557 1776 1625 xuv).
1799 1556 1933 1613 Nam

345 1637 438 1705 qui
467 1637 602 1692 dicit
628 1641 789 1706 Audi,
815 1641 951 1710 ﬁlia,
983 1651 1141 1713 pater
1166 1645 1352 1714 utique
1381 1654 1488 1711 est,
1519 1656 1574 1702 et
1600 1649 1750 1703 illum
1781 1650 1933 1718 cujus

347 1730 569 1785 domum
609 1733 695 1786 vel
741 1735 992 1803 populum
1026 1747 1211 1792 monet
1256 1737 1518 1794 oblivioni
1547 1741 1684 1807 dari,
1721 1752 1927 1811 patrem

343 1821 708 1879 nihilominus
724 1841 834 1880 sum
851 1825 979 1880 ﬁlia:
999 1826 1169 1884 fuisse
1187 1837 1438 1898 testatur,
1462 1834 1605 1902 quod
1631 1836 1703 1888 ita
1726 1835 1782 1889 [lt
1806 1849 1928 1890 cum

339 1915 656 1969 mortilicati
695 1932 816 1970 cum
861 1917 1080 1972 Christo
1105 1921 1174 1974 ab
1207 1921 1491 1978 elementis
1537 1925 1694 1994 hujus
1744 1928 1930 1982 muntll

339 2008 778 2075 contemplaniur
798 2047 813 2072 ,
839 2009 1133 2065 secundum
1180 2012 1500 2081 Apostolum
1524 2058 1540 2082 ,
1568 2016 1679 2086 jam
1728 2033 1835 2073 non
1863 2034 1926 2073 ea

336 2112 454 2164 qua:
477 2098 742 2163 videntur,
769 2103 858 2154 sed
883 2117 997 2170 quin
1024 2119 1127 2156 non
1155 2105 1426 2172 ridentur;
1453 2123 1566 2175 qua
1589 2109 1725 2162 enim
1753 2109 1928 2163 viden-

336 2201 446 2256 tur,
482 2195 786 2264 temporalia
811 2210 964 2260 sunt;
991 2212 1106 2265 qua
1130 2208 1302 2254 autem
1322 2216 1424 2254 non
1444 2200 1700 2270 uidentur,
1732 2211 1926 2258 (eterna

2051 449 2246 503 visibili
2277 449 2460 515 domo,
2491 449 2544 504 in
2576 449 2724 505 illam
2750 453 2966 508 domum
2996 455 3049 507 in
3073 469 3178 524 qua
3205 457 3409 524 iugiter
3439 471 3628 514 sumus

2049 543 2413 610 permansuri,
2446 552 2667 600 nostros
2708 548 2895 601 oculos
2933 557 3282 617 mentemque
3317 549 3624 619 dirigimus.

2047 631 2201 700 Quod
2233 641 2362 688 tunc
2405 632 2748 703 implebimus
2769 677 2787 702 ,
2836 651 2958 692 eum
2990 638 3044 691 iu
3071 643 3236 694 carne
3285 640 3628 698 ambulantes

2049 735 2155 776 non
2181 723 2479 778 secundum
2509 738 2728 782 carnem
2754 727 2989 783 militare
3019 728 3251 784 Domino
3275 733 3625 801 cmperimus,

2047 813 2194 870 illam
2223 815 2367 871 beati
2387 817 2635 885 Apostoli
2655 820 2977 874 sententiam
3004 835 3172 887 opere
3200 837 3265 876 ac
3293 822 3492 878 virtute
3513 825 3626 878 cla-

2047 918 2277 974 mantes,
2295 917 2322 945 ι
2344 906 2536 962 Noster
2555 918 2728 964 autem
2756 912 3101 984 municipatus
3120 913 3175 968 in
3194 913 3335 969 aulis
3357 926 3432 968 est
3452 914 3625 985 (Phil.

2045 998 2151 1070 ιιι).
2178 999 2270 1054 His
2292 1000 2461 1056 tribus
2483 1002 3046 1058 abrenuntiationibus
3066 1007 3281 1076 proprie
3303 1005 3333 1048 δ
3361 1016 3471 1062 tres
3497 1007 3626 1062 libri

2045 1092 2352 1148 Salomonis
2378 1101 2649 1163 aptantur.
2675 1094 2807 1148 Nam
2829 1095 3122 1151 Proverbia
3147 1097 3332 1166 primae
3353 1099 3625 1154 abrenun-

2046 1185 2255 1240 tiationi
2273 1185 2623 1250 conveniunt,
2639 1186 2834 1256 quibus
2855 1188 3295 1258 concupiscentia
3321 1192 3622 1246 carnalium

2045 1293 2231 1332 rerum
2262 1293 2324 1332 ac
2355 1286 2569 1332 terrena
2599 1279 2726 1332 vitia
2764 1290 3118 1347 reserantur;
3163 1283 3414 1338 secundat
3463 1284 3622 1340 abre-

2043 1369 2365 1428 nuntiationi
2397 1369 2783 1435 Ecclesiastes,
2831 1370 2921 1426 ubi
2953 1373 3198 1430 universa
3247 1390 3364 1444 quae
3390 1389 3620 1446 aguntur

2041 1461 2143 1518 sub
2165 1463 2279 1517 sole
2292 1462 2503 1516 vanitas
2522 1466 2971 1534 pronuntiantur;
2987 1467 3158 1520 tertia:
3180 1465 3460 1522 Canticum
3483 1468 3619 1522 Can-

2042 1551 2269 1606 ticorum
2297 1593 2314 1616 ,
2348 1554 2402 1606 in
2433 1568 2540 1623 quo
2570 1568 2724 1609 mens
2754 1555 2982 1609 visibilis
3012 1567 3202 1612 cuncta
3234 1559 3618 1614 transcenderis

2041 1645 2221 1701 Verbo
2244 1644 2342 1702 Dei
2357 1647 2471 1716 jam
2491 1648 2790 1704 caelestium
2810 1663 2991 1705 rerum
3013 1651 3468 1722 contemplatione
3491 1668 3618 1709 con-

2027 1740 2298 1812 jungitur.

2640 1836 2871 1893 CAPUT
2912 1839 3022 1894 VII.

2111 1927 2561 1995 Quemadmodum
2602 1930 2926 2002 singularum
2967 1934 3416 1989 renuntiationum
3449 1933 3519 1990 sit

2531 2003 2819 2072 appetenda
2847 2003 3114 2074 perfectio.

2106 2110 2449 2181 Quapropter
2501 2128 2610 2166 non
2661 2114 2888 2168 multum
2929 2113 3172 2184 proderit
3229 2115 3458 2185 primam
3516 2129 3616 2172 nos

2035 2203 2564 2263 abrenuntiationem
2584 2221 2708 2262 cum
2735 2223 2945 2264 summa
2967 2209 3257 2266 devotione
3277 2211 3404 2267 ﬁdei
3431 2223 3618 2267 susce-

1408 2335 1662 2392 ALARDI
1703 2335 1936 2393 GAZ/El
1973 2336 2538 2398 COMMENTARIUS.

415 2479 445 2508 ⁸
472 2470 558 2527 Sic
586 2481 643 2526 et
671 2471 1040 2528 Tertullianus
1070 2474 1164 2529 lib.
1193 2474 1260 2529 de
1283 2475 1495 2529 Corona
1545 2474 1730 2530 Iilitis
1773 2491 1821 2529 c.
1857 2475 1925 2531 15

336 2557 439 2611 pro
466 2557 533 2618 eo
563 2546 704 2610 quod
739 2543 926 2599 Grmce
957 2545 1486 2618 habeturnolirsupa
1510 2588 1524 2610 ,
1558 2556 1612 2600 et
1643 2546 1696 2601 in
1732 2556 1922 2618 nostra

335 2613 621 2677 versione,
647 2619 989 2670 conversatio.
1024 2617 1162 2671 Idem
1189 2615 1262 2670 lib
1313 2631 1370 2670 ιιι
1402 2613 1659 2670 adversus
1697 2616 1925 2670 Marcio-

335 2700 458 2738 neni
496 2684 584 2752 (Et
608 2687 696 2738 lib.
731 2686 792 2740 de
816 2685 935 2742 Cor.
963 2687 1080 2741 Mil.
1113 2703 1230 2759 cap.
1253 2685 1372 2759 12):
1402 2687 1701 2756 Apostolus,
1725 2686 1918 2756 inquit,

335 2765 551 2809 matrem
583 2767 809 2831 nostram
845 2775 1049 2813 sursum
1094 2775 1200 2812 esse
1242 2761 1510 2831 designat,
1552 2771 1597 2812 et
1639 2760 1923 2831 πολίτευμα

336 2838 605 2902 nostrum,
638 2829 692 2883 id
720 2839 832 2902 est,
860 2830 1235 2902 municipatum
1262 2831 1316 2883 in
1356 2830 1521 2902 caelis
1543 2846 1647 2902 esse
1689 2829 1918 2902 pronun-

337 2898 504 2971 tians,
557 2909 665 2954 etc.
720 2901 955 2956 Hilarius
1002 2898 1128 2956 vero
1171 2901 1260 2954 lib.
1296 2899 1406 2955 ide
1434 2898 1697 2956 Trinitale
1745 2900 1912 2971 legit:

337 2966 533 3022 Nostra
550 2979 725 3024 autem
747 2973 1061 3037 exspectatio
1086 2974 1140 3026 in
1161 2972 1300 3025 cwlis
1325 2980 1433 3024 (ξιιμ

403 3037 434 3077 δ
457 3040 529 3095 De
546 3041 634 3094 his
653 3042 826 3096 tribus
841 3043 992 3098 libris
1012 3045 1102 3111 qui
1128 3045 1244 3096 sine
1258 3042 1362 3096 ulla
1377 3042 1746 3097 controversia
1767 3040 1914 3098 Salo-

335 3112 484 3166 moni
503 3114 614 3182 regi
641 3113 973 3180 tribuuntur,
998 3128 1297 3180 eorumque
1317 3116 1541 3183 mystica
1573 3113 1917 3183 signiﬁcatio-

337 3197 430 3245 ne,
456 3184 646 3239 ordine
672 3187 1009 3256 etanalogia,
1029 3189 1248 3255 copiose
1264 3184 1396 3256 etad
1419 3185 1560 3256 hunc
1584 3186 1759 3240 locum
1786 3187 1919 3240 satis

339 3256 744 3327 accommodate
793 3254 1013 3313 disserit
1061 3254 1326 3327 Origenes
1370 3254 1586 3309 liomilia
1643 3256 1814 3324 prima
1863 3258 1914 3311 in

337 3322 557 3378 Cantica
583 3326 951 3392 Canticorum,
975 3330 1064 3382 ubi
1093 3322 1434 3396 ex'versione
1461 3322 1771 3396 Hieronymi
1803 3327 1917 3380 haec

2028 2474 2136 2550 §ed
2162 2485 2212 2550 et
2235 2475 2399 2550 lacob
2428 2477 2761 2549 inspectivum
2811 2487 2943 2550 tenet
2986 2477 3153 2531 locum
3177 2517 3193 2541 ,
3233 2479 3420 2550 quippe
3447 2484 3536 2547 qui
3567 2487 3610 2536 el

2027 2544 2194 2601 Israel
2221 2549 2282 2602 ob
2311 2544 2602 2603 divinorum
2633 2548 3106 2616 contemplationem
3138 2544 3430 2604 nominatus
3451 2544 3536 2613 sit,
3565 2563 3616 2605 et

2026 2630 2195 2690 castra
2217 2621 2330 2673 ειειὶ
2351 2619 2557 2683 viderit,
2576 2629 2620 2673 et
2641 2621 2848 2672 domum
2873 2620 2965 2672 Dei
2990 2633 3140 2690 atque
3155 2621 3454 2687 angelorum
3482 2625 3610 2686 uias,

2024 2688 2081 2741 id
2103 2699 2195 2750 est,
2215 2690 2385 2760 scalas
2406 2708 2436 2742 a
2463 2692 2607 2743 terris
2623 2691 2678 2743 in
2699 2690 2881 2744 calum
2909 2688 3166 2757 porrectas
3185 2693 3442 2760 prospexit
3457 2690 3613 2760 (Gen.

2027 2763 2240 2827 xxvut).
2273 2759 2422 2814 Unde
2443 2772 2490 2815 et
2516 2763 2696 2815 merito
2719 2763 3002 2815 invenimus
3020 2772 3119 2815 tres
3147 2766 3271 2814 istos
3293 2759 3460 2816 beatos
3482 2765 3614 2820 viros

2025 2830 2217 2885 altaria
2265 2832 2442 2904 fixisse
2486 2830 2628 2896 Deo,
2658 2832 2754 2904 hoc
2782 2843 2886 2904 est.
2932 2831 3271 2904 philosOphite
3299 2850 3405 2887 sua?
3434 2850 3613 2886 conse-

2025 2917 2194 2974 crasse
2224 2901 2502 2971 profectus,
2526 2919 2626 2974 quo
2644 2903 2835 2955 scilicet
2858 2901 3113 2964 docerent,
3138 2901 3371 2974 non/uec
3392 2905 3460 2956 ad
3481 2915 3615 2959 artes

2025 2971 2299 3044 humanas,
2331 2973 2418 3024 sed
2447 2974 2514 3025 ad
2539 2971 2632 3027 Dei
2659 2974 2878 3044 gratiam
2909 2973 3200 3038 referenda.
3240 2973 3344 3028 Sed
3374 2983 3419 3027 et
3449 2977 3500 3027 in
3529 2987 3613 3028 ta-

2024 3043 2312 3098 bernaculis
2341 3047 2554 3113 degunt,
2587 3054 2643 3096 ut
2662 3043 2763 3111 per
2784 3044 2892 3098 hac
2909 3047 3179 3099 ostendant
3200 3060 3361 3114 neque
3387 3045 3440 3098 in
3464 3049 3613 3101 terris

2024 3114 2317 3186 habendum
2355 3131 2463 3168 esse
2487 3115 2684 3183 aliquid
2711 3117 2981 3186 proprium
3013 3117 3128 3170 huic
3159 3116 3245 3184 qui
3273 3117 3458 3171 divina?
3493 3118 3613 3184 phi-

2023 3183 2278 3258 losOphite
2307 3187 2495 3248 studet,
2514 3189 2601 3238 sed
2619 3183 2815 3256 semper
2836 3183 3259 3258 promovendum,
3292 3203 3392 3240 non
3416 3183 3526 3258 tam
3550 3188 3614 3241 de

2024 3252 2138 3328 loco
2167 3257 2235 3306 ad
2265 3258 2454 3322 locum,
2484 3273 2636 3328 quam
2667 3252 2736 3310 de
2758 3252 2973 3310 scientia
3015 3258 3327 3328 inferiorum
3353 3256 3423 3308 ad
3451 3260 3613 3311 scien-

2023 3323 2148 3378 tiam
2176 3331 2533 3396 perfectorum.
2564 3327 2669 3382 Sed
2689 3337 2734 3379 et
2760 3329 2870 3381 alia
2896 3329 3062 3383 multa
3076 3323 3140 3381 'in
3164 3328 3448 3395 Scripturis
3478 3330 3611 3381 divi-

341 3397 633 3470 nabentnr:
672 3397 885 3468 Oportet
907 3400 1066 3470 igitur
1092 3403 1372 3452 secundum
1392 3395 1528 3450 hanc
1549 3395 1919 3470 sapientissimi
1944 3405 1990 3468 ο
2023 3397 2102 3452 nis
2124 3395 2365 3463 invenies,
2396 3413 2510 3460 ante
2549 3399 2780 3470 ordinem
2796 3399 2953 3466 hunc,
2978 3416 3126 3467 quem
3149 3399 3204 3454 in
3234 3398 3421 3454 libellis
3450 3398 3611 3454 Salo-

340 3465 642 3522 Salomonis
669 3465 958 3524 doctrinam
989 3469 1215 3529 (Eccles.
1249 3469 1310 3534 ι),
1344 3485 1458 3522 eum
1487 3470 1574 3536 qui
1614 3469 1919 3536 sapientiam
1960 3465 1989 3468 “
2025 3469 2187 3538 monis
2236 3471 2428 3523 contini
2443 3469 2485 3520 ri
2537 3469 2763 3522 diximus
2797 3514 2811 3538 ,
2869 3465 3148 3524 secundum
3201 3472 3333 3522 hanc
3381 3471 3612 3523 eamdem

337 3539 469 3608 scire
492 3539 774 3600 desiderat,
808 3541 1030 3608 incipere
1053 3541 1117 3594 ab
1145 3540 1432 3608 eruditione
1463 3540 1668 3601 morali,
1696 3551 1740 3591 et
1771 3541 1921 3592 intel-

341 3606 495 3677 ligere
520 3608 657 3662 illud
683 3611 822 3677 quod
846 3606 1095 3674 scriptum
1118 3620 1191 3665 est
1209 3625 1228 3662 :
1259 3607 1552 3678 Concupisti
1581 3611 1919 3676 sapientiam;

341 3694 485 3732 serva
516 3683 763 3735 mandata
790 3724 804 3744 ,
833 3695 882 3736 et
925 3681 1181 3736 Dominus
1225 3682 1364 3732 dabit
1407 3697 1517 3732 eam
1549 3682 1660 3732 tibi.
1717 3680 1793 3733 0b
1826 3683 1920 3736 hoc

340 3751 582 3824 magister
602 3752 708 3817 hic,
723 3755 810 3818 qui
831 3755 1024 3824 primos
1046 3753 1274 3824 homines
1297 3752 1522 3824 diuinam
1538 3750 1919 3824 philosophiam

341 3813 506 3894 doc'et,
536 3813 705 3891 operis
730 3813 811 3876 sui
831 3813 1124 3878 'exordium
1152 3813 1562 3894 Proverbioruni
1573 3813 1753 3894 posuit
1775 3823 1921 3876 libel-

340 3890 464 3955 lum,
493 3896 543 3944 in
569 3890 690 3960 quo,
719 3903 772 3946 ut
795 3895 1040 3958 diximus,
1062 3894 1270 3947 moralis
1303 3894 1525 3945 traditur
1545 3890 1710 3956 locus,
1733 3903 1785 3945 ut
1806 3912 1920 3947 cum

338 3963 601 4016 intellectu
631 3965 957 4034 moribusque
981 3966 1095 4035 quis
1125 3964 1420 4035 profecerit,
1454 3967 1620 4016 ueniat
1657 3965 1811 4017 etiam
1853 3970 1920 4018 ad

342 4035 598 4087 naturalis
643 4035 995 4106 intelligentia
1041 4036 1404 4105 disciplinam,
1434 4044 1588 4103 atque
1628 4035 1698 4088 ibi
1751 4052 1922 4090 rerum

340 4119 523 4176 causas
544 4113 857 4170 naturasque
885 4107 1228 4176 distinguens,
1259 4116 1502 4174 agnoscat
1538 4107 1811 4158 vanitatem
1837 4126 1924 4161 va-

340 4173 564 4230 nitatum
603 4173 1129 4248 relinquendame
1171 4173 1369 4248 utter-na
1392 4182 1574 4248 autem
1590 4187 1651 4248 et
1681 4188 1923 4248 perpetua

339 4247 750 4309 properandum.
782 4246 848 4301 Et
877 4251 991 4301 ideo
1019 4257 1132 4318 post
1160 4245 1434 4318 Proverbia
1480 4247 1548 4298 ad
1577 4245 1923 4306 Ecclesiasten

338 4318 562 4378 venitur,
591 4318 680 4385 qui
707 4320 881 4385 docet,
923 4328 978 4372 ut
1005 4317 1256 4381 diximus,
1285 4317 1506 4370 visibilia
1534 4321 1707 4372 omnia
1735 4328 1783 4372 et
1811 4337 1925 4373 cor-

341 4401 520 4460 porea,
551 4389 751 4460 caduca
772 4405 878 4442 esse
905 4401 950 4460 et
976 4389 1188 4460 fragilia
1235 4387 1361 4460 Qua;
1381 4390 1554 4456 utique
1575 4390 1789 4460 cumita
1819 4407 1927 4444 esse

340 4432 1204 4530 ἓὲῥῖἓίιὶτῖιῖἇὲἷξῗῖιῖιῖἓᾶῥῖέιὶὶὲἷε
1238 4432 1920 4521 ’ἷιῖὧεῖξέἷηῖῖιέιἰ›ὲο”εἷ›”ιῖἷ

339 4536 528 4581 temnet
554 4545 616 4581 ea
647 4540 800 4599 atque
847 4531 1091 4598 despiciet
1119 4545 1138 4593 ;
1167 4537 1213 4582 et
1242 4531 1509 4593 universo,
1540 4539 1592 4580 ut
1622 4531 1694 4581 ita
1731 4531 1922 4595 dicam,

336 4599 529 4651 alecula
553 4601 878 4660 renuntians.
907 4602 1076 4655 tendet
1103 4603 1172 4653 ad
1194 4599 1470 4652 invisibilia
1497 4609 1543 4653 et
1567 4611 1781 4663 (eterna,
1811 4618 1926 4669 qum

337 4670 700 4733 spiritualibus
747 4673 955 4737 quidem
1003 4670 1252 4731 sensibus,
1281 4671 1370 4723 sed
1401 4669 1657 4738 adopertis
1686 4687 1924 4725 amorum

336 4739 646 4809 quibusdam
694 4741 905 4809 figuris,
954 4742 1201 4796 docentur
1230 4741 1281 4792 in
1312 4737 1539 4792 Canticis
1567 4737 1918 4796 Canticorum.

340 4807 471 4862 Ideo
500 4815 634 4864 enim
665 4807 994 4867 notissimum
1020 4811 1191 4865 locum
1236 4818 1366 4863 tenet
1411 4811 1494 4862 hic
1535 4813 1683 4873 liber,
1717 4822 1770 4864 ut
1800 4822 1917 4866 tunc

335 4882 405 4932 ad
433 4896 549 4934 eum
571 4883 827 4945 veniatur,
850 4900 965 4936 cum
993 4892 1038 4936 et
1064 4883 1287 4935 moribus
1309 4881 1424 4948 quis
1451 4882 1604 4951 fuerit
1635 4883 1918 4952 defa'catis,

332 4961 379 5004 et
410 4967 581 5005 rerum
612 4953 1025 5024 corruptibilium
1056 4961 1208 5022 atque
1259 4953 1727 5021 incorruptibilium
1758 4955 1923 5008 scien-

331 5025 460 5074 tiam
485 5024 967 5092 distinctionemqus
987 5023 1246 5085 didicerit,
1263 5037 1351 5092 per
1372 5038 1488 5094 quae
1507 5025 1560 5074 in
1587 5025 1734 5078 nullo
1763 5028 1924 5093 possit

331 5108 396 5144 ea:
427 5093 504 5146 his
530 5095 714 5166 ﬁguris
755 5095 936 5164 quibus
975 5109 1176 5166 sponsa:
1195 5095 1535 5166 ad__sponsum
1563 5097 1784 5166 caelestis
1810 5137 1824 5158 ,
1867 5097 1923 5150 id

331 5173 427 5225 est,
459 5163 646 5217 animm
671 5163 907 5235 perfector
928 5208 942 5230 ,
974 5163 1121 5219 amor
1149 5165 1216 5216 ad
1256 5163 1472 5218 Verbum
1499 5163 1592 5217 Dei
1619 5165 1922 5235 describitur

330 5248 394 5284 ac
439 5235 730 5302 formatur,
759 5233 1038 5303 aiendere.
1095 5238 1158 5290 Et
1211 5244 1328 5304 pOst
1377 5249 1583 5300 pauca:
1613 5233 1770 5288 Hanc
1799 5253 1920 5304 ergo

329 5305 584 5378 triplicem
611 5304 951 5378 philosOpltiw
979 5311 1218 5378 formam,
1259 5306 1413 5358 etiam
1439 5306 1492 5357 in
1517 5306 1620 5359 illis
1646 5306 1834 5359 sanctis
1860 5325 1922 5361 ac

330 5375 488 5448 beatis
510 5378 633 5430 viris
661 5375 886 5432 arbitror
904 5375 1283 5448 prtesignatam,
1312 5391 1406 5448 pro
1422 5392 1641 5448 quorum
1663 5379 1923 5432 sanctissi-

330 5448 429 5498 mis
447 5447 854 5502 institutionibus
875 5447 1016 5502 Deus
1035 5447 1263 5502 summus
1285 5447 1386 5499 diei
1405 5448 1564 5500 voluit
1595 5447 1730 5501 Deus
1759 5449 1923 5501 Abra-

330 5516 454 5570 ham
479 5560 494 5581 ,
528 5518 669 5572 Deus
707 5515 890 5584 Isaac,
918 5517 1058 5574 Deus
1087 5517 1248 5572 Iacob
1280 5515 1431 5587 (Gen.
1474 5533 1606 5572 xxv:
1634 5527 1679 5571 et
1722 5520 1915 5586 xxx").

331 5589 593 5662 Abraham
617 5600 876 5662 tamquam
898 5591 1136 5644 moralem
1150 5591 1381 5644 declarat
1409 5587 1806 5662 philosophiam,
1832 5606 1920 5660 per

330 5657 817 5723 obedientiam,etc.
845 5657 994 5721 Isaac
1015 5678 1210 5732 quoque
1234 5660 1518 5732 naturalem
1537 5657 1920 5728 philosophiam

330 5740 488 5794 tenet,
520 5738 568 5784 et
589 5747 709 5786 cum
725 5742 904 5796 puteos
927 5733 1081 5798 fodit,
1109 5731 1156 5788 et
1180 5747 1350 5785 rerum
1379 5731 1636 5799 profunda
1677 5733 1914 5785 rimatur.

1949 4776 2001 4838 Ι)

2025 3535 2243 3610 formam
2268 3539 2558 3608 designant.
2578 3539 2638 3610 Si
2666 3542 2778 3607 quis
2796 3535 2916 3610 ergo
2935 3541 3158 3610 primum
3187 3540 3361 3610 locum
3374 3541 3426 3592 in.
3443 3557 3612 3593 emen-

2022 3609 2208 3680 dandis
2224 3611 2448 3663 moribus
2466 3609 2821 3680 mandatisque
2837 3609 3098 3663 servandis
3115 3611 3204 3678 qui
3220 3626 3310 3680 per
3335 3609 3612 3664 Proverbia

2023 3679 2324 3748 designatur
2350 3681 2598 3749 implevit.
2630 3691 2742 3748 post
2771 3684 2876 3736 haec
2896 3692 3087 3747 autem,
3119 3679 3438 3749 deprehensa
3467 3683 3611 3734 vani-

2025 3759 2127 3802 tate
2159 3751 2336 3806 mundi
2361 3762 2409 3804 et
2447 3767 2620 3805 rerum
2653 3752 2962 3806 caducarum
2995 3751 3276 3822 fragilitate
3315 3763 3608 3819 perspecta,

2023 3822 2154 3873 venit
2192 3822 2245 3874 in
2291 3822 2386 3874 hoc
2423 3832 2478 3875 ut
2517 3824 2767 3875 renuntiet
2819 3820 3010 3875 mundo
3039 3820 3086 3875 et
3112 3820 3340 3874 omnibus
3387 3837 3501 3890 qum
3554 3823 3609 3875 in

2025 3893 2218 3945 mundo
2239 3903 2380 3958 sunt,
2401 3904 2758 3962 consequenter
2777 3893 2935 3946 veniet
2947 3895 3104 3946 etiam
3125 3891 3194 3946 ad
3216 3892 3611 3961 contemplanda

2024 3971 2072 4014 et
2097 3962 2437 4018 desideranda
2459 3981 2520 4018 ea
2545 3980 2658 4031 qua:
2685 3981 2788 4017 non
2807 3964 3043 4018 ridentur
3072 3974 3120 4018 et
3149 3974 3339 4017 aeterna
3365 3974 3516 4027 sunt;
3539 3963 3610 4016 ad

2023 4048 2138 4108 qua:
2177 4044 2340 4108 tamen
2388 4047 2440 4090 ut
2486 4036 2746 4108 perrenire
2795 4037 3070 4105 possimus,
3096 4035 3386 4108 indigemus
3422 4035 3610 4108 divina

2027 4103 2399 4178 misericordia,
2432 4102 2636 4178 si'forte
2665 4102 2924 4160 valeamus
2945 4102 3610 4178 perspecta'pulchritudine

2032 4173 2186 4227 Verbi
2214 4175 2331 4240 Dei,
2364 4173 2578 4232 salutari
2607 4177 2660 4230 in
2684 4194 2799 4230 eum
2849 4173 3020 4229 amore
3055 4173 3315 4238 succendi,
3345 4185 3399 4228 ut
3427 4187 3476 4228 et
3499 4175 3610 4241 ipse

2025 4246 2265 4320 dignetur
2292 4248 2589 4320 hujusmodi
2610 4249 2837 4320 animum
2859 4249 3094 4320 diligere,
3119 4262 3274 4317 quam
3298 4246 3609 4320 desiderium

2025 4319 2106 4371 sui
2123 4318 2303 4391 habere
2323 4316 2654 4391 perspexerit.
2681 4316 3278 4391 Hucusque’Qrigenes;
3303 4331 3462 4386 quem
3489 4316 3609 4391 imi-

2027 4397 2170 4442 tatus
2223 4387 2337 4456 ejus
2387 4390 2619 4442 honiilizn
2679 4387 2946 4456 interpres
3004 4387 3491 4458 DCHieronymus
3552 4387 3608 4458 in

2027 4457 2391 4512 Ecclesiasten
2418 4466 2788 4528 tommentaus
2815 4476 2827 4510 :
2860 4458 3126 4525 Salomon,
3159 4457 3505 4528 inquittCap.
3529 4457 3604 4525 ι),

2014 4529 2175 4597 juxta
2217 4545 2483 4582 numerum
2528 4526 2889 4597 vocabulorum
2915 4573 2928 4593 ,
2980 4531 3077 4582 tria
3102 4526 3368 4583 volumina
3412 4529 3605 4590 edidit,

2027 4597 2306 4651 Proverbia
2328 4640 2342 4660 ,
2389 4599 2729 4650 Ecclesiasten
2759 4608 2805 4650 et
2833 4595 3103 4652 Canticum
3143 4601 3488 4653 Canticorum.
3537 4597 3608 4650 In

2027 4667 2322 4722 Proverbiis
2346 4666 2844 4739 paruulum__docens
2866 4709 2880 4732 ,
2929 4678 2975 4720 et
3025 4671 3173 4739 quasi
3194 4672 3258 4723 de
3283 4670 3472 4737 officiis
3517 4684 3607 4736 per

2025 4740 2301 4792 sententias
2324 4737 2582 4809 erudiens.
2617 4737 2763 4792 Unde
2790 4749 2835 4792 et
2857 4739 2924 4790 ad
2945 4737 3133 4805 ﬁlium,
3165 4741 3275 4809 ejus
3300 4753 3467 4791 sermo
3496 4753 3606 4809 cre-

2027 4810 2116 4861 bro
2138 4811 2401 4876 repetitur.
2432 4808 2498 4862 In
2531 4808 2837 4863 Ecclesiaste
2862 4825 2979 4862 vero
3012 4808 3230 4862 matura:
3253 4809 3416 4861 virum
3438 4808 3605 4860 wtatis

2023 4881 2316 4947 instituens,
2348 4897 2410 4933 ne
2432 4881 2711 4950 quidquam
2733 4880 2786 4932 in
2809 4880 2987 4933 mundi
3007 4882 3156 4933 rebus
3185 4889 3324 4948 putet
3353 4894 3461 4950 esse
3484 4893 3607 4947 per-

2027 4959 2234 5018 petuum
2253 4995 2266 5018 ,
2299 4951 2388 5004 sed
2417 4947 2610 5003 caduca
2636 4960 2682 5002 et
2709 4950 2876 5004 brevia
2913 4953 3145 5004 universa
3183 4947 3297 5019 qua:
3325 4947 3602 5002 cernimus.

2026 5021 2110 5096 Ad
2137 5031 2421 5076 extremum
2452 5026 2987 5096 iamconsummatum
3011 5018 3201 5096 uirum,
3227 5030 3274 5072 et
3295 5018 3493 5096 calcato
3509 5035 3596 5096 ste

2026 5092 2143 5146 culo
2169 5089 2536 5160 prteparatum,
2560 5095 2613 5144 in
2640 5091 2848 5145 Cantica
2871 5093 3219 5153 Canticorum,
3238 5089 3414 5160 sponsi
3427 5090 3605 5157 jungit

2027 5159 2366 5234 amplexibus.
2404 5163 2522 5217 Nisi
2567 5163 2702 5216 enim
2753 5164 2898 5232 prius
2945 5159 3310 5234 reliquerimus
3352 5159 3477 5234 vitia
3525 5171 3602 5221 et,

2028 5231 2230 5302 pompis
2251 5236 2424 5288 seaculi
2439 5231 2812 5295 renuntiantes,
2840 5235 3101 5304 expeditos
3124 5248 3214 5304 nos
3243 5231 3311 5283 ad
3330 5231 3602 5304 adt-cntum

2025 5299 2213 5359 Christi
2242 5307 2624 5375 paraverimus,
2670 5320 2776 5376 non
2807 5299 3073 5376 possumus
3101 5303 3302 5376 dicere:
3332 5299 3605 5376 Qsculetur

2026 5392 2104 5428 me
2128 5369 2303 5429 osculo
2329 5378 2432 5430 oris
2456 5378 2558 5430 sui.
2587 5376 2711 5430 Haec
2733 5375 2795 5446 D_.
2808 5369 3199 5446 Hieronymus.
3219 5371 3438 5446 Similia
3441 5381 3504 5446 _et
3523 5369 3606 5422 liis

2025 5459 2385 5501 Consentanea
2425 5448 2625 5501 habent
2672 5446 2731 5499 ι).
2757 5440 3390 5512 Βιιείιιιιε,”Διιιι›ι·οεὶιιβ,
3426 5440 3603 5512 Theo~

2029 5519 2274 5593 doretns,
2303 5517 2594 5593 Gregorius
2620 5517 2848 5593 Magnus
2884 5516 2936 5569 in
2957 5511 3082 5593 suis
3106 5512 3517 5593 pruriatiotiibus
3550 5511 3603 5563 in

2027 5588 2274 5655 Cantica,
2308 5598 2362 5644 et
2386 5584 2627 5645 Isidorus
2666 5584 3001 5656 Hispaleusis
3030 5587 3084 5642 in
3110 5584 3402 5657 Allegoriis
3435 5595 3605 5638 sacrae

2026 5660 2322 5729 Scriptura:
