3966 6326
478 218 579 276 567

1537 211 1813 269 JOANNIS
1849 211 2162 270 CASSIANI
2203 214 2695 275 COLLATIONES.

3617 230 3706 295 568

477 338 655 406 pisse,
699 335 747 390 si
785 335 1074 391 secundam
1100 349 1207 389 non
1239 333 1426 389 eodem
1455 332 1637 388 studio
1664 342 1826 404 atque
1861 335 2054 390 eodem
2079 334 2134 396 Α
2159 332 2322 404 Cujus
2365 336 2442 390 rei
2472 335 2631 391 ﬁdem
2664 345 2825 407 atque
2853 345 3105 393 virtutem
3155 351 3312 394 nemo
3339 341 3436 397 nisi
3473 345 3518 400 is
3545 350 3701 417 capiet

478 430 887 498 impleverimus
912 429 1127 484 ardore.
1174 427 1238 481 Et
1265 427 1335 481 ita
1366 441 1485 480 cum
1533 428 1695 481 etiam
1729 425 1868 483 hanc
1892 426 2061 482 fueri-

478 538 598 576 mins
627 521 841 591 adepti,
873 521 939 576 ad
969 521 1111 575 illam
1143 533 1356 589 quoque
1395 519 1613 574 tertiam
1653 519 1938 589 pervenire
1967 535 2064 591 po-

479 613 727 680 terimus,
757 627 863 683 qua
889 612 958 668 de
983 612 1147 666 domo
1170 611 1368 680 prioris
1391 612 1560 666 nostri
1590 611 1829 680 parentis
1856 612 2062 683 egressi

478 707 660 774 (quem
693 704 761 758 ab
781 703 1010 759 exordio
1039 703 1334 758 nativitatis
1362 711 1562 758 nostrae
1592 704 1888 758 secundum
1913 713 2059 759 vete-

479 813 594 852 rem
626 797 897 852 hominem
927 811 992 850 ac
1018 795 1298 864 pristinam
1329 796 1822 860 conversationem,
1843 796 2060 866 quando

477 905 692 944 eramus
723 898 912 943 natura
945 888 1046 956 ﬁlii
1088 888 1182 942 ira:
1203 929 1218 954 ,
1259 889 1390 942 sicut
1415 898 1465 944 et
1501 890 1674 943 cteteri
1701 888 1917 960 (Ephes.
1964 890 2061 960 ιι),

481 991 688 1050 patrem
721 981 874 1036 nobis
905 980 1070 1036 fuisse
1099 981 1468 1053 meminimus)
1496 995 1712 1037 omnem
1746 982 1942 1036 mentis
1983 981 2068 1036 in-

483 1075 672 1126 tuitum
697 1073 766 1127 ad
797 1073 1038 1129 caelestia
1069 1071 1430 1128 deflectimus.
1460 1071 1536 1127 De
1562 1087 1670 1142 quo
1700 1072 1860 1128 etiam
1909 1083 2067 1142 patre

480 1167 544 1220 ad
574 1166 898 1233 Jerusalem,
931 1181 1053 1235 qua:
1085 1182 1266 1222 verum
1289 1175 1494 1237 patrem
1521 1167 1690 1222 Deum
1718 1175 2068 1237 contempseo

483 1268 582 1324 rat,
611 1259 812 1314 dicitur
839 1277 854 1315 :
878 1257 1040 1315 Pater
1071 1269 1188 1313 tuus
1216 1259 1573 1327 Amorrhwus,
1608 1271 1655 1313 et
1677 1269 1840 1314 mater
1860 1271 1949 1312 tua
1974 1258 2070 1313 Ce-

482 1352 614 1404 thwa
636 1348 852 1420 (Ezech.
879 1350 1016 1420 xvr).
1051 1351 1117 1404 Et
1141 1351 1192 1404 in
1218 1350 1534 1421 Evangelio,
1573 1349 1676 1404 Vos
1701 1366 1764 1405 ea:
1787 1360 1928 1421 patre
1953 1351 2069 1404 diu-

483 1445 599 1500 bolo
621 1447 762 1512 estis,
789 1454 837 1500 et
867 1445 1124 1500 desideria
1139 1445 1304 1516 patris
1330 1445 1480 1498 vestri
1508 1443 1662 1498 vultis
1686 1445 1857 1514 facere
1886 1442 2066 1514 (Joan.

485 1539 624 1607 vm).
654 1537 822 1606 Quem
846 1551 971 1592 cum
995 1537 1384 1604 dimiserimus,
1417 1536 1487 1590 de
1512 1535 1812 1591 visibilibus
1835 1536 1904 1590 ad
1933 1537 2072 1590 invi-

483 1630 660 1685 sibilia
693 1633 1178 1702 transmigrantes,
1210 1645 1333 1684 cum
1365 1630 1626 1700 Apostolo
1653 1629 1838 1684 dicere
1869 1631 2069 1700 poteri-

2167 427 2338 495 snlus,
2359 429 2448 494 qui
2465 429 2579 483 haec
2602 445 2724 499 qua
2753 429 3011 484 dicuntur
3035 431 3362 498 experientia
3395 438 3708 506 magistrante

2168 525 2504 593 perceperit;
2535 525 2692 594 cujus
2714 524 2967 580 videlicet
2988 526 3062 579 ita
3086 525 3336 580 Dominus
3349 529 3522 582 oculos
3545 534 3706 589 cordis

2167 617 2235 669 de
2250 615 2515 670 universis
2527 616 2891 686 praesentibus
2911 617 3173 682 avocarit,
3192 627 3250 672 ut
3267 633 3327 672 ea
3349 632 3448 672 non
3466 631 3701 690 tamquam

2171 707 2491 776 transitura,
2515 708 2609 764 sed
2629 708 2741 778 jam
2771 709 2925 778 quasi
2954 725 3063 764 non
3092 710 3372 765 existentia
3397 723 3635 782 reputans
3659 727 3707 772 et

2169 799 2321 854 velut
2341 801 2560 856 inanem
2579 801 2877 872 fumum,in
2900 802 3126 858 nihilum
3155 805 3384 860 resoluta
3412 810 3708 878 conspiciat;

2167 893 2558 964 ambulansque
2586 905 2645 950 ut
2667 896 2848 951 Enoch
2869 910 2992 952 cum
3024 896 3153 961 Deo,
3189 912 3251 953 ac
3270 897 3340 954 de
3372 899 3586 955 humana
3609 918 3716 956 con-

2169 989 2482 1044 versatione
2511 989 2864 1060 moribusque
2905 991 3221 1058 translatus,
3277 1005 3381 1046 non
3435 992 3711 1050 inveniatur

2170 1079 2224 1132 in
2259 1078 2540 1148 praesentis
2593 1081 2776 1136 saeculi
2829 1082 3090 1136 vanitate.
3145 1081 3297 1149 Quod
3354 1085 3404 1139 io
3461 1084 3546 1139 illo
3571 1087 3713 1141 etiam

2170 1172 2528 1240 corporaliter
2567 1173 2764 1227 factum
2815 1172 2978 1228 lectio
3007 1173 3289 1229 Geneseos
3321 1175 3392 1229 ita
3419 1190 3716 1233 commemo-

2168 1270 2257 1316 rat
2286 1279 2300 1315 :
2334 1263 2722 1332 Ambulavitque
2749 1273 2776 1301 ⁸
2805 1261 2987 1319 Enoch
3014 1281 3132 1318 cum
3158 1262 3290 1332 Deo,
3322 1275 3369 1320 et
3397 1283 3496 1321 nou
3519 1268 3716 1323 invenie-

2171 1354 2346 1418 batur,
2374 1354 2498 1424 quia
2517 1354 2782 1408 transtulit
2806 1371 2920 1408 eum
2950 1354 3087 1410 Deus
3118 1354 3329 1427 (Genes.
3351 1356 3426 1424 ν).
3455 1356 3717 1426 Apostolus

2170 1460 2387 1515 quoque
2406 1445 2482 1498 ait
2510 1462 2524 1498 :
2558 1444 2693 1500 Fide
2712 1443 2894 1499 Enoch
2925 1445 3211 1500 translatus
3234 1457 3327 1512 est,
3356 1455 3408 1500 ut
3437 1463 3534 1500 non
3552 1449 3718 1502 videret

2171 1547 2382 1591 mortem
2407 1535 2564 1607 (Heb.
2600 1537 2697 1608 si).
2755 1537 2833 1592 De
2861 1553 2964 1608 qua
2994 1548 3172 1607 morte
3212 1538 3465 1594 Dominus
3491 1540 3541 1594 in
3569 1540 3722 1595 Evan-

2171 1629 2342 1699 gelio:
2379 1629 2479 1695 Qui
2504 1631 2648 1694 vivit,
2679 1631 2871 1700 inquit,
2905 1642 2955 1684 et
2986 1631 3149 1685 credit
3176 1633 3229 1685 in
3256 1647 3356 1700 me,
3383 1647 3482 1686 non
3502 1633 3722 1686 morietur

484 1740 642 1780 mus:
684 1724 892 1780 Scimus
934 1733 1107 1778 autem
1132 1724 1377 1792 quoniam
1406 1725 1451 1778 si
1491 1723 1743 1778 terrestris
1769 1723 1951 1777 domus
1976 1738 2068 1777 no-
2096 1717 2145 1779 B
2171 1725 2223 1776 in
2267 1731 2520 1777 internum
2569 1722 2752 1794 (Joan.
2783 1723 2885 1795 ιι).
2929 1724 3270 1795 Quapropter
3307 1725 3554 1780 festinare
3581 1724 3724 1780 debe-

483 1825 593 1870 stra
623 1817 778 1880 huius
804 1816 1132 1870 habitationis
1156 1816 1489 1879 dissolvatur,
1535 1815 1669 1884 quod
1700 1813 2069 1868 habitationem

484 1909 761 1963 habeamus
793 1926 856 1964 ea:
893 1907 1024 1975 Deo,
1056 1909 1266 1963 domum
1311 1924 1413 1963 non
1443 1907 1798 1977 manufactam
1825 1916 2070 1966 (sternam

483 2001 538 2053 in
578 2002 718 2055 caelis
748 1999 816 2071 (ll
845 2000 962 2054 Cor.
997 2000 1072 2069 v).
1107 2001 1171 2054 Et
1220 1999 1348 2054 illud
1380 1999 1522 2070 quod
1566 1999 1725 2068 paulo
1755 2005 1880 2051 ante
1914 2011 2068 2051 com-

485 2095 938 2150 memoravimus:
965 2092 1154 2147 Noster
1174 2101 1343 2146 autem
1361 2093 1704 2161 municipatus
1726 2091 1780 2144 in
1801 2089 1942 2143 cwlis
1963 2098 2068 2155 est;

485 2189 622 2243 unde
633 2198 679 2242 et
693 2186 1014 2240 Salvatorem
1040 2196 1396 2256 exspectamus
1418 2185 1700 2240 Dominum
1712 2183 1892 2240 Iesum
1917 2182 2070 2237 Chri-

486 2281 644 2353 stum,
659 2287 748 2351 qui
763 2285 1058 2356 reformavit
1083 2298 1266 2352 corpus
1291 2279 1600 2335 humilitatis
1614 2289 1802 2334 nostra
1828 2279 2070 2349 conﬁgu-

489 2389 656 2432 ratum
671 2379 878 2447 corpori
901 2378 1154 2430 claritatis
1179 2391 1286 2428 sum
1311 2373 1534 2447 (Philip.
1565 2373 1666 2443 ιιι).
1685 2373 1754 2426 Et
1778 2373 1906 2426 illud
1923 2372 2068 2426 beati

484 2469 650 2522 David
677 2485 689 2520 :
723 2469 858 2535 Quia
885 2467 1057 2521 incola
1082 2484 1174 2537 ego
1202 2483 1316 2520 sum
1345 2467 1398 2520 in
1425 2476 1563 2519 terra
1582 2505 1597 2527 .
1630 2473 1678 2518 et
1727 2464 2026 2536 peregrinus
2048 2503 2064 2530 ,

484 2563 615 2616 sicut
644 2579 818 2616 omnes
845 2571 1013 2629 patres
1038 2562 1138 2615 mei
1169 2560 1340 2633 (Psal.
1367 2575 1574 2615 xxxvltt
1605 2569 1652 2612 et
1673 2558 1882 2629 cxvm),
1905 2567 1961 2612 ut
1985 2574 2072 2613 se-

485 2656 721 2710 cundum
754 2657 968 2711 Domini
1000 2671 1187 2710 vocem
1221 2653 1357 2708 tales
1397 2651 1728 2715 efﬁciamur,
1775 2649 1965 2720 quales
1994 2651 2072 2705 illi

485 2751 556 2804 de
593 2751 788 2818 quibus
843 2751 961 2804 haec
1017 2749 1280 2804 Dominus
1323 2746 1392 2802 ad
1447 2746 1659 2801 Patrem
1691 2745 1748 2798 in
1779 2743 2072 2814 Evangelio

487 2843 807 2912 loquebatur
832 2859 846 2896 :
879 2839 958 2894 De
987 2841 1176 2894 mundo
1204 2839 1300 2892 hoc
1329 2855 1435 2891 non
1461 2847 1601 2903 sunt,
1625 2837 1758 2891 sicut
1779 2848 1825 2891 et
1846 2855 1941 2907 ego
1972 2851 2073 2892 non

487 2951 600 2988 sum
623 2937 684 2988 de
730 2935 827 2988 hoc
857 2934 1051 2987 mundo
1088 2932 1270 3001 (Joan.
1308 2931 1461 3001 χιιι).
1493 2931 1560 2986 Et
1587 2947 1802 2987 rursum
1829 2931 1896 2985 ad
1925 2932 2072 3000 ipsos

488 3025 793 3095 apostolos:
846 3026 908 3080 Si
950 3025 1013 3078 de
1061 3026 1155 3077 hoc
1188 3025 1380 3077 mundo
1426 3026 1632 3090 essetis,
1663 3025 1887 3078 mundus
1931 3024 2071 3095 quod

487 3135 639 3171 suum
662 3128 772 3172 erat
798 3118 975 3188 utique
996 3117 1268 3185 diligeret;
1297 3117 1386 3170 sed
1405 3119 1527 3184 quia
1547 3119 1610 3171 de
1625 3116 1722 3169 hoc
1751 3116 1940 3169 mundo
1968 3132 2074 3170 non

488 3210 631 3277 estis,
658 3209 748 3263 sed
774 3225 866 3280 ego
886 3208 1014 3279 elegi
1064 3225 1145 3261 vos
1177 3209 1241 3263 de
1269 3207 1366 3264 hoc
1396 3211 1623 3274 mundo,
1656 3218 1924 3280 prapterea
1967 3210 2075 3263 odit

489 3318 577 3356 vos
622 3302 841 3356 mundus
870 3301 1056 3372 (Joan.
1108 3303 1226 3375 xv).
1273 3304 1442 3373 llujus
1489 3319 1619 3373 ergo
1656 3303 2075 3359 renuntiationis

490 3394 664 3456 tertize
682 3410 864 3451 veram
885 3396 1274 3466 perfectionem
1306 3406 1432 3450 tunc
1449 3395 1786 3451 merebimur
1803 3396 2072 3461 obtinere,

488 3488 705 3558 quando
734 3503 886 3542 niens
912 3498 1119 3553 nostra,
1166 3489 1314 3544 nullo
1345 3503 1559 3543 carnea:
1587 3487 1928 3558 pinguedinis
1973 3490 2074 3544 be-

488 3580 667 3634 betata
695 3583 969 3649 contagio,
1012 3581 1108 3635 sed
1151 3580 1496 3650 peritissimis
1534 3579 1935 3635 elimationibus
1979 3595 2075 3635 ex-

493 3674 659 3743 polita
683 3673 750 3727 ab
775 3676 922 3730 omni
947 3673 1142 3727 aﬂ‘ectu
1173 3681 1226 3728 et
1246 3673 1504 3742 qualitate
1535 3684 1772 3739 terrena,
1797 3688 1892 3742 per
1918 3673 2075 3730 inde-

489 3768 758 3822 sinentem
781 3768 1087 3822 divinarum
1112 3767 1520 3822 meditationem
1546 3766 1944 3834 Scripturarum
1966 3769 2078 3838 spi-

490 3860 782 3928 ritalesque
812 3859 1072 3925 tlieorias,
1123 3859 1189 3913 ad
1224 3860 1310 3914 illa
1352 3876 1472 3930 qua:
1522 3861 1812 3916 invisibilia
1853 3872 1983 3917 sunt
2010 3878 2076 3917 eo

493 3965 665 4019 usque
696 3951 998 4017 transierit,
1015 3960 1074 4005 ut
1099 3952 1487 4007 circumdatam
1502 3967 1560 4007 se
1583 3953 1873 4024 fragilitate
1898 3955 2077 4008 carnis

489 4057 552 4098 ac
575 4044 679 4097 situ
704 4045 968 4113 corporis,
996 4046 1248 4113 supernis
1270 4055 1325 4100 et
1356 4049 1692 4116 incorporeis
1715 4047 1945 4111 intenta,
1966 4062 2076 4102 non

490 4134 726 4194 sentiat:
779 4145 938 4203 atque
968 4137 1020 4190 in
1055 4137 1368 4205 hujusmodi
1413 4140 1654 4208 rapiatur
1694 4155 1986 4208 excessus,
2021 4151 2078 4196 ut

491 4243 596 4280 non
624 4229 798 4282 solum
828 4230 1001 4284 nullas
1029 4245 1191 4285 voces
1204 4231 1390 4285 auditu
1420 4233 1691 4302 corporali
1715 4234 2078 4304 recipiat,nec

490 4319 765 4373 intuendis
793 4307 1238 4389 praetereuntium
1261 4323 1538 4377 hominum
1559 4325 1882 4395 imaginibus
1908 4341 2074 4381 occu-

488 4419 680 4490 petur,
716 4412 809 4467 sed
837 4428 904 4467 ne
930 4412 1207 4470 adstantes
1259 4415 1474 4484 quidem
1505 4417 1764 4472 arborum
1817 4420 1988 4476 moles
2018 4431 2074 4476 et

2173 1832 2317 1884 mus,
2343 1817 2390 1871 si
2423 1817 2811 1886 perfectionem
2849 1831 3036 1872 veram
3063 1817 3439 1874 desideramus
3463 1816 3722 1887 attingere,

2173 1916 2232 1962 ut
2260 1907 2718 1977 quemadmodum
2747 1923 2978 1978 corpore
3007 1917 3281 1980 parentes,
3326 1909 3568 1979 patriam,
3609 1907 3728 1963 divi-

2176 2003 2276 2056 tias
2323 2001 2534 2071 mundi,
2587 2001 3000 2073 voluptatesque
3045 2002 3419 2072 despeximus,
3469 2003 3536 2056 ita
3577 2000 3718 2056 etiam

2173 2095 2338 2152 corde
2367 2095 2485 2152 hazc
2513 2097 2694 2152 omnia
2742 2097 3137 2167 relinquentes,
3169 2096 3316 2152 nulla
3375 2109 3553 2149 rursus
3574 2094 3634 2148 ad
3673 2109 3725 2147 ea

2173 2205 2293 2259 quae
2336 2188 2644 2245 dimisimus
2699 2189 3143 2259 concupiscentia
3194 2199 3569 2245 revertamur:
3609 2186 3729 2239 sicut

2174 2280 2254 2336 illi
2277 2281 2368 2351 qui
2398 2280 2578 2336 educti
2625 2295 2721 2351 per
2768 2281 2973 2346 Mosen,
3023 2296 3146 2336 cum
3183 2280 3370 2350 utique
3397 2292 3613 2346 corpore
3637 2291 3729 2330 non

2173 2375 2464 2442 redissent,
2484 2375 2650 2432 corde
2675 2385 2852 2432 tamen
2875 2376 3078 2432 reversi
3102 2374 3424 2430 dicunturin
3445 2371 3728 2442 A'ngpwm,

2174 2470 2368 2525 relicto
2395 2468 2607 2525 scilicet
2633 2470 2762 2536 Deo,
2793 2470 2884 2540 qui
2911 2483 3006 2524 eos
3028 2469 3296 2524 eduxerat
3319 2482 3443 2522 cum
3476 2473 3613 2518 tanta
3639 2465 3731 2516 vir-

2174 2572 2289 2618 tute
2335 2563 2637 2633 signorum,
2694 2562 2836 2616 idola
2884 2561 3101 2633 Aigypti
3145 2577 3275 2628 quae
3325 2563 3735 2624 contempserant

2174 2667 2524 2724 venerantes,
2570 2657 2714 2712 sicut
2752 2655 3032 2726 Scriptura
3059 2660 3455 2707 commemorat
3484 2668 3496 2703 :
3528 2648 3554 2688 δ
3575 2648 3634 2702 Et
3665 2662 3737 2700 re.

2175 2753 2319 2807 versi
2351 2761 2478 2805 sunt
2506 2749 2764 2804 cordibus
2794 2747 2909 2802 suis
2943 2747 2999 2801 in
3030 2745 3352 2817 Egyptum,
3409 2742 3635 2797 dicentes
3679 2736 3735 2790 ad

2159 2843 2380 2910 'Aaron,
2411 2842 2500 2898 fac
2530 2841 2686 2896 nobis
2709 2841 2844 2895 deos
2868 2840 2958 2910 qui
2990 2837 3305 2908 praecedant
3336 2850 3473 2900 nos;
3521 2847 3586 2887 ne
3633 2844 3737 2883 cum

2176 2935 2280 2991 illis
2312 2935 2473 2990 etiam
2503 2932 2703 3002 pariter
2730 2929 3178 2996 condemnemur,
3202 2927 3304 2998 qui
3333 2927 3386 2981 in
3413 2937 3589 2980 eremo
3608 2935 3738 2974 com-

2177 3035 2474 3091 morantes,
2506 3031 2630 3093 post
2673 3037 2854 3077 escam
2886 3035 3098 3076 manna:
3127 3018 3372 3075 ctelestis
3422 3013 3731 3070 desideravev

2099 3101 2143 3163 (ἶ
2176 3128 2306 3175 runt
2358 3115 2611 3172 vitiorum
2668 3114 2882 3180 fetidos,
2929 3128 2993 3168 ac
3043 3111 3287 3167 sordida:
3319 3106 3540 3163 vilitatis
3587 3102 3737 3167 cibos,

2180 3223 2384 3280 nosque
2413 3224 2536 3264 cum
2564 3208 2644 3264 eis
2669 3207 2920 3261 similiter
2946 3218 3292 3260 murmurare
3309 3201 3600 3257 videamur.
3625 3193 3744 3248 Bene

2181 3301 2325 3354 nobis
2351 3310 2461 3354 erat
2484 3300 2539 3353 in
2572 3298 2825 3370 Egypto,
2856 3297 2946 3349 ubi
2973 3296 3281 3350 scdebamus
3311 3309 3467 3363 super
3495 3289 3618 3344 ollas
3643 3301 3742 3340 car-

2181 3395 2323 3448 nium
2361 3402 2410 3447 et
2459 3391 2852 3446 comedebamus
2881 3405 3030 3460 cepas
3057 3398 3105 3442 et
3133 3389 3286 3452 allia,
3315 3397 3363 3440 et
3385 3396 3679 3446 cucumeres,
3702 3386 3743 3430 et

2182 3487 2621 3557 pepones(Exod.
2654 3483 2942 3550 XVI,Num.
2973 3481 3229 3554 xx).Qua:
3257 3482 3430 3550 figura
3452 3479 3570 3533 licet
3594 3477 3642 3529 in
3665 3473 3744 3526 illo

2185 3579 2524 3650 praecesserit
2551 3577 2770 3648 populo,
2797 3586 2975 3631 tamen
2999 3590 3136 3630 nunc
3161 3589 3378 3645 quoque
3397 3587 3513 3627 eam
3531 3564 3745 3639 quotidie

2181 3677 2236 3731 in
2283 3685 2475 3730 nostro
2527 3672 2720 3726 ordine
2748 3685 2814 3726 ac
2861 3670 3200 3739 professione
3251 3666 3500 3722 videmus
3531 3658 3741 3731 impleri.

2181 3769 2371 3824 Omnis
2396 3767 2540 3822 enim
2569 3766 2898 3836 quicumque
2938 3773 3061 3834 post
3090 3761 3552 3817 renuntiationem
3579 3751 3746 3810 mundi

2181 3861 2342 3932 hujus
2388 3861 2456 3916 ad
2497 3861 2717 3928 antiqua
2746 3859 3036 3913 revertitur
3080 3857 3283 3924 studia,
3325 3865 3380 3910 et
3425 3852 3490 3908 ad
3543 3847 3746 3919 pristina

2181 3953 2451 4010 desideria
2480 3960 2789 4013 revocatur,
2837 3950 2950 4002 lia-c
2988 3949 3178 4003 eadem
3208 3963 3334 4002 cum
3377 3946 3485 4002 illis
3515 3954 3669 4012 opere
3695 3952 3748 3990 ac

2182 4055 2362 4101 mente
2392 4043 2710 4113 proclamat,
2733 4041 2924 4096 dicens
2951 4057 2963 4090 :
2991 4037 3128 4092 Bene
3149 4039 3278 4092 mihi
3303 4048 3420 4093 erat
3442 4037 3495 4089 iu
3518 4031 3747 4103 lEgyplo.

2181 4140 2420 4208 Quorum
2453 4150 2646 4192 vereor
2676 4150 2744 4190 ne
2775 4143 2924 4188 tanta
2957 4132 3281 4187 invenienda
3329 4131 3403 4184 sit
3456 4121 3748 4182 multitudo,

2178 4239 2408 4303 quantas
2441 4238 2566 4283 tunc
2597 4227 2702 4282 sub
2733 4227 2880 4282 Mose
2910 4224 3385 4296 prtevaricantium
3429 4219 3610 4274 turbas
3637 4215 3749 4284 legi-

2181 4341 2300 4381 mus
2319 4325 2618 4380 exstitisse.
2646 4320 2780 4376 Nam
2810 4335 2933 4375 cum
2960 4328 3215 4374 sexcenta
3243 4317 3415 4372 millia
3437 4318 3750 4368 armatorum

2179 4419 2249 4474 de
2279 4418 2514 4488 Egypto
2542 4415 2974 4470 denumerentur
3016 4425 3257 4482 egressa,
3293 4425 3359 4464 ex
3395 4408 3479 4462 his
3506 4421 3610 4460 non
3639 4407 3751 4456 sunt

489 4504 738 4572 ingentes
791 4506 1046 4561 materias
1103 4506 1344 4575 objectas
1391 4507 1568 4563 oculis
1597 4510 1778 4566 carnis
1823 4513 2066 4581 aspiciat.
2100 4501 2151 4564 ι)
2177 4511 2407 4580 amplius
2433 4524 2591 4577 quam
2623 4507 2731 4562 duo
2759 4513 2965 4560 tantum
3009 4513 3208 4559 terram
3254 4496 3633 4571 promissionis
3681 4494 3751 4547 in-

1559 4668 1814 4724 ALARDI
1853 4642 2087 4726 cszmt
2125 4667 2694 4726 COMMENTARIUS.

560 4792 584 4819 α
603 4784 722 4837 Duo
735 4783 954 4836 fuerunt
976 4783 1162 4839 Enoch
1187 4785 1300 4838 sive
1324 4784 1568 4850 Henocli,
1594 4787 1732 4841 alter
1748 4787 1886 4842 filius
1903 4786 2059 4852 Cain,

486 4857 686 4926 Genesi.
707 4869 758 4908 tv
776 4896 792 4918 ,
813 4853 949 4926 alter
972 4854 1108 4908 filius
1124 4854 1306 4918 Jared,
1327 4856 1396 4912 de
1416 4872 1618 4926 genere
1642 4857 1795 4924 Seth,
1822 4868 1876 4912 et
1901 4859 2067 4926 septi-

486 4942 604 4979 mus
631 4925 697 4977 ab
745 4927 883 4994 ipso,
912 4924 1107 4978 Geiues.
1140 4943 1196 4990 v,
1222 4925 1289 4979 de
1310 4924 1532 4992 quo‘liic
1559 4929 1766 4996 agitur:
1800 4924 2067 4996 cujus—in-

483 4999 666 5066 signes
681 4996 1048 5065 praerogativae
1063 5008 1173 5050 tres
1191 4997 1242 5050 in
1262 4997 1555 5066 Scripturis
1570 4999 1871 5052 traduntur.
1891 5000 2067 5053 Prima

482 5066 624 5135 quod
639 5066 928 5119 ambulavit
953 5080 1072 5119 cum
1108 5067 1239 5131 Deo,
1259 5069 1376 5122 sive
1405 5083 1584 5121 coram
1613 5069 1740 5132 Deo,
1767 5069 1944 5136 phrasi
1964 5070 2070 5123 lic-

494 5140 812 5205 liraica,qna
837 5137 1125 5205 singularis
1156 5139 1270 5206 ejus
1300 5154 1426 5205 erga
1460 5139 1624 5192 Deum
1657 5140 1828 5204 pietas
1853 5150 1910 5194 et
1939 5141 2062 5195 vita:

486 5209 743 5282 sanctitas
796 5207 1108 5282 designatur
1153 5211 1395 5282 (August.
1441 5211 1602 5282 xv_de
1629 5210 1781 5282 Civil.
1816 5209 1912 5264 Dei
1941 5227 2056 5282 cap.

484 5277 550 5331 l9
565 5290 599 5347 ).
619 5277 762 5332 Idem
790 5279 932 5334 enim
953 5288 1038 5332 est
1059 5277 1333 5335 ambulare
1355 5296 1474 5334 cum
1501 5280 1611 5335 Deo
1631 5280 1711 5334 vel
1729 5295 1910 5335 eoram
1932 5277 2064 5344 De'o,

483 5364 545 5403 ac
583 5351 859 5422 ambulare
886 5349 939 5402 in
967 5351 1050 5402 via
1104 5351 1313 5422 Domini
1347 5356 1428 5406 vel
1463 5353 1515 5404 in
1570 5352 1857 5422 praeceptis
1908 5352 2062 5420 ejus;

484 5431 576 5475 aut
607 5421 817 5493 placere
837 5420 976 5493 Deo,_
993 5422 1133 5476 sicut
1159 5421 1299 5493 LXX
1323 5422 1648 5486 interpretes
1669 5420 1767 5493 pro
1795 5438 1860 5478 eo
1891 5433 2066 5476 verte-

484 5501 610 5545 runt
645 5509 655 5544 :
692 5491 897 5545 Placuit
943 5491 1071 5546 Deo.
1133 5492 1286 5548 Unde
1337 5502 1392 5547 et
1437 5491 1684 5548 Abrahze’
1713 5494 1848 5548 dixit
1892 5495 2058 5549 Deus:

488 5561 706 5637 Ambula
733 5579 906 5637 coram
934 5580 1032 5637 me,
1061 5573 1105 5616 et
1133 5573 1243 5637 esto
1260 5565 1509 5637 perfectus
1531 5565 1683 5637 (Gen.
1706 5565 1824 5637 vn).
1859 5565 2059 5621 Secun-

489 5636 578 5699 iln,
607 5635 747 5702 quod
791 5634 913 5686 sita
946 5633 1054 5688 Deo
1083 5635 1391 5690 translatus.
1438 5633 1704 5689 Ait‘enim
1733 5633 2009 5704 scriptura
2044 5655 2056 5687 :

495 5705 560 5761 Et
592 5721 688 5762 non
737 5706 1000 5770 apparuit,
1042 5708 1184 5772 quia“
1206 5704 1324 5760 tulit
1375 5723 1491 5761 eum
1531 5705 1691 5762 Deus.
1735 5709 1872 5763 Gen.
1905 5722 1967 5770 v;
2006 5715 2060 5761 et

2169 4786 2377 4841 Eccles.
2415 4801 2564 4842 xuv:
2599 4783 2776 4838 Enoch
2798 4783 2991 4849 placuit
3018 4781 3150 4840 Deo.
3185 4790 3229 4834 et
3265 4781 3554 4833 translatus
3583 4785 3654 4829 est
3689 4776 3750 4846 in_

2172 4855 2503 4929 Paradisum,
2534 4867 2640 4910 etc.
2676 4855 2880 4915 Tertia,
2911 4855 3051 4923 quod
3082 4851 3260 4929 adhuc
3277 4862 3557 4918 superstes
3585 4849 3673 4929 sit,
3703 4853 3752 4896 ct

2172 4928 2398 4982 necdum
2446 4939 2691 4980 mortuus
2715 4967 2731 4989 ,
2793 4940 2894 4978 nec
2924 4921 3090 4989 usque
3135 4921 3200 4974 ad
3230 4921 3749 4974 consummationem

2172 4999 2357 5052 szeculi
2384 4998 2637 5052 credatur
2665 4997 2984 5050 moriturus.
3038 4991 3262 5048 Disertis
3293 4992 3479 5046 verbis
3518 4990 3592 5042 ait
3621 4991 3746 5054 Apu-

2173 5071 2343 5123 stolus
2382 5070 2446 5123 ad
2498 5062 2974 5140 Hebrmoizfide
3003 5062 3183 5140 Enoch
3231 5062 3524 5116 translatus
3551 5068 3749 5140 este-tte

2173 5141 2364 5214 videret
2412 5151 2624 5214 mortem
2668 5141 2684 5205 (
2721 5136 2855 5190 Heb.
2882 5152 2934 5190 ιι
2967 5138 3004 5203 ).
3059 5133 3214 5214 Unde
3257 5141 3452 5214 aperte
3495 5129 3751 5214 Colligitur

2178 5209 2361 5264 Enoch
2388 5211 2623 5264 nondum
2646 5203 2769 5264 esse
2791 5216 3097 5270 mortuum;
3119 5203 3216 5281 sed
3241 5203 3747 5281 moriturumtamen

2172 5282 2480 5349 aliquando,
2537 5281 2658 5348 quia
2712 5281 2865 5342 juxta
2917 5277 3220 5341 generalem
3253 5275 3351 5349 Dei
3383 5275 3746 5349 sententiam:

2172 5341 2434 5406 Sta'tutum
2461 5341 2533 5404 est
2558 5341 2799 5404 omnibus
2837 5348 3127 5402 hominibus
3165 5344 3324 5400 semel
3362 5346 3516 5398 mori.
3551 5341 3677 5396 Ileb.
3700 5354 3745 5391 Ix

2169 5420 2323 5487 (Gen.
2359 5424 2437 5492 ιι).
2474 5423 2606 5476 Vide
2635 5423 2692 5475 S.
2720 5421 2980 5474 Thomam
3014 5421 3064 5472 in
3095 5418 3267 5487 Epist.
3299 5417 3371 5470 ad
3402 5415 3673 5473 llebrmos,
3695 5417 3748 5463 et

2167 5493 2440 5548 Perenium
2483 5494 2533 5546 iu
2565 5493 2834 5548 Genesim.

2239 5564 2264 5600 δ
2296 5564 2519 5618 Videtur
2546 5567 2745 5618 Auctor
2776 5565 2888 5616 inec
2911 5560 3076 5616 verba
3107 5569 3381 5628 tamquam
3414 5574 3446 5613 e
3477 5554 3743 5626 Scriptura

2164 5635 2353 5695 citare.
2378 5651 2497 5703 qua:
2524 5645 2702 5688 tamen
2735 5632 2786 5686 in
2817 5634 3060 5687 editione
3077 5632 3289 5700 vulgata
3318 5645 3430 5703 non
3461 5628 3741 5686 habentur,

2164 5722 2262 5764 nec
2295 5700 2436 5776 apud
2468 5706 2632 5761 alium
2660 5715 2934 5762 auctorem
2957 5705 3198 5774 reperire
3226 5700 3397 5771 potui.
