3966 6326
534 247 638 308 571

1597 263 1878 324 JOANNIS
1915 269 2156 327 CASSIA
2169 269 2236 326 Nl
2277 271 2765 332 COLLATIONES.
3696 273 3786 328 ὅτι

535 365 593 472 in
618 370 892 428 anteriore
935 375 1348 432 conversatione
1384 382 1676 446 contraxit,
1708 397 1989 442 universas
2024 385 2120 440 ab-
2143 396 2199 456 Α
2221 388 2290 444 vit
2315 405 2434 444 eum
2461 390 2480 460 (
2503 388 2650 444 Psal.
2684 389 2910 462 χχχιιι).
2956 391 3022 447 Ει
3065 391 3262 450 iterum
3300 410 3312 447 :
3345 392 3554 466 Pauper
3578 405 3622 454 et
3646 413 3782 472 inops

510 465 687 543 .l'cm
708 475 869 539 anlue
890 469 1184 542 dispergat,
1205 488 1325 543 quae
1353 477 1570 545 corpori
1615 487 1778 548 atque
1811 480 2006 535 anima:
2031 480 2121 550 ju-

536 559 673 630 giter
699 562 1039 620 cohaerentes
1072 554 1284 632 proprie
1313 575 1513 626 nostrae
1543 582 1691 637 sunt,
1723 587 1787 626 ac
1816 573 1918 629 nisi
1947 574 2123 630 adhuc

539 651 592 705 in
626 652 726 706 hoc
771 668 1003 722 corpore
1046 657 1359 713 constitutis
1393 659 1550 716 nobis
1578 661 1804 733 abjectaa
1831 665 2030 720 fuerint
2067 674 2126 724 et

537 745 816 817 abscissze,
837 748 998 804 etiam
1029 759 1150 816 post
1173 764 1454 808 excessum
1479 769 1579 810 nos
1610 771 1717 810 non
1744 757 1996 812 desinent
2024 772 2121 813 co-

541 838 756 894 mitari:
792 850 844 894 ut
875 841 1020 898 enim
1045 841 1297 910 virtutes,
1331 846 1417 902 vel
1455 847 1570 917 ipsa
1599 850 1859 918 charitas,
1886 867 2006 922 qua:
2032 867 2125 908 ea-

536 948 657 988 rum
684 933 803 990 fons
827 945 931 1002 est.
966 936 1020 996 in
1047 937 1152 994 hoc
1190 943 1389 997 saeculo
1418 944 1754 1016 conquisita,
1789 958 1911 1017 post
1957 948 2121 1006 ﬁnem

535 1041 748 1097 quoque
777 1027 938 1100 hujus
971 1031 1097 1088 vita
1127 1032 1414 1102 pulchrum
1447 1051 1510 1090 ac
1542 1037 1883 1106 splendidum
1915 1049 2122 1098 amato-

536 1135 650 1176 rem
669 1137 828 1178 snum
852 1123 1060 1185 reddit;
1086 1125 1161 1180 ita
1184 1127 1351 1182 ﬂvitia
1371 1128 1702 1188 obfuscatam
1726 1133 2121 1203 quodammodo

534 1224 775 1268 mentem
805 1216 1082 1282 coloribus
1134 1218 1321 1286 tetris,
1352 1223 1420 1276 ad
1453 1222 1600 1278 illam
1643 1238 1936 1292 perennem
1974 1242 2122 1282 com-

537 1308 897 1362 morationem
944 1309 1304 1382 infectamque
1327 1316 1717 1376 transmittunt.
1769 1317 2121 1376 Pulchritudo

536 1397 680 1452 enim
709 1398 791 1453 vel
819 1398 1029 1457 foeditas
1053 1405 1267 1468 animae,
1304 1406 1565 1460 virtutum
1609 1423 1707 1462 seu
1746 1409 2002 1466 vitiorum
2039 1411 2118 1480 gi-

537 1489 720 1558 gnitur
749 1493 1032 1562 qualitate.
1080 1495 1156 1550 Ex
1185 1495 1382 1566 quibus
1416 1499 1632 1568 quidam
1661 1510 1918 1557 attractus
1945 1504 2117 1573 color,

533 1593 628 1640 aut
659 1586 730 1640 ita
763 1587 1098 1655 splendidam
1156 1603 1276 1644 eam
1329 1591 1510 1646 reddit
1546 1606 1608 1647 ac
1656 1594 1957 1663 pulchram,
1993 1605 2051 1651 nt
2088 1612 2118 1652 a

445 1739 456 1752 Ἰ
535 1677 806 1749 Propheta
839 1690 1117 1736 mereatur
1144 1681 1353 1748 audire,
1384 1682 1453 1737 Et
1493 1686 1816 1753 concupiscet
1841 1704 1933 1742 rea:
1959 1687 2116 1742 deco-

2229 481 2464 536 laudabit
2493 498 2677 537 nomen
2701 495 2846 537 tuum
2873 485 2892 554 (
2917 482 3064 540 Psal.
3093 485 3309 554 ιχχιιι).
3345 486 3482 546 Sunt
3509 489 3664 546 etiam
3697 491 3784 546 ιω.

2226 588 2333 639 nae,
2366 589 2500 644 quas
2528 577 2828 645 acquisisse
2864 591 3070 647 magna:
3107 578 3322 634 virtutis
3363 593 3426 634 ac
3471 579 3644 638 meriti
3679 593 3782 646 est,

2224 682 2360 736 quas
2381 667 2466 724 vir
2483 668 2661 738 justus
2686 669 2968 738 possidens
2993 670 3349 735 collaudatur.
3373 672 3581 732 dicente
3598 674 3784 736 David:

2225 755 2504 818 Generatio
2539 771 2799 816 rectorum
2837 762 3180 830 benedicatur,
3228 764 3397 837 gloria
3439 773 3489 824 et
3522 767 3704 825 divitia:
3738 771 3787 823 in

2224 853 2378 906 domo
2405 855 2539 922 ejus,
2579 862 2628 908 et
2646 855 2854 924 justitia
2898 857 3010 925 ejus
3037 866 3206 912 manet
3247 858 3301 912 in
3341 860 3586 918 secutum
3626 862 3788 915 seculi

2225 942 2412 1013 (Psal.
2444 943 2587 1015 οχι).
2625 946 2690 998 Ει
2719 947 2911 1002 iterum
2943 964 2955 999 :
2990 957 3012 984 ο
3041 947 3342 1019 Redemptio
3365 949 3552 1004 animi:
3577 951 3668 1004 viri
3686 968 3788 1022 pro-

2224 1038 2354 1105 prite
2374 1039 2566 1092 divitia:
2587 1036 2857 1107 (Proverb.
2875 1037 3014 1110 χιιι).
3044 1038 3120 1095 De
3142 1040 3337 1108 quibus
3358 1040 3562 1096 divitiis
3584 1043 3635 1096 in
3664 1048 3788 1112 Apo-

2226 1130 2432 1200 calypsi
2458 1129 2657 1185 dicitur
2685 1130 2758 1184 illi
2781 1132 2870 1202 qui
2897 1146 2990 1185 eas
3012 1147 3118 1187 non
3143 1132 3350 1190 habens
3376 1133 3790 1204 vituperabiliter

2225 1236 2430 1291 pauper
2454 1228 2508 1276 et
2529 1221 2708 1276 nudus
2729 1232 2814 1277 est
2835 1239 2848 1274 :
2876 1220 3135 1292 Incipiam
3163 1233 3230 1290 te,
3267 1225 3456 1300 inquit,
3489 1243 3710 1282 evomere
3733 1246 3790 1285 ea;

2226 1329 2313 1368 ore
2339 1329 2471 1378 meo,
2499 1314 2621 1384 quia
2650 1315 2777 1370 dicis
2805 1314 2944 1384 quod
2974 1315 3111 1370 dives
3134 1333 3249 1370 sum
3275 1325 3321 1370 et
3345 1317 3594 1389 locuples,
3621 1330 3666 1373 et
3686 1322 3793 1380 nul-

2226 1407 2326 1460 lius
2356 1422 2518 1476 egeo;
2548 1416 2595 1458 et
2629 1408 2793 1462 nescis
2827 1409 2947 1478 quia
2974 1419 3026 1462 tu
3058 1426 3111 1466 es
3150 1411 3302 1464 miser
3343 1420 3390 1464 et
3426 1413 3727 1469 miserabilis
3749 1425 3792 1470 et

2225 1517 2419 1571 pauper
2438 1511 2484 1554 et
2505 1515 2668 1556 ca'cus
2687 1511 2734 1556 et
2759 1501 2959 1566 nudus;
2976 1504 3166 1557 suadeo
3188 1504 3279 1557 tibi
3297 1521 3328 1558 a
3348 1521 3427 1558 me
3447 1522 3609 1560 emere
3627 1523 3792 1564 aurum

2222 1595 2444 1663 Ignitum
2465 1594 2754 1666 probatum,
2783 1607 2839 1648 ut
2868 1595 3094 1667 locuples
3125 1599 3244 1666 ﬁas,
3275 1609 3321 1654 et
3342 1600 3649 1654 vestimentis
3674 1602 3792 1656 albis

2222 1685 2484 1754 lnduaris,
2527 1696 2573 1740 et
2615 1703 2715 1740 non
2747 1699 2994 1757 appareat
3033 1689 3272 1758 confusio
3315 1691 3564 1746 nuditatis
3611 1692 3788 1762 (Apoc.

534 1787 641 1826 rem
673 1785 816 1826 tuum
870 1771 1042 1844 (Psal.
1089 1775 1276 1844 xuv);
1325 1786 1416 1828 aut
1453 1788 1600 1830 certe
1651 1786 1849 1843 atram,
1891 1778 2116 1834 fetidam
2148 1786 2193 1845 Β
2226 1775 2337 1845 ιιι).
2382 1775 2517 1831 Sunt
2545 1791 2760 1848 quoque
2805 1779 3017 1844 mediae,
3050 1779 3101 1838 id
3145 1791 3252 1846 est,
3296 1795 3414 1850 qua:
3455 1791 3681 1850 possunt
3720 1786 3792 1838 vel

533 1873 696 1932 atque
727 1864 1049 1929 deformem,
1084 1865 1156 1919 ita
1185 1875 1243 1919 ut
1269 1866 1443 1936 ipsum
1483 1867 1717 1924 fetorem
1759 1870 1991 1940 propriae
2019 1870 2121 1927 fm-

538 1955 725 2010 ditatis
766 1956 882 2027 ipsa
937 1958 1261 2014 confiteatur
1311 1967 1367 2012 et
1393 1958 1559 2026 dicat,
1614 1959 2045 2032 Computrucrunt
2074 1975 2122 2018 et

535 2057 794 2118 corruptw
820 2058 942 2104 sunt
969 2050 1232 2104 cicatrices
1259 2066 1385 2105 mete
1426 2067 1458 2104 a
1502 2052 1634 2121 facie
1663 2054 1968 2125 insipientia?
1997 2072 2122 2114 mea

536 2136 710 2206 (Psal.
743 2137 969 2210 xxxvii).
994 2139 1115 2211 Ipse
1140 2155 1358 2212 quoque
1382 2141 1647 2200 Dominus
1667 2145 1732 2199 ad
1753 2161 1869 2202 eam
1902 2145 2115 2214 (larem.

536 2232 692 2298 vttt):
727 2230 920 2301 Quare,
954 2233 1148 2302 inquit,
1199 2250 1305 2288 non
1345 2244 1420 2290 est
1465 2236 1690 2291 obducta
1739 2239 1956 2294 cicatrix
1992 2240 2122 2309 [ilice

535 2322 716 2394 populi
739 2324 881 2377 mei?
907 2323 975 2378 Et
1003 2323 1208 2380 idcirco
1235 2323 1320 2380 hze
1353 2335 1477 2382 sunt
1515 2329 1746 2398 propria:
1793 2340 1997 2386 nostrae
2040 2332 2123 2386 di-

535 2417 699 2480 vitiaa,
729 2432 849 2485 quae
899 2433 1022 2472 cum
1061 2419 1242 2474 anima
1285 2419 1486 2490 jugiter
1527 2433 1956 2491 commorantur,
1987 2441 2122 2493 quas

536 2508 694 2562 nobis
727 2509 904 2566 nullus
956 2525 1166 2580 regum,
1197 2512 1382 2570 nullus
1424 2513 1687 2579 hostium,
1742 2531 1841 2571 nec
1869 2516 2120 2574 conferre

533 2603 751 2671 poterit,
783 2620 880 2658 nec
909 2603 1146 2661 auferre.
1178 2604 1206 2644 δ
1238 2607 1329 2662 Ητε
1354 2617 1480 2662 sunt
1510 2611 1741 2679 propriae
1771 2610 1978 2666 divitiae
2023 2626 2123 2667 no-

535 2705 689 2759 strae,
717 2710 943 2762 quasue
976 2697 1095 2766 ipsa
1125 2697 1347 2766 quidem
1399 2714 1548 2754 mors
1586 2701 1786 2757 valebit
1832 2701 1900 2758 ab
1940 2703 2120 2768 anima

536 2801 811 2857 separare,
842 2789 1042 2858 quibus
1077 2791 1167 2845 vel
1197 2796 1572 2852 renuntiantes
1612 2795 1681 2850 ad
1729 2795 2116 2862 perfectionem

538 2893 826 2948 p0ssumus
879 2882 1204 2951 pervenire,
1266 2885 1350 2940 vel
1418 2887 1604 2956 illigati
1675 2898 1876 2944 aeterna
1941 2898 2118 2944 morte

539 2970 807 3028 mulctari.

1140 3064 1369 3122 CAPUT
1413 3068 1503 3123 ιΧς

854 3154 931 3208 De
957 3158 1219 3226 tripartito
1258 3176 1441 3230 genere
1477 3160 1794 3216 divitiarum.

608 3245 903 3320 Tripartito
923 3249 1069 3306 enim
1103 3251 1263 3306 modo
1295 3252 1348 3306 in
1375 3254 1666 3323 Scripturis
1689 3254 1893 3311 sanctis
1917 3255 2118 3311 intelli-

536 3352 735 3412 guntur
775 3343 1000 3413 divitiae,
1044 3346 1096 3400 id
1123 3357 1229 3410 est,
1270 3346 1449 3414 malai,
1484 3347 1661 3418 bonae,
1707 3350 1920 3406 mediae.
1968 3350 2116 3406 Malae

535 3435 752 3506 quidem
796 3445 921 3492 sunt
963 3436 1033 3494 de
1071 3437 1266 3509 quibus
1291 3437 1521 3506 dicitur,
1551 3437 1744 3496 Divites
1779 3454 2025 3512 eguerunt
2071 3454 2118 3498 et

533 3529 825 3583 esurierunt
851 3529 1026 3600 (Psal.
1057 3531 1280 3601 χχχιιι).
1311 3531 1398 3598 Ει,
1445 3531 1537 3587 Vw
1565 3533 1727 3602 vobis,
1759 3535 1964 3600 divites,
1997 3538 2120 3606 quia

535 3625 796 3696 recepistis
848 3625 1255 3684 consolationem
1301 3637 1522 3680 vestram
1566 3627 1766 3698 (Luca:
1813 3629 1926 3698 vi).
1972 3629 2117 3698 Quas

534 3717 696 3771 etiam
735 3716 953 3771 divitias
1000 3717 1267 3786 abjecisse
1312 3733 1525 3773 summa
1574 3719 1838 3789 perfectio
1879 3731 1981 3775 est.
2036 3719 2116 3775 Ad

534 3824 762 3878 quarum
791 3809 1196 3865 distinctionem
1221 3818 1350 3865 sunt
1374 3825 1637 3880 pauperes
1659 3812 1736 3866 illi
1755 3813 1846 3882 qui
1871 3814 1922 3867 in
1943 3812 2118 3868 Evan-

535 3901 680 3970 gelio
702 3901 914 3956 Domini
941 3916 1075 3956 voce
1095 3901 1386 3956 laudantur
1408 3920 1420 3954 :
1445 3901 1594 3957 Beati
1625 3920 1879 3972 pauperes
1905 3905 2118 3973 spiritu,

533 3993 779 4063 quoniam
809 3994 1040 4064 ipsorum
1067 4003 1141 4048 est
1169 4010 1387 4065 regnum
1415 3995 1657 4050 caelorum
1686 3994 1920 4068 (Matth.
1946 4011 1973 4047 v
1990 3993 2029 4065 ).
2056 3997 2122 4051 Et

535 4085 589 4140 in
619 4084 834 4141 Psalmo
857 4103 870 4140 :
895 4084 1005 4142 Iste
1036 4104 1233 4157 pauper
1261 4088 1522 4150 clamavit,
1547 4098 1595 4144 et
1625 4087 1878 4144 Dominus
1904 4089 2121 4144 exaudi-

2227 1866 2382 1922 bonae
2427 1881 2548 1922 esse
2583 1869 2669 1923 vel
2710 1869 2885 1924 malae.
2936 1869 3016 1925 Ad
3064 1879 3351 1941 utramque
3405 1872 3549 1926 enim
3603 1882 3792 1942 partem

2226 1974 2325 2032 pro
2349 1959 2574 2014 arbitrio
2601 1962 2680 2016 vel
2705 1963 2962 2032 qualitate
2987 1964 3250 2018 utentium
3273 1964 3705 2032 transferuntur;
3733 1968 3792 2021 de

2221 2050 2420 2122 (quibus
2450 2051 2636 2106 beatus
2659 2053 2974 2122 Apostolus,
3005 2053 3280 2121 Divitibus,
3317 2057 3411 2125 ait,
3440 2058 3626 2110 mundi
3653 2058 3791 2128 hujus

2226 2146 2448 2214 praecipe
2480 2163 2582 2199 non
2611 2146 2824 2202 sublime
2843 2164 3040 2216 sapere,
3067 2165 3159 2203 nec
3188 2166 3393 2220 sperare
3416 2151 3468 2204 in
3497 2153 3688 2206 incerto
3715 2154 3792 2207 di-

2224 2239 2485 2304 uitiarum,
2523 2239 2612 2292 sed
2643 2241 2693 2292 in
2724 2240 2851 2303 Deo,
2885 2243 2970 2310 qui
2993 2251 3202 2313 praestat
3228 2244 3372 2296 nobis
3397 2241 3603 2296 abunde
3640 2247 3794 2298 omnia

2229 2333 2296 2383 ad
2318 2331 2750 2401 fruendum;bene
2771 2333 2960 2404 facere.
2977 2335 3128 2402 facile
3155 2334 3392 2400 ‘ribuere,
3409 2337 3791 2397 communicare.

2231 2423 2572 2476 thesaurizare
2595 2425 2690 2477 sibi
2729 2425 3116 2492 fundamentum
3154 2424 3340 2480 bonum
3372 2425 3424 2478 in
3455 2425 3708 2496 futurum,
3747 2436 3794 2480 ut

2229 2517 2616 2586 deprehendant
2657 2532 2823 2572 veram
2862 2518 3019 2571 vitam
3047 2516 3098 2589 (l
3125 2516 3262 2572 Tim.
3292 2517 3400 2589 vt).
3431 2517 3580 2584 Quas
3611 2520 3789 2574 iterum

2229 2609 2380 2662 dives
2413 2609 2501 2664 ille
2526 2609 2580 2662 in
2609 2608 2904 2680 Evangelio
2932 2610 3191 2672 retinens.
3221 2624 3286 2664 ac
3307 2625 3645 2680 nequaquam
3675 2608 3794 2664 indi-

2225 2700 2480 2769 gentibus
2535 2699 2986 2766 subministrans,
3027 2699 3093 2754 de
3137 2700 3294 2770 cujus
3349 2699 3504 2755 micis
3581 2701 3794 2755 saturari

2227 2808 2431 2862 pauper
2462 2791 2701 2847 Lazarus
2744 2800 2871 2847 ante
2898 2792 3040 2846 fores
3065 2791 3182 2860 eius
3211 2792 3492 2860 expositus
3521 2792 3791 2862 cupiebat,

2225 2883 2581 2940 intolerandis
2609 2882 2869 2953 gehennae
2913 2882 3152 2952 ignibus,
3192 2892 3246 2938 et
3274 2896 3480 2938 aeterno
3518 2883 3792 2954 deputatur

2229 2977 2406 3032 ardori
2439 2978 2458 3046 (
2480 2975 2630 3031 Luca:
2656 2973 2794 3048 χγι).

2855 3068 3082 3126 CAPUT
3122 3069 3191 3130 Χ.

2143 3162 2192 3228 C
2225 3161 2353 3218 Non
2395 3177 2541 3234 posse
2585 3178 2893 3233 quemquam
2943 3163 3109 3231 primo
3159 3171 3360 3216 tantum
3417 3162 3798 3218 renuntiationis

2699 3234 2866 3304 gradu
2891 3249 2999 3286 esse
3024 3235 3324 3304 perfectum.

2298 3346 2405 3403 Has
2445 3347 2607 3417 igitur
2637 3345 2885 3402 visibiles
2925 3346 3113 3400 mundi
3141 3346 3358 3400 divitias
3393 3346 3792 3416 relinquentes,

2223 3456 2334 3496 non
2359 3451 2592 3505 nosuas,
2621 3439 2716 3493 sed
2745 3439 2948 3494 alienas
2970 3438 3253 3508 abjicimus
3293 3438 3601 3505 facultates,
3627 3451 3800 3509 qnam-

2228 3534 2308 3588 vis
2336 3548 2426 3588 eas
2449 3533 2744 3603 gloriemur
2767 3533 2848 3586 vel
2872 3540 3059 3585 nostro
3089 3531 3274 3585 labore
3293 3530 3576 3600 quaesitas,
3607 3529 3689 3585 vel
3716 3544 3799 3598 pa-

2221 3636 2443 3681 rentum
2473 3625 2540 3679 ad
2568 3639 2664 3679 nos
2695 3623 3010 3679 haereditate
3036 3623 3402 3677 transmissas.
3436 3621 3580 3676 Nihil
3627 3623 3763 3676 enim
3783 3660 3796 3683 ,

2231 3728 2289 3772 ut
2327 3718 2456 3782 dixi,
2500 3726 2742 3772 nostrum
2781 3723 2887 3781 est,
2921 3713 3020 3768 nisi
3062 3713 3162 3769 hoc
3201 3723 3408 3770 tantum
3454 3712 3601 3784 quod
3648 3710 3799 3766 corde

2228 3824 2566 3880 possessum,
2591 3817 2749 3878 atque
2769 3807 2965 3862 animae
2989 3813 3190 3860 nostra:
3214 3803 3515 3866 cohaerens,
3538 3819 3574 3858 a
3595 3803 3800 3858 nemine

2232 3910 2409 3973 potest
2437 3916 2655 3970 prorsus
2683 3899 2907 3955 auferri.
2936 3899 3016 3954 De
3045 3898 3151 3952 illis
3178 3908 3359 3952 autem
3390 3897 3695 3951 visibilihus
3721 3895 3795 3948 di-

2227 3995 2377 4048 vitiis
2401 3992 2468 4048 ad
2494 4007 2588 4048 eos
2616 3993 2704 4063 qui
2731 3991 2852 4046 illas
2874 4000 3143 4060 tamquam
3171 3991 3416 4061 pr0prias
3445 3997 3796 4052 retentantes,

2232 4088 2632 4144 communicare
2676 4085 3044 4158 indigentibus
3075 4086 3286 4152 uolunt,
3317 4085 3602 4154 increpans
3636 4081 3795 4152 loqui-

1598 4226 1855 4282 ALABDI
1892 4225 2124 4282 GAZAEI
2161 4223 2736 4282 FOMMENTARIUS.

609 4340 942 4411 {Quomodo
971 4341 1119 4403 vitia,
1150 4341 1270 4395 sive
1300 4348 1517 4407 peccata
1548 4341 1827 4396 obfuscent
1858 4341 2121 4411 quodam-

534 4410 698 4484 modo
720 4412 921 4484 (idest,
942 4411 1331 4484 metaphorice)
1374 4421 1582 4484 mentes
1611 4421 1823 4484 nostras
1844 4410 2117 4468 coloribus

532 4483 710 4548 tetris,
732 4482 995 4536 videndus
1015 4492 1098 4536 est
1121 4483 1183 4536 Ι).
1212 4482 1451 4536 Thomas
1473 4482 1647 4537 Prima
1665 4483 1948 4553 secundm,
1974 4499 2118 4553 quae-

476 4583 480 4586 -
534 4553 712 4607 stiune
739 4553 1066 4622 octogesima
1099 4565 1269 4617 sexta,
1323 4554 1412 4607 ubi
1471 4554 1610 4608 inter
1657 4552 1880 4609 effectus
1912 4552 2116 4624 pec'cati

532 4624 689 4694 ponit
727 4626 1016 4686 maculam.
1051 4639 1170 4691 qua:
1198 4639 1262 4677 ex
1294 4633 1514 4690 peccato
1542 4625 1883 4680 contrahitur
1911 4627 1966 4679 in
1995 4627 2113 4679 ani-

531 4709 642 4758 ma,
673 4695 800 4748 dum
851 4696 1026 4748 nitore
1071 4696 1288 4749 luminis
1341 4697 1598 4749 naturalis
1636 4704 1690 4749 et
1719 4697 2008 4764 splendore
2034 4698 2116 4750 di-

529 4769 671 4836 vinae
697 4766 882 4836 gratim
911 4767 1168 4834 privatur.
1219 4765 1371 4821 Unde
1419 4766 1694 4836 Scriptura
1727 4770 1928 4834 passim
1955 4768 2115 4822 docet

532 4835 805 4890 hominem
839 4836 1108 4905 inquinari
1137 4839 1392 4906 peccatis,
1423 4849 1476 4890 et
1504 4838 1676 4905 ipsum
1698 4849 1971 4904 peccatum
2002 4853 2111 4891 me-

530 4908 801 4977 touymice
837 4918 996 4960 vocat
1044 4908 1530 4977 inquinamentum,
1576 4907 1790 4966 sordes.
1822 4909 2110 4964 maculam.

530 4976 828 5048 Denteron.
858 4993 1007 5032 χχχιι
1039 4996 1049 5029 :
1087 4976 1439 5048 Peccauerunt
1481 4979 1548 5042 ei,
1597 4989 1646 5031 et
1672 4995 1772 5031 non
1805 4979 1902 5046 ﬁlii
1925 4980 2034 5048 ejus
2064 4980 2118 5033 in

527 5049 787 5101 sordibus.
811 5047 913 5102 lsa.
953 5063 1004 5102 tv
1030 5063 1047 5099 :
1073 5048 1132 5102 Si
1160 5047 1378 5102 abluerit
1404 5047 1660 5102 Dominus
1684 5050 1860 5103 sordes
1886 5047 2117 5116 ﬁliarum

531 5119 680 5171 Sion.
731 5121 933 5173 Ezech.
987 5134 1198 5173 um:
1247 5117 1531 5184 Elfundam
1585 5135 1740 5188 super
1793 5135 1879 5172 vos
1933 5137 2117 5186 aquam

531 5189 800 5251 mundam,
829 5199 877 5243 et
917 5189 1293 5243 mundabimini
1331 5188 1394 5240 ab
1438 5189 1674 5243 omnibus
1719 5191 2118 5257 inquinamentis

527 5264 728 5314 vestris.
761 5261 959 5326 Ephes.
991 5275 1020 5308 v
1048 5280 1061 5314 :
1095 5259 1163 5313 Ut
1205 5260 1459 5314 exhiberet
1489 5261 1586 5314 sibi
1623 5259 1909 5330 gloriosam
1940 5259 2118 5314 Eccle-

527 5330 684 5400 sium,
716 5347 819 5383 non
840 5330 1105 5383 habentem
1135 5346 1338 5400 rugam,
1367 5347 1530 5399 neque
1555 5333 1831 5384 maculam.

598 5399 628 5438 δ
661 5401 905 5464 Peccata,
936 5399 1165 5464 scilicet,
1190 5399 1246 5456 et
1266 5401 1392 5454 vitia
1425 5403 1474 5453 iu
1509 5403 1709 5455 saeculo
1731 5410 2034 5466 contracta,
2060 5410 2117 5456 et

529 5469 584 5522 in
614 5473 795 5524 anima
827 5483 1094 5533 tamquam
1129 5471 1181 5524 in
1213 5472 1413 5526 scrinio
1435 5473 1734 5537 recondita,
1777 5487 1874 5540 per
1903 5484 2113 5526 reatum

528 5540 815 5595 scilicetet
834 5542 1115 5596 maculam.
1136 5543 1364 5609 Divitiae,
1390 5545 1626 5611 inquam,
1652 5551 1799 5605 sunt,
1817 5543 1911 5597 sed
1933 5543 2110 5608 mnia),

530 5615 838 5682 utexpunit
859 5613 1104 5679 sequenti
1145 5629 1290 5681 cap..
1323 5624 1376 5668 et
1399 5627 1599 5666 nostra:
1629 5613 1857 5673 divitiae,
1887 5629 2019 5682 quas
2048 5630 2114 5669 ex

528 5679 710 5745 nobis,
740 5682 790 5733 id
813 5692 913 5744 est,
943 5695 1145 5737 nostra:
1169 5679 1458 5739 vnluutatis
1491 5685 1720 5737 arbitrio
1745 5679 2115 5738 contrahimus

529 5759 587 5804 et
618 5765 1023 5814 coacervamns,
1066 5753 1224 5815 juxta
1273 5756 1448 5810 illud:
1494 5753 1728 5810 Perditio
1757 5766 1846 5810 tua
1872 5772 1936 5810 ea:
1975 5767 2042 5821 te,
2085 5772 2115 5810 o

2226 4341 2412 4395 Israel.
2449 4341 2559 4395 Huc
2599 4340 2792 4396 referri
2833 4348 3014 4410 potest
3057 4339 3189 4394 illud
3239 4337 3390 4393 Pauli
3434 4339 3500 4394 ad
3543 4338 3702 4392 Rom.
3727 4349 3795 4390 n:

2231 4412 2519 4468 Secundum
2550 4412 2800 4465 duritiam
2835 4421 2995 4472 tuam.
3027 4420 3075 4464 et
3103 4411 3424 4478 impmnitens
3447 4427 3556 4474 cor,
3600 4410 3797 4462 thesau-

2226 4486 2357 4536 rizas
2398 4484 2489 4536 tibi
2518 4485 2650 4535 iram
2684 4483 2736 4535 in
2775 4484 2858 4534 die
2891 4483 2984 4536 irae
3015 4491 3060 4535 et
3092 4483 3416 4535 reuelationis
3449 4482 3582 4550 justi
3617 4478 3799 4552 judicii

2215 4553 2343 4679 ρεὶ,
2390 4555 2478 4622 qui
2515 4554 2694 4607 reddet
2732 4554 3007 4624 unicuique
3047 4557 3330 4607 secundum
3375 4567 3530 4622 Opera
3565 4553 3713 4619 ejus;
3749 4557 3799 4602 et

2255 4625 2406 4678 acohi
2439 4641 2498 4678 v:
2535 4625 2940 4677 Thesaurisastis
2967 4624 3102 4676 vobis
3131 4625 3266 4677 iram
3303 4625 3357 4676 in
3381 4622 3674 4675 novissimis
3699 4621 3799 4672 die-

2255 4621 2409 4678 acohi
2439 4641 2498 4678 v:
2535 4621 2940 4677 Thesaurisastis
2967 4624 3102 4676 vobis
3131 4625 3266 4677 iram
3303 4625 3357 4676 in
3381 4621 3674 4675 novissimis
3699 4621 3800 4672 die-

2217 4699 2331 4750 bus.
2360 4695 2672 4750 Thesaurus
2704 4695 2963 4764 siquidem
2993 4695 3342 4763 congregatio
3387 4703 3470 4748 est
3495 4705 3600 4764 tam
3643 4691 3798 4744 bona-

2222 4782 2339 4819 rum
2389 4781 2570 4819 rerum
2625 4762 2785 4835 quam
2840 4762 3122 4819 malarum:
3183 4764 3320 4819 Hinc
3364 4765 3504 4834 apud
3531 4762 3793 4817 Graecos:

2219 4838 2478 4961 θωαιίξός
2505 4845 2693 4919 κρυμῶν.

2299 4917 2321 4946 ε
2410 4927 2438 4960 e
2468 4919 2693 4961 smritua

2299 4917 2321 4946 ε
2364 4903 2438 4961 De
2468 4907 2838 4973 spiritualibus
2865 4921 2927 4961 ac
2947 4907 3260 4962 coelestibus
3287 4903 3490 4960 divitiis
3516 4905 3680 4958 etiam
3709 4916 3797 4955 ex-

2222 4980 2375 5044 ponit
2407 4981 2462 5029 l).
2503 4979 2888 5049 Hieronymus,
2917 4986 2973 5030 ut
3004 4978 3088 5030 hic
3118 4977 3285 5030 abbas
3322 4995 3331 5028 :
3370 4975 3660 5049 Possumus
3684 4973 3796 5043 qui-

2221 5050 2360 5114 dem,
2385 5049 2556 5118 inan
2579 5051 2598 5116 (
2626 5044 2794 5119 Epist.
2835 5047 2961 5115 '59),
2985 5051 3225 5116 proprias
3264 5047 3468 5100 divitias
3491 5044 3794 5119 intelligere,

2259 5112 2354 5192 ure
2375 5112 2477 5192 non
2509 5121 2571 5173 de
2589 5112 2791 5192 alieno,
2837 5112 2958 5192 non_
2981 5112 3043 5170 de
3064 5112 3278 5192 rapinis
3308 5127 3457 5192 sunt,
3485 5115 3640 5192 ju_xta_
3666 5112 3793 5192 illud

2259 5137 2337 5172 nte
2375 5137 2477 5172 non
2509 5137 2571 5173 ae
2600 5137 2791 5180 atteno,
2837 5137 2939 5171 non
2981 5137 3043 5170 ae
3083 5137 3278 5190 rapinis
3308 5137 3457 5179 sunt,
3485 5137 3636 5182 juxta
3672 5137 3793 5166 muu

2219 5137 2499 5258 (Proverb.
2520 5188 2615 5313 ιιιῖ
2638 5208 2650 5242 :
2677 5189 2895 5243 Honora
2921 5188 3200 5241 Dominum
3222 5188 3286 5243 de
3308 5189 3406 5241 tuis
3429 5186 3591 5257 justis
3621 5185 3797 5264 labori-

2221 5262 2348 5313 bus:
2377 5261 2464 5313 sed
2508 5277 2586 5313 me
2611 5263 2690 5313 ior
2717 5269 2792 5313 est
2833 5261 3197 5313 intelliaentia.
3229 5269 3284 5312 ut
3312 5259 3518 5311 divitias
3560 5270 3795 5313 proprias

2221 5256 2348 5324 bus;
2377 5261 2464 5314 sed
2508 5256 2690 5314 melior
2717 5269 2792 5314 est
2833 5261 3197 5328 intelligentia,
3229 5269 3284 5312 ut
3312 5256 3518 5311 divitias
3560 5256 3795 5325 proprias

2223 5347 2594 5400 cognoscamus
2622 5331 2886 5384 thesauros
2916 5329 3267 5402 absconditos,
3298 5345 3425 5390 quos
3457 5328 3660 5402 πεδίω-
3688 5340 3798 5394 pos-

2217 5398 2597 5476 sit—suffudere,
2630 5419 2720 5455 nec
2738 5401 3180 5476 ilatrq‘violentus
3223 5402 3435 5476 eripere.
3471 5398 3563 5476 _Sic’
3606 5409 3796 5476 nempe

2219 5473 2356 5540 apud
2391 5473 2697 5528 Matthmum
2735 5473 2994 5526 Dominus
3033 5473 3198 5524 dicit:
3227 5469 3405 5523 Nolite
3448 5469 3796 5540 thesaurisare

2218 5538 2351 5597 vobis
2380 5542 2644 5598 thesauros
2668 5546 2720 5596 in
2751 5552 2910 5610 terra,
2940 5541 3026 5594 ubi
3053 5550 3301 5614 wrugo_et
3335 5542 3475 5614 tinea
3499 5538 3794 5598 denwlitnr,

2217 5624 2266 5668 et
2295 5618 2378 5667 ubi
2403 5619 2539 5680 {ures
2571 5614 2898 5688 elfodiuntret
2931 5611 3196 5688 (urantur.
3230 5611 3596 5666 Thcsauriaatc
3628 5621 3796 5688 autem

2217 5688 2357 5738 vobis
2379 5690 2642 5740 thesauros
2673 5688 2723 5738 in
2750 5687 2897 5748 calo,
2931 5683 3017 5737 ubi
3052 5700 3216 5751 neque
3239 5697 3435 5750 terugo,
3471 5695 3634 5749 neque
3660 5683 3794 5741 tinea

2220 5757 2513 5822 demolitur,
2545 5766 2592 5812 et
2617 5757 2702 5810 ubi
2728 5757 2869 5820 fures
2896 5771 3000 5810 non
3025 5753 3302 5819 eﬂ'odiunt,
3335 5767 3429 5807 nec
3451 5752 3723 5815 (urantur.
