3966 6326
248 253 354 312 8⁸18

999 258 1336 319 COLLATIO
1374 262 1465 319 ΙΙΙ.
1488 295 1559 305 —
1588 264 1675 320 DE
1718 262 1966 320 TBIBUS
2006 261 2796 320 ABRENUNTIATIONIBUS.

3426 258 3535 316 5ῗὸ

251 383 340 428 tur
361 372 662 430 Christus:
691 383 721 414 ι
749 373 813 434 Si
835 376 892 431 in
915 377 1101 433 alienis
1129 378 1311 448 ﬁdeles
1336 396 1440 434 non
1476 380 1684 447 fuistis:
1710 380 1847 451 quod
1875 383 1922 442 Α
1951 387 2006 434 et
2033 393 2158 434 mox
2193 381 2536 434 transituram
2579 377 3020 435 transcendentes
3052 376 3231 431 animo
3260 389 3323 430 ac
3349 383 3533 430 meme

251 480 473 524 vestrum
507 476 614 533 est,
655 471 771 542 quis
799 471 942 526 dabit
966 472 1107 526 vobis
1129 473 1150 545 (
1174 472 1326 529 Luca
1354 490 1445 528 xvt
1465 474 1527 544 )7
1550 474 1846 530 Evidenter

255 560 417 631 igitur
447 559 548 615 has
587 559 808 618 divitias
851 562 1056 619 alienas
1100 578 1244 628 esse,
1292 578 1399 618 non
1441 565 1616 620 solum
1657 566 1836 634 quoti-

251 652 413 708 diana
443 652 783 723 esperientia
814 653 995 721 docet,
1019 669 1210 711 verum
1242 656 1405 711 etiam
1433 657 1702 713 sententia
1736 658 1842 711 De-

255 750 386 804 mini
434 749 552 818 ipsa
601 749 967 820 appellatione
1013 750 1360 821 signiﬁcavit.
1408 752 1484 808 De
1541 752 1846 810 visibiliqu

251 855 386 895 vero
410 840 775 910 pessimisque
811 840 1018 896 divitiis
1057 841 1299 911 loquitur
1327 843 1524 898 Petrus
1551 842 1619 897 ad
1651 842 1838 897 Demi-

250 947 382 986 num
413 949 425 983 :
449 929 589 986 Ecce
618 948 713 987 nos
747 933 1043 1003 reliquimus
1072 935 1268 1001 omnia,
1300 945 1349 988 et
1370 937 1531 991 secuti
1566 951 1746 990 sumus
1774 946 1842 1002 te,

249 1024 380 1092 quid
407 1041 529 1096 ergo
552 1026 652 1079 erit
683 1027 829 1080 nobis
858 1023 1092 1097 (Matth.
1120 1027 1244 1099 ιιι)
1265 1029 1288 1082 f
1313 1030 1404 1098 qui
1443 1030 1632 1098 utique
1653 1029 1680 1068 δ
1711 1028 1847 1084 nihil

247 1118 489 1188 amplius
511 1133 672 1190 quam
701 1120 964 1176 vilissima
995 1123 1384 1194 conscissaque
1413 1123 1549 1179 retia
1569 1122 1847 1178 dimisisse

253 1219 581 1266 noscuntur.
615 1211 745 1280 Qum
771 1213 954 1268 omnia
986 1214 1091 1268 nisi
1131 1215 1183 1270 in
1229 1216 1330 1270 hac
1371 1216 1848 1271 abrenuntiatione

249 1303 532 1369 vitiorum,
554 1319 680 1375 qua
702 1321 831 1362 vere
858 1321 1052 1378 magna
1079 1317 1135 1363 et
1160 1323 1373 1364 summa
1399 1318 1502 1370 est.
1534 1308 1742 1364 fuerint
1765 1311 1848 1362 in-

254 1395 506 1460 tellecta,
544 1410 647 1451 nec
675 1396 977 1467 pretiosum
1019 1398 1220 1470 aliquid
1261 1399 1599 1454 inveniemus
1627 1407 1848 1467 aposte-

249 1489 338 1544 los
361 1491 667 1560 reliquisse,
698 1506 798 1546 nec
820 1491 1106 1547 Dominum
1143 1493 1428 1555 habuisse.
1461 1502 1682 1563 propter
1703 1492 1850 1562 quod

250 1580 360 1636 illis
413 1590 617 1636 tantam
660 1583 1015 1640 beatitudinis
1057 1584 1287 1654 gloriam
1319 1585 1631 1656 largiretur,
1676 1594 1738 1637 ut
1780 1584 1850 1639 ab

250 1674 445 1728 eodem
475 1684 816 1731 mererentur
841 1676 1031 1733 audire
1061 1696 1074 1731 :
1098 1675 1166 1733 In
1203 1680 1588 1751 regeneratiene
1632 1694 1746 1731 cum
1770 1696 1849 1733 se-

1941 470 2327 539 despiciemus,
2352 472 2626 528 intuentes
2647 471 2948 536 dumtaxat,
2981 468 3282 524 secundum
3302 467 3534 536 Aposto-

1945 562 2077 626 lum,
2107 579 2211 615 non
2241 578 2303 615 ea
2325 579 2437 630 qua!
2464 564 2718 626 videntur,
2741 563 2829 616 sed
2855 577 2972 632 qut:
3002 577 3106 614 non
3134 561 3534 625 videntur;un

1941 653 2080 707 enim
2108 653 2367 718 videntur,
2399 653 2705 725 temporalia
2735 661 2888 716 sunt;
2909 667 3025 721 qua
3043 663 3211 705 autent
3235 667 3336 704 non
3358 649 3534 703 viden-

1943 753 2047 809 tur,
2075 752 2271 797 «eterna
2297 743 2372 814 (ll
2401 741 2522 797 Cor.
2553 745 2658 813 tt):
2703 752 2762 798 ut
2798 743 2874 797 ita
2915 742 3133 796 demum
3170 740 3303 796 illud
3333 757 3530 809 suprer

1943 850 2091 890 mum
2125 850 2438 890 mereamur
2479 834 2670 889 audire
2701 834 2840 902 quod
2869 833 3070 888 dicitur
3113 831 3179 887 ad
3229 832 3495 888 Abraham
3527 881 3542 906 ,

1946 925 2016 980 Et
2045 927 2158 980 veni
2177 929 2228 981 in
2258 936 2450 981 terram
2470 943 2625 993 quam
2657 926 2747 979 tibi
2777 935 3125 979 monstravere
3158 922 3377 992 (Cenes.
3407 928 3504 992 xtl";
3524 971 3540 988 ,

1948 1018 2052 1074 Per
2090 1019 2234 1089 quod
2265 1018 2545 1074 evidenter
2573 1019 2880 1074 ostenditur
2909 1018 3052 1088 quod
3098 1017 3204 1072 nisi
3251 1016 3372 1088 quis
3421 1029 3530 1073 tros

1945 1111 2254 1180 superiores
2283 1111 2405 1166 illas
2429 1110 2927 1180 abrenuntiatienes
2946 1109 3314 1164 munimentis
3339 1107 3534 1164 ardore

1947 1203 2271 1273 impleverit,
2305 1203 2375 1258 ad
2420 1213 2668 1272 quartum
2697 1201 2799 1257 boc
2841 1202 3126 1271 pervenire
3173 1217 3281 1256 non
3327 1201 3530 1271 possit,

1947 1295 2093 1365 quod
2133 1295 2590 1351 remunerationis
2627 1309 2692 1349 ac
2723 1295 2933 1366 praemii
2964 1295 3084 1349 vice
3113 1295 3293 1349 taliter
3338 1311 3536 1349 renun-

1948 1388 2101 1444 tianti
2130 1387 2407 1454 tribuitur,
2442 1389 2495 1442 id
2522 1397 2626 1451 est,
2657 1397 2712 1442 ut
2737 1401 2936 1444 terram
2967 1388 3404 1458 repromissionis
3425 1403 3536 1444 me-

1949 1490 2131 1536 reatur
2157 1483 2381 1548 intrare,
2414 1497 2754 1552 nequaquam
2785 1483 2889 1538 sibi
2928 1482 3038 1551 jam
3065 1484 3319 1537 vitiorum
3349 1483 3535 1552 spinas

1952 1585 2016 1628 ac
2060 1573 2288 1628 tribules
2332 1575 2760 1643 germinantem,
2807 1589 2930 1644 qua:
2985 1584 3107 1644 post
3155 1573 3534 1642 expulsienem

1951 1667 2257 1736 passionum
2281 1677 2594 1723 cunctarum
2622 1667 2854 1737 puritate
2875 1668 3056 1722 cordis
3089 1669 3141 1722 in
3171 1667 3274 1722 hoc
3303 1682 3536 1738 corpore

250 1766 385 1821 derit
415 1765 588 1822 Filius
608 1769 829 1823 hominis
850 1771 904 1824 in
921 1769 1044 1826 sede
1069 1773 1354 1845 majestatis
1374 1787 1506 1839 sua,
1532 1771 1772 1826 sedebitis
1803 1782 1845 1827 et

1958 1759 2286 1829 possidetur,
2317 1777 2476 1832 quam
2501 1777 2608 1816 non
2633 1760 2806 1818 virtus
2833 1761 2919 1818 vel
2950 1761 3212 1817 industria
3243 1762 3537 1818 laborantis

251 1875 345 1913 vos
371 1875 524 1926 super
549 1861 698 1920 sedes
722 1861 1016 1929 duodecim,
1037 1864 1336 1935 judicantes
1371 1864 1650 1920 duodecim
1683 1864 1845 1920 tribus

256 1953 427 2012 Israel
451 1957 470 2027 (
490 1955 689 2028 Ibid.).
715 1958 775 2014 Si
800 1959 960 2030 igitur
981 1959 1034 2016 hi
1058 1960 1150 2030 qui
1178 1960 1419 2033 perfecte
1448 1971 1694 2016 terrenas
1719 1961 1848 2016 istas

255 2062 322 2102 ac
355 2049 596 2106 visibiles
634 2049 885 2110 abdicant
932 2052 1244 2118 facultates,
1278 2053 1443 2110 certis
1481 2070 1547 2110 ex
1576 2055 1754 2110 causis
1781 2054 1849 2112 ad

259 2140 413 2197 illam
455 2143 816 2213 apostolicam
843 2143 1163 2201 charitatem
1197 2143 1322 2219 [ΑΙ.
1365 2145 1848 2219 claritatem]per-

257 2233 452 2288 venire
492 2248 603 2290 non
635 2245 884 2304 possunt,
924 2252 1027 2292 nec
1054 2238 1204 2292 illum
1235 2238 1608 2294 sublimiorem
1641 2254 1850 2310 pauco-

256 2339 488 2395 rumque
543 2325 834 2383 admodum
881 2328 1302 2384 renuntiationis
1349 2329 1576 2400 gradum
1628 2331 1846 2386 tertium

257 2418 516 2487 expedite
536 2418 725 2488 vigere
747 2421 1117 2478 conscendere
1137 2433 1340 2492 queunt
1367 2439 1382 2481 :
1407 2423 1532 2494 quid
1560 2423 1638 2479 illi
1666 2423 1732 2479 de
1763 2439 1850 2479 se-

262 2512 510 2580 metipsis
527 2510 778 2580 judicare
799 2511 1094 2580 debebunt,
1116 2513 1209 2583 qui
1239 2529 1339 2570 nec
1361 2516 1584 2585 primam
1607 2515 1844 2585 quidem,

263 2617 388 2672 quae
420 2600 692 2673 perfacilis
719 2611 828 2672 est,
869 2603 1106 2674 perfecte
1135 2605 1481 2676 arripientes,
1511 2615 1673 2677 atque
1699 2607 1846 2661 anti-

260 2711 394 2765 quas
440 2697 792 2764 pecuniarum
837 2712 1055 2756 suarum
1116 2699 1308 2754 sordes
1359 2715 1480 2754 cum
1534 2701 1848 2757 infidelitate

260 2788 487 2856 pristina
521 2799 876 2857 retentantes,
909 2790 1056 2847 nudo
1081 2800 1287 2846 tantum
1311 2790 1538 2849 sibimet
1560 2801 1848 2850 autumant

259 2877 654 2934 monachorum
698 2879 968 2935 vocabulo
1011 2880 1398 2950 gloriandum?
1447 2883 1590 2954 Ergo
1633 2885 1842 2954 prima,

258 2985 418 3040 quam
449 2972 710 3039 diximus,
742 2972 1147 3030 abrenuntiatio
1184 2991 1366 3032 rerum
1397 2975 1697 3034 alienarum
1724 2985 1842 3046 est,

261 3062 490 3133 ideoque
517 3079 614 3133 per
642 3080 702 3120 se
726 3064 895 3120 solam
926 3067 1318 3138 perfectionem
1351 3070 1681 3127 renuntianti
1709 3086 1844 3126 cen-

262 3153 404 3210 ferre
427 3171 534 3211 non
563 3156 789 3225 sufficit,
816 3159 917 3214 nisi
948 3162 1259 3236 pervenerit
1285 3162 1352 3217 ad
1381 3164 1696 3230 secundam,
1725 3180 1846 3234 quae
1873 3140 1922 3206 (ἶ

260 3263 387 3304 vere
437 3249 839 3307 abrenuntiatio
884 3267 1070 3308 rerum
1123 3266 1431 3311 nostrarum
1487 3265 1611 3323 est,
1680 3272 1844 3329 quam

261 3341 444 3410 adepti
475 3344 806 3412 expulsioue
837 3347 1079 3402 omnium
1109 3347 1386 3416 vitiorum,
1420 3349 1593 3405 tertia:
1630 3365 1846 3422 quoque

261 3431 746 3491 abrenuntiationis
796 3435 1010 3508 fastigia
1041 3439 1508 3506 conscendemus;
1541 3456 1640 3511 per
1678 3458 1843 3513 quam

257 3539 370 3580 non
417 3527 589 3582 solum
621 3529 804 3585 omnia
845 3544 968 3601 quae
1007 3530 1063 3586 in
1091 3531 1193 3588 hoc
1221 3535 1425 3589 munde
1465 3545 1730 3604 geruntur
1755 3538 1845 3593 vel

258 3619 621 3687 particulatim
643 3620 714 3676 ab
734 3620 1043 3678 hominibus
1072 3625 1438 3694 possidentur,
1464 3643 1654 3683 verum
1678 3629 1842 3686 etiam

258 3709 432 3778 ipsam
471 3722 793 3768 cunctorum
825 3714 1224 3772 elementorum
1265 3719 1680 3789 plenitudinem,
1724 3739 1844 3794 quae

259 3814 482 3873 putatur
508 3821 633 3862 esse
660 3807 966 3879 magnifica,
1001 3819 1270 3882 tamquam
1298 3815 1520 3869 vanitati
1547 3815 1844 3886 subiectam

1950 1854 2275 1910 monstrabit
2303 1855 2375 1920 ei,
2402 1853 2498 1909 sed
2529 1854 2642 1924 ipse
2668 1854 2930 1908 Dominus
2953 1863 3297 1909 ostensurum
3326 1869 3387 1909 se
3413 1869 3538 1910 esse

1951 1948 2219 2016 promittit
2249 1963 2263 2000 :
2296 1946 2366 2002 Et
2399 1948 2533 2012 veni,
2579 1947 2829 2024 inquiens
2856 1993 2869 2015 ,
2916 1948 2972 2001 in
3021 1957 3212 2002 terram
3245 1963 3399 2018 quam
3443 1946 3540 2000 tibi

1948 2052 2328 2098 monstravere.
2358 2042 2461 2097 Per
2487 2043 2629 2113 quod
2668 2043 2956 2097 manifeste
2997 2041 3280 2111 probatur,
3331 2051 3386 2095 et
3431 2041 3538 2095 ini-

1949 2136 2083 2189 tium
2111 2143 2310 2189 nostra‘.
2336 2136 2527 2190 salutis
2558 2133 2772 2189 Domini
2806 2133 3093 2188 vocatione
3124 2133 3242 2188 fieri
3275 2133 3532 2196 dicentis,

1948 2224 2054 2282 Esi
2087 2228 2151 2280 de
2195 2236 2335 2280 terra
2381 2236 2514 2291 tua;
2543 2237 2599 2281 et
2627 2227 3155 2280 consummationem
3187 2225 3539 2294 perfectionis

1947 2333 2012 2374 ac
2043 2319 2288 2389 puritatis
2326 2318 2394 2374 ab
2435 2318 2628 2372 eodem
2675 2316 2931 2371 similiter
2976 2316 3166 2380 tribui,
3219 2331 3343 2371 cum
3383 2315 3535 2380 dicit,

1950 2412 2019 2466 Et
2050 2413 2161 2466 veni
2185 2413 2242 2466 in
2271 2420 2461 2466 terram
2485 2427 2639 2481 quam
2679 2409 2772 2466 tibi
2802 2419 3174 2474 monstravere,
3203 2407 3256 2462 id
3283 2418 3387 2472 est,
3431 2423 3539 2464 non

1948 2520 2108 2575 quam
2140 2513 2195 2559 tu
2225 2520 2294 2560 ex
2317 2505 2607 2573 temetipso
2637 2517 2819 2566 nosse,
2849 2501 2932 2557 vel
2969 2499 3234 2564 industria
3259 2511 3347 2554 tua
3378 2508 3537 2570 pete-

1948 2598 2026 2654 ris
2056 2599 2314 2668 reperire,
2343 2597 2440 2652 sed
2465 2612 2628 2667 quam
2656 2611 2758 2668 ego
2781 2596 2876 2652 tibi
2900 2609 3004 2650 non
3028 2595 3206 2652 solum
3243 2594 3533 2664 ignoranti,

1949 2691 2045 2747 sed
2076 2693 2236 2747 etiam
2271 2706 2378 2746 non
2404 2691 2697 2761 inquirenti
2729 2700 3126 2746 monstravere.
3167 2687 3252 2746 Ex
3285 2702 3394 2756 quo
3420 2703 3534 2741 ma-

1945 2786 2141 2846 nifeste
2185 2787 2462 2857 colligitur
2502 2786 2646 2857 quod
2677 2782 3132 2856 quemadmodum
3183 2781 3540 2852 inspiratione

1951 2876 2164 2933 Domini
2211 2879 2486 2947 provocati
2516 2878 2582 2932 ad
2625 2877 2764 2933 viam
2797 2875 2990 2931 salutis
3043 2873 3414 2938 accurrimus;
3462 2873 3535 2928 ita

1948 2967 2115 3024 etiam
2144 2969 2458 3040 magisterio
2480 2969 2651 3040 ipsius
2679 2978 2735 3024 et
2763 2967 3157 3024 illuminatione
3185 2966 3429 3032 deducti,
3456 2965 3524 3021 ad

1949 3061 2337 3132 perfectionem
2366 3078 2595 3120 summa:
2625 3062 2974 3120 beatitudinis
3001 3061 3368 3133 pervenimus.

2556 3222 2785 3281 CAPUT
2837 3223 2929 3282 XI.

1960 3340 2315 3414 Interrogatio
2339 3342 2402 3397 de
2431 3342 2588 3396 libero
2607 3342 2820 3396 arbitrio
2853 3340 3095 3405 hominis,
3124 3347 3174 3394 et
3209 3341 3380 3411 gratia
3408 3335 3529 3393 Dei.

2020 3454 2323 3520 Germanus
2350 3473 2362 3507 ε
2392 3465 2415 3494 ο
2451 3455 2506 3510 ln
2534 3470 2642 3524 quo
2670 3469 2805 3525 ergo
2847 3454 3074 3510 liberum
3105 3454 3356 3509 consistit
3397 3453 3541 3509 arbi-

1945 3545 2141 3612 trium;
2176 3557 2374 3602 nostra:
2412 3561 2646 3617 quoque,
2680 3545 2822 3617 quod
2871 3545 3167 3602 laudabiles
3197 3559 3418 3609 sumus,
3451 3560 3539 3600 re-

1947 3647 2171 3709 putatur
2210 3639 2521 3703 industrize,
2549 3639 2594 3692 si
2626 3639 2768 3692 Deus
2799 3639 2852 3692 in
2890 3637 3044 3692 nobis
3093 3637 3272 3691 omnia
3310 3652 3428 3706 quae
3472 3637 3539 3691 ad

1949 3739 2190 3785 nostram
2225 3731 2614 3800 perfectionem
2658 3730 2950 3800 pertinent,
2981 3737 3035 3784 et
3075 3727 3290 3798 incipit,
3325 3738 3380 3784 et
3404 3741 3535 3783 cen-

1949 3823 2228 3876 summat?

1326 3948 1584 4006 ALARDI
1622 3951 1856 4010 GAZIEI
1893 3951 2462 4012 COMMENTARIUS.

340 4069 365 4098 ⁸
400 4063 476 4118 lta
504 4064 668 4119 etiam
707 4064 897 4120 Patres
936 4066 1360 4132 interpretantur
1400 4065 1658 4132 alienum,
1699 4069 1843 4132 quod

266 4138 595 4203 temporale;
631 4148 872 4205 uestrum
895 4147 1100 4200 autem,
1123 4137 1263 4205 quod
1291 4137 1570 4205 spiritualc
1599 4149 1684 4192 est
1713 4137 1847 4205 (Cy-

268 4157 595 4203 temporate;
631 4157 872 4191 ltnSll‘llfll
895 4157 1100 4200 autem,
1123 4157 1263 4205 quoa
1291 4157 1570 4205 spirituatc
1599 4157 1684 4192 est
1713 4157 1782 4208 μ,
1821 4170 1843 4180 -

268 4208 437 4280 p_rian.
561 4207 626 4258 de
657 4204 814 4280 Oper.
860 4217 918 4280 et
962 4207 1256 4280 Eleemes.;
1295 4210 1512 4280 August.
1558 4209 1648 4263 lib.
1700 4225 1737 4264 ιι

267 4275 511 4346 Evengel.
540 4294 656 4346 cap.
684 4275 814 4345 35).
844 4279 1090 4346 Alienum
1117 4279 1260 4331 enim
1284 4275 1440 4332 vocat
1465 4279 1681 4333 divitias
1713 4275 1847 4334 tem-

265 4345 498 4414 porales,
529 4347 674 4415 quod
703 4364 794 4402 eas
828 4345 988 4416 pleno
1013 4348 1136 4417 jure
1162 4364 1269 4402 non
1296 4350 1690 4416 possideamus,
1726 4368 1845 4405 cum

264 4418 492 4473 minime
520 4428 799 4474 momento
820 4421 904 4490 vel
933 4420 1037 4473 illa:
1062 4419 1236 4483 nobis,
1263 4419 1348 4474 vel
1375 4435 1474 4475 nos
1495 4419 1626 4488 ipsis
1650 4423 1848 4490 eripia-

1949 4071 2084 4142 quit,
2117 4070 2304 4137 aliquis
2327 4071 2496 4124 tacitis
2518 4070 2616 4124 sibi
2648 4071 3040 4142 cogitationibus
3061 4071 3200 4124 dicat
3223 4085 3243 4124 :
3265 4069 3344 4122 Ad
3370 4085 3538 4124 vocent

1952 4141 2280 4195 Deminicnm
2304 4154 2513 4212 uterque
2537 4144 2629 4196 iste
2660 4141 2884 4207 piscator
2913 4142 3036 4209 quid
3065 4151 3154 4196 aut
3183 4151 3430 4210 quantum
3456 4143 3538 4195 di-

1951 4215 2110 4277 misit,
2161 4215 2247 4282 qui
2292 4230 2420 4282 pene
2459 4214 2587 4265 nihil
2629 4213 2847 4266 habuit?
2889 4213 2992 4267 Sed
3023 4213 3118 4265 hac
3159 4213 3210 4264 in
3241 4229 3313 4276 re,
3345 4213 3532 4281 fratres

1953 4285 2262 4348 charissimi,
2287 4282 2527 4348 a/fectum
2553 4285 2788 4336 debemus
2818 4286 2988 4354 potius
3012 4299 3224 4353 pensare
3247 4299 3400 4352 quam
3422 4299 3539 4354 cen-

1953 4371 2099 4419 sum;
2130 4357 2345 4408 multum
2374 4357 2580 4421 reliquit
2607 4356 2694 4418 qui
2723 4352 2826 4408 sibi
2860 4355 2992 4408 nihil
3014 4352 3274 4417 retinuit;
3322 4352 3539 4406 multum

1955 4425 2162 4493 reliquit
2185 4427 2270 4491 qui
2290 4425 2658 4494 quantumlibet
2689 4441 2892 4493 parum,
2925 4436 3088 4478 totum
3117 4424 3357 4478 deseruit.
3391 4423 3538 4478 Certe

265 4503 424 4543 mur:
450 4490 707 4559 quodque
745 4505 840 4544 eas
883 4489 1144 4544 Dominus
1191 4491 1502 4544 hominibus
1549 4489 1841 4556 concedat,
1876 4495 1924 4553 Ι)
1952 4489 2116 4548 noset
2159 4489 2333 4548 habita
2375 4511 2488 4546 cum
2519 4489 2699 4546 amore
2739 4489 3080 4560 possidemus,
3129 4505 3172 4548 et
3206 4511 3264 4545 ea
3294 4511 3406 4561 qua:
3438 4512 3538 4549 non

265 4573 370 4612 non
400 4569 673 4628 tamquam
709 4561 922 4629 propria
954 4576 1141 4614 eorum
1175 4561 1345 4625 bona;
1379 4563 1473 4616 sed
1509 4577 1605 4629 per
1636 4579 1753 4625 eos,
1791 4573 1848 4616 ut

264 4643 599 4696 meonotnes,
643 4631 884 4702 legitime
929 4632 1313 4700 dispensanda.
1367 4632 1619 4687 Nostrum
1665 4643 1845 4687 autem

264 4709 423 4756 vocat
467 4703 775 4771 Spiritualia
805 4713 860 4757 et
887 4704 1128 4759 caelestia
1179 4704 1342 4768 bona,
1388 4706 1511 4771 quia
1547 4703 1613 4757 ad
1657 4720 1844 4758 eorum

267 4773 664 4844 possessionem
689 4772 858 4826 creati
882 4788 1091 4833 sumus,
1116 4776 1560 4844 conveniuntque
1585 4774 1740 4829 nobis
1764 4791 1847 4829 se-

265 4843 495 4914 cundum
529 4845 580 4896 id
609 4844 752 4910 quod
784 4845 1120 4912 potissimum
1150 4857 1361 4906 smnus,
1391 4861 1584 4914 nempe
1609 4848 1846 4899 rationa-

265 4913 367 4973 les.
397 4923 452 4966 et
480 4915 595 4968 haec
626 4916 753 4986 sola
772 4929 870 4986 nos
899 4917 1084 4969 beatos
1119 4913 1357 4981 faciunt;
1387 4931 1488 4970 nec
1522 4913 1658 4986 eripi
1693 4919 1846 4972 nobis

265 4993 508 5052 possunt,
535 4986 642 5039 nisi
675 4984 1003 5040 volentibus.

337 5053 361 5092 δ
401 5055 490 5108 His
511 5066 813 5110 consonant
843 5055 942 5110 SS.
980 5055 1198 5112 Patrum
1230 5058 1534 5112 sententiae.
1564 5055 1629 5110 D.
1658 5057 1848 5110 Hiero-

267 5139 455 5194 nymus
500 5129 662 5198 epist.
691 5123 762 5181 54
793 5143 805 5179 :
833 5125 1091 5197 Apesteli,
1141 5132 1336 5196 inquit,
1378 5127 1670 5198 gloriantur
1709 5130 1847 5194 quod

268 5212 433 5249 entma
475 5197 784 5261 dimiserint,
824 5206 870 5250 et
904 5200 1061 5250 secuti
1087 5201 1188 5253 sint
1228 5197 1574 5254 Salvatorent.
1625 5197 1687 5249 Et
1719 5210 1851 5252 certe

268 5277 448 5327 preter
475 5269 607 5320 retia
634 5279 679 5321 et
706 5283 884 5320 navem
926 5268 1058 5340 nihil
1097 5272 1311 5340 legimus
1351 5286 1436 5323 eos
1472 5269 1760 5333 dimisisse;
1801 5279 1850 5322 et

266 5345 431 5410 tamen
475 5340 764 5392 testimonio
811 5340 976 5402 futuri
1016 5338 1219 5393 Iudicis
1263 5345 1602 5401 honorantur,
1635 5341 1758 5410 quia
1797 5358 1850 5394 se

265 5405 532 5480 olerentes
555 5420 716 5462 totum
739 5410 1041 5480 dimiserunt
1065 5412 1202 5480 quod
1221 5410 1494 5466 habebant.
1522 5405 1851 5480 Augustinus

266 5479 424 5552 epist.
457 5479 550 5541 89,
581 5496 636 5551 q.
675 5482 751 5552 ξε
781 5479 963 5551 Neque
997 5483 1124 5535 mihi
1167 5486 1336 5535 minus
1364 5479 1700 5552 imputabitur
1728 5485 1848 5550 quia

262 5549 400 5622 dives
420 5567 522 5604 non
545 5549 644 5621 fui.
663 5549 806 5605 Nam
827 5549 917 5604 nec
937 5552 1179 5620 apostoli,
1204 5555 1292 5622 qui
1313 5549 1454 5621 prius
1467 5553 1576 5604 ha’c
1592 5557 1842 5622 fecerunt,

262 5619 442 5674 divites
485 5619 727 5689 fuerunt;
758 5625 848 5675 sed
886 5633 1049 5676 totum
1091 5619 1339 5677 mundum
1379 5619 1611 5684 dimittit,
1657 5625 1743 5689 qui
1797 5619 1844 5678 et

259 5696 401 5756 quod
453 5692 691 5764 habebat,
721 5703 767 5746 et
794 5694 928 5762 quod
952 5695 1147 5764 habere
1189 5697 1411 5764 aptabat,
1439 5697 1672 5764 dimittit.
1701 5693 1839 5749 Gre-

253 5764 447 5832 ‘oriu
472 5763 699 5832 ﬂagitas
728 5764 912 5820 homil.
944 5763 978 5818 ὅ
1008 5767 1061 5820 in
1092 5763 1380 5835 Evangelia
1411 5781 1423 5819 :
1454 5763 1719 5832 Fortasse,
1753 5768 1836 5820 in-

1952 4566 2189 4619 habemus
2223 4582 2284 4618 ex
2316 4564 2575 4616 desiderio
2603 4565 2903 4629 querimus.
2937 4563 3162 4616 Multum
3193 4581 3312 4634 ergo
3343 4565 3534 4618 Petrus

1951 4647 1998 4688 et
2043 4638 2276 4689 Andreas
2317 4636 2532 4696 dimisit,
2582 4634 2791 4698 quando
2828 4644 3040 4702 uterque
3076 4636 3234 4686 etiam
3281 4636 3537 4689 desideria

1949 4706 2169 4759 habendi
2215 4706 2441 4775 reliquit.
2479 4703 2706 4757 Multum
2736 4705 2928 4760 dimisit
2959 4705 3046 4768 qui
3081 4722 3195 4757 cum
3227 4720 3280 4756 re
3305 4723 3538 4776 possessa

1951 4780 2105 4830 etiam
2138 4777 2556 4844 concupiscentiis
2598 4776 2926 4828 renuntiavit.
2963 4776 3002 4827 Α
3039 4776 3367 4847 sequentibus
3415 4792 3538 4847 ergo

1951 4858 2094 4900 tanta
2117 4849 2328 4900 dimissa
2353 4854 2489 4910 sunt,
2517 4857 2708 4916 quanta
2728 4863 2759 4898 a
2779 4863 2880 4899 non
2900 4845 3221 4916 sequentibus
3244 4845 3538 4912 concupisci

1951 4929 2244 4987 potuerunt.
2279 4919 2409 4969 Vide
2459 4918 2660 4970 similia
2684 4917 2826 4987 apud
2877 4918 2934 4972 S.
2971 4915 3300 4987 Bettiardum
3353 4918 3404 4969 in
3443 4917 3534 4968 de-

1950 4985 2166 5043 elamat.
2219 4992 2267 5041 in
2318 4988 2407 5041 illa
2455 4988 2618 5042 verba
2660 5005 2671 5040 :
2709 4986 2845 5042 Ecce
2896 5005 2992 5043 nos
3033 4985 3335 5058 reliquimus
3367 4989 3537 5042 omnia

1950 5059 2186 5127 (Matth.
2219 5059 2368 5127 xm).

2051 5061 2186 5112 atth.
2219 5074 2311 5112 xm
2328 5061 2368 5112 l.

1950 5062 2582 5191 (ξαῗέίιιῖᾘιιιίιεηθ,
2630 5145 2724 5185 seu
2772 5129 3043 5183 cavillatio
3075 5128 3488 5197 Pelagianorum
3521 5146 3533 5179 :

1952 5199 2008 5255 lu
2047 5216 2152 5272 quo
2198 5199 2704 5272 consistitqlibertas
2745 5201 2950 5254 arbitrii
2981 5208 3036 5253 et
3072 5200 3218 5272 ratio
3259 5197 3458 5263 meriti,
3493 5199 3536 5251 si

1953 5269 2132 5326 omnia
2157 5286 2276 5341 qua:
2307 5269 2372 5324 ad
2397 5269 2623 5324 salutem
2653 5279 2894 5324 nostram
2919 5279 2972 5341 et
3002 5270 3386 5341 perfectionem
3419 5283 3540 5338 ιιι-ι·-

1954 5346 2154 5406 tinent,
2177 5338 2383 5396 ’ἀίνὶιιευ
2414 5342 2600 5409 gratia:
2619 5352 2836 5408 acoepta
2853 5338 3133 5395 referenda
3166 5340 3306 5409 sint?
3337 5338 3404 5392 de
3433 5355 3536 5406 qua

1954 5416 2254 5482 quaestione
2285 5408 2499 5465 vide’ll.
2528 5412 2914 5482 Hieronymum
2942 5412 3044 5482 lib.
3079 5426 3094 5464 ι
3125 5425 3246 5478 cap.
3281 5408 3314 5463 5
3360 5423 3414 5482 et
3442 5409 3534 5482 lib.

1953 5479 2011 5538 rit
2043 5500 2161 5554 cap.
2191 5483 2226 5536 2
2254 5487 2514 5536 adversus
2552 5479 2888 5550 Pelagianos,
2923 5481 3282 5554 Augustinum
3327 5480 3420 5554 lib.
3469 5479 3537 5554 de

1948 5551 2134 5609 Gratia
2169 5567 2222 5609 et
2250 5554 2451 5608 Libero
2491 5554 2732 5606 Arbitrio
2775 5565 2899 5620 cap.
2946 5553 3000 5610 1.
3043 5560 3097 5605 et
3141 5551 3475 5604 Bernardum
3506 5551 3539 5607 5

1946 5635 2178 5680 tractatu
2201 5627 2269 5679 de
2291 5621 2484 5677 eodem
2513 5632 2849 5694 argumento.
2877 5623 2983 5677 Sed
3011 5622 3229 5691 plenius
3256 5623 3323 5676 de
3348 5622 3449 5677 hac
3476 5634 3539 5678 ro

1945 5711 2136 5779 egetur
2163 5699 2348 5752 collat.
2384 5694 2474 5746 15.
