3966 6326
510 263 618 319 575

1106 377 1336 437 CAPUT
1376 379 1492 436 XII.

512 471 800 543 Responsio
849 474 915 528 de
962 473 1345 544 dispensatione
1384 474 1574 528 divina:
1617 474 1821 544 gratiis,
1852 483 2091 529 manente

1048 545 1251 597 arbitrii
1303 543 1556 600 libertate.

581 660 917 724 Paphnutius
948 659 1097 715 :Hoc
1135 675 1231 715 vos
1271 669 1420 715 recte
1460 662 1746 729 movisset,
1780 663 1824 717 si
1863 664 1914 718 in
1946 665 2092 719 omni

510 768 675 822 opere
697 756 781 808 vel
807 752 1092 823 disciplina
1117 753 1441 823 principium
1467 765 1675 809 tantum
1698 764 1841 810 esset
1861 770 1923 809 ac
1944 755 2088 821 finis,

513 853 539 881 ι
570 854 625 900 et
662 860 768 899 non
804 847 967 900 etiam
995 846 1242 915 quaedam
1276 846 1538 902 medietas
1566 849 1874 904 interesset.
1908 848 2092 918 Itaque

511 937 651 991 sicut
674 940 1011 993 occasionem
1041 940 1229 995 salutis
1255 940 1487 995 diversis
1514 941 1686 996 modis
1710 942 1877 997 Deum
1901 958 2094 1009 cogno-

508 1028 714 1083 scimus
744 1028 983 1099 operari,
1014 1030 1088 1083 ita
1112 1039 1355 1085 nostrum
1378 1040 1462 1087 est
1492 1032 1869 1087 occasionibus
1894 1049 1922 1087 a
1938 1033 2091 1088 Divi-

510 1123 678 1177 nitate
707 1123 1009 1190 concessis,
1038 1124 1123 1179 vel
1166 1125 1378 1179 enixius
1418 1125 1504 1180 vel
1537 1126 1818 1181 remissius
1845 1126 2091 1181 famulari

508 1215 527 1281 ζ
552 1214 681 1269 Vide
714 1219 1101 1271 annotationem
1137 1219 1372 1288 quintam
1404 1218 1616 1289 Cuychii
1642 1220 1697 1273 in
1724 1222 1824 1290 ﬁne
1854 1222 2023 1289 operis
2044 1221 2089 1292 ).

507 1306 638 1362 Nam
661 1308 800 1363 sicut
830 1309 923 1363 Dei
952 1308 1053 1364 fuit
1081 1311 1325 1365 vocantis
1355 1311 1575 1377 oblatio,
1610 1310 1712 1365 Exi
1739 1313 1803 1365 de
1824 1322 1957 1366 terra
1979 1322 2088 1376 tua,

506 1402 581 1456 ita
606 1402 835 1457 Abrahae
866 1402 1236 1459 fuitexeuntis
1266 1405 1578 1460 obedientia
1611 1424 1625 1459 :
1655 1416 1711 1460 et
1742 1406 2092 1477 quemadmo-

506 1494 632 1548 dum
666 1494 795 1549 illud
824 1494 970 1564 quod
991 1494 1214 1561 dicitur,
1248 1494 1317 1550 Et
1348 1497 1464 1550 veni
1488 1498 1543 1551 in
1572 1507 1781 1566 terram,
1811 1497 2091 1567 obtempe-

505 1589 676 1643 rantis
715 1588 815 1642 fuit
846 1604 1016 1658 opus;
1062 1589 1137 1644 ita
1175 1590 1302 1644 illud
1333 1590 1475 1661 quod
1508 1591 1748 1653 additur,
1790 1590 1961 1658 Quam
2000 1590 2093 1645 tibi

502 1690 850 1734 monstravero
872 1679 1091 1752 (Genes.
1117 1696 1188 1735 xtt
1204 1680 1246 1748 ),
1266 1682 1509 1751 jubentis
1532 1682 1650 1748 Dei,
1674 1684 1756 1738 vel
1783 1684 2093 1753 promitten-

506 1771 573 1825 tis
595 1782 675 1826 est
703 1773 894 1842 gratia.
937 1773 1129 1828 Certos
1160 1783 1339 1830 tamen
1370 1790 1466 1831 nos
1497 1790 1617 1832 esse
1646 1777 1922 1842 convenit,
1945 1776 2090 1847 quod
2118 1772 2167 1833 Β

504 1879 718 1919 omnem
766 1866 1020 1921 virtutem
1066 1866 1355 1922 indefessis
1395 1869 1676 1923 conatibus
1722 1880 2084 1937 exercentes,

504 1970 841 2026 nequaquam
872 1956 1149 2027 diligentia
1170 1957 1254 2012 vel
1275 1959 1458 2013 studio
1488 1968 1675 2015 nostro
1699 1961 2086 2031 perfectionem

504 2048 782 2113 possimus
818 2048 1114 2118 attingere;
1155 2063 1257 2103 nec
1287 2048 1522 2104 sufficiat
1567 2051 1795 2105 humana
1827 2051 2088 2109 sedulitas

503 2137 749 2192 laborum
776 2141 969 2194 merito
990 2141 1056 2195 ad
1084 2152 1191 2196 tam
1213 2140 1461 2197 sublimia
1485 2142 1842 2199 beatitudinis
1866 2146 2086 2214 praemia

504 2230 814 2297 pervenire,
849 2231 952 2287 nisi
980 2249 1044 2289 ea
1072 2235 1300 2289 Domino
1328 2235 1483 2289 nobis
1523 2248 1870 2306 cooperante,
1905 2246 1960 2293 et
1991 2253 2088 2293 cor

398 2326 399 2329 ‘
500 2333 743 2378 nosuum
759 2324 827 2379 ad
842 2325 894 2380 id
909 2326 1051 2396 quod
1074 2327 1289 2397 expedit
1306 2328 1597 2397 dirigente,
1613 2330 1870 2385 fuerimus
1883 2331 2082 2401 adepti;

500 2415 730 2486 ideoque
755 2416 1014 2474 debemus
1049 2435 1172 2476 cum
1194 2421 1363 2476 David
1391 2432 1613 2479 orantes
1652 2426 1941 2481 momentis
1973 2426 2088 2481 sin-

498 2508 640 2577 gulis
667 2508 872 2577 dicere,
913 2510 1121 2581 Perﬁce
1168 2531 1371 2585 gressus
1410 2532 1549 2569 meos
1599 2518 1654 2570 in
1699 2518 1897 2573 semitis
1940 2520 2041 2573 tuis
2066 2563 2081 2588 ,

499 2612 554 2655 ut
581 2619 685 2657 non
710 2600 1013 2661 moveantur
1039 2607 1255 2678 vestigia
1292 2624 1405 2662 mea
1428 2610 1446 2678 (
1468 2608 1617 2663 Psal.
1661 2626 1747 2665 xvx
1768 2609 1816 2682 );
1848 2621 1926 2679 et,
1958 2611 2084 2668 Sta-

501 2697 598 2749 tuit
622 2712 782 2767 supra
810 2707 1008 2766 petram
1036 2700 1193 2768 pedes
1222 2717 1381 2766 meos,
1407 2712 1457 2756 et
1490 2704 1679 2758 direxit
1713 2721 1918 2775 gressus
1948 2721 2086 2759 meos

504 2788 700 2859 (Psal.
744 2790 975 2863 xxxix);
1008 2803 1063 2847 ut
1097 2803 1341 2849 nostrum
1383 2797 1668 2852 arbitrium
1706 2799 1849 2869 quod
1888 2800 2087 2869 procli-

500 2881 619 2935 vius
643 2883 729 2937 vel
755 2884 1097 2953 ignoratione
1120 2886 1246 2942 boni
1269 2888 1359 2942 vel
1386 2889 1755 2947 oblectatione
1776 2894 2083 2962 passionum

500 2973 673 3031 fertur
695 2978 763 3031 ad
790 2980 943 3047 vitia,
970 2980 1067 3036 ille
1093 2981 1387 3038 invisibilis
1409 2994 1589 3040 rector
1618 2988 1815 3041 mentis
1836 2987 2085 3043 humana!

500 3067 567 3121 ad
591 3068 842 3124 virtutum
860 3072 1038 3140 potius
1058 3073 1233 3129 studia
1253 3084 1614 3147 contorquere
1633 3079 1904 3149 dignetur.
1927 3080 2083 3148 Quod

500 3174 607 3214 uno
633 3163 897 3218 versiculo
918 3179 1014 3234 per
1039 3164 1365 3235 Prophetam
1388 3167 1826 3226 manifestissime
1855 3172 2082 3242 legimus

497 3251 777 3309 decantari
809 3274 820 3308 ε
847 3254 1119 3328 Impulsus
1148 3269 1377 3314 versatus
1418 3277 1564 3325 sum,
1607 3272 1664 3315 ut
1707 3264 1981 3329 caderem;
2029 3265 2082 3319 in

497 3360 603 3414 quo
624 3346 781 3401 liberi
809 3349 1020 3405 arbitrii
1041 3351 1329 3407 infirmitas
1357 3352 1673 3422 designatur
1699 3372 1709 3405 :
1736 3354 1805 3409 Et
1827 3353 2082 3411 Dominus

497 3439 719 3507 suscepit
738 3453 817 3493 me
842 3437 1027 3509 (Psal.
1049 3456 1190 3496 cxvu
1207 3438 1258 3512 );
1282 3458 1495 3498 rursum
1522 3444 1848 3514 adjutorium
1872 3447 2083 3503 Domini

494 3527 738 3597 junctum
769 3530 944 3585 eidem
987 3547 1204 3604 semper
1242 3535 1571 3603 ostenditur,
1624 3552 1731 3606 quo
1756 3538 1868 3606 jam
1900 3554 1968 3595 ne
1998 3554 2083 3609 pe-

496 3620 641 3675 nitus
672 3622 841 3679 libero
871 3624 1207 3681 collabamur
1246 3629 1489 3695 arbitrio,
1528 3644 1649 3685 cum
1696 3631 1958 3688 titubasse
1984 3649 2084 3689 nos

497 3712 715 3781 viderit,
750 3718 1095 3784 porrectione
1135 3719 1535 3788 quodammodo
1575 3737 1832 3777 manuum
1862 3738 2083 3780 suarum

496 3816 765 3861 sustentat
799 3816 960 3878 atque
995 3809 1301 3865 confirmat.
1344 3812 1412 3867 Et
1457 3814 1651 3868 iterum
1683 3831 1696 3868 :
1724 3814 1786 3869 Si
1814 3816 2045 3870 dicebam
2067 3858 2082 3883 ,

497 3906 664 3952 motus
693 3908 768 3952 est
797 3916 884 3969 pes
909 3918 1074 3967 meus,
1102 3904 1301 3958 lubrica
1331 3905 1545 3961 scilicet
1566 3906 1774 3961 arbitrii
1805 3907 2080 3978 facultate,

496 3989 851 4043 misericordia
872 4000 983 4057 tua,
1008 3992 1250 4060 Domine,
1279 3994 1560 4065 adjuvabat
1583 4013 1662 4051 me
1687 3998 1706 4069 (
1730 3996 1876 4052 Psal.
1909 4000 2081 4067 κοίη),

494 4079 693 4133 iterum
726 4080 1010 4151 mobilitati
1042 4100 1153 4139 suae
1186 4086 1283 4140 Dei
1312 4088 1598 4157 conjunxit
1626 4090 1921 4156 auxilium;
1954 4094 2080 4161 quia

496 4188 563 4227 ne
597 4186 902 4228 moveretur
943 4190 1036 4244 pes
1065 4176 1191 4231 fidei
1222 4193 1352 4243 suae,
1406 4196 1514 4234 non
1545 4180 1821 4236 industriae
1851 4185 2085 4253 propriae

495 4266 684 4332 fuisse,
717 4267 814 4321 sed
856 4267 1246 4325 misericordiae
1285 4271 1501 4327 Domini
1530 4274 1839 4330 conﬁtetur.
1884 4276 1954 4331 Et.
1984 4278 2084 4333 ite-

494 4374 615 4412 rum
652 4375 665 4411 :
699 4359 998 4415 Secundum
1039 4362 1427 4418 multitudinem
1474 4366 1711 4421 dolorum
1755 4384 1985 4422 meorum
2030 4371 2084 4423 in

494 4450 648 4503 corde
676 4467 807 4515 meo,
840 4453 931 4523 qui
966 4453 1143 4510 libero
1170 4456 1353 4527 utique
1382 4456 1513 4511 mihi
1545 4457 1905 4514 nascebantur
1934 4461 2082 4516 arbi-

495 4544 622 4611 trio,
656 4547 1030 4602 consolationes
1067 4558 1167 4604 tua:
1206 4550 1600 4620 lwtiﬁcaverunt
1644 4556 1874 4607 animam
1910 4571 2078 4609 meam
2106 4536 2163 4598 Ῑ)

494 4635 676 4709 (Ibid.
692 4637 732 4710 ),
765 4654 861 4708 per
887 4648 1030 4694 tuam
1055 4642 1262 4698 scilicet
1286 4643 1697 4715 inspirationem
1726 4648 2006 4703 venientes
2029 4649 2086 4704 in

493 4748 589 4789 cor
611 4748 811 4799 meum,
840 4742 894 4787 et
917 4745 1224 4790 reserantes
1244 4740 1755 4807 contemplationem
1780 4740 2083 4796 futurorum

494 4825 759 4880 bonorum
787 4828 942 4895 (quae
968 4840 1069 4896 pro
1100 4836 1191 4880 tuo
1215 4830 1433 4883 nomine
1466 4830 1839 4885 laborantibus
1870 4848 2085 4901 praepa-

494 4916 671 4987 rasti),
702 4932 810 4972 non
864 4918 1041 4972 solum
1087 4920 1432 4976 abstulerunt
1478 4938 1693 4980 omnem
1742 4925 2081 4980 anxietatem

494 5008 677 5064 cordis
699 5011 827 5078 mei,
859 5025 1046 5066 verum
1075 5011 1238 5068 etiam
1266 5029 1529 5069 summam
1557 5015 1801 5071 laetitiam
1829 5017 2078 5073 contule-

1565 260 1838 322 IOANNIS
1875 264 2180 323 CASSIANI
2218 266 2705 325 COLLATIONES.

2118 384 2173 445 Α
2197 392 2339 437 runt.
2366 383 2436 437 Et
2456 398 2669 437 rursum
2694 380 2777 437 :N
2782 382 2842 437 isi
2856 384 2984 446 quia
3005 381 3257 439 Dominus
3279 384 3481 457 adjuvit
3502 402 3594 452 me,
3618 390 3765 458 paulo

3670 274 3767 333 576

2193 477 2362 529 minus
2393 476 2710 529 habitaverat
2731 477 2785 528 in
2804 476 3014 544 inferno
3040 477 3218 530 animo
3246 493 3360 530 mea
3394 478 3719 549 (Psal.xcnt)
3744 498 3759 536 :

2194 569 2349 624 liberi
2374 573 2557 638 utique
2578 570 2795 622 arbitrii
2820 571 3084 638 pravitate
3104 585 3163 624 se
3185 571 3237 623 in
3267 570 3481 625 inferno
3507 571 3764 628 habitatu-

2194 676 2311 714 rum
2343 658 2507 714 fuisse
2537 670 2784 723 testatur,
2818 662 2919 714 nisi
2950 661 3163 715 Domini
3188 661 3387 718 fuisset
3415 662 3680 732 adjutorio
3705 680 3765 721 ac

2194 754 2525 821 protectione
2547 754 2803 808 salvatus.
2824 753 2864 806 A
2883 752 3106 808 Domino
3122 755 3288 823 enim,
3314 770 3420 810 non
3438 772 3470 809 a
3494 757 3661 811 libero
3686 774 3767 813 ar-

2194 846 2353 900 bitrio
2372 862 2571 917 gressus
2610 845 2829 899 hominis
2850 846 3152 915 dirigentur.
3205 848 3406 902 Etcum
3429 850 3660 901 ceciderit
3682 849 3765 916 ju-

2193 946 2307 992 stus
2328 980 2343 1004 ,
2392 938 2560 993 libero
2601 938 2881 992 dumtaxat
2918 938 3145 993 arbitrio
3172 955 3274 991 non
3301 938 3600 993 collidetur.
3632 941 3767 1006 Qua-

2193 1031 2454 1100 propter?
2483 1030 2603 1097 quia
2633 1029 2884 1083 Dominus
2912 1030 3153 1101 supponit
3184 1045 3393 1083 manum
3418 1047 3565 1084 suam
3588 1032 3607 1100 (
3628 1029 3764 1085 Psal.

2192 1126 2411 1193 xxxvi).
2443 1125 2556 1179 Hoc
2576 1136 2659 1179 est
2685 1126 3024 1194 apertissime
3051 1124 3234 1180 dicere
3258 1140 3273 1178 :
3295 1124 3482 1178 Nullus
3505 1124 3767 1194 justorum

2193 1218 2295 1273 sibi
2326 1216 2522 1273 sufficit
2550 1216 2617 1271 ad
2648 1217 2996 1271 obtinendam
3041 1216 3327 1286 justitiam,
3372 1215 3473 1270 nisi
3520 1230 3617 1285 per
3660 1232 3769 1270 mo-

2194 1321 2371 1366 menta
2417 1310 2623 1379 singula
2675 1310 2923 1364 titubanti
2966 1308 3019 1365 ei
3059 1318 3114 1365 et
3154 1309 3427 1365 corruenti
3458 1308 3767 1364 fulcimenta

2192 1418 2382 1457 manus
2420 1418 2533 1457 suae
2568 1402 2917 1470 supposuerit
2958 1401 3144 1455 divina
3192 1400 3503 1466 clementia,
3543 1414 3615 1455 ne
3644 1415 3763 1469 pro-

2192 1504 2393 1550 stratus
2417 1497 2648 1550 intereat
2673 1494 2887 1564 penitus
2930 1508 3051 1549 cum
3082 1493 3247 1549 fuerit
3275 1492 3434 1549 liberi
3458 1492 3668 1549 arbitrii
3694 1493 3771 1549 in-

2193 1587 2451 1642 firmitate
2477 1585 2772 1655 collapsus.

2781 1683 3010 1741 CAPUT
3051 1683 3190 1739 XIII.

2439 1778 2593 1848 Quod
2620 1779 2836 1834 directio
2871 1779 2988 1834 vita
3012 1788 3202 1833 nostrae
3229 1795 3294 1834 ea:
3316 1777 3422 1833 Deo
3449 1779 3536 1834 sit.

2262 1903 2373 1959 Nec
2416 1918 2548 1960 sane
2590 1917 2846 1974 umquam
2876 1901 2979 1957 viri
3017 1902 3192 1957 sancti
3246 1901 3603 1957 directionem
3654 1901 3769 1969 vite,

2190 2014 2295 2070 qua
2323 1997 2730 2068 gradiebantur,
2784 1997 2852 2051 ad
2901 1995 3202 2066 profectum
3233 1997 3490 2050 virtutum
3526 2011 3771 2051 consum-

2192 2092 2592 2159 mationemque
2631 2088 2941 2157 tendentes,
2987 2087 3256 2142 industria
3280 2101 3339 2143 se
3381 2089 3601 2158 pr0pria
3641 2088 3770 2143 obti-

2190 2183 2374 2236 nuisse.
2417 2181 2598 2237 testati
2623 2188 2770 2248 sunt,
2821 2179 2918 2235 sed
2948 2195 3066 2236 eam
3096 2180 3277 2251 potius
3315 2194 3347 2234 a
3397 2180 3629 2235 Domino
3657 2196 3772 2249 pre.

2189 2275 2451 2330 cabantur
2487 2273 2770 2329 dicentes:
2814 2272 2997 2345 Dirige
3035 2289 3116 2328 me
3142 2274 3198 2328 in
3222 2274 3429 2328 veritate
3479 2284 3571 2328 tua
3602 2272 3769 2345 (Psal.

2190 2373 2357 2438 ntv),
2377 2379 2452 2437 et,
2484 2371 2648 2441 dirige
2666 2371 2723 2424 in
2751 2378 3024 2441 conspectu
3049 2378 3136 2423 tuo
3152 2371 3288 2424 viam
3309 2386 3471 2424 meam
3492 2368 3671 2440 (Psal.
3693 2370 3769 2439 v).

2188 2462 2276 2531 Et,
2297 2461 2347 2515 Ν
2352 2472 2488 2516 ctam
2512 2464 2594 2532 fac
2618 2462 2746 2516 mihi
2766 2463 2902 2516 viam
2926 2464 2981 2516 in
3010 2479 3111 2533 qua
3129 2461 3569 2531 ambulem(Psal.
3586 2462 3766 2531 exui).

2189 2556 2344 2610 Alius
2363 2564 2541 2611 autem
2570 2570 2679 2609 non
2705 2556 2877 2609 solum
2900 2555 3027 2622 fide,
3058 2555 3153 2611 sed
3176 2557 3339 2610 etiam
3365 2555 3766 2624 experimento,

2189 2658 2244 2704 et
2268 2649 2667 2719 quodammodo
2709 2649 2826 2717 ipsa
2870 2664 3049 2705 rerum
3098 2658 3313 2713 natura,
3364 2646 3470 2703 hoc
3496 2648 3676 2719 ipsum
3716 2663 3772 2703 se

2187 2742 2612 2812 deprehendisse
2663 2742 3003 2812 proclamat:
3062 2740 3307 2814 Cognovi,
3353 2738 3601 2809 Domine,
3651 2742 3769 2811 quia

2188 2851 2291 2889 non
2321 2844 2395 2889 est
2416 2836 2470 2888 in
2495 2834 2705 2889 homine
2730 2836 2810 2888 via
2848 2836 2978 2905 ejus,
3011 2850 3104 2889 nec
3128 2834 3225 2888 viri
3276 2843 3350 2887 est
3387 2845 3443 2887 ut
3473 2832 3701 2887 ambulet
3725 2840 3768 2887 et

2189 2929 2380 2998 dirigat
2406 2944 2607 2998 gressus
2636 2943 2756 2981 suos
2785 2925 3005 2995 (Jerem.
3034 2925 3113 2996 x).
3158 2925 3227 2979 Et
3273 2926 3387 2995 ipse
3417 2925 3679 2979 Dominus
3706 2924 3769 2977 ad

2187 3020 2442 3077 Israelem
2479 3037 2492 3074 :
2523 3020 2592 3075 Et
2617 3022 2837 3093 dirigam
2864 3038 2980 3076 eum
3000 3037 3113 3091 ego,
3140 3020 3334 3090 inquit,
3378 3028 3433 3073 ut
3457 3019 3676 3072 abietem
3700 3018 3771 3071 vi-

2109 3148 2156 3212 C
2185 3124 2379 3170 rentem
2397 3129 2418 3179 ;
2438 3129 2502 3169 ex
2522 3129 2599 3168 me
2630 3114 2826 3184 fructus
2854 3122 2971 3168 tuus
2995 3113 3231 3169 inventus
3260 3120 3334 3169 est
3361 3111 3534 3183 (Osetc
3562 3112 3695 3183 xw).

2785 3235 3011 3294 CAPUT
3049 3235 3195 3291 XIV.

2296 3331 2446 3400 Quod
2486 3330 2701 3385 scientia
2722 3330 2848 3401 legis
2889 3328 3185 3400 magisterio
3214 3336 3264 3381 et
3290 3327 3669 3383 illuminatione

2686 3401 2897 3455 Domini
2949 3403 3260 3470 conferatur.

2256 3520 2418 3591 Legis
2448 3532 2663 3589 quoque
2708 3515 2879 3588 ipsius
2908 3514 3196 3571 scientiam
3235 3527 3344 3569 non
3397 3510 3648 3567 lectionis
3692 3511 3768 3565 in-

2185 3616 2416 3682 dustria,
2437 3617 2532 3670 sed
2565 3611 2880 3682 magisterio
2908 3619 2962 3665 et
2983 3608 3381 3664 illuminatione
3416 3606 3508 3663 Dei
3531 3605 3772 3676 quotidie

2186 3708 2504 3764 desiderant
2532 3705 2790 3775 adipisci,
2833 3702 3078 3758 dicentes
3124 3700 3191 3755 ad
3225 3715 3349 3755 eum
3383 3717 3395 3751 :
3451 3697 3581 3752 Vias
3638 3708 3766 3763 tuas,

2186 3802 2424 3866 Domine,
2476 3799 2768 3852 demonstra
2817 3795 2981 3859 mihi,
3032 3803 3079 3847 et
3117 3794 3321 3848 semitas
3353 3802 3465 3845 tuas
3502 3793 3661 3845 edoce
3696 3805 3773 3844 me

2186 3890 2363 3964 (Psal.
2392 3888 2564 3959 xxw).
2597 3888 2687 3954 Et,
2728 3887 2920 3943 Revela
2946 3886 3121 3941 oculos
3170 3902 3330 3951 meos,
3361 3893 3411 3939 et
3436 3883 3771 3938 considerabo

2186 3981 2444 4039 mirabilia
2468 3982 2531 4035 de
2557 3982 2666 4050 lege
2692 3994 2779 4033 tua
2808 3978 2982 4049 (Psal.
3007 3977 3183 4047 xvrtt).
3214 3977 3300 4041 Et,
3332 3974 3473 4029 Doce
3494 3992 3578 4029 me
3608 3976 3773 4043 facere

2185 4076 2497 4130 voluntatem
2526 4082 2691 4135 tuam,
2718 4072 2839 4142 quia
2880 4070 3020 4126 Deus
3039 4087 3178 4125 meus
3201 4087 3253 4124 es
3279 4080 3335 4123 tu
3368 4067 3541 4137 (Psal.
3569 4067 3770 4137 cum).

2188 4167 2256 4221 Et
2316 4166 2511 4220 iterum
2561 4182 2575 4216 :
2632 4164 2735 4231 Qui
2781 4162 2931 4217 doces
2971 4161 3232 4215 hominem
3288 4161 3547 4214 scientiam
3599 4158 3771 4229 (Psol.

2184 4259 2357 4331 mn).
2800 4345 3027 4405 CAPUT
3064 4346 3180 4402 xv.

2190 4444 2342 4514 Quod
2370 4443 2680 4503 intellectus.
2702 4457 2802 4510 quo
2824 4443 3069 4514 ma_ndata
3088 4438 3201 4514 Dei_
3202 4438 3453 4514 possimus
3468 4452 3769 4506 agnoscere,

2311 4524 2356 4570 et
2378 4515 2522 4569 bona:
2544 4508 2823 4568 voluntatis
2850 4511 3068 4577 affectus
3100 4527 3133 4564 a
3160 4508 3383 4563 Domino
3405 4509 3650 4562 donetur.

2266 4647 2443 4716 Ipsum
2470 4647 2632 4701 etiam
2665 4644 3000 4700 intellectum
3041 4643 3231 4699 beatus
3260 4640 3449 4709 David,
3480 4656 3591 4709 quo
3623 4656 3775 4695 man-

2193 4738 2317 4793 data
2349 4737 2445 4793 Dei
2476 4737 2651 4808 possit
2678 4748 2998 4805 agnoscere,
3046 4749 3164 4803 qua:
3194 4732 3377 4802 utique
3397 4732 3449 4785 in
3480 4730 3624 4786 libro
3646 4729 3776 4800 legis

2193 4839 2421 4887 noverat
2447 4845 2569 4886 esse
2598 4828 2928 4900 perscripta,
2960 4842 2991 4882 a
3019 4826 3248 4881 Domino
3273 4823 3511 4895 postulat
3555 4838 3776 4891 prome-

2191 4926 2322 4985 reri.
2352 4923 2539 4979 dicens
2566 4941 2578 4974 :
2637 4920 2827 4977 Servus
2858 4930 2973 4974 tuus
3014 4936 3106 4989 ego
3134 4935 3267 4981 sunt,
3318 4918 3386 4970 da
3408 4916 3534 4969 mihi
3570 4916 3773 4969 intelle-

2189 5028 2325 5071 ctum
2344 5057 2358 5082 ,
2392 5024 2445 5069 ut
2471 5014 2667 5068 discam
2696 5011 2944 5066 mandata
2972 5021 3059 5066 tua
3090 5008 3266 5082 (Psal.
3298 5006 3506 5077 cxvtn).
3531 5005 3637 5074 Qui
3670 5004 3773 5060 uti-

1565 5150 1827 5206 ALARDI
1867 5151 2105 5208 GAZASI
2140 5150 2704 5209 COMMENTARIUS.

570 5267 597 5296 ι
633 5257 864 5331 Videtur
908 5260 995 5315 hic
1034 5260 1370 5330 Paphnutius
1412 5264 1701 5331 quaestioni
1748 5266 1823 5319 illi
1859 5268 1930 5319 ita
1988 5282 2076 5321 re-

493 5330 955 5403 spondere,gquasi
978 5331 1184 5403 initium
1205 5334 1418 5403 quidem
1434 5330 1501 5387 ac
1526 5336 1685 5390 tinem
1714 5348 1917 5392 nostra:
1941 5338 2082 5392 salu-

497 5404 566 5473 tis
594 5410 648 5455 et
677 5400 1049 5470 perfect-iouis,
1078 5400 1276 5458 divina:
1306 5404 1513 5473 gratiae,
1547 5407 1892 5462 medietatem
1930 5424 2082 5473 vero,

498 5472 602 5526 hoc
632 5481 736 5535 est,
780 5488 1145 5542 progressum,
1192 5477 1307 5529 sive
1360 5476 1597 5530 medium
1648 5493 1867 5534 cursum
1908 5472 2081 5534 nostri

502 5543 706 5596 arbitrii
737 5544 941 5598 viribus
966 5547 1093 5598 velit
1144 5547 1355 5601 ascribi.
1394 5548 1462 5601 At
1496 5563 1601 5601 non
1640 5549 1785 5604 aliud
1832 5565 1955 5603 eum
1991 5565 2082 5604 vo-

437 5616 440 5626 '
500 5614 664 5689 fuisse
693 5616 970 5689 contendit
997 5615 1057 5668 D.
1094 5616 1368 5689 cuycbius
1393 5618 1665 5681 (Annotat.
1692 5621 1749 5683 5,
1774 5621 1829 5673 in
1854 5620 1955 5689 ﬁne
1985 5620 2082 5672 hu-

498 5688 587 5757 ius
612 5683 837 5756 operis),
884 5701 1043 5755 quam
1092 5683 1305 5741 iniiium
1345 5689 1749 5757 justificationis
1802 5683 1999 5745 nostra:
2051 5706 2082 5744 a

502 5758 622 5807 solo
651 5757 757 5808 Deo
786 5770 928 5820 esse,
962 5757 1099 5811 sicut
1121 5769 1173 5811 et
1203 5758 1404 5813 donum
1445 5763 1865 5829 perseverantia
1916 5776 2084 5830 usque

2186 5267 2239 5321 in
2276 5266 2480 5331 finem;
2534 5279 2879 5335 progressum
2918 5278 3070 5329 vero,
3109 5263 3225 5318 sive
3260 5270 3777 5335 raugmentumﬁgra-

2190 5340 2307 5401 tiae,
2336 5336 2580 5406 justitite,
2613 5334 2934 5402 sanctitatis,
2966 5346 3021 5389 et
3049 5334 3413 5406 perfectionis,
3442 5335 3588 5388 velut
3634 5334 3777 5406 inter

2191 5403 2433 5483 extrema
2453 5407 2698 5483 Amedium
2729 5406 2749 5479 (
2777 5409 2917 5483 quod
2945 5406 3153 5483 idcirco
3186 5405 3527 5483 medietatem
3556 5403 3774 5483 vocat),

2190 5479 2522 5549 conjunclim
2550 5489 2603 5533 et
2626 5476 2811 5533 nostro
2841 5478 3066 5532 arbitrio
3096 5487 3150 5529 et
3170 5476 3364 5549 divina:
3395 5476 3776 5549 grati:c_asc_ri-

2192 5543 2450 5605 bendum.
2484 5549 2639 5624 Unde
2665 5563 3001 5624 consequens
3031 5556 3115 5602 est
3158 5556 3213 5624 u_t
3236 5547 3448 5600 illorum
3483 5544 3668 5624 potius
3697 5543 3776 5597 in-

2191 5632 2371 5690 eptam
2424 5629 2517 5673 aut
2546 5617 3363 5690 imperitaminterrogationem
3420 5617 3654 5669 voluerit
3686 5628 3776 5668 rc-

2190 5688 2473 5759 darguere,
2504 5691 2592 5754 qui
2627 5698 2836 5742 tantum
2892 5688 3100 5743 initium
3151 5703 3215 5741 ac
3267 5691 3659 5759 finemnostra:
3692 5700 3775 5741 sa-

2189 5763 2319 5818 lutis
2346 5776 2407 5816 ac
2429 5759 2780 5828 perfectionis
2812 5759 2925 5818 Deo
2948 5760 3271 5816 videbantur
3292 5758 3585 5814 ascribere.
