3966 6326
199 252 276 312 377

877 239 1218 300 COLLATIO
1253 235 1348 296 ill.
1372 264 1446 281 ον’·
1475 234 1567 294 DE
1603 228 1854 294 TRIBUS
1891 225 2683 292 ABRENUNTIATIONIBUS.

3313 225 3422 292 578

199 382 277 440 que
315 368 361 418 et
393 354 719 415 intellecmm
770 368 941 413 semei
971 356 1074 412 sibi
1108 371 1204 427 per
1233 364 1478 411 naturam
1507 354 1722 426 praesti-
1747 354 1801 416 Α
1825 359 1928 416 est,
1961 350 2222 404 Dominus
2253 349 2527 417 sapientes
2549 347 2682 404 facit
2707 360 2916 414 caecos;
2942 362 3048 404 non
3077 357 3261 406 nostra
3291 365 3422 406 cau-

198 473 282 517 tum
302 451 608 527 possidebat,
648 449 892 506 notitiam
920 464 1137 521 quoque
1169 448 1549 504 mandatorum
1601 445 1720 511 Dei,

198 566 288 624 quis
303 545 548 616 descripta
571 544 892 600 tenebantur
922 543 975 598 in
1007 543 1148 614 lege,
1175 545 1364 614 utique
1402 540 1639 596 habebat
1667 539 1722 594 in

196 651 436 718 promptu:
481 649 537 694 et
573 647 752 694 tamen
799 646 858 694 ut
897 637 1038 693 hanc
1083 635 1294 706 plenius
1317 633 1722 704 apprehendat,

196 735 424 794 Dominum
479 730 833 802 deprecatur,
885 731 1067 788 sciens
1117 744 1458 802 nequaquam
1504 726 1728 784 sibimet

194 829 395 887 sufﬁcere
413 840 570 897 posse
596 825 652 881 id
681 824 824 896 quod
865 840 962 894 per
990 832 1239 879 naturam
1269 821 1600 879 conditionis
1647 821 1728 876 in-

195 931 354 979 sertum
381 928 482 986 est,
531 917 634 972 nisi
686 916 994 988 quotidiana
1044 916 1257 972 Domini
1304 913 1724 980 illuminatione,

193 1015 242 1069 ad
262 1009 635 1082 intelligendam
663 1008 986 1080 spiritaliter
1020 1009 1197 1081 legem
1239 1023 1302 1064 ac
1329 1007 1580 1062 mandata
1609 1006 1727 1076 ejus

194 1103 383 1176 apertius
406 1100 773 1172 agnoscenda,
797 1115 991 1157 sensus
1034 1100 1205 1170 ipsius
1243 1099 1314 1155 ab
1342 1099 1536 1155 eodem
1567 1097 1732 1154 fuerit

192 1199 470 1260 illustratus;
494 1193 614 1264 ipso
641 1193 804 1249 etiam
835 1191 976 1248 Vase
997 1191 1286 1249 electionis
1320 1189 1424 1246 hoc
1469 1191 1610 1262 quod
1641 1188 1728 1244 di-

193 1290 327 1344 cimus
351 1287 545 1342 clarius
595 1284 958 1357 praedicante,
990 1284 1131 1338 Deus
1161 1295 1234 1340 est
1263 1284 1396 1338 enim
1421 1284 1511 1355 qui
1541 1297 1728 1355 opera-

194 1382 312 1434 tiiriii
336 1377 470 1432 nobis
519 1387 568 1431 et
610 1375 770 1442 velle,
809 1385 858 1430 et
883 1377 1127 1448 perﬁcere
1168 1392 1264 1448 pro
1295 1376 1431 1430 bona
1467 1377 1733 1430 voluntate

195 1470 372 1545 (Philip.
401 1472 484 1538 ιι).
519 1469 586 1524 Et
635 1485 873 1533 rursum,
925 1466 1171 1539 Intellige
1223 1483 1338 1538 qua
1386 1468 1523 1536 dico,
1584 1467 1730 1522 dabit

191 1567 290 1617 eiiiiii
304 1562 382 1615 tibi
401 1559 658 1614 Dominus
680 1561 1000 1615 intellectum
1022 1560 1090 1632 (ll
1117 1559 1250 1614 Tim.
1279 1560 1364 1631 tt).
1392 1559 1533 1629 Quid
1556 1559 1733 1630 potuit

193 1657 381 1725 apertius
416 1653 550 1717 dici,
598 1668 758 1723 quam
792 1663 849 1707 ut
895 1662 951 1708 et
981 1656 1176 1708 bonam
1233 1653 1572 1708 voluntatem
1634 1667 1734 1707 no-

1828 443 1927 511 tio,
1957 442 2052 498 sed
2100 441 2355 496 Dominus
2407 441 2633 496 custodit
2684 440 2911 495 advenas
2967 441 3171 514 (Psal.
3223 441 3420 516 cxnv);

1827 551 1935 592 non
1965 545 2150 591 nostra
2177 535 2463 604 fortitudo,
2497 535 2592 591 sed
2641 533 2896 589 Dominus
2946 535 3132 589 allevat
3163 536 3277 593 sive
3307 536 3424 592 suf-

1828 629 1982 684 fulcit
2011 645 2187 683 omnes
2241 630 2330 700 qui
2378 637 2630 683 corruunt
2684 627 2803 703 (Ps.
2833 633 3044 699 csLiv).
3078 630 3204 686 Hac
3245 640 3426 687 autem

1829 721 2085 787 dicimus,
2115 735 2222 777 non
2246 729 2305 776 ut
2331 721 2568 776 studium
2602 732 2847 776 nostrum
2879 722 2963 776 vel
2995 722 3242 778 laborem
3266 733 3430 794 atque

1830 814 2155 870 industriam
2190 813 2343 886 quasi
2374 813 2610 869 inaniter
2640 825 2695 869 et
2743 816 3013 884 superﬂue
3066 817 3430 886 impende‘ndo

1830 919 2168 972 vacuemus;
2203 906 2297 961 sed
2331 912 2388 960 ut
2442 905 2756 960 noverimus
2791 921 2892 960 nos
2921 906 3041 962 sine
3069 908 3272 964 auxilio
3309 909 3428 974 Dei,

1831 1015 1934 1055 nec
1958 999 2130 1054 adniti
2162 1013 2346 1070 posse,
2373 1013 2477 1056 nec
2498 999 2753 1055 efﬁcaces
2782 1010 3000 1055 nostros
3032 1017 3156 1058 esse
3196 989 3432 1058 conatus

1833 1094 1904 1149 ad
1951 1093 2348 1164 capessendum
2389 1102 2496 1148 tam
2531 1093 2775 1148 immane
2822 1094 3108 1163 praemium
3158 1096 3430 1164 puritatis,

1833 1189 1940 1245 nisi
1980 1189 2139 1244 nobis
2180 1189 2459 1260 adiutorio
2493 1189 2712 1246 Domini
2754 1204 2818 1245 ac
2848 1191 3226 1247 misericordia
3270 1193 3435 1251 fuerit

1834 1282 2224 1338 contributum.
2256 1281 2438 1354 Equus
2480 1281 2628 1337 enim
2681 1291 2902 1354 paratur
2931 1284 2986 1337 in
3040 1284 3178 1338 diem
3227 1284 3368 1356 belli,
3402 1303 3436 1340 a

1835 1373 2062 1429 Domino
2083 1385 2253 1429 autem
2274 1385 2346 1429 est
2371 1376 2697 1448 adjutorium
2722 1375 3001 1448 (Proverb.
3022 1378 3164 1448 ut),
3187 1379 3307 1449 quia
3329 1395 3435 1433 non

1835 1479 1911 1523 est
1933 1471 1987 1523 iit
2011 1470 2321 1541 fortitudine
2350 1479 2533 1540 potens
2579 1471 2657 1524 vir
2716 1468 2932 1543 (lReg.
2971 1473 3084 1540 it):
3113 1482 3168 1526 et
3216 1474 3437 1527 mendax

1837 1579 2000 1635 equus
2046 1566 2114 1618 ad
2141 1566 2360 1619 salutent
2389 1564 2564 1636 (Psal.
2597 1565 2798 1636 xuii),
2853 1568 3027 1638 utqui
3061 1566 3337 1640 gloriatur,
3381 1572 3436 1626 in

1837 1655 2069 1710 Domino
2093 1657 2349 1727 glorietur
2374 1655 2421 1725 (Ι
2454 1657 2575 1711 Cor.
2602 1655 2680 1729 t).
2712 1657 2942 1727 Oportet
2972 1659 3135 1728 igitur
3166 1676 3264 1716 nos
3293 1677 3438 1717 seni-

190 1760 317 1803 stram
339 1755 390 1803 et
407 1747 591 1816 operis
614 1747 1137 1802 consummationem
1167 1762 1196 1801 a
1231 1747 1460 1802 Domino
1489 1747 1544 1802 in
1573 1747 1732 1803 nobis
1762 1751 1812 1812 Β
1843 1764 1939 1818 per
1970 1763 2093 1803 cum
2137 1750 2300 1804 beato
2327 1749 2496 1803 David
2523 1764 2745 1816 canere,
2777 1747 3058 1806 Fortitudo
3086 1769 3200 1806 mea
3228 1763 3276 1807 et
3323 1755 3438 1809 lau-

192 1841 518 1911 pionuntiaret
550 1839 764 1908 impleri
793 1840 817 1893 ’ἰ
863 1838 931 1894 Et
982 1840 1201 1905 iterum,
1232 1840 1366 1905 Quia
1395 1838 1534 1893 vobis
1565 1839 1732 1893 dona-

192 1944 267 1985 titiii
286 1940 348 1986 est
365 1948 453 2004 pro
487 1929 717 1997 Christo,
747 1948 850 1985 non
873 1931 1044 1986 solum
1074 1943 1128 1986 ut
1148 1932 1202 1986 in
1228 1949 1345 1986 eum
1369 1933 1616 1998 credatis,
1642 1933 1734 1986 sed

191 2027 367 2079 utetiam
386 2041 478 2087 pro
510 2024 606 2079 illo
629 2025 901 2094 patiamini
932 2024 1162 2096 (Philip.
1194 2025 1258 2094 t).
1293 2025 1394 2080 llic
1422 2041 1638 2096 quoque
1680 2035 1735 2081 et

189 2119 352 2174 initium
380 2116 783 2175 conversionis
806 2133 871 2172 ac
903 2118 1026 2172 fidei
1065 2128 1289 2186 nostrae,
1323 2134 1386 2172 ac
1420 2119 1732 2189 passionum

192 2211 482 2266 tolerantiam
515 2209 707 2266 donari
734 2209 892 2266 nobis
918 2225 947 2264 a
975 2209 1201 2264 Domino
1231 2209 1555 2266 declaravit.
1579 2209 1734 2278 Quod

189 2304 445 2374 intelligens
502 2303 678 2359 David
727 2318 944 2374 quoque
1000 2301 1257 2360 similiter
1307 2313 1427 2358 orat
1479 2304 1583 2359 sibi
1632 2303 1736 2360 hoc

188 2398 322 2464 ipsum
335 2397 548 2452 Domini
571 2398 925 2451 miseratione
943 2395 1194 2461 concedi,
1211 2396 1399 2451 dicens
1417 2414 1429 2447 ε
1447 2394 1732 2464 Conﬁrma,

189 2487 308 2556 Deus,
349 2491 439 2543 It'oc
479 2491 630 2561 quod
659 2499 904 2558 operatus
935 2505 986 2543 es
1019 2489 1073 2542 in
1122 2489 1266 2543 nobis
1295 2487 1469 2561 (I’sal.
1523 2491 1733 2560 van);

186 2581 428 2636 ostendens
458 2597 574 2637 non
602 2581 858 2636 suflicere
901 2581 1004 2635 sibi
1036 2582 1233 2636 salutis
1279 2582 1547 2652 principia
1590 2583 1736 2636 dooo

184 2671 257 2727 Dei
279 2675 549 2744 gratiaque
573 2674 794 2737 collata,
826 2674 930 2728 nisi
961 2674 1159 2728 fuerint
1191 2674 1380 2730 eadem
1428 2673 1738 2730 miseratio-

185 2782 234 2822 ne
256 2770 400 2838 ipsius
445 2781 505 2825 et
554 2769 868 2840 quotidiana
915 2770 1273 2838 cpitulatione
1303 2768 1565 2840 perfecta.
1617 2769 1736 2825 Non

184 2862 292 2916 enim
311 2863 533 2918 liberum
561 2862 865 2927 arbitrium,
902 2863 998 2917 sed
1030 2859 1288 2918 Dominus
1330 2863 1481 2917 solvit
1533 2881 1738 2936 compe-

183 2951 319 3020 ditos;
345 2970 444 3010 non
471 2963 668 3010 nostra
698 2955 893 3020 virtus,
922 2953 1018 3008 sed
1047 2952 1302 3008 Dominus
1347 2956 1498 3026 erigit
1547 2955 1735 3021 elisos;

185 3059 263 3102 non
289 3046 528 3103 lectionis
555 3046 844 3113 industria,
889 3046 987 3102 sed
1040 3045 1297 3102 Dominus
1341 3046 1606 3102 illuminat
1637 3064 1737 3102 cte—

1841 1841 1987 1894 datio
2014 1857 2146 1908 mea,
2171 1857 2279 1895 non
2331 1840 2564 1896 liberum
2605 1843 2913 1909 arbitrium,
2945 1844 3039 1899 sed
3073 1843 3348 1916 Dominus,
3389 1858 3439 1903 et

1841 1938 2010 2005 {aetiis
2031 1945 2106 1990 est
2133 1936 2261 1989 milii
2287 1936 2340 1989 in
2361 1934 2577 1990 salutem
2605 1933 2780 2007 (Psal.
2825 1937 3014 2008 cxvii).
3045 1939 3198 2006 Quod
3247 1942 3440 1996 doctor

1843 2043 2062 2098 quoque
2107 2011 2349 2098 gentium
2395 2044 2502 2084 non
2565 2029 2819 2098 ignorans
2851 2028 3101 2086 idoneum
3151 2049 3211 2088 se
3242 2034 3440 2089 factum

1840 2120 2147 2174 ministerio
2177 2120 2301 2174 novi
2341 2119 2703 2188 Testamenti,
2729 2135 2837 2176 non
2869 2137 2970 2176 suo
2994 2125 3192 2178 merito
3216 2140 3316 2181 nec
3349 2141 3442 2181 su-

1840 2211 1994 2276 dore,
2027 2211 2123 2266 sed
2157 2211 2256 2266 Dei
2286 2211 2656 2282 miseratione,
2690 2213 2994 2282 proclamat
3023 2232 3036 2268 :
3067 2214 3190 2269 Non
3213 2217 3351 2286 quod
3371 2219 3443 2272 si-

1842 2321 1976 2372 mus,
2014 2305 2208 2374 inquit,
2240 2306 2414 2359 idonei
2439 2306 2664 2376 cogitare
2687 2306 2889 2374 aliquid
2938 2323 2971 2360 a
3001 2309 3147 2361 nobis
3175 2311 3327 2376 quasi
3378 2326 3443 2364 ea:

1840 2399 2009 2464 nobis,
2035 2400 2126 2452 sed
2163 2399 2470 2469 sufﬁcientia
2515 2410 2692 2453 nostra
2734 2416 2797 2453 ea:
2832 2399 2936 2454 Deo
2965 2411 3039 2455 est
3068 2401 3132 2473 (ll
3156 2400 3280 2456 Cor.
3327 2402 3432 2474 tit).

1839 2487 2037 2558 1’Quod
2064 2491 2244 2545 minus
2267 2491 2478 2558 Latine,
2505 2491 2600 2546 sed
2619 2492 2936 2560 expressius
2959 2491 3065 2548 dici
3094 2503 3292 2561 potest,
3317 2495 3443 2549 ldo—

1841 2584 2017 2639 neitas
2045 2595 2231 2639 nostra
2260 2602 2325 2639 ex
2355 2585 2468 2640 Deo
2500 2593 2602 2638 est.
2651 2585 2892 2652 Denique
2917 2586 3185 2656 sequitur.
3235 2586 3338 2651 Qui
3387 2597 3438 2642 et

1841 2675 2054 2729 idoneos
2083 2691 2173 2730 nos
2201 2676 2322 2746 fecit
2345 2675 2606 2728 ministros
2628 2675 2748 2727 novi
2771 2673 3084 2730 Testamenti
3113 2675 3182 2747 (ll
3205 2674 3328 2732 Cor.
3357 2678 3437 2751 ι).

2429 2764 2662 2820 CAPUT
2703 2764 2843 2820 XVI.

2063 2857 2218 2925 Quod
2247 2859 2362 2929 ipsa
2400 2858 2532 2928 ﬁdes
2557 2876 2588 2911 a
2625 2855 2852 2911 Domino
2882 2860 3216 2914 concedatur.

1914 2950 1971 3007 ln
2009 2961 2216 3006 tantum
2246 2961 2428 3006 autem
2456 2952 2708 3005 universa
2757 2965 2878 3020 quae
2921 2950 2989 3005 ad
3019 2953 3248 3007 salutem
3279 2953 3444 3023 pertio

1843 3054 1975 3098 nent
2005 3044 2235 3113 apostoli
2291 3041 2511 3097 sibimet
2540 3057 2572 3096 a
2608 3041 2841 3097 Domino
2895 3043 3084 3112 largita
3133 3055 3442 3113 senserunt,

186 3152 262 3202 tos,
289 3139 417 3209 quod
443 3139 644 3196 Graece
673 3138 894 3204 dicitur,
929 3147 954 3175 ⁸
983 3140 1167 3212 Κύριος
1189 3147 1345 3212 copo:
1395 3139 1636 3213 τύφλους,
1678 3139 1730 3194 id

1848 3147 1868 3178 ο
1897 3150 1954 3193 ιιι
1984 3137 2155 3207 ipsam
2181 3152 2397 3208 quoque
2424 3136 2584 3192 fidem
2609 3137 2856 3206 praestari
2885 3136 2989 3191 sibi
3017 3151 3049 3191 a
3082 3136 3316 3194 Domino
3341 3154 3442 3209 po-

1224 3271 1486 3328 ALARDI
1525 3271 1757 3328 ΟΑΖᾸΞΙ
1795 3270 2359 3336 COMMENTARIUS,

237 3375 257 3403 ι
291 3367 370 3423 Sic
410 3369 569 3424 illum
609 3366 748 3438 psal.
776 3365 1034 3423 versicul.
1090 3365 1268 3422 Graeci
1316 3365 1743 3436 interpretantur

185 3435 236 3492 de
259 3435 838 3495 "lustratione—meritis
866 3448 922 3492 et
941 3440 1298 3492 conversione
1344 3435 1661 3499 voluntatis,
1687 3448 1746 3492 iit.

185 3508 448 3580 illuminare
479 3513 559 3566 sit
587 3518 864 3580 sapientes
892 3510 1071 3564 facere
1102 3507 1272 3576 (LXX
1300 3506 1614 3579 Interpret.)
1638 3509 1742 3564 He-

186 3576 288 3634 braei
313 3594 410 3636 tam
441 3585 510 3637 de
540 3576 787 3636 carcitate
818 3591 874 3635 et
901 3581 1292 3635 illiiininatione
1317 3579 1550 3650 spiritali
1578 3576 1740 3650 quam

183 3654 548 3724 corporali(D.
584 3651 888 3721 Hieronyiii.
932 3655 986 3706 in
1013 3669 1128 3724 cap.
1178 3666 1262 3705 Liv
1315 3649 1516 3720 Isaiar).

239 3721 261 3760 δ
297 3724 366 3777 En
391 3721 542 3778 aliud
577 3725 852 3792 singulare
879 3733 934 3778 et
963 3723 1189 3778 evidens
1217 3733 1598 3788 argumentum
1631 3738 1740 3792 quo

187 3796 401 3860 probatur
429 3795 755 3851 Cassianum
784 3810 890 3847 iion
918 3794 1130 3861 Graece,
1159 3794 1251 3846 sed
1276 3793 1743 3848 Latinoidioiiiate

189 3864 262 3934 lias
285 3867 602 3922 collationes
652 3868 1030 3933 descripsisse,
1085 3865 1228 3934 quod
1275 3876 1329 3918 et
1367 3863 1639 3932 Ctiytliiiis
1689 3876 1742 3920 et

186 3933 430 3992 Ciacoiiius
447 3949 803 3992 annotarunt.
837 3938 969 3990 Nam
997 3939 1039 3989 si
1061 3933 1246 3991 Graece
1273 3934 1562 3996 scriberet,
1595 3936 1746 3990 Grae-

186 4019 276 4080 cam
303 4024 480 4064 vocem
507 4025 633 4080 quae
664 4007 804 4076 apud
833 4011 1153 4076 Apostolum
1195 4022 1296 4060 una
1339 4016 1445 4080 est,
1489 4007 1741 4071 ἱκανότης,

185 4078 465 4146 simpliciter
496 4078 860 4147 e'xiiriiiieret,
888 4095 986 4132 nec
1013 4080 1081 4133 de
1114 4080 1338 4132 vocibus
1375 4078 1582 4133 Latinis
1606 4082 1746 4133 inter

188 4162 230 4200 se
250 4153 446 4206 collatis
475 4153 799 4219 scrupulum
836 4163 1097 4209 moveret.
1122 4151 1354 4203 alteram
1384 4153 1538 4203 alteri
1565 4150 1746 4216 pracfe-

185 4224 342 4275 reiido.
369 4221 649 4276 Caeterum
681 4239 781 4289 qua
829 4221 1040 4276 ratione
1071 4223 1278 4275 dicatur
1324 4224 1500 4275 minus
1533 4219 1742 4288 Latine,

187 4292 257 4343 sed
278 4297 583 4362 expressius
607 4294 734 4358 dici,
764 4291 1031 4346 ldoiteitas
1073 4303 1268 4356 nostra,
1301 4307 1463 4361 quani
1494 4291 1746 4360 sufﬁcien-

188 4365 241 4410 tia
264 4378 446 4429 nostra,
478 4381 548 4418 ea:
588 4365 700 4417 Deo
747 4373 846 4422 est.
899 4365 1271 4432 grammaticis
1323 4365 1743 4432 expetidetidum

185 4438 656 4489 eiexaiitinaiidum
675 4435 944 4500 relinquo.
992 4434 1120 4488 Mihi
1146 4446 1293 4488 certe
1327 4435 1501 4502 potius
1531 4446 1750 4487 contra-

186 4507 300 4557 rium
329 4509 575 4572 videtur,
600 4517 655 4562 et
682 4507 872 4577 minus
915 4506 1146 4560 fortasse
1175 4505 1390 4570 Latine,
1442 4507 1747 4577 sedtuiiien

187 4587 466 4642 expressius
489 4580 623 4645 dici,
649 4576 695 4631 si
719 4577 803 4630 vis
827 4591 1017 4631 vocum
1050 4577 1358 4631 atteiidatiir
1382 4593 1395 4628 :
1428 4575 1750 4645 Sufﬁcientia

1851 3369 1914 3422 D.
1972 3368 2300 3435 Augustinus
2348 3364 2595 3434 pluribus
2653 3365 2704 3418 in
2756 3364 2912 3431 locis,
2966 3367 3266 3435 praesertim
3327 3379 3442 3426 toto

1849 3438 1962 3492 fere
2007 3431 2145 3491 libro
2211 3437 2280 3491 de
2340 3431 2822 3492 Prwdestinatione
2883 3431 3216 3493 sanctorum.
3249 3431 3331 3494 'Et
3378 3442 3443 3496 Ι).

1849 3511 2083 3580 Prosper
2107 3508 2246 3560 libro
2293 3510 2472 3580 primo
2499 3509 2567 3562 de
2600 3507 2891 3562 Vocaiione
2916 3514 3156 3578 gentium
3183 3524 3304 3579 cap.
3345 3512 3440 3580 25,

1848 3582 1938 3633 ubi
1963 3579 2260 3646 Scriptura:
2303 3579 2531 3645 plurima
2584 3579 2636 3632 in
2665 3594 2784 3631 eam
2817 3594 2930 3632 rem
2962 3581 3172 3634 confert
3202 3579 3446 3638 testimo-

1848 3651 1957 3704 nia.
2008 3650 2221 3716 Quibus
2252 3660 2485 3703 accessu
2529 3650 2826 3703 auctoritas
2856 3649 3072 3703 concilii
3103 3654 3440 3719 Arausicatii,

1847 3736 1971 3776 can.
2003 3721 2036 3774 5
2057 3731 2112 3774 et
2140 3721 2510 3790 sequentibus,
2553 3722 2747 3789 quibus
2776 3728 2963 3773 contra
2997 3721 3267 3791 Pelagium
3301 3723 3439 3778 deli-

1849 3795 2014 3854 nitur,
2040 3863 2043 3864 ν
2071 3793 2201 3844 sicut
2233 3801 2584 3864 augmentum,
2626 3792 2700 3843 ita
2729 3792 2962 3864 initium_
2980 3793 3124 3859 ﬁdei,
3165 3794 3436 3864 ipsumque

1847 3863 2166 3917 credulitatis
2186 3861 2425 3925 allectum
2441 3861 2532 3915 Dei
2560 3865 2752 3915 donum
2778 3878 2908 3916 esse.
2932 3861 3256 3917 Damnantur
3270 3861 3444 3920 autem

1849 3936 2156 4004 quicumque
2207 3937 2282 3987 vel
2340 3935 2545 3986 initium
2590 3935 2710 4003 ﬁdei
2757 3937 3059 3988 naturaliter
3096 3936 3235 3990 nobis
3279 3939 3446 3993 inesse

1848 4007 2045 4066 dicunt,
2075 4007 2151 4059 vel
2176 4021 2266 4073 per
2297 4019 2497 4058 natura:
2516 4007 2737 4078 uigorem
2761 4006 3062 4078 euangelica:
3080 4010 3444 4078 picedicationi

1849 4078 2133 4131 consentire
2154 4093 2243 4130 nas
2267 4093 2413 4145 posse
2453 4077 2730 4146 aﬂirmant,
2764 4076 2953 4146 absque
2991 4076 3369 4134 iltuiiiinutione
3397 4092 3445 4135 et

1847 4149 2190 4217 inspiratione
2234 4148 2459 4221 .Spii‘itus
2484 4149 2675 4221 sancti.
2723 4149 2892 4221 Quarti
2941 4151 3266 4204 sententiain
3295 4169 3444 4221 citis~

1850 4221 1974 4273 dein
2005 4222 2215 4274 concilii
2247 4218 2438 4274 Patres
2467 4220 2676 4291 plenius
2721 4219 2994 4288 explicant
3023 4223 3200 4289 capite
3233 4240 3262 4276 u
3291 4218 3442 4291 itiiio,

1849 4300 2162 4346 asserentes
2185 4306 2282 4362 nos
2313 4291 2538 4345 credere
2569 4290 2792 4354 debere,
2828 4295 2969 4361 quod
3019 4307 3116 4361 per
3163 4290 3446 4362 peccatum

1848 4363 2011 4429 primi
2045 4361 2279 4417 hominis
2302 4363 2374 4416 ita
2404 4362 2719 4416 inclinatum
2747 4371 2800 4416 et
2827 4361 3348 4420 attenuatuni'l'uerii
3381 4367 3446 4420 li—

1850 4433 2038 4488 berum
2081 4433 2391 4498 arbitrium,
2437 4442 2496 4486 ut
2523 4433 2704 4486 nullus
2730 4444 2917 4500 postea
2942 4441 3169 4490 creuere
3198 4441 3249 4490 in
3278 4438 3446 4492 Deum

1853 4505 2045 4572 possit,
2073 4505 2172 4557 nisi
2201 4505 2371 4575 gratia
2402 4518 2524 4556 eum
2557 4513 2614 4558 et
2636 4505 3013 4575 misericordia
3038 4509 3219 4559 divina
3244 4525 3450 4575 pra-ve-

1853 4576 2024 4648 nerit;
2061 4575 2225 4648 idque
2250 4573 2414 4648 variis
2435 4573 2783 4648 exempl-iset
2808 4577 3130 4629 testimoniis
3155 4573 3448 4648 Scriptura:

187 4656 332 4738 nostin
360 4665 425 4738 ea;
467 4647 586 4731 Deo
612 4643 732 4714 est,
756 4663 926 4728 quam
959 4663 984 4738 Ξ
1025 4645 1294 4738 Idoneitas
1322 4643 1593 4729 nostra'ea:
1637 4646 1751 4700 Deo
1777 4676 1832 4738 Β
1857 4647 2164 4738 declarant.
2185 4643 2283 4699 Cui
2331 4645 2592 4738 dogtrinte
2623 4644 2972 4738 (inhaerentes
3016 4648 3203 4738 Patres
3232 4643 3445 4734 concilii

185 4727 260 4792 est.
286 4717 386 4773 Sed
413 4723 549 4792 quia
585 4723 837 4792 superius
858 4719 1020 4792 verba
1049 4720 1298 4789 Apostoli
1336 4719 1420 4792 ita
1447 4728 1745 4792 cit‘averat:

184 4785 284 4840 Non
309 4785 448 4860 quod
469 4796 638 4845 simus
654 4785 840 4843 'idonei
887 4785 1136 4859 cogitare,
1165 4801 1296 4860 εις..
1334 4788 1455 4843 ideo
1497 4789 1626 4860 dicit
1657 4805 1752 4844 ex.

184 4857 395 4924 pressius
421 4863 533 4916 diei
567 4861 874 4915 :ldoneitas
903 4857 1078 4915 nostra
1108 4877 1171 4916 ea:
1218 4857 1328 4913 Deo
1364 4871 1458 4913 est.
1491 4859 1753 4914 Nimirum

187 4940 229 5002 iit
254 4935 402 4984 verba
427 4934 619 4988 verbis
653 4931 1039 5002 respoodeaiit.
1067 4933 1142 4988 At
1167 4931 1392 5001 Vulgata
1412 4931 1591 4986 versio
1615 4946 1755 4986 nunc

185 4998 318 5055 lubet
347 5021 359 5054 ε
386 5003 516 5057 Νοη
543 5005 681 5074 quod
705 4998 1010 5074 sufﬁcientes
1048 5005 1233 5070 simus,
1261 4998 1392 5069 étc.,
1440 5003 1633 5072 quibus
1663 5017 1753 5058 se-

185 5074 377 5135 qucntia
407 5086 540 5144 apte
570 5079 924 5143 respondent.

242 5151 261 5178 ε
289 5146 401 5210 Quo
422 5142 603 5215 magis
641 5142 810 5201 divini
853 5145 1048 5200 auxilii
1078 5145 1456 5215 necessitatem
1505 5154 1560 5200 et
1599 5142 1758 5199 liberi

184 5213 364 5288 arbitrii
402 5213 854 5288 imbecillitatem
889 5218 1142 5272 ostendat
1187 5214 1555 5288 Paphnutius,
1599 5217 1760 5271 docet

187 5285 330 5358 iMm
362 5303 589 5358 quoque
637 5289 799 5342 [idem
830 5287 1217 5352 Christianam,
1265 5285 1384 5357 quae
1419 5285 1630 5342 initium
1668 5297 1761 5358 est

185 5355 509 5432 salutisfnon
545 5375 612 5414 es
640 5358 982 5432 nobisipsis,
1014 5361 1117 5414 hoc
1133 5372 1260 5432 _est,
1287 5355 1367 5432 :ex
1401 5361 1529 5432 solis
1561 5357 1759 5411 viribus

187 5423 314 5497 liberi
363 5432 585 5485 aibiirii
637 5423 865 5495 liaheri,‘
897 5423 992 5485 sed
1050 5445 1081 5485 a
1132 5423 1254 5484 Deo»
1291 5431 1520 5493 iiiluiidi,
1558 5432 1760 5497 Deique

183 5495 360 5569 doniiiii
392 5517 541 5563 esse,
577 5502 719 5569 quod
762 5515 815 5555 ei
855 5500 1076 5556 disertis
1102 5502 1284 5556 verbis
1331 5501 1565 5555 aflirinat
1606 5495 1756 5564 Apo-

181 5568 328 5642 stolus
351 5574 422 5625 ad
474 5568 743 5640 Ephesios
784 5573 1032 5628 scribens
1075 5586 1197 5642 cap.
1237 5588 1275 5628 tt
1308 5589 1322 5626 :
1351 5569 1536 5625 Gratia
1572 5572 1762 5624 saluati

183 5639 279 5691 estis
302 5659 390 5710 per
410 5639 613 5712 ﬁdem;
640 5653 688 5698 et
724 5645 819 5696 hoc
859 5661 960 5698 non
987 5660 1052 5698 ea:
1071 5639 1232 5706 vobis,
1269 5642 1365 5696 Dei
1405 5646 1538 5697 enim
1563 5643 1758 5696 donum

180 5718 260 5764 est.
300 5718 471 5780 Quam
505 5714 816 5785 doctrinam
856 5715 1120 5770 adversus
1148 5715 1464 5785 Pelagianos
1511 5727 1753 5778 strenue,

182 5790 358 5848 praeter
400 5787 550 5843 alios
602 5784 812 5854 Patres,
843 5796 1253 5860 propugnarunt
1281 5784 1338 5845 et
1364 5789 1758 5844 conﬁrmarunt

1861 4715 2203 4789 Tridentiiii,
2234 4730 2370 4789 sess.
2406 4713 2439 4769 6
2469 4729 2590 4789 can.
2622 4715 3057 4789 5,__aiia_ihemaie
3087 4722 3362 4789 diiniiiaiit,
3403 4722 3450 4775 si

1861 4787 1976 4855 quis
1998 4787 2186 4860 dixerit
2203 4786 2314 4860 sine
2327 4787 2662 4860 prteveniente
2682 4785 2910 4860 Spiritus
2931 4789 3093 4841 sancti
3113 4785 3450 4860 inspiratione

1864 4869 2016 4931 atque
2044 4859 2309 4928 adjutorio
2353 4857 2607 4911 hominem
2641 4858 2844 4912 credere
2877 4874 3024 4926 posse
3049 4857 3205 4914 sicut‘
3225 4874 3444 4931 oportet.

1865 4929 2101 4984 Credere
2126 4938 2306 4983 autem
2335 4932 2472 4983 sicut
2501 4939 2716 4997 oportet
2763 4940 2844 4982 est
2891 4933 3116 4984 credere
3168 4929 3308 4986 sicut
3354 4950 3450 4987 ex-

1867 5001 2125 5075 pedit__ad
2176 5003 2425 5075 salutem,
2455 5001 2598 5070 quod
2632 5007 2740 5055 rest
2791 5001 3042 5075 assentiri
3077 5004 3200 5057 lidei
3249 5018 3448 5075 ninie-

1867 5072 1963 5126 riis
1991 5072 2092 5125 sibi
2123 5072 2438 5141 propositis,
2479 5082 2750 5142 tamquam
2778 5087 2805 5122 a
2859 5073 2970 5126 Deo
3020 5072 3319 5138 revelatis,'
3341 5076 3447 5130 hoc

1866 5150 1969 5208 est,
1997 5153 2215 5212 propter
2236 5143 2621 5197 revelatioiieni
2652 5144 2912 5209 divinam,
2936 5157 3204 5213 tamquam
3232 5159 3452 5214 prepter

1867 5226 2131 5268 rationein
2160 5215 2438 5267 formalem
2483 5215 2758 5269 credendi.
2810 5215 2991 5280 Quare
3021 5217 3324 5282 haereticus,
3358 5228 3451 5272 aut

1863 5285 2118 5358 inlidelis,
2154 5301 2275 5350 quia
2300 5301 2408 5358 non
2437 5286 2728 5339 assmititur
2757 5287 3030 5355 mysteriis
3074 5290 3194 5341 lidei
3228 5302 3450 5358 prapter

1862 5357 2249 5410 revelationeni
2281 5355 2545 5421 divinant,
2591 5359 2686 5412 sed
2721 5367 2938 5426 propter
2963 5360 3064 5411 alia
3107 5355 3343 5425 iii0tiva,
3364 5361 3450 5414 vel

1864 5428 2104 5481 rationes
2137 5432 2418 5495 humanas,
2451 5428 2572 5482 ideo
2618 5443 2724 5481 non
2776 5428 2951 5482 credit
2982 5430 3087 5483 fide
3112 5430 3448 5493 Christiana,

1864 5506 2016 5552 certa
2045 5507 2101 5552 et
2123 5499 2408 5564 infallibili,
2442 5499 2538 5553 sed
2568 5498 2839 5562 humana;
2875 5502 3101 5568 proinde
3129 5519 3232 5556 non
3279 5504 3454 5557 credit

1864 5573 2007 5623 sicut
2035 5580 2250 5638 oportet
2280 5581 2334 5624 et
2386 5584 2610 5625 necesse
2637 5579 2721 5624 est
2759 5572 2826 5624 ad
2849 5570 3104 5626 salutent.
3137 5573 3341 5628 Idcirco
3383 5573 3453 5629 ad

1867 5640 2258 5694 excludeiidatn
2307 5640 2608 5708 hujusmodi
2655 5640 2815 5696 fidem
2859 5641 3171 5711 humanam,
3230 5643 3452 5706 addide-

1865 5721 1992 5768 runt
2016 5712 2247 5768 concilia
2272 5711 2419 5767 illam
2443 5711 2788 5783 particulam,
2816 5713 2947 5768 sicut
2973 5725 3195 5790 oportet.
