4012 6336
525 264 630 326 579

523 386 810 449 stolarent,
833 382 1097 450 dicentes,
1126 379 1364 446 Domine,
1386 394 1518 448 auge
1545 375 1690 430 nobis
1716 375 1904 447 ﬁdem;
1927 373 2098 446 pleni—
2124 379 2179 440 Α

526 477 768 533 tudinem
794 476 913 546 ejus
943 491 1054 530 non
1081 472 1253 528 libero
1303 469 1530 525 arbitrio
1561 474 1978 538 praesumentes,
2009 463 2107 521 sed

525 569 622 625 Dei
674 569 776 624 sibi
819 569 1104 624 credentes
1149 577 1368 618 munere
1407 559 1813 617 conferendam.
1869 557 2109 627 Denique

529 659 694 716 docet
717 674 816 714 nos
859 658 1003 714 idem
1032 663 1219 710 auctor
1248 655 1436 708 salutis
1478 651 1749 716 humanm,
1787 666 1948 721 quam
1994 650 2106 720 ipsa

530 754 668 810 tldes
705 761 886 808 nostra
944 749 1147 804 lubrica
1198 746 1288 813 sit,
1330 757 1382 800 et
1413 744 1648 809 infirma,
1691 753 1744 800 et
1773 757 2109 813 nequaquam

526 848 631 904 sibi
673 846 977 910 sufficiens,
1010 842 1112 897 nisi
1145 841 1300 895 fuerit
1335 838 1538 893 auxilio
1586 836 1801 892 Domini
1831 835 2108 897 roborata,

527 939 716 993 dicens
747 937 813 991 ad
839 935 1091 990 Petrum:
1115 931 1324 996 Simon,
1351 931 1554 995 Simon,
1582 944 1695 982 ecce
1721 925 1946 983 Satanas
1967 940 2112 994 expe-

526 1030 639 1084 tivit
667 1046 753 1084 vos
793 1036 846 1082 ut
891 1026 1141 1081 cribraret
1179 1040 1266 1078 uos
1299 1034 1556 1091 tamquam
1605 1021 1851 1085 triticum;
1903 1019 1990 1072 sed
2019 1033 2111 1087 ego

526 1124 704 1197 ragaoi
733 1121 944 1177 Patrem
991 1135 1158 1175 meum
1209 1135 1273 1172 ne
1323 1115 1561 1188 deficeret
1617 1115 1744 1185 ﬁdes
1796 1124 1902 1169 tua.
1955 1109 2112 1178 Quod

527 1215 665 1269 alius
713 1216 766 1268 in
807 1212 1100 1282 semetipso
1127 1211 1370 1264 sentiens
1420 1207 1555 1272 ﬁeri,
1607 1215 1660 1260 et
1713 1201 2113 1273 quodammodo

529 1306 688 1362 fidem
721 1320 875 1360 suam
908 1303 1240 1359 infidelitatis
1273 1300 1529 1356 ﬂuetibus
1561 1298 1625 1354 ad
1667 1298 1954 1365 perniciosi
1986 1313 2117 1354 nau-

532 1395 894 1468 fragiividens
919 1395 1170 1465 scopulos
1201 1393 1501 1463 perurgeri.
1547 1391 1611 1446 ad
1643 1391 1891 1447 eumdem
1929 1389 2115 1446 Domi-

534 1507 660 1545 num
691 1489 947 1544 auxilium
979 1488 1100 1542 fidei
1126 1501 1236 1542 suae
1258 1487 1536 1556 postulans
1565 1484 1695 1540 dicit
1722 1505 1734 1538 :
1759 1484 1992 1549 Domine,
2021 1485 2118 1538 ad-

531 1586 655 1656 juva
680 1582 1034 1652 inﬁdelitatem
1061 1591 1227 1634 meam
1251 1577 1442 1651 (Marc.
1475 1577 1570 1650 Ix).
1599 1578 1655 1632 In
1687 1586 1892 1631 tantum
1938 1578 2119 1646 itaque

539 1684 832 1730 senserunt
863 1673 1160 1744 evangelici
1196 1681 1252 1726 et
1277 1671 1556 1742 apostolici
1587 1671 1688 1725 viri
1715 1670 1970 1724 universa
1998 1684 2118 1739 quas

1627 255 1905 318 JOANNIS
1940 257 2254 316 CASSIANI
2294 249 2791 313 COLLATIONES.

3650 255 3744 320 580

2777 365 3003 424 CAPUT
3041 363 3205 422 XVII.

2319 463 2470 533 Quod
2498 462 2786 520 moderatio
2811 471 2859 517 et
2883 461 3159 533 tolerantia
3181 461 3505 518 tentationult
3523 465 3656 522 nobis

2705 551 2737 588 a
2761 533 2984 588 Domino
3018 531 3288 586 tribuatur.

2281 651 2556 709 Summam
2583 665 2800 722 quoque
2829 646 3149 714 tolerantius,
3181 663 3287 718 qua
3316 647 3622 705 tentatiOnes
3645 652 3749 708 ills-

2210 752 2292 798 tas
2320 743 2591 798 sustinere
2645 742 2936 812 possimus,
2967 757 3073 795 non
3123 750 3230 794 tam
3279 739 3332 796 in
3379 752 3553 796 nostra
3583 745 3753 801 virtute

2210 851 2370 906 quam
2403 835 2456 890 in
2486 835 2580 891 Dei
2611 833 2981 893 misericordia
3011 843 3068 891 et
3089 834 3457 891 moderatione
3485 835 3752 895 consistere

2211 928 2406 983 beatus
2435 927 2730 998 Apostolus
2760 929 2830 983 ita
2880 927 3199 999 pronuntiat
3230 945 3242 982 :
3272 926 3503 983 Tentatio
3543 946 3624 984 vos
3666 948 3755 985 not:

2211 1019 2240 1058 δ
2267 1022 2618 1090 apprehendat
2648 1021 2749 1076 nisi
2795 1021 3023 1075 humana
3047 1036 3066 1074 :
3097 1017 3268 1090 ﬁdelis
3299 1031 3464 1076 autem
3496 1019 3645 1086 Deus,
3682 1022 3756 1092 qui

2214 1130 2317 1168 non
2350 1115 2603 1183 permittet
2629 1129 2717 1169 uos
2739 1115 2929 1168 tentari
2957 1129 3116 1184 super
3155 1113 3213 1168 id
3242 1113 3376 1182 quod
3423 1118 3638 1186 potestis,
3684 1118 3760 1170 sed
3849 1161 3852 1166 .

2216 1203 2366 1274 faciet
2393 1219 2509 1258 cum
2541 1206 2819 1260 tentatione
2845 1206 2998 1259 etiam
3019 1206 3235 1273 exitum,
3269 1216 3324 1259 ut
3349 1207 3586 1262 sustinere
3614 1211 3762 1278 possi-

2217 1297 2282 1352 tis
2305 1295 2349 1369 (l
2379 1295 2496 1350 Cor.
2521 1299 2600 1367 x).
2633 1297 2801 1352 Deum
2848 1309 3060 1370 quoque
3099 1307 3287 1368 aptare
3317 1299 3427 1355 sive
3473 1293 3764 1357 conﬁrmare

2218 1392 2429 1446 animos
2460 1399 2679 1447 nostros
2710 1391 2778 1446 ad
2817 1408 2976 1447 omne
2999 1406 3134 1462 opus
3164 1393 3384 1460 bonum,
3419 1402 3473 1448 et
3499 1396 3693 1463 Operari
3718 1395 3763 1450 in

2219 1479 2376 1536 nobis
2417 1497 2478 1537 ea
2507 1497 2628 1554 quae
2648 1482 2750 1537 sibl
2781 1495 2906 1538 sunt
2937 1483 3152 1554 placita,
3200 1483 3343 1538 idem
3397 1486 3667 1554 Apostolus
3697 1487 3769 1542 ilo-

2219 1584 2305 1628 cet
2336 1593 2349 1629 :
2379 1573 2518 1629 Deus
2549 1584 2718 1629 autem
2746 1575 2887 1647 pacis
2908 1580 2999 1645 qui
3023 1576 3198 1630 eduxit
3219 1577 3282 1629 de
3311 1577 3516 1630 tenebris
3543 1589 3768 1648 pastorem

2221 1683 2463 1737 magnum
2491 1668 2662 1720 ovium
2701 1668 2754 1722 in
2800 1670 3052 1748 sanguin;
3091 1671 3380 1722 testamenti
3409 1671 3578 1723 (sterni
3614 1669 3771 1725 lesum

538 1765 677 1821 bona
712 1773 840 1820 sunt
868 1763 1075 1819 auxilio
1098 1763 1306 1818 Domini
1353 1761 1738 1826 consummari,
1780 1767 1834 1815 et
1857 1774 1926 1815 ne
1950 1760 2122 1830 ipsam
2156 1767 2201 1827 Β
2226 1757 2506 1826 Christum,
2533 1770 2671 1828 aptet
2698 1778 2783 1814 vos
2809 1764 2864 1814 in
2891 1761 3029 1814 omni
3046 1764 3197 1827 bono.
3221 1763 3415 1832 faciens
3437 1764 3637 1818 in'oobis
3654 1765 3770 1832 quod

537 1859 753 1930 quidem
783 1857 941 1912 fidem
975 1871 1126 1911 suam
1165 1854 1397 1910 confessi
1429 1864 1553 1909 sunt
1592 1853 1814 1910 illaesam
1855 1868 1915 1909 se
1962 1868 2123 1923 posse

537 1951 650 2006 suis
673 1950 881 2004 viribus
905 1949 991 2004 vel
1022 1949 1232 2003 arbitrii
1254 1948 1505 2003 libertate
1535 1961 1775 2014 servare,
1801 1957 1858 2002 ut
1881 1946 2018 2000 hanc
2038 1947 2122 2001 vel

537 2044 778 2112 adjuvari
819 2044 870 2097 in
915 2058 1006 2112 se,
1039 2045 1124 2098 vel
1169 2041 1358 2098 donari
1385 2043 1512 2108 sibi,
1559 2056 1588 2095 a
1633 2041 1858 2095 Domino
1889 2042 2124 2109 postula-

434 2181 443 2190 κ
537 2147 680 2191 rent.
715 2135 843 2204 Quae
874 2136 917 2190 si
954 2137 1004 2189 in
1035 2135 1218 2201 Petro,
1251 2149 1320 2188 ne
1367 2123 1646 2200 deﬁceret,
1679 2131 1888 2187 Domini
1935 2131 2125 2201 egebat

538 2228 759 2293 auxilio,
780 2227 900 2297 quis
928 2230 1031 2282 erit
1063 2236 1168 2280 tam
1203 2234 1566 2295 praesumptor
1595 2234 1650 2280 et
1699 2237 1894 2292 caecus,
1925 2224 2014 2294 qui
2064 2238 2124 2278 se

538 2322 602 2376 ad
637 2321 795 2390 hujus
815 2319 1114 2375 custodiam
1146 2317 1462 2389 quotidiano
1512 2317 1727 2372 Domini
1758 2315 1943 2372 credat
1971 2315 2126 2384 adju-

540 2415 682 2469 t0rlo
712 2429 816 2468 non
848 2427 1010 2482 egere
1042 2413 1065 2465 2
1108 2411 1410 2481 praesertim
1447 2425 1572 2466 cum
1622 2411 1736 2479 ipse
1781 2408 2042 2464 Dominus
2069 2409 2120 2462 in

540 2504 833 2576 Evangelio
861 2506 963 2560 hoc
991 2504 1167 2574 ipsum
1212 2503 1492 2560 evidenter
1521 2501 1854 2571 expresserit
1889 2500 2076 2555 dicens
2107 2517 2119 2552 ε

541 2597 687 2655 Sicut
720 2599 913 2668 palmes
959 2614 1065 2652 non
1103 2605 1268 2667 potest
1310 2601 1533 2667 fructum
1579 2595 1750 2665 facere
1795 2610 1828 2648 a
1857 2594 2124 2665 semetipso

539 2693 636 2748 nisi
666 2694 719 2746 in
745 2694 845 2747 uite
865 2693 1132 2754 manserit,
1162 2693 1236 2744 ita
1260 2700 1307 2744 et
1334 2706 1420 2744 uos
1461 2689 1562 2744 nisi
1613 2688 1667 2742 in
1695 2701 1772 2742 me
1807 2687 2121 2743 manseritis.

541 2785 610 2839 Et
651 2785 843 2840 iterum
877 2803 889 2836 :
927 2783 1060 2850 Quia
1089 2784 1201 2837 sine
1225 2797 1306 2837 me
1327 2782 1459 2836 nihil
1493 2781 1702 2851 potestis
1735 2782 1905 2851 facere
1940 2779 2122 2851 (Joan.

542 2878 654 2949 xv).
688 2879 861 2946 Quam
903 2879 975 2932 sit
1022 2877 1185 2947 igitur
1237 2877 1476 2946 ineptum
1510 2890 1571 2930 ac
1615 2875 1933 2944 sacrilegum
1973 2873 2128 2944 quid-

542 2987 700 3040 quam
727 2971 794 3026 de
824 2970 979 3024 bonis
1009 2969 1220 3025 actibus
1251 2981 1450 3024 nostra:
1487 2969 1791 3032 induSIriaa,
1817 2976 1872 3022 et
1896 2981 2000 3021 non
2026 2966 2126 3022 Dei

545 3065 731 3136 gratia:
762 3065 846 3120 vel
879 3063 1170 3134 adiutorio,
1197 3063 1479 3134 deputare,
1525 3061 1812 3118 manifeste
1842 3061 2123 3132 probatur,

2228 1855 2390 1924 placet
2420 1871 2592 1908 coram
2623 1871 2676 1908 se
2706 1854 2864 1926 (Heb.
2894 1855 3032 1926 xm).
3079 1854 3232 1924 Quod
3263 1857 3423 1910 etiam
3453 1855 3769 1910 Thessaloni—

2223 1947 2476 2002 censibus
2502 1956 2559 2002 ut
2588 1948 2801 2002 eveniat
2828 1947 2896 2001 ita
2922 1959 3170 2016 precatur
3201 1949 3393 2004 dicens
3425 1964 3441 2002 :
3481 1946 3596 2018 Ipse
3625 1959 3772 2002 autem

2225 2040 2480 2095 Dominus
2503 2040 2659 2096 Jesus
2689 2041 2924 2096 Christus
2951 2053 2998 2095 et
3029 2039 3170 2097 Deus
3208 2041 3371 2097 Pater
3412 2051 3576 2096 uoster
3600 2043 3678 2112 qui
3704 2043 3773 2095 di-

2225 2133 2350 2188 lexit
2373 2151 2487 2200 nos,
2517 2141 2566 2188 et
2596 2135 2738 2190 dedit
2760 2135 3162 2190 consolationem
3189 2147 3458 2203 internum,
3487 2147 3534 2190 et
3553 2153 3679 2208 spem
3702 2136 3775 2188 bo-

2225 2243 2345 2279 nam
2370 2227 2422 2280 in
2454 2228 2645 2299 gratia,
2675 2230 2974 2282 exhortetur
2999 2231 3156 2282 corda
3179 2241 3368 2294 uestra,
3394 2239 3440 2285 et
3467 2230 3715 2299 conﬁrmet
3733 2229 3776 2284 iu

2227 2316 2366 2371 omni
2389 2333 2538 2386 opere
2563 2327 2610 2372 et
2639 2334 2869 2373 sermone
2894 2319 3026 2373 bono
3055 2318 3123 2390 (II
3158 2319 3338 2376 Thess.
3369 2321 3454 2392 ιι).

2798 2432 3026 2489 CAPUT
3051 2433 3238 2490 XVIII.

2229 2521 2377 2588 Quod
2408 2525 2720 2593 perpetuitas
2747 2525 2944 2668 timori;
2971 2525 3178 2652 meini
3207 2528 3356 2584 nobis
3385 2546 3418 2583 a
3445 2511 3660 2584 Domino
3675 2545 3781 2583 con-

2927 2614 3014 2651 era
3041 2616 3121 2652 ur.

2927 2614 3121 2652 eratur.

2295 2685 2472 2756 Ipsum
2513 2685 2746 2759 denique
2778 2701 2799 2728 ο
2834 2689 3082 2746 timorem
3119 2693 3230 2758 Dei,
3278 2709 3387 2762 quo
3431 2695 3649 2750 firmiter
3675 2709 3781 2748 eum

2227 2786 2412 2834 tenere
2439 2780 2736 2870 possimus,
2768 2797 2798 2835 a
2831 2782 3058 2838 Domino
3100 2783 3258 2839 nobis
3290 2785 3520 2853 infundi,
3550 2785 3784 2842 Jeretnias

2227 2871 2483 2940 propheta
2509 2887 2575 2926 ex
2606 2887 2836 2940 persona
2867 2872 2960 2930 Dei
2994 2875 3282 2933 manifeste
3331 2887 3586 2945 testatur,
3619 2877 3685 2932 ita
3714 2876 3785 2931 di-

2226 2978 2353 3018 cens
2387 2981 2400 3017 :
2429 2962 2497 3017 Et
2539 2964 2670 3018 dabo
2709 2966 2782 3020 eis
2801 2983 2888 3020 cor
2931 2984 3112 3038 unum,
3148 2979 3196 3022 et
3222 2971 3448 3024 animam
3470 2987 3638 3036 uuam,
3664 2980 3712 3024 ut
3733 2970 3787 3021 ti-

2227 3065 2398 3110 meant
2424 3072 2504 3110 me
2527 3058 2771 3113 universis
2791 3059 2992 3125 diebus,
3010 3071 3058 3116 et
3087 3061 3211 3116 bene
3235 3065 3306 3118 sit
3335 3065 3428 3132 eis,
3444 3075 3490 3118 et
3506 3065 3624 3134 filiis
3635 3077 3787 3116 eorum

545 3157 823 3212 Dominica
865 3165 1199 3227 prolestante
1235 3155 1502 3211 sententia
1530 3197 1545 3220 ,
1592 3155 1708 3209 sine
1758 3169 1856 3209 sua
1900 3154 2128 3223 inspira-
2155 3154 2200 3218 (ζ
2231 3159 2342 3222 post
2371 3165 2477 3214 eos,
2509 3159 2554 3203 et
2587 3151 2767 3221 feriam
2791 3154 2864 3207 eis
2891 3164 3096 3225 pactum
3116 3157 3504 3228 sempiternum,
3534 3167 3578 3210 et
3603 3173 3693 3210 non
3715 3154 3793 3207 de-

547 3249 713 3314 tione,
761 3249 845 3303 vel
886 3249 1270 3319 cooperatione
1320 3248 1594 3318 Spiritales
1626 3247 1830 3302 fructus
1873 3247 2132 3302 exhibere

548 3340 817 3396 neminem
843 3356 1000 3410 posse
1026 3359 1039 3394 :
1074 3339 1236 3395 Omne
1263 3342 1399 3394 enim
1429 3341 1612 3394 datum
1660 3340 1870 3404 bonum,
1898 3350 1947 3393 et
1985 3355 2134 3392 omne

549 3436 741 3488 donum
785 3435 1064 3504 perfectum
1112 3436 1382 3488 desursum
1425 3444 1529 3499 est,
1561 3433 1873 3486 descendens
1900 3449 1931 3485 a
1972 3429 2134 3485 Patre

551 3528 801 3580 luminum
827 3524 1033 3598 (Jacobi
1055 3527 1116 3598 ι).
1141 3525 1433 3581 Zacharias
1462 3541 1700 3596 quoque,
1729 3534 1754 3562 ι
1781 3524 1914 3589 Quia
1941 3525 1985 3578 si
2013 3525 2133 3590 quid

551 3619 756 3683 bonum,
789 3618 951 3688 ipsius
978 3630 1050 3673 est
1073 3635 1093 3684 ;
1113 3629 1161 3672 et
1190 3620 1234 3672 si
1255 3619 1378 3690 quid
1409 3619 1680 3686 optimum,
1710 3617 1770 3670 ab
1800 3619 1913 3688 ipso
1945 3616 2132 3688 (Zach.

550 3713 648 3782 rx).
704 3713 768 3766 Et
826 3712 948 3767 ideo
994 3721 1309 3768 constanter
1363 3713 1555 3768 beatus
1603 3713 1941 3782 Apostolus:
1996 3710 2136 3777 Quid

551 3806 684 3857 enim
713 3804 866 3860 habes
890 3806 1028 3874 quod
1055 3823 1155 3859 non
1182 3807 1474 3877 accepisti?
1498 3806 1636 3876 quod
1657 3806 1701 3858 si
1726 3806 1987 3876 accepisti,
2010 3803 2136 3876 quid

553 3895 790 3964 gloriaris
812 3897 958 3965 quasi
983 3913 1085 3951 non
1111 3898 1368 3969 acceperis
1395 3893 1439 3970 (Ι
1467 3895 1590 3952 Cor.
1629 3897 1703 3968 Iv)
1728 3897 1750 3948 ?

2228 3243 2398 3296 sinam
2421 3244 2492 3297 eis
2519 3243 2832 3314 benefacere,
2861 3259 2908 3301 et
2944 3249 3175 3303 timorem
3217 3267 3384 3305 meum
3414 3251 3544 3304 dabo
3579 3251 3628 3304 in
3652 3250 3791 3303 corda

2234 3351 2432 3398 eorum,
2466 3345 2519 3388 ut
2547 3351 2648 3390 non
2677 3339 2914 3392 recedant
2935 3357 2968 3393 a
2987 3355 3067 3394 me
3093 3338 3311 3410 (larem.
3339 3342 3538 3413 xxxtt).
3573 3339 3791 3397 Ezechiel

2235 3442 2493 3498 quoque:
2539 3427 2605 3481 Et
2644 3429 2777 3484 dabo
2815 3431 2887 3486 eis
2931 3447 3020 3487 cor
3047 3449 3262 3504 novum,
3307 3445 3353 3490 et
3378 3438 3606 3509 spiritum
3633 3450 3794 3488 novum

2235 3518 2456 3573 tribuam
2487 3521 2539 3574 in
2568 3521 2840 3578 uisceribus
2869 3540 3064 3592 eorum,
3095 3536 3143 3580 et
3167 3529 3408 3598 auferam
3450 3546 3538 3583 cor
3562 3527 3796 3600 lapideum

2238 3613 2303 3667 de
2323 3631 2478 3668 carne
2509 3631 2707 3682 eorum,
2737 3625 2785 3670 et
2807 3618 2942 3673 dabo
2960 3621 3034 3673 eis
3060 3635 3149 3674 cor
3177 3633 3448 3687 corneum,
3471 3632 3530 3677 ut
3558 3625 3607 3675 in
3630 3635 3798 3692 prisce-

2239 3707 2342 3777 ptis
2361 3708 2484 3761 meis
2497 3709 2775 3776 ambulent,
2793 3718 2841 3763 et
2851 3712 3058 3781 judicia
3077 3727 3191 3768 mea
3208 3716 3522 3779 custodiant,
3538 3715 3800 3787 faciantque

2241 3814 2324 3867 ea,
2352 3809 2402 3853 et
2441 3804 2542 3856 sint
2567 3803 2690 3856 mihi
2717 3803 2768 3857 in
2798 3806 3082 3876 populum,
3109 3819 3160 3865 et
3197 3825 3291 3881 ego
3319 3811 3421 3867 sim
3467 3811 3540 3866 eis
3567 3811 3619 3863 in
3656 3806 3804 3862 Deum

2241 3894 2538 3968 (Ezechiel.
2568 3912 2621 3951 xt
2641 3906 2688 3950 et
2712 3911 2881 3953 xxxvr
2901 3899 2942 3971 ).

1620 4052 1875 4110 ALARDI
1914 4052 2144 4108 GAZEI
2184 4053 2736 4111 COMMENTARIUS.

634 4207 658 4234 α
689 4194 910 4263 Vulgata
939 4192 1118 4247 versio
1149 4191 1342 4246 habet:
1379 4192 1518 4256 Quia
1541 4190 1676 4244 enim
1700 4190 1884 4263 bonum
1907 4191 2020 4254 eius
2037 4199 2129 4256 est,

561 4279 606 4323 et
631 4267 750 4338 quid
779 4262 1208 4338 pulchrumejus,
1242 4263 1340 4314 nisi
1360 4264 1685 4338 frumentum
1701 4262 2004 4338 electorum?
2027 4274 2130 4314 etc.

631 4331 656 4376 ιδ
701 4331 942 4392 Ιιτιίιιιιιο
965 4339 1016 4387 ιιι
1053 4331 1274 4400 Vulgata
1307 4334 1542 4386 editione
1585 4331 1798 4398 legitur.
1829 4332 1896 4386 At
1919 4335 1970 4385 in
2005 4349 2140 4385 non-

561 4412 720 4464 nullis
769 4405 1166 4472 antiquioribus
1215 4413 1297 4458 est
1336 4403 1714 4473 apprehendit,
1761 4413 1816 4456 ut
1867 4405 1917 4456 in
1949 4403 2140 4458 Graeco

562 4479 774 4553 εἴληφεν.
809 4479 875 4532 Ει
903 4476 1320 4553 cypfldlltlSlI-b.
1357 4490 1414 4528 Ill
1443 4475 1508 4528 ad
1531 4474 1869 4553 Qniritium;
1900 4473 2139 4529 Tentatio

560 4569 646 4607 vos
674 4546 776 4604 non
805 4546 1088 4616 occupauit,
1123 4550 1219 4600 nisi
1252 4547 1494 4598 humana.
1524 4549 1694 4610 Quam
1725 4546 2008 4600 lectionem
2045 4561 2138 4601 ve-

562 4641 678 4678 ram
724 4632 778 4675 et
823 4634 1128 4686 germanam
1181 4632 1299 4671 esse
1344 4617 1619 4670 contendit
1667 4617 1956 4671 Cassianus
2005 4617 2142 4673 libro

563 4703 748 4756 quinto
779 4691 1176 4744 lnstitutionum
1208 4692 1382 4756 capite
1413 4688 1623 4742 decimo
1645 4701 1797 4742 sexto
1827 4688 1910 4742 his
1932 4690 2140 4743 verbis:

561 4763 678 4819 Hoc
731 4763 962 4835 Apostoli
1011 4762 1349 4835 testimonium
1395 4775 1501 4835 non
1551 4757 1892 4835 intelligentes
1933 4759 2144 4835 quidam

599 4831 841 4890 osueruttt
891 4849 982 4903 pro
1022 4832 1298 4903 indicatiuo
1343 4831 1640 4903 optativum
1668 4832 1904 4892 ntodum.
1937 4831 1989 4884 id
2019 4840 2092 4884 est
2123 4847 2143 4903 .-

599 4854 841 4890 ostterum
891 4854 982 4903 pro
1022 4854 1298 4884 tnutcatwu
1343 4854 1626 4898 optativum
1668 4854 1904 4892 muuum.
1937 4854 1988 4884 tu
2019 4854 2092 4884 eu
2123 4854 2142 4885 .'

561 4854 802 4960 genialia
832 4921 917 4957 vos
949 4921 1048 4956 non
1076 4899 1459 4968 apprehendat,
1494 4901 1592 4953 nisi
1621 4899 1869 4965 humana,
1915 4903 2052 4972 quod
2079 4902 2142 4955 ab

560 4978 671 5046 ipso
704 4977 864 5045 magis
892 4976 994 5046 dici
1028 4977 1352 5046 matttfeslttm
1381 4981 1474 5046 est,
1502 4987 1601 5046 non
1632 4974 1876 5042 optantis,
1906 4971 1996 5046 sed
2023 4990 2142 5046 pro-

563 5042 848 5102 nuntianiis
879 5044 1087 5110 affectu.
1119 5043 1241 5097 Ila’c
1279 5044 1412 5110 ipse.
1452 5042 1600 5096 Unde
1631 5047 1822 5095 tttirum
1855 5053 1937 5097 est
1980 5045 2067 5097 hic
2111 5059 2140 5098 a

564 5121 742 5184 scipso
773 5118 1094 5178 dissentire,
1125 5123 1180 5168 et
1226 5114 1382 5166 aliam
1436 5113 1717 5167 lcetionem
1769 5115 1941 5182 sequi.
1989 5114 2143 5181 Quod

563 5183 690 5244 vero
719 5189 801 5240 hic
828 5189 1102 5254 sequitur:
1131 5185 1218 5238 sed
1240 5183 1388 5250 faciet
1420 5200 1534 5236 cum
1566 5187 1838 5237 tentatione
1862 5185 2015 5238 etiam
2037 5187 2146 5239 exi-

564 5270 671 5314 tum
699 5259 907 5322 (Grtece
935 5255 1204 5326 (acesten),
1225 5257 1301 5309 sic
1325 5256 1454 5308 citat
1479 5255 1621 5309 hunc
1647 5256 1820 5309 locum
1842 5256 1993 5310 divus
2024 5257 2149 5310 Ilie-

565 5346 822 5400 ronytnns
863 5328 916 5382 in
964 5345 1082 5398 cap.
1115 5325 1703 5400 tt'Jorna'.__Cyprianus
1747 5341 1874 5400 vero
1907 5345 1918 5378 :
1960 5327 2147 5381 Faciet

564 5397 683 5455 cuni
719 5400 1012 5453 tentatione
1034 5397 1097 5454 et
1123 5397 1383 5454 ev:tdendi
1433 5399 1760 5451 facultatem.
1791 5398 1923 5451 Cum
1965 5410 2142 5452 autem

566 5474 804 5527 ὺϐαἰνειν
823 5473 1086 5541 significet
1113 5474 1246 5524 ultra
1272 5472 1621 5541 prosequiLt-t
1644 5483 1980 5536 promovere,
2002 5481 2147 5522 recte

568 5545 725 5596 etiam
776 5535 935 5598 veriit
979 5545 1222 5612 vulgatus
1248 5535 1485 5609 interpI:
1520 5535 1699 5593 Faciet
1725 5555 1841 5591 cum
1877 5541 2151 5593 tentatione

570 5627 889 5682 prouentum.

643 5693 664 5720 ο
707 5682 975 5739 Timorem
1013 5684 1224 5740 Domini
1258 5684 1398 5738 inter
1426 5685 1564 5736 dona
1597 5681 1832 5744 Spiritus
1853 5682 2024 5735 sancti
2047 5698 2148 5734 llu-

569 5763 740 5814 mcrat
767 5754 930 5810 Isaias
953 5772 1073 5825 cap.
1107 5771 1180 5810 ιι.
1211 5755 1360 5822 Quod
1394 5769 1500 5809 non
1555 5755 1726 5808 Solum
1765 5754 1832 5806 de
1863 5753 2053 5807 timore
2085 5752 2149 5806 ii-

2235 4189 2346 4243 liali
2379 4188 2725 4256 intelligitur,
2752 4203 2858 4258 quo
2894 4191 3016 4259 quis
3055 4193 3243 4248 metuit
3272 4193 3448 4250 Deum
3479 4195 3742 4250 offendere
3763 4201 3808 4247 et

2238 4275 2333 4328 per
2364 4259 2624 4314 offensam
2653 4260 2720 4313 ab
2748 4276 2813 4314 eo
2843 4264 3104 4327 separari.
3146 4281 3333 4319 verum
3355 4270 3520 4321 etiam
3550 4270 3614 4322 de
3637 4276 3808 4320 timore

2240 4331 2446 4408 servili,
2477 4346 2583 4399 quo
2616 4331 2735 4408 quis
2767 4348 2793 4382 a
2828 4345 3051 4399 peccato
3073 4337 3401 4403 retrahitur;
3430 4355 3536 4393 non
3569 4348 3810 4408 quatenus

2238 4402 2450 4478 servilis
2471 4411 2584 4478 est,
2616 4403 2664 4455 id
2693 4409 2792 4464 est,
2814 4412 3088 4478 quatenus
3125 4402 3477 4471 coniunctum
3509 4402 3664 4464 habet
3691 4421 3806 4478 pec-

2240 4473 2397 4527 candi
2431 4473 2698 4548 allectum,
2734 4473 2824 4526 sed
2849 4484 3111 4548 quatenus
3143 4481 3303 4532 timur
3326 4481 3547 4548 quidam
3588 4491 3664 4534 est
3685 4473 3704 4543 ξ
3729 4491 3810 4544 per

2241 4559 2399 4619 quem
2426 4543 2698 4612 preposita
2719 4545 3157 4619 comminatione
3185 4543 3358 4615 poenaé
3392 4552 3684 4606 retrahitur
3707 4543 3811 4619 quis

2169 4637 2220 4695 ι)
2245 4616 2312 4670 ab
2333 4631 2506 4695 opere
2527 4616 2752 4695 peccati,
2783 4616 2868 4695 cu_i
2894 4631 3106 4684 pinnam
3133 4620 3460 4695 iilﬂﬂl_lt0\‘Il
3489 4638 3610 4678 esse
3631 4616 3814 4674 consti-

2247 4696 2434 4741 tutam.
2468 4686 2616 4740 Hunc
2643 4688 2784 4738 enim
2815 4685 3062 4740 titnorem
3094 4691 3390 4745 secundum
3414 4709 3474 4749 se
3505 4693 3695 4747 malum
3721 4704 3812 4744 non

2244 4771 2385 4831 esse,
2429 4758 2750 4831 quin_i_mmo
2774 4757 2972 4831 donum
3004 4758 3098 4831 Dei
3147 4776 3298 4828 esse,
3332 4765 3496 4819 docet
3542 4763 3815 4831 Apostolus

2245 4827 2402 4881 Rom.
2428 4841 2538 4903 νιιι.
2570 4827 2761 4903 Dtccns
2781 4828 2933 4903 enim
2961 4829 3132 4903 :_Non
3160 4827 3342 4886 iterum
3374 4827 3643 4902 accepistis
3678 4832 3814 4903 spiri»

2247 4909 2354 4978 tum
2377 4900 2649 4978 servitutis
2670 4900 2722 4978 in
2751 4902 2960 4978 timore,
2990 4901 3126 4955 haud
3158 4905 3396 4978 obscure
3425 4900 3816 4978 sngttiﬁeztt‘eta

2248 4970 2450 5042 Spiritu
2473 4979 2659 5042 sancto
2686 4974 2825 5042 hunc
2849 4973 3093 5024 timorem
3121 4975 3418 5042 ριοίὶοικοὶ,
3457 4970 3509 5032 εἲ
3537 4979 3604 5029 ali
3630 4992 3691 5029 eo
3712 4974 3815 5042 qni-

2244 5040 2470 5117 bnsdatn
2495 5040 2784 5117 aliquando
2813 5041 2992 5094 datum
3044 5043 3229 5117 fuisse,
3261 5040 3481 5102 scilicet
3511 5048 3702 5117 populo
3729 5040 3814 5098 In-

2244 5111 2400 5165 daico
2431 5112 2482 5164 in
2523 5113 2637 5171 ipsa
2670 5110 2802 5179 legis
2843 5116 3174 5180 acceptione.
3219 5116 3431 5170 Rursus
3461 5110 3754 5173 tt"l'imot'n.
3785 5128 3817 5170 ι.

2244 5197 2365 5236 cum
2398 5184 2506 5234 ait:
2541 5181 2659 5234 Non
2685 5185 2824 5234 enim
2850 5182 2988 5234 dedit
3018 5186 3157 5237 nobis
3187 5185 3322 5240 Deus
3347 5191 3587 5245 spiritum
3622 5184 3817 5245 timoris,

2246 5206 2365 5236 cum
2398 5206 2506 5234 att:
2541 5206 2659 5234 mm
2685 5206 2824 5234 enim
2850 5206 2987 5234 uetus
3018 5206 3157 5237 n00"
3187 5206 3322 5240 usus
3347 5206 3371 5240 8
3413 5206 3587 5242 ινιιιιηι
3622 5206 3817 5245 mnam,

2246 5269 2365 5307 eum
2391 5252 2643 5306 videlicet
2680 5254 2767 5320 qui
2809 5253 2936 5305 olim
2962 5254 3119 5309 datus
3151 5256 3324 5310 fuerat
3365 5206 3596 5314 fudistis.
3631 5256 3818 5312 Eodem

2246 5333 2453 5389 Spectat
2475 5324 2605 5376 illud
2633 5322 2784 5376 Isaia:
2818 5325 3231 5393 xxv1:Att‘more
3254 5339 3363 5393 tuo,
3396 5330 3634 5391 Domine,
3661 5341 3822 5381 conce-

2250 5397 2417 5470 pimus
2445 5395 2818 5470 et_peperimus
2849 5392 3117 5470 Spiritum
3137 5392 3356 5451 salutis.
3378 5399 3624 5470 Denique
3651 5399 3820 5470 sic‘in-

2251 5477 2330 5519 ter
2364 5466 2454 5518 Dei
2491 5464 2630 5516 dona
2668 5465 3077 5519 comtttendatur
3107 5468 3195 5523 hic
3227 5471 3425 5537 timor,
3463 5464 3822 5532 tttsecundum

2249 5537 2600 5606 quorumdam
2631 5537 3019 5601 expositimtent
3069 5538 3278 5593 dtcatttr
3309 5539 3540 5594 Initium
3577 5540 3824 5606 sapientia

2254 5609 2424 5672 (μιαί.
2455 5622 2546 5677 est
2569 5617 2613 5659 et
2654 5606 2983 5670 l’roverb.tt;
3016 5612 3200 5665 concil.
3233 5611 3469 5665 Trident.
3502 5630 3573 5667 ss.
3605 5616 3636 5666 6
3664 5627 3709 5663 c.
3736 5610 3827 5663 (iet

2250 5696 2366 5734 can.
2394 5681 2482 5749 2).
2509 5681 2597 5734 Sic
2621 5681 2766 5733 enim
2799 5679 2860 5732 υ.
2899 5680 3236 5749 Augustinus
3260 5692 3314 5738 et
3342 5682 3497 5740 Beda
3522 5684 3766 5755 exponit.
3860 5706 3866 5718 ι
