  <div class='ocr_page' id='page_1' title='image "/cluster/home/n/w/nwhite01/storage/ocr_20150623/49/hvd.32044015471543/298.png"; bbox 0 0 4012 6336; ppageno 0'>
   <div class='ocr_carea' id='block_1_1' title="bbox 190 333 273 397">
    <p class='ocr_par' dir='ltr' id='par_1_1' title="bbox 190 333 273 397">
     <span class='ocr_line' id='line_1_1' title="bbox 190 333 273 397; baseline 0.048 -4"><span class='ocrx_word' id='word_1_1' title='bbox 190 333 273 397; x_wconf 72' lang='grc'><strong>581</strong></span> 
     </span>
    </p>
   </div>
   <div class='ocr_carea' id='block_1_2' title="bbox 765 447 1158 507">
    <p class='ocr_par' dir='ltr' id='par_1_2' title="bbox 765 447 1158 507">
     <span class='ocr_line' id='line_1_2' title="bbox 765 447 1158 507; baseline -0.01 0"><span class='ocrx_word' id='word_1_2' title='bbox 765 447 989 507; x_wconf 79' lang='lat' dir='ltr'><strong>CAPUT</strong></span> <span class='ocrx_word' id='word_1_3' title='bbox 1016 449 1158 506; x_wconf 79' lang='lat' dir='ltr'><strong>XIX.</strong></span> 
     </span>
    </p>
   </div>
   <div class='ocr_carea' id='block_1_3' title="bbox 193 542 1758 667">
    <p class='ocr_par' dir='ltr' id='par_1_3' title="bbox 193 542 1758 667">
     <span class='ocr_line' id='line_1_3' title="bbox 193 542 1758 667; baseline -0.002 -67"><span class='ocrx_word' id='word_1_4' title='bbox 193 545 321 616; x_wconf 81' lang='lat' dir='ltr'><strong>Quod</strong></span> <span class='ocrx_word' id='word_1_5' title='bbox 344 543 554 600; x_wconf 76' lang='lat' dir='ltr'><strong>initium</strong></span> <span class='ocrx_word' id='word_1_6' title='bbox 592 543 874 667; x_wconf 61' lang='lat' dir='ltr'><strong>voluntat&#39;is</strong></span> <span class='ocrx_word' id='word_1_7' title='bbox 917 542 1064 626; x_wconf 69' lang='lat' dir='ltr'><strong>bona</strong></span> <span class='ocrx_word' id='word_1_8' title='bbox 1093 553 1157 626; x_wconf 39' lang='grc' dir='ltr'><strong>,σε</strong></span> <span class='ocrx_word' id='word_1_9' title='bbox 1191 544 1557 600; x_wconf 88' lang='lat' dir='ltr'><strong>consummatio</strong></span> <span class='ocrx_word' id='word_1_10' title='bbox 1586 546 1697 616; x_wconf 84' lang='lat' dir='ltr'><strong>ejus</strong></span> <span class='ocrx_word' id='word_1_11' title='bbox 1724 559 1758 597; x_wconf 90' lang='lat' dir='ltr'><strong>a</strong></span> 
     </span>
     <span class='ocr_line' id='line_1_4' title="bbox 857 625 1146 667; baseline 0 0"><span class='ocrx_word' id='word_1_12' title='bbox 857 631 1028 667; x_wconf 86' lang='lat' dir='ltr'><strong>ommo</strong></span> <span class='ocrx_word' id='word_1_13' title='bbox 1059 625 1146 667; x_wconf 76' lang='lat' dir='ltr'><strong>sit.</strong></span> 
     </span>
    </p>
   </div>
   <div class='ocr_carea' id='block_1_4' title="bbox 857 625 1146 669">
    <p class='ocr_par' dir='ltr' id='par_1_4' title="bbox 857 625 1146 669">
     <span class='ocr_line' id='line_1_5' title="bbox 857 625 1146 669; baseline 0 -1"><span class='ocrx_word' id='word_1_14' title='bbox 857 625 1028 669; x_wconf 78' lang='lat' dir='ltr'><strong>omina</strong></span> <span class='ocrx_word' id='word_1_15' title='bbox 1059 625 1146 669; x_wconf 80' lang='lat' dir='ltr'><strong>stt.</strong></span> 
     </span>
    </p>
   </div>
   <div class='ocr_carea' id='block_1_5' title="bbox 151 699 1756 780">
    <p class='ocr_par' dir='ltr' id='par_1_5' title="bbox 151 699 1756 780">
     <span class='ocr_line' id='line_1_6' title="bbox 151 699 1756 780; baseline -0.001 -16"><span class='ocrx_word' id='word_1_16' title='bbox 151 699 156 704; x_wconf 76' lang='grc'><em>’</em></span> <span class='ocrx_word' id='word_1_17' title='bbox 245 707 443 780; x_wconf 84' lang='lat' dir='ltr'><strong>Quibus</strong></span> <span class='ocrx_word' id='word_1_18' title='bbox 491 705 933 764; x_wconf 75' lang='lat' dir='ltr'><strong>manifestissime</strong></span> <span class='ocrx_word' id='word_1_19' title='bbox 972 706 1355 778; x_wconf 83' lang='lat' dir='ltr'><strong>perducemur,</strong></span> <span class='ocrx_word' id='word_1_20' title='bbox 1404 715 1459 764; x_wconf 92' lang='lat' dir='ltr'><strong>et</strong></span> <span class='ocrx_word' id='word_1_21' title='bbox 1488 715 1515 745; x_wconf 80' lang='grc' dir='ltr'>ι</span> <span class='ocrx_word' id='word_1_22' title='bbox 1547 707 1756 764; x_wconf 89' lang='lat' dir='ltr'><strong>initium</strong></span> 
     </span>
    </p>
   </div>
   <div class='ocr_carea' id='block_1_6' title="bbox 188 795 1757 868">
    <p class='ocr_par' dir='ltr' id='par_1_6' title="bbox 188 795 1757 868">
     <span class='ocr_line' id='line_1_7' title="bbox 188 795 1757 868; baseline -0.003 -12"><span class='ocrx_word' id='word_1_23' title='bbox 188 799 465 857; x_wconf 79' lang='lat' dir='ltr'><strong>voluntatis</strong></span> <span class='ocrx_word' id='word_1_24' title='bbox 510 795 670 854; x_wconf 77' lang='lat' dir='ltr'><strong>bona:</strong></span> <span class='ocrx_word' id='word_1_25' title='bbox 694 799 853 853; x_wconf 89' lang='lat' dir='ltr'><strong>nobis</strong></span> <span class='ocrx_word' id='word_1_26' title='bbox 881 796 1112 852; x_wconf 86' lang='lat' dir='ltr'><strong>Domino</strong></span> <span class='ocrx_word' id='word_1_27' title='bbox 1159 796 1461 868; x_wconf 75' lang='lat' dir='ltr'><strong>inspirante</strong></span> <span class='ocrx_word' id='word_1_28' title='bbox 1511 797 1757 862; x_wconf 88' lang='lat' dir='ltr'><strong>concedi,</strong></span> 
     </span>
    </p>
   </div>
   <div class='ocr_carea' id='block_1_7' title="bbox 188 890 1762 965">
    <p class='ocr_par' dir='ltr' id='par_1_7' title="bbox 188 890 1762 965">
     <span class='ocr_line' id='line_1_8' title="bbox 188 890 1762 965; baseline -0.004 -15"><span class='ocrx_word' id='word_1_29' title='bbox 188 911 293 950; x_wconf 87' lang='lat' dir='ltr'><strong>cum</strong></span> <span class='ocrx_word' id='word_1_30' title='bbox 315 904 405 950; x_wconf 90' lang='lat' dir='ltr'><strong>aut</strong></span> <span class='ocrx_word' id='word_1_31' title='bbox 423 909 521 965; x_wconf 90' lang='lat' dir='ltr'><strong>per</strong></span> <span class='ocrx_word' id='word_1_32' title='bbox 545 908 626 960; x_wconf 85' lang='lat' dir='ltr'><strong>se,</strong></span> <span class='ocrx_word' id='word_1_33' title='bbox 649 901 742 948; x_wconf 90' lang='lat' dir='ltr'><strong>aut</strong></span> <span class='ocrx_word' id='word_1_34' title='bbox 768 907 863 962; x_wconf 91' lang='lat' dir='ltr'><strong>per</strong></span> <span class='ocrx_word' id='word_1_35' title='bbox 892 891 1324 948; x_wconf 74' lang='lat' dir='ltr'><strong>exhortationem</strong></span> <span class='ocrx_word' id='word_1_36' title='bbox 1348 891 1635 960; x_wconf 86' lang='lat' dir='ltr'><strong>cujuslibet</strong></span> <span class='ocrx_word' id='word_1_37' title='bbox 1665 890 1762 944; x_wconf 88' lang='lat' dir='ltr'><strong>ho-</strong></span> 
     </span>
    </p>
   </div>
   <div class='ocr_carea' id='block_1_8' title="bbox 189 979 1764 1054">
    <p class='ocr_par' dir='ltr' id='par_1_8' title="bbox 189 979 1764 1054">
     <span class='ocr_line' id='line_1_9' title="bbox 189 979 1764 1054; baseline -0.004 -12"><span class='ocrx_word' id='word_1_38' title='bbox 189 987 352 1050; x_wconf 87' lang='lat' dir='ltr'><strong>minis,</strong></span> <span class='ocrx_word' id='word_1_39' title='bbox 382 995 479 1041; x_wconf 87' lang='lat' dir='ltr'><strong>aut</strong></span> <span class='ocrx_word' id='word_1_40' title='bbox 511 1001 608 1054; x_wconf 88' lang='lat' dir='ltr'><strong>per</strong></span> <span class='ocrx_word' id='word_1_41' title='bbox 636 985 1014 1040; x_wconf 83' lang='lat' dir='ltr'><strong>necessitatem</strong></span> <span class='ocrx_word' id='word_1_42' title='bbox 1063 997 1163 1038; x_wconf 90' lang='lat' dir='ltr'><strong>nos</strong></span> <span class='ocrx_word' id='word_1_43' title='bbox 1205 983 1273 1038; x_wconf 87' lang='lat' dir='ltr'><strong>ad</strong></span> <span class='ocrx_word' id='word_1_44' title='bbox 1304 983 1492 1037; x_wconf 88' lang='lat' dir='ltr'><strong>salutis</strong></span> <span class='ocrx_word' id='word_1_45' title='bbox 1539 979 1764 1036; x_wconf 89' lang='lat' dir='ltr'><strong>attrahit</strong></span> 
     </span>
    </p>
   </div>
   <div class='ocr_carea' id='block_1_9' title="bbox 189 1073 1764 1147">
    <p class='ocr_par' dir='ltr' id='par_1_9' title="bbox 189 1073 1764 1147">
     <span class='ocr_line' id='line_1_10' title="bbox 189 1073 1764 1147; baseline -0.002 -16"><span class='ocrx_word' id='word_1_46' title='bbox 189 1079 336 1141; x_wconf 87' lang='lat' dir='ltr'><strong>viam.</strong></span> <span class='ocrx_word' id='word_1_47' title='bbox 364 1085 420 1133; x_wconf 88' lang='lat' dir='ltr'><strong>et</strong></span> <span class='ocrx_word' id='word_1_48' title='bbox 448 1076 841 1147; x_wconf 79' lang='lat' dir='ltr'><strong>perfectionem</strong></span> <span class='ocrx_word' id='word_1_49' title='bbox 867 1074 1126 1130; x_wconf 89' lang='lat' dir='ltr'><strong>virtutum</strong></span> <span class='ocrx_word' id='word_1_50' title='bbox 1155 1073 1225 1129; x_wconf 91' lang='lat' dir='ltr'><strong>ab</strong></span> <span class='ocrx_word' id='word_1_51' title='bbox 1272 1074 1464 1130; x_wconf 89' lang='lat' dir='ltr'><strong>eodem</strong></span> <span class='ocrx_word' id='word_1_52' title='bbox 1513 1073 1764 1129; x_wconf 88' lang='lat' dir='ltr'><strong>similiter</strong></span> 
     </span>
    </p>
   </div>
   <div class='ocr_carea' id='block_1_10' title="bbox 190 1163 1764 1234">
    <p class='ocr_par' dir='ltr' id='par_1_10' title="bbox 190 1163 1764 1234">
     <span class='ocr_line' id='line_1_11' title="bbox 190 1163 1764 1234; baseline -0.003 -9"><span class='ocrx_word' id='word_1_53' title='bbox 190 1168 491 1234; x_wconf 88' lang='lat' dir='ltr'><strong>condonari;</strong></span> <span class='ocrx_word' id='word_1_54' title='bbox 516 1163 544 1207; x_wconf 67' lang='grc' dir='ltr'>δ</span> <span class='ocrx_word' id='word_1_55' title='bbox 564 1179 809 1224; x_wconf 89' lang='lat' dir='ltr'><strong>nostrum</strong></span> <span class='ocrx_word' id='word_1_56' title='bbox 824 1183 958 1223; x_wconf 89' lang='lat' dir='ltr'><strong>vero</strong></span> <span class='ocrx_word' id='word_1_57' title='bbox 973 1169 1074 1222; x_wconf 89' lang='lat' dir='ltr'><strong>hoc</strong></span> <span class='ocrx_word' id='word_1_58' title='bbox 1096 1180 1237 1230; x_wconf 89' lang='lat' dir='ltr'><strong>esse,</strong></span> <span class='ocrx_word' id='word_1_59' title='bbox 1259 1176 1316 1221; x_wconf 87' lang='lat' dir='ltr'><strong>ut</strong></span> <span class='ocrx_word' id='word_1_60' title='bbox 1333 1166 1764 1221; x_wconf 81' lang='lat' dir='ltr'><strong>exhortationem</strong></span> 
     </span>
    </p>
   </div>
   <div class='ocr_carea' id='block_1_11' title="bbox 191 1259 1766 1333">
    <p class='ocr_par' dir='ltr' id='par_1_11' title="bbox 191 1259 1766 1333">
     <span class='ocr_line' id='line_1_12' title="bbox 191 1259 1766 1333; baseline -0.002 -16"><span class='ocrx_word' id='word_1_61' title='bbox 191 1263 540 1333; x_wconf 80' lang='lat' dir='ltr'><strong>auxiliumque</strong></span> <span class='ocrx_word' id='word_1_62' title='bbox 569 1260 668 1318; x_wconf 87' lang='lat' dir='ltr'><strong>Dei</strong></span> <span class='ocrx_word' id='word_1_63' title='bbox 701 1259 784 1318; x_wconf 91' lang='lat' dir='ltr'><strong>vel</strong></span> <span class='ocrx_word' id='word_1_64' title='bbox 815 1262 1096 1316; x_wconf 86' lang='lat' dir='ltr'><strong>remissius</strong></span> <span class='ocrx_word' id='word_1_65' title='bbox 1134 1261 1218 1316; x_wconf 86' lang='lat' dir='ltr'><strong>vel</strong></span> <span class='ocrx_word' id='word_1_66' title='bbox 1248 1260 1461 1317; x_wconf 82' lang='lat' dir='ltr'><strong>enixius</strong></span> <span class='ocrx_word' id='word_1_67' title='bbox 1508 1275 1766 1331; x_wconf 87' lang='lat' dir='ltr'><strong>exsequa-</strong></span> 
     </span>
    </p>
   </div>
   <div class='ocr_carea' id='block_1_12' title="bbox 191 1351 1767 1430">
    <p class='ocr_par' dir='ltr' id='par_1_12' title="bbox 191 1351 1767 1430">
     <span class='ocr_line' id='line_1_13' title="bbox 191 1351 1767 1430; baseline 0 -18"><span class='ocrx_word' id='word_1_68' title='bbox 191 1373 319 1426; x_wconf 87' lang='lat' dir='ltr'><strong>mur,</strong></span> <span class='ocrx_word' id='word_1_69' title='bbox 343 1368 398 1412; x_wconf 90' lang='lat' dir='ltr'><strong>et</strong></span> <span class='ocrx_word' id='word_1_70' title='bbox 421 1373 521 1428; x_wconf 93' lang='lat' dir='ltr'><strong>pro</strong></span> <span class='ocrx_word' id='word_1_71' title='bbox 545 1355 716 1430; x_wconf 87' lang='lat' dir='ltr'><strong>[Lips.</strong></span> <span class='ocrx_word' id='word_1_72' title='bbox 743 1355 797 1412; x_wconf 88' lang='lat' dir='ltr'><strong>in</strong></span> <span class='ocrx_word' id='word_1_73' title='bbox 827 1373 992 1427; x_wconf 87' lang='lat' dir='ltr'><strong>marg.</strong></span> <span class='ocrx_word' id='word_1_74' title='bbox 1017 1351 1135 1427; x_wconf 86' lang='lat' dir='ltr'><strong>per]</strong></span> <span class='ocrx_word' id='word_1_75' title='bbox 1165 1357 1266 1412; x_wconf 89' lang='lat' dir='ltr'><strong>hoc</strong></span> <span class='ocrx_word' id='word_1_76' title='bbox 1295 1372 1392 1411; x_wconf 90' lang='lat' dir='ltr'><strong>nos</strong></span> <span class='ocrx_word' id='word_1_77' title='bbox 1411 1356 1491 1412; x_wconf 88' lang='lat' dir='ltr'><strong>vel</strong></span> <span class='ocrx_word' id='word_1_78' title='bbox 1521 1371 1767 1412; x_wconf 87' lang='lat' dir='ltr'><strong>remune-</strong></span> 
     </span>
    </p>
   </div>
   <div class='ocr_carea' id='block_1_13' title="bbox 191 1447 1767 1521">
    <p class='ocr_par' dir='ltr' id='par_1_13' title="bbox 191 1447 1767 1521">
     <span class='ocr_line' id='line_1_14' title="bbox 191 1447 1767 1521; baseline -0.002 -15"><span class='ocrx_word' id='word_1_79' title='bbox 191 1452 443 1506; x_wconf 79' lang='lat' dir='ltr'><strong>rationem</strong></span> <span class='ocrx_word' id='word_1_80' title='bbox 475 1448 561 1505; x_wconf 89' lang='lat' dir='ltr'><strong>vel</strong></span> <span class='ocrx_word' id='word_1_81' title='bbox 590 1447 852 1521; x_wconf 89' lang='lat' dir='ltr'><strong>supplicia</strong></span> <span class='ocrx_word' id='word_1_82' title='bbox 883 1449 1199 1519; x_wconf 91' lang='lat' dir='ltr'><strong>dignissima</strong></span> <span class='ocrx_word' id='word_1_83' title='bbox 1247 1449 1583 1519; x_wconf 86' lang='lat' dir='ltr'><strong>promereri,</strong></span> <span class='ocrx_word' id='word_1_84' title='bbox 1624 1447 1767 1518; x_wconf 90' lang='lat' dir='ltr'><strong>quod</strong></span> 
     </span>
    </p>
   </div>
   <div class='ocr_carea' id='block_1_14' title="bbox 191 1538 1766 1613">
    <p class='ocr_par' dir='ltr' id='par_1_14' title="bbox 191 1538 1766 1613">
     <span class='ocr_line' id='line_1_15' title="bbox 191 1538 1766 1613; baseline -0.003 -16"><span class='ocrx_word' id='word_1_85' title='bbox 191 1540 289 1613; x_wconf 82' lang='lat' dir='ltr'><strong>ejus</strong></span> <span class='ocrx_word' id='word_1_86' title='bbox 314 1539 709 1609; x_wconf 87' lang='lat' dir='ltr'><strong>dispensationi</strong></span> <span class='ocrx_word' id='word_1_87' title='bbox 733 1556 796 1595; x_wconf 92' lang='lat' dir='ltr'><strong>ac</strong></span> <span class='ocrx_word' id='word_1_88' title='bbox 821 1538 1192 1609; x_wconf 66' lang='lat' dir='ltr'><strong>providentiae,</strong></span> <span class='ocrx_word' id='word_1_89' title='bbox 1210 1555 1335 1612; x_wconf 88' lang='lat' dir='ltr'><strong>erga</strong></span> <span class='ocrx_word' id='word_1_90' title='bbox 1363 1555 1463 1596; x_wconf 88' lang='lat' dir='ltr'><strong>nos</strong></span> <span class='ocrx_word' id='word_1_91' title='bbox 1487 1540 1766 1612; x_wconf 84' lang='lat' dir='ltr'><strong>benignis-</strong></span> 
     </span>
    </p>
   </div>
   <div class='ocr_carea' id='block_1_15' title="bbox 192 1632 1770 1704">
    <p class='ocr_par' dir='ltr' id='par_1_15' title="bbox 192 1632 1770 1704">
     <span class='ocr_line' id='line_1_16' title="bbox 192 1632 1770 1704; baseline -0.001 -15"><span class='ocrx_word' id='word_1_92' title='bbox 192 1635 306 1689; x_wconf 84' lang='lat' dir='ltr'><strong>sima</strong></span> <span class='ocrx_word' id='word_1_93' title='bbox 358 1633 671 1704; x_wconf 78' lang='lat' dir='ltr'><strong>dignatione</strong></span> <span class='ocrx_word' id='word_1_94' title='bbox 701 1635 938 1698; x_wconf 65' lang='lat' dir='ltr'><strong>collatas,</strong></span> <span class='ocrx_word' id='word_1_95' title='bbox 969 1632 1050 1688; x_wconf 87' lang='lat' dir='ltr'><strong>vel</strong></span> <span class='ocrx_word' id='word_1_96' title='bbox 1086 1633 1418 1704; x_wconf 85' lang='lat' dir='ltr'><strong>negleximus</strong></span> <span class='ocrx_word' id='word_1_97' title='bbox 1447 1632 1533 1688; x_wconf 89' lang='lat' dir='ltr'><strong>vel</strong></span> <span class='ocrx_word' id='word_1_98' title='bbox 1564 1632 1770 1688; x_wconf 87' lang='lat' dir='ltr'><strong>studui-</strong></span> 
     </span>
    </p>
   </div>
   <div class='ocr_carea' id='block_1_16' title="bbox 195 1723 1794 1798">
    <p class='ocr_par' dir='ltr' id='par_1_16' title="bbox 195 1723 1794 1798">
     <span class='ocr_line' id='line_1_17' title="bbox 195 1723 1794 1798; baseline -0.001 -18"><span class='ocrx_word' id='word_1_99' title='bbox 195 1743 293 1780; x_wconf 87' lang='lat' dir='ltr'><strong>mus</strong></span> <span class='ocrx_word' id='word_1_100' title='bbox 325 1736 528 1781; x_wconf 76' lang='lat' dir='ltr'><strong>nostrze</strong></span> <span class='ocrx_word' id='word_1_101' title='bbox 565 1724 891 1781; x_wconf 68' lang='lat' dir='ltr'><strong>obedientire</strong></span> <span class='ocrx_word' id='word_1_102' title='bbox 929 1723 1221 1780; x_wconf 81' lang='lat' dir='ltr'><strong>devotione</strong></span> <span class='ocrx_word' id='word_1_103' title='bbox 1249 1741 1575 1798; x_wconf 82' lang='lat' dir='ltr'><strong>congruere.</strong></span> <span class='ocrx_word' id='word_1_104' title='bbox 1610 1724 1794 1792; x_wconf 18' lang='lat' dir='ltr'><strong>Quod.</strong></span> 
     </span>
    </p>
   </div>
   <div class='ocr_carea' id='block_1_17' title="bbox 909 321 2713 391">
    <p class='ocr_par' dir='ltr' id='par_1_17' title="bbox 909 321 2713 391">
     <span class='ocr_line' id='line_1_18' title="bbox 909 321 2713 391; baseline -0.006 0"><span class='ocrx_word' id='word_1_105' title='bbox 909 331 1244 391; x_wconf 82' lang='lat' dir='ltr'><strong>COLLATIO</strong></span> <span class='ocrx_word' id='word_1_106' title='bbox 1281 330 1368 388; x_wconf 87' lang='lat' dir='ltr'><strong>III.</strong></span> <span class='ocrx_word' id='word_1_107' title='bbox 1399 360 1472 374; x_wconf 94' lang='lat'><strong>—</strong></span> <span class='ocrx_word' id='word_1_108' title='bbox 1499 329 1587 386; x_wconf 88' lang='lat' dir='ltr'><strong>DE</strong></span> <span class='ocrx_word' id='word_1_109' title='bbox 1623 323 1872 385; x_wconf 82' lang='lat' dir='ltr'><strong>TRIBUS</strong></span> <span class='ocrx_word' id='word_1_110' title='bbox 1915 321 2713 385; x_wconf 63' lang='lat' dir='ltr'><strong>ABRENUNTIATIONIBUS.‘</strong></span> 
     </span>
    </p>
   </div>
   <div class='ocr_carea' id='block_1_18' title="bbox 3340 325 3449 386">
    <p class='ocr_par' dir='ltr' id='par_1_18' title="bbox 3340 325 3449 386">
     <span class='ocr_line' id='line_1_19' title="bbox 3340 325 3449 386; baseline 0.009 -1"><span class='ocrx_word' id='word_1_111' title='bbox 3340 325 3449 386; x_wconf 60' lang='lat'><strong>5332</strong></span> 
     </span>
    </p>
   </div>
   <div class='ocr_carea' id='block_1_19' title="bbox 1780 443 3451 518">
    <p class='ocr_par' dir='ltr' id='par_1_19' title="bbox 1780 443 3451 518">
     <span class='ocr_line' id='line_1_20' title="bbox 1780 443 3451 518; baseline 0.001 -18"><span class='ocrx_word' id='word_1_112' title='bbox 1780 446 1832 506; x_wconf 80' lang='grc' dir='ltr'>Α</span> <span class='ocrx_word' id='word_1_113' title='bbox 1859 443 2064 501; x_wconf 86' lang='lat' dir='ltr'><strong>cundos</strong></span> <span class='ocrx_word' id='word_1_114' title='bbox 2096 453 2254 518; x_wconf 85' lang='lat' dir='ltr'><strong>atque</strong></span> <span class='ocrx_word' id='word_1_115' title='bbox 2280 443 2592 510; x_wconf 88' lang='lat' dir='ltr'><strong>victoriam;</strong></span> <span class='ocrx_word' id='word_1_116' title='bbox 2625 453 2869 500; x_wconf 90' lang='lat' dir='ltr'><strong>nostrum</strong></span> <span class='ocrx_word' id='word_1_117' title='bbox 2926 457 3057 500; x_wconf 86' lang='lat' dir='ltr'><strong>vero</strong></span> <span class='ocrx_word' id='word_1_118' title='bbox 3079 457 3199 501; x_wconf 87' lang='lat' dir='ltr'><strong>esse</strong></span> <span class='ocrx_word' id='word_1_119' title='bbox 3226 453 3288 500; x_wconf 88' lang='lat' dir='ltr'><strong>ut</strong></span> <span class='ocrx_word' id='word_1_120' title='bbox 3319 460 3451 501; x_wconf 86' lang='lat' dir='ltr'><strong>con-</strong></span> 
     </span>
    </p>
   </div>
   <div class='ocr_carea' id='block_1_20' title="bbox 1862 533 3452 610">
    <p class='ocr_par' dir='ltr' id='par_1_20' title="bbox 1862 533 3452 610">
     <span class='ocr_line' id='line_1_21' title="bbox 1862 533 3452 610; baseline 0.001 -20"><span class='ocrx_word' id='word_1_121' title='bbox 1862 551 2012 593; x_wconf 85' lang='lat' dir='ltr'><strong>cessa</strong></span> <span class='ocrx_word' id='word_1_122' title='bbox 2042 535 2138 592; x_wconf 86' lang='lat' dir='ltr'><strong>Dei</strong></span> <span class='ocrx_word' id='word_1_123' title='bbox 2163 533 2425 593; x_wconf 82' lang='lat' dir='ltr'><strong>beneﬁcia</strong></span> <span class='ocrx_word' id='word_1_124' title='bbox 2450 537 2532 593; x_wconf 90' lang='lat' dir='ltr'><strong>vel</strong></span> <span class='ocrx_word' id='word_1_125' title='bbox 2560 535 2818 592; x_wconf 85' lang='lat' dir='ltr'><strong>intentius</strong></span> <span class='ocrx_word' id='word_1_126' title='bbox 2841 537 2926 593; x_wconf 90' lang='lat' dir='ltr'><strong>vel</strong></span> <span class='ocrx_word' id='word_1_127' title='bbox 2952 539 3169 609; x_wconf 75' lang='lat' dir='ltr'><strong>segnius</strong></span> <span class='ocrx_word' id='word_1_128' title='bbox 3190 554 3452 610; x_wconf 88' lang='lat' dir='ltr'><strong>exsequa-</strong></span> 
     </span>
    </p>
   </div>
   <div class='ocr_carea' id='block_1_21' title="bbox 1861 627 3454 697">
    <p class='ocr_par' dir='ltr' id='par_1_21' title="bbox 1861 627 3454 697">
     <span class='ocr_line' id='line_1_22' title="bbox 1861 627 3454 697; baseline -0.001 -12"><span class='ocrx_word' id='word_1_129' title='bbox 1861 645 2000 685; x_wconf 85' lang='lat' dir='ltr'><strong>mur.</strong></span> <span class='ocrx_word' id='word_1_130' title='bbox 2035 632 2208 697; x_wconf 84' lang='lat' dir='ltr'><strong>Qusm</strong></span> <span class='ocrx_word' id='word_1_131' title='bbox 2233 627 2498 684; x_wconf 91' lang='lat' dir='ltr'><strong>rationem</strong></span> <span class='ocrx_word' id='word_1_132' title='bbox 2529 629 2691 686; x_wconf 90' lang='lat' dir='ltr'><strong>etiam</strong></span> <span class='ocrx_word' id='word_1_133' title='bbox 2724 629 2779 684; x_wconf 92' lang='lat' dir='ltr'><strong>in</strong></span> <span class='ocrx_word' id='word_1_134' title='bbox 2810 627 3026 685; x_wconf 91' lang='lat' dir='ltr'><strong>illorum</strong></span> <span class='ocrx_word' id='word_1_135' title='bbox 3060 645 3327 686; x_wconf 75' lang='lat' dir='ltr'><strong>caecorum</strong></span> <span class='ocrx_word' id='word_1_136' title='bbox 3357 646 3454 685; x_wconf 83' lang='lat' dir='ltr'><strong>cu-</strong></span> 
     </span>
    </p>
   </div>
   <div class='ocr_carea' id='block_1_22' title="bbox 1863 715 3451 792">
    <p class='ocr_par' dir='ltr' id='par_1_22' title="bbox 1863 715 3451 792">
     <span class='ocr_line' id='line_1_23' title="bbox 1863 715 3451 792; baseline 0.001 -17"><span class='ocrx_word' id='word_1_137' title='bbox 1863 731 2072 775; x_wconf 76' lang='lat' dir='ltr'><strong>ratione</strong></span> <span class='ocrx_word' id='word_1_138' title='bbox 2118 719 2248 774; x_wconf 85' lang='lat' dir='ltr'><strong>satis</strong></span> <span class='ocrx_word' id='word_1_139' title='bbox 2298 716 2577 775; x_wconf 88' lang='lat' dir='ltr'><strong>evidenter</strong></span> <span class='ocrx_word' id='word_1_140' title='bbox 2625 720 2869 777; x_wconf 89' lang='lat' dir='ltr'><strong>videmus</strong></span> <span class='ocrx_word' id='word_1_141' title='bbox 2916 736 3250 792; x_wconf 84' lang='lat' dir='ltr'><strong>expressam.</strong></span> <span class='ocrx_word' id='word_1_142' title='bbox 3299 715 3451 789; x_wconf 91' lang='lat' dir='ltr'><strong>Quod</strong></span> 
     </span>
    </p>
   </div>
   <div class='ocr_carea' id='block_1_23' title="bbox 1859 808 3454 891">
    <p class='ocr_par' dir='ltr' id='par_1_23' title="bbox 1859 808 3454 891">
     <span class='ocr_line' id='line_1_24' title="bbox 1859 808 3454 891; baseline 0.003 -27"><span class='ocrx_word' id='word_1_143' title='bbox 1859 811 2005 891; x_wconf 82' lang='lat' dir='ltr'><strong>enim</strong></span> <span class='ocrx_word' id='word_1_144' title='bbox 2039 809 2248 864; x_wconf 88' lang='lat' dir='ltr'><strong>transiit</strong></span> <span class='ocrx_word' id='word_1_145' title='bbox 2274 820 2397 865; x_wconf 89' lang='lat' dir='ltr'><strong>ante</strong></span> <span class='ocrx_word' id='word_1_146' title='bbox 2427 825 2526 865; x_wconf 90' lang='lat' dir='ltr'><strong>eos</strong></span> <span class='ocrx_word' id='word_1_147' title='bbox 2554 808 2711 866; x_wconf 76' lang='lat' dir='ltr'><strong>Iesus</strong></span> <span class='ocrx_word' id='word_1_148' title='bbox 2731 852 2747 878; x_wconf 96' lang='lat'><strong>,</strong></span> <span class='ocrx_word' id='word_1_149' title='bbox 2779 811 2978 866; x_wconf 85' lang='lat' dir='ltr'><strong>divinae</strong></span> <span class='ocrx_word' id='word_1_150' title='bbox 3006 813 3366 884; x_wconf 65' lang='lat' dir='ltr'><strong>providentiae</strong></span> <span class='ocrx_word' id='word_1_151' title='bbox 3397 823 3454 868; x_wconf 90' lang='lat' dir='ltr'><strong>et</strong></span> 
     </span>
    </p>
   </div>
   <div class='ocr_carea' id='block_1_24' title="bbox 1863 899 3449 972">
    <p class='ocr_par' dir='ltr' id='par_1_24' title="bbox 1863 899 3449 972">
     <span class='ocr_line' id='line_1_25' title="bbox 1863 899 3449 972; baseline -0.001 -16"><span class='ocrx_word' id='word_1_152' title='bbox 1863 899 2187 972; x_wconf 77' lang='lat' dir='ltr'><strong>dignationis</strong></span> <span class='ocrx_word' id='word_1_153' title='bbox 2219 909 2300 956; x_wconf 90' lang='lat' dir='ltr'><strong>est</strong></span> <span class='ocrx_word' id='word_1_154' title='bbox 2325 901 2515 970; x_wconf 89' lang='lat' dir='ltr'><strong>gratia.</strong></span> <span class='ocrx_word' id='word_1_155' title='bbox 2546 899 2699 969; x_wconf 87' lang='lat' dir='ltr'><strong>Quod</strong></span> <span class='ocrx_word' id='word_1_156' title='bbox 2729 903 3114 968; x_wconf 81' lang='lat' dir='ltr'><strong>vociferantur,</strong></span> <span class='ocrx_word' id='word_1_157' title='bbox 3145 911 3200 958; x_wconf 92' lang='lat' dir='ltr'><strong>et</strong></span> <span class='ocrx_word' id='word_1_158' title='bbox 3227 903 3449 960; x_wconf 86' lang='lat' dir='ltr'><strong>dicunt:</strong></span> 
     </span>
    </p>
   </div>
   <div class='ocr_carea' id='block_1_25' title="bbox 1867 989 3456 1065">
    <p class='ocr_par' dir='ltr' id='par_1_25' title="bbox 1867 989 3456 1065">
     <span class='ocr_line' id='line_1_26' title="bbox 1867 989 3456 1065; baseline 0.001 -17"><span class='ocrx_word' id='word_1_159' title='bbox 1867 989 2112 1048; x_wconf 79' lang='lat' dir='ltr'><strong>Miserere</strong></span> <span class='ocrx_word' id='word_1_160' title='bbox 2138 993 2319 1058; x_wconf 88' lang='lat' dir='ltr'><strong>nostri,</strong></span> <span class='ocrx_word' id='word_1_161' title='bbox 2336 990 2576 1060; x_wconf 80' lang='lat' dir='ltr'><strong>Domine,</strong></span> <span class='ocrx_word' id='word_1_162' title='bbox 2606 993 2684 1064; x_wconf 80' lang='lat' dir='ltr'><strong>ﬁll</strong></span> <span class='ocrx_word' id='word_1_163' title='bbox 2707 993 2874 1048; x_wconf 88' lang='lat' dir='ltr'><strong>David</strong></span> <span class='ocrx_word' id='word_1_164' title='bbox 2895 989 3110 1063; x_wconf 75' lang='lat' dir='ltr'><strong>(Matth.</strong></span> <span class='ocrx_word' id='word_1_165' title='bbox 3138 995 3257 1065; x_wconf 83' lang='lat' dir='ltr'><strong>xx),</strong></span> <span class='ocrx_word' id='word_1_166' title='bbox 3276 991 3302 1032; x_wconf 75' lang='grc' dir='ltr'><strong>ά</strong></span> <span class='ocrx_word' id='word_1_167' title='bbox 3328 991 3456 1050; x_wconf 85' lang='lat' dir='ltr'><strong>ﬁdei</strong></span> 
     </span>
    </p>
   </div>
   <div class='ocr_carea' id='block_1_26' title="bbox 1864 1081 3458 1156">
    <p class='ocr_par' dir='ltr' id='par_1_26' title="bbox 1864 1081 3458 1156">
     <span class='ocr_line' id='line_1_27' title="bbox 1864 1081 3458 1156; baseline 0.001 -18"><span class='ocrx_word' id='word_1_168' title='bbox 1864 1084 2103 1154; x_wconf 88' lang='lat' dir='ltr'><strong>ipsorum</strong></span> <span class='ocrx_word' id='word_1_169' title='bbox 2135 1093 2189 1138; x_wconf 92' lang='lat' dir='ltr'><strong>et</strong></span> <span class='ocrx_word' id='word_1_170' title='bbox 2222 1081 2561 1138; x_wconf 82' lang='lat' dir='ltr'><strong>credulitatis</strong></span> <span class='ocrx_word' id='word_1_171' title='bbox 2603 1092 2686 1139; x_wconf 89' lang='lat' dir='ltr'><strong>est</strong></span> <span class='ocrx_word' id='word_1_172' title='bbox 2725 1099 2880 1156; x_wconf 80' lang='lat' dir='ltr'><strong>Opus.</strong></span> <span class='ocrx_word' id='word_1_173' title='bbox 2915 1081 3069 1152; x_wconf 85' lang='lat' dir='ltr'><strong>Quod</strong></span> <span class='ocrx_word' id='word_1_174' title='bbox 3111 1085 3284 1140; x_wconf 91' lang='lat' dir='ltr'><strong>visum</strong></span> <span class='ocrx_word' id='word_1_175' title='bbox 3314 1086 3458 1140; x_wconf 77' lang='lat' dir='ltr'><strong>reci-</strong></span> 
     </span>
    </p>
   </div>
   <div class='ocr_carea' id='block_1_27' title="bbox 1867 1175 3454 1249">
    <p class='ocr_par' dir='ltr' id='par_1_27' title="bbox 1867 1175 3454 1249">
     <span class='ocr_line' id='line_1_28' title="bbox 1867 1175 3454 1249; baseline 0.003 -17"><span class='ocrx_word' id='word_1_176' title='bbox 1867 1175 2023 1249; x_wconf 85' lang='lat' dir='ltr'><strong>piunt</strong></span> <span class='ocrx_word' id='word_1_177' title='bbox 2074 1176 2388 1246; x_wconf 90' lang='lat' dir='ltr'><strong>oculorum,</strong></span> <span class='ocrx_word' id='word_1_178' title='bbox 2442 1175 2642 1233; x_wconf 74' lang='lat' dir='ltr'><strong>divina:</strong></span> <span class='ocrx_word' id='word_1_179' title='bbox 2691 1178 3058 1234; x_wconf 87' lang='lat' dir='ltr'><strong>miserationis</strong></span> <span class='ocrx_word' id='word_1_180' title='bbox 3104 1188 3187 1234; x_wconf 89' lang='lat' dir='ltr'><strong>est</strong></span> <span class='ocrx_word' id='word_1_181' title='bbox 3235 1194 3454 1236; x_wconf 87' lang='lat' dir='ltr'><strong>munus.</strong></span> 
     </span>
    </p>
   </div>
   <div class='ocr_carea' id='block_1_28' title="bbox 1867 1269 3459 1343">
    <p class='ocr_par' dir='ltr' id='par_1_28' title="bbox 1867 1269 3459 1343">
     <span class='ocr_line' id='line_1_29' title="bbox 1867 1269 3459 1343; baseline 0.001 -17"><span class='ocrx_word' id='word_1_182' title='bbox 1867 1269 2020 1340; x_wconf 86' lang='lat' dir='ltr'><strong>Quod</strong></span> <span class='ocrx_word' id='word_1_183' title='bbox 2052 1281 2233 1328; x_wconf 91' lang='lat' dir='ltr'><strong>autem</strong></span> <span class='ocrx_word' id='word_1_184' title='bbox 2263 1271 2426 1327; x_wconf 90' lang='lat' dir='ltr'><strong>etiam</strong></span> <span class='ocrx_word' id='word_1_185' title='bbox 2453 1280 2573 1339; x_wconf 88' lang='lat' dir='ltr'><strong>post</strong></span> <span class='ocrx_word' id='word_1_186' title='bbox 2601 1273 3006 1342; x_wconf 90' lang='lat' dir='ltr'><strong>perceptionem</strong></span> <span class='ocrx_word' id='word_1_187' title='bbox 3031 1271 3322 1343; x_wconf 87' lang='lat' dir='ltr'><strong>cujuslibet</strong></span> <span class='ocrx_word' id='word_1_188' title='bbox 3342 1289 3459 1328; x_wconf 90' lang='lat' dir='ltr'><strong>mu-</strong></span> 
     </span>
    </p>
   </div>
   <div class='ocr_carea' id='block_1_29' title="bbox 1872 1361 3460 1434">
    <p class='ocr_par' dir='ltr' id='par_1_29' title="bbox 1872 1361 3460 1434">
     <span class='ocr_line' id='line_1_30' title="bbox 1872 1361 3460 1434; baseline 0.001 -16"><span class='ocrx_word' id='word_1_189' title='bbox 1872 1365 2020 1420; x_wconf 88' lang='lat' dir='ltr'><strong>neris</strong></span> <span class='ocrx_word' id='word_1_190' title='bbox 2051 1374 2156 1418; x_wconf 91' lang='lat' dir='ltr'><strong>tam</strong></span> <span class='ocrx_word' id='word_1_191' title='bbox 2185 1362 2356 1434; x_wconf 90' lang='lat' dir='ltr'><strong>gratia</strong></span> <span class='ocrx_word' id='word_1_192' title='bbox 2391 1361 2482 1418; x_wconf 91' lang='lat' dir='ltr'><strong>Dei</strong></span> <span class='ocrx_word' id='word_1_193' title='bbox 2505 1379 2666 1434; x_wconf 86' lang='lat' dir='ltr'><strong>quam</strong></span> <span class='ocrx_word' id='word_1_194' title='bbox 2695 1363 2835 1417; x_wconf 86' lang='lat' dir='ltr'><strong>ratio</strong></span> <span class='ocrx_word' id='word_1_195' title='bbox 2860 1361 3015 1418; x_wconf 91' lang='lat' dir='ltr'><strong>liberi</strong></span> <span class='ocrx_word' id='word_1_196' title='bbox 3039 1361 3247 1418; x_wconf 87' lang='lat' dir='ltr'><strong>arbitrii</strong></span> <span class='ocrx_word' id='word_1_197' title='bbox 3275 1379 3460 1434; x_wconf 83' lang='lat' dir='ltr'><strong>perse-</strong></span> 
     </span>
    </p>
   </div>
   <div class='ocr_carea' id='block_1_30' title="bbox 1869 1454 3458 1526">
    <p class='ocr_par' dir='ltr' id='par_1_30' title="bbox 1869 1454 3458 1526">
     <span class='ocr_line' id='line_1_31' title="bbox 1869 1454 3458 1526; baseline 0.001 -17"><span class='ocrx_word' id='word_1_198' title='bbox 1869 1465 2045 1522; x_wconf 88' lang='lat' dir='ltr'><strong>veret,</strong></span> <span class='ocrx_word' id='word_1_199' title='bbox 2077 1454 2660 1526; x_wconf 88' lang='lat' dir='ltr'><strong>leprosorumquoque</strong></span> <span class='ocrx_word' id='word_1_200' title='bbox 2702 1454 2891 1509; x_wconf 87' lang='lat' dir='ltr'><strong>decem</strong></span> <span class='ocrx_word' id='word_1_201' title='bbox 2920 1456 3012 1525; x_wconf 90' lang='lat' dir='ltr'><strong>qui</strong></span> <span class='ocrx_word' id='word_1_202' title='bbox 3057 1455 3260 1524; x_wconf 90' lang='lat' dir='ltr'><strong>pariter</strong></span> <span class='ocrx_word' id='word_1_203' title='bbox 3286 1454 3458 1510; x_wconf 75' lang='lat' dir='ltr'><strong>Curati</strong></span> 
     </span>
    </p>
   </div>
   <div class='ocr_carea' id='block_1_31' title="bbox 1870 1543 3462 1619">
    <p class='ocr_par' dir='ltr' id='par_1_31' title="bbox 1870 1543 3462 1619">
     <span class='ocr_line' id='line_1_32' title="bbox 1870 1543 3462 1619; baseline -0.001 -17"><span class='ocrx_word' id='word_1_204' title='bbox 1870 1557 2000 1602; x_wconf 84' lang='lat' dir='ltr'><strong>sunt</strong></span> <span class='ocrx_word' id='word_1_205' title='bbox 2045 1545 2286 1602; x_wconf 89' lang='lat' dir='ltr'><strong>declarat</strong></span> <span class='ocrx_word' id='word_1_206' title='bbox 2333 1547 2643 1614; x_wconf 81' lang='lat' dir='ltr'><strong>exemplum</strong></span> <span class='ocrx_word' id='word_1_207' title='bbox 2684 1543 2878 1619; x_wconf 65' lang='lat' dir='ltr'><strong>(Lucis</strong></span> <span class='ocrx_word' id='word_1_208' title='bbox 2915 1543 3082 1614; x_wconf 87' lang='lat' dir='ltr'><strong>xvtt).</strong></span> <span class='ocrx_word' id='word_1_209' title='bbox 3137 1544 3216 1601; x_wconf 85' lang='lat' dir='ltr'><strong>Ex</strong></span> <span class='ocrx_word' id='word_1_210' title='bbox 3264 1547 3462 1618; x_wconf 86' lang='lat' dir='ltr'><strong>quibus</strong></span> 
     </span>
    </p>
   </div>
   <div class='ocr_carea' id='block_1_32' title="bbox 1870 1637 3463 1708">
    <p class='ocr_par' dir='ltr' id='par_1_32' title="bbox 1870 1637 3463 1708">
     <span class='ocr_line' id='line_1_33' title="bbox 1870 1637 3463 1708; baseline 0 -14"><span class='ocrx_word' id='word_1_211' title='bbox 1870 1639 1998 1694; x_wconf 88' lang='lat' dir='ltr'><strong>dum</strong></span> <span class='ocrx_word' id='word_1_212' title='bbox 2025 1654 2165 1694; x_wconf 87' lang='lat' dir='ltr'><strong>unus</strong></span> <span class='ocrx_word' id='word_1_213' title='bbox 2196 1654 2289 1708; x_wconf 86' lang='lat' dir='ltr'><strong>per</strong></span> <span class='ocrx_word' id='word_1_214' title='bbox 2312 1638 2520 1692; x_wconf 88' lang='lat' dir='ltr'><strong>arbitrii</strong></span> <span class='ocrx_word' id='word_1_215' title='bbox 2549 1637 2629 1691; x_wconf 90' lang='lat' dir='ltr'><strong>sui</strong></span> <span class='ocrx_word' id='word_1_216' title='bbox 2667 1637 2864 1692; x_wconf 92' lang='lat' dir='ltr'><strong>bonum</strong></span> <span class='ocrx_word' id='word_1_217' title='bbox 2897 1639 3190 1708; x_wconf 78' lang='lat' dir='ltr'><strong>gratiarum</strong></span> <span class='ocrx_word' id='word_1_218' title='bbox 3230 1637 3463 1694; x_wconf 88' lang='lat' dir='ltr'><strong>restituit</strong></span> 
     </span>
    </p>
   </div>
   <div class='ocr_carea' id='block_1_33' title="bbox 1871 1728 3461 1800">
    <p class='ocr_par' dir='ltr' id='par_1_33' title="bbox 1871 1728 3461 1800">
     <span class='ocr_line' id='line_1_34' title="bbox 1871 1728 3461 1800; baseline -0.002 -14"><span class='ocrx_word' id='word_1_219' title='bbox 1871 1732 2172 1795; x_wconf 89' lang='lat' dir='ltr'><strong>actionem,</strong></span> <span class='ocrx_word' id='word_1_220' title='bbox 2205 1729 2465 1785; x_wconf 88' lang='lat' dir='ltr'><strong>Dominus</strong></span> <span class='ocrx_word' id='word_1_221' title='bbox 2496 1743 2689 1784; x_wconf 83' lang='lat' dir='ltr'><strong>novem</strong></span> <span class='ocrx_word' id='word_1_222' title='bbox 2723 1728 3314 1800; x_wconf 84' lang='lat' dir='ltr'><strong>inquirens,unumque</strong></span> <span class='ocrx_word' id='word_1_223' title='bbox 3345 1730 3461 1784; x_wconf 89' lang='lat' dir='ltr'><strong>col-</strong></span> 
     </span>
    </p>
   </div>
   <div class='ocr_carea' id='block_1_34' title="bbox 194 1818 3463 1892">
    <p class='ocr_par' dir='ltr' id='par_1_34' title="bbox 194 1818 3463 1892">
     <span class='ocr_line' id='line_1_35' title="bbox 194 1818 3463 1892; baseline 0.001 -18"><span class='ocrx_word' id='word_1_224' title='bbox 194 1819 460 1874; x_wconf 88' lang='lat' dir='ltr'><strong>evidenter</strong></span> <span class='ocrx_word' id='word_1_225' title='bbox 509 1818 562 1872; x_wconf 92' lang='lat' dir='ltr'><strong>in</strong></span> <span class='ocrx_word' id='word_1_226' title='bbox 615 1818 1036 1873; x_wconf 89' lang='lat' dir='ltr'><strong>Deuteronomio</strong></span> <span class='ocrx_word' id='word_1_227' title='bbox 1073 1828 1366 1890; x_wconf 88' lang='lat' dir='ltr'><strong>aperteque</strong></span> <span class='ocrx_word' id='word_1_228' title='bbox 1406 1819 1770 1874; x_wconf 87' lang='lat' dir='ltr'><strong>describitur:</strong></span> <span class='ocrx_word' id='word_1_229' title='bbox 1806 1823 1852 1884; x_wconf 84' lang='lat' dir='ltr'><strong>B</strong></span> <span class='ocrx_word' id='word_1_230' title='bbox 1879 1823 2122 1890; x_wconf 86' lang='lat' dir='ltr'><strong>laudans,</strong></span> <span class='ocrx_word' id='word_1_231' title='bbox 2151 1823 2569 1878; x_wconf 86' lang='lat' dir='ltr'><strong>sollicitudinem</strong></span> <span class='ocrx_word' id='word_1_232' title='bbox 2593 1821 2844 1892; x_wconf 87' lang='lat' dir='ltr'><strong>adjutorii</strong></span> <span class='ocrx_word' id='word_1_233' title='bbox 2881 1821 2962 1876; x_wconf 90' lang='lat' dir='ltr'><strong>sui</strong></span> <span class='ocrx_word' id='word_1_234' title='bbox 2993 1822 3155 1878; x_wconf 89' lang='lat' dir='ltr'><strong>etiam</strong></span> <span class='ocrx_word' id='word_1_235' title='bbox 3185 1821 3328 1877; x_wconf 87' lang='lat' dir='ltr'><strong>circa</strong></span> <span class='ocrx_word' id='word_1_236' title='bbox 3361 1823 3463 1876; x_wconf 85' lang='lat' dir='ltr'><strong>im-</strong></span> 
     </span>
    </p>
   </div>
   <div class='ocr_carea' id='block_1_35' title="bbox 195 1909 1772 1981">
    <p class='ocr_par' dir='ltr' id='par_1_35' title="bbox 195 1909 1772 1981">
     <span class='ocr_line' id='line_1_36' title="bbox 195 1909 1772 1981; baseline -0.001 -15"><span class='ocrx_word' id='word_1_237' title='bbox 195 1913 329 1979; x_wconf 81' lang='lat' dir='ltr'><strong>Cum,</strong></span> <span class='ocrx_word' id='word_1_238' title='bbox 365 1910 570 1981; x_wconf 82' lang='lat' dir='ltr'><strong>inquit,</strong></span> <span class='ocrx_word' id='word_1_239' title='bbox 599 1909 944 1964; x_wconf 73' lang='lat' dir='ltr'><strong>introduxerit</strong></span> <span class='ocrx_word' id='word_1_240' title='bbox 997 1918 1044 1963; x_wconf 88' lang='lat' dir='ltr'><strong>te</strong></span> <span class='ocrx_word' id='word_1_241' title='bbox 1103 1909 1354 1964; x_wconf 76' lang='lat' dir='ltr'><strong>Dominus</strong></span> <span class='ocrx_word' id='word_1_242' title='bbox 1388 1910 1525 1964; x_wconf 89' lang='lat' dir='ltr'><strong>Deus</strong></span> <span class='ocrx_word' id='word_1_243' title='bbox 1570 1918 1686 1964; x_wconf 85' lang='lat' dir='ltr'><strong>tuus</strong></span> <span class='ocrx_word' id='word_1_244' title='bbox 1716 1912 1772 1964; x_wconf 89' lang='lat' dir='ltr'><strong>in</strong></span> 
     </span>
    </p>
   </div>
   <div class='ocr_carea' id='block_1_36' title="bbox 195 2001 1775 2075">
    <p class='ocr_par' dir='ltr' id='par_1_36' title="bbox 195 2001 1775 2075">
     <span class='ocr_line' id='line_1_37' title="bbox 195 2001 1775 2075; baseline 0.001 -20"><span class='ocrx_word' id='word_1_245' title='bbox 195 2014 372 2057; x_wconf 86' lang='lat' dir='ltr'><strong>terram</strong></span> <span class='ocrx_word' id='word_1_246' title='bbox 399 2019 552 2074; x_wconf 85' lang='lat' dir='ltr'><strong>quam</strong></span> <span class='ocrx_word' id='word_1_247' title='bbox 577 2018 904 2072; x_wconf 84' lang='lat' dir='ltr'><strong>possessurus</strong></span> <span class='ocrx_word' id='word_1_248' title='bbox 932 2001 1258 2071; x_wconf 84' lang='lat' dir='ltr'><strong>ingredieris,</strong></span> <span class='ocrx_word' id='word_1_249' title='bbox 1277 2011 1324 2055; x_wconf 91' lang='lat' dir='ltr'><strong>et</strong></span> <span class='ocrx_word' id='word_1_250' title='bbox 1347 2002 1581 2057; x_wconf 76' lang='lat' dir='ltr'><strong>deleverit</strong></span> <span class='ocrx_word' id='word_1_251' title='bbox 1603 2011 1775 2075; x_wconf 79' lang='lat' dir='ltr'><strong>gentes</strong></span> 
     </span>
    </p>
   </div>
   <div class='ocr_carea' id='block_1_37' title="bbox 195 2091 1773 2165">
    <p class='ocr_par' dir='ltr' id='par_1_37' title="bbox 195 2091 1773 2165">
     <span class='ocr_line' id='line_1_38' title="bbox 195 2091 1773 2165; baseline -0.002 -15"><span class='ocrx_word' id='word_1_252' title='bbox 195 2099 373 2150; x_wconf 79' lang='lat' dir='ltr'><strong>multas</strong></span> <span class='ocrx_word' id='word_1_253' title='bbox 422 2111 598 2150; x_wconf 84' lang='lat' dir='ltr'><strong>coram</strong></span> <span class='ocrx_word' id='word_1_254' title='bbox 639 2104 705 2159; x_wconf 87' lang='lat' dir='ltr'><strong>te,</strong></span> <span class='ocrx_word' id='word_1_255' title='bbox 736 2091 978 2148; x_wconf 66' lang='lat' dir='ltr'><strong>Ethazum</strong></span> <span class='ocrx_word' id='word_1_256' title='bbox 1003 2136 1018 2160; x_wconf 94' lang='lat'><strong>,</strong></span> <span class='ocrx_word' id='word_1_257' title='bbox 1047 2103 1097 2148; x_wconf 87' lang='lat' dir='ltr'><strong>et</strong></span> <span class='ocrx_word' id='word_1_258' title='bbox 1140 2093 1481 2165; x_wconf 78' lang='lat' dir='ltr'><strong>Gergesteum,</strong></span> <span class='ocrx_word' id='word_1_259' title='bbox 1512 2103 1561 2147; x_wconf 88' lang='lat' dir='ltr'><strong>et</strong></span> <span class='ocrx_word' id='word_1_260' title='bbox 1588 2094 1773 2148; x_wconf 84' lang='lat' dir='ltr'><strong>Amor-</strong></span> 
     </span>
    </p>
   </div>
   <div class='ocr_carea' id='block_1_38' title="bbox 195 2183 1772 2254">
    <p class='ocr_par' dir='ltr' id='par_1_38' title="bbox 195 2183 1772 2254">
     <span class='ocr_line' id='line_1_39' title="bbox 195 2183 1772 2254; baseline -0.001 -13"><span class='ocrx_word' id='word_1_261' title='bbox 195 2191 397 2254; x_wconf 74' lang='lat' dir='ltr'><strong>rhaum,</strong></span> <span class='ocrx_word' id='word_1_262' title='bbox 423 2187 791 2253; x_wconf 69' lang='lat' dir='ltr'><strong>Chananwum,</strong></span> <span class='ocrx_word' id='word_1_263' title='bbox 825 2195 874 2240; x_wconf 89' lang='lat' dir='ltr'><strong>et</strong></span> <span class='ocrx_word' id='word_1_264' title='bbox 903 2183 1234 2241; x_wconf 69' lang='lat' dir='ltr'><strong>Pheresa’um</strong></span> <span class='ocrx_word' id='word_1_265' title='bbox 1255 2229 1270 2252; x_wconf 95' lang='lat'><strong>,</strong></span> <span class='ocrx_word' id='word_1_266' title='bbox 1303 2185 1514 2241; x_wconf 80' lang='lat' dir='ltr'><strong>Evteum</strong></span> <span class='ocrx_word' id='word_1_267' title='bbox 1540 2197 1587 2241; x_wconf 88' lang='lat' dir='ltr'><strong>et</strong></span> <span class='ocrx_word' id='word_1_268' title='bbox 1612 2187 1772 2240; x_wconf 76' lang='lat' dir='ltr'><strong>Iebu-</strong></span> 
     </span>
    </p>
   </div>
   <div class='ocr_carea' id='block_1_39' title="bbox 196 2278 1766 2350">
    <p class='ocr_par' dir='ltr' id='par_1_39' title="bbox 196 2278 1766 2350">
     <span class='ocr_line' id='line_1_40' title="bbox 196 2278 1766 2350; baseline -0.003 -14"><span class='ocrx_word' id='word_1_269' title='bbox 196 2297 364 2346; x_wconf 71' lang='lat' dir='ltr'><strong>saeum,</strong></span> <span class='ocrx_word' id='word_1_270' title='bbox 390 2289 583 2346; x_wconf 78' lang='lat' dir='ltr'><strong>septem</strong></span> <span class='ocrx_word' id='word_1_271' title='bbox 620 2289 796 2350; x_wconf 80' lang='lat' dir='ltr'><strong>gentes</strong></span> <span class='ocrx_word' id='word_1_272' title='bbox 826 2278 988 2332; x_wconf 88' lang='lat' dir='ltr'><strong>multo</strong></span> <span class='ocrx_word' id='word_1_273' title='bbox 1033 2280 1248 2350; x_wconf 86' lang='lat' dir='ltr'><strong>majoris</strong></span> <span class='ocrx_word' id='word_1_274' title='bbox 1292 2281 1513 2343; x_wconf 89' lang='lat' dir='ltr'><strong>numeri,</strong></span> <span class='ocrx_word' id='word_1_275' title='bbox 1545 2289 1591 2332; x_wconf 88' lang='lat' dir='ltr'><strong>et</strong></span> <span class='ocrx_word' id='word_1_276' title='bbox 1619 2279 1766 2332; x_wconf 85' lang='lat' dir='ltr'><strong>robu-</strong></span> 
     </span>
    </p>
   </div>
   <div class='ocr_carea' id='block_1_40' title="bbox 195 2378 1776 2451">
    <p class='ocr_par' dir='ltr' id='par_1_40' title="bbox 195 2378 1776 2451">
     <span class='ocr_line' id='line_1_41' title="bbox 195 2378 1776 2451; baseline 0.003 -23"><span class='ocrx_word' id='word_1_277' title='bbox 195 2379 362 2432; x_wconf 85' lang='lat' dir='ltr'><strong>stiores</strong></span> <span class='ocrx_word' id='word_1_278' title='bbox 412 2388 480 2447; x_wconf 90' lang='lat' dir='ltr'><strong>te,</strong></span> <span class='ocrx_word' id='word_1_279' title='bbox 510 2380 884 2450; x_wconf 88' lang='lat' dir='ltr'><strong>tradideritque</strong></span> <span class='ocrx_word' id='word_1_280' title='bbox 926 2397 1012 2434; x_wconf 91' lang='lat' dir='ltr'><strong>eas</strong></span> <span class='ocrx_word' id='word_1_281' title='bbox 1059 2378 1169 2444; x_wconf 83' lang='lat' dir='ltr'><strong>tibi,</strong></span> <span class='ocrx_word' id='word_1_282' title='bbox 1202 2380 1452 2451; x_wconf 85' lang='lat' dir='ltr'><strong>percuties</strong></span> <span class='ocrx_word' id='word_1_283' title='bbox 1479 2396 1566 2432; x_wconf 83' lang='lat' dir='ltr'><strong>eas</strong></span> <span class='ocrx_word' id='word_1_284' title='bbox 1611 2395 1776 2448; x_wconf 85' lang='lat' dir='ltr'><strong>usque</strong></span> 
     </span>
    </p>
   </div>
   <div class='ocr_carea' id='block_1_41' title="bbox 195 2467 1775 2540">
    <p class='ocr_par' dir='ltr' id='par_1_41' title="bbox 195 2467 1775 2540">
     <span class='ocr_line' id='line_1_42' title="bbox 195 2467 1775 2540; baseline 0.002 -22"><span class='ocrx_word' id='word_1_285' title='bbox 195 2467 250 2518; x_wconf 85' lang='lat' dir='ltr'><strong>ad</strong></span> <span class='ocrx_word' id='word_1_286' title='bbox 263 2471 678 2537; x_wconf 80' lang='lat' dir='ltr'><strong>internecionem;</strong></span> <span class='ocrx_word' id='word_1_287' title='bbox 700 2488 802 2524; x_wconf 88' lang='lat' dir='ltr'><strong>non</strong></span> <span class='ocrx_word' id='word_1_288' title='bbox 826 2471 978 2524; x_wconf 88' lang='lat' dir='ltr'><strong>inibis</strong></span> <span class='ocrx_word' id='word_1_289' title='bbox 1004 2487 1118 2524; x_wconf 83' lang='lat' dir='ltr'><strong>cum</strong></span> <span class='ocrx_word' id='word_1_290' title='bbox 1139 2472 1210 2524; x_wconf 87' lang='lat' dir='ltr'><strong>eis</strong></span> <span class='ocrx_word' id='word_1_291' title='bbox 1235 2473 1416 2540; x_wconf 68' lang='lat' dir='ltr'><strong>foedus,</strong></span> <span class='ocrx_word' id='word_1_292' title='bbox 1433 2486 1589 2538; x_wconf 86' lang='lat' dir='ltr'><strong>neque</strong></span> <span class='ocrx_word' id='word_1_293' title='bbox 1608 2470 1775 2522; x_wconf 82' lang='lat' dir='ltr'><strong>socia-</strong></span> 
     </span>
    </p>
   </div>
   <div class='ocr_carea' id='block_1_42' title="bbox 196 2559 1774 2635">
    <p class='ocr_par' dir='ltr' id='par_1_42' title="bbox 196 2559 1774 2635">
     <span class='ocr_line' id='line_1_43' title="bbox 196 2559 1774 2635; baseline 0.002 -24"><span class='ocrx_word' id='word_1_294' title='bbox 196 2559 257 2612; x_wconf 76' lang='lat' dir='ltr'><strong>bis</strong></span> <span class='ocrx_word' id='word_1_295' title='bbox 277 2577 396 2614; x_wconf 81' lang='lat' dir='ltr'><strong>cum</strong></span> <span class='ocrx_word' id='word_1_296' title='bbox 435 2561 506 2615; x_wconf 90' lang='lat' dir='ltr'><strong>eis</strong></span> <span class='ocrx_word' id='word_1_297' title='bbox 535 2563 780 2635; x_wconf 87' lang='lat' dir='ltr'><strong>conjugia</strong></span> <span class='ocrx_word' id='word_1_298' title='bbox 807 2561 1060 2632; x_wconf 78' lang='lat' dir='ltr'><strong>(Denter.</strong></span> <span class='ocrx_word' id='word_1_299' title='bbox 1091 2560 1206 2630; x_wconf 86' lang='lat' dir='ltr'><strong>vn).</strong></span> <span class='ocrx_word' id='word_1_300' title='bbox 1237 2561 1388 2629; x_wconf 88' lang='lat' dir='ltr'><strong>Quod</strong></span> <span class='ocrx_word' id='word_1_301' title='bbox 1420 2561 1578 2630; x_wconf 83' lang='lat' dir='ltr'><strong>igitur</strong></span> <span class='ocrx_word' id='word_1_302' title='bbox 1606 2561 1774 2614; x_wconf 81' lang='lat' dir='ltr'><strong>intro-</strong></span> 
     </span>
    </p>
   </div>
   <div class='ocr_carea' id='block_1_43' title="bbox 195 2648 1775 2723">
    <p class='ocr_par' dir='ltr' id='par_1_43' title="bbox 195 2648 1775 2723">
     <span class='ocr_line' id='line_1_44' title="bbox 195 2648 1775 2723; baseline 0.001 -19"><span class='ocrx_word' id='word_1_303' title='bbox 195 2648 455 2708; x_wconf 87' lang='lat' dir='ltr'><strong>ducuntur</strong></span> <span class='ocrx_word' id='word_1_304' title='bbox 502 2654 556 2708; x_wconf 90' lang='lat' dir='ltr'><strong>in</strong></span> <span class='ocrx_word' id='word_1_305' title='bbox 603 2661 803 2709; x_wconf 88' lang='lat' dir='ltr'><strong>terram</strong></span> <span class='ocrx_word' id='word_1_306' title='bbox 846 2653 1318 2723; x_wconf 88' lang='lat' dir='ltr'><strong>repromissionis,</strong></span> <span class='ocrx_word' id='word_1_307' title='bbox 1351 2649 1493 2722; x_wconf 87' lang='lat' dir='ltr'><strong>quod</strong></span> <span class='ocrx_word' id='word_1_308' title='bbox 1525 2651 1775 2706; x_wconf 90' lang='lat' dir='ltr'><strong>delentur</strong></span> 
     </span>
    </p>
   </div>
   <div class='ocr_carea' id='block_1_44' title="bbox 193 2745 1773 2817">
    <p class='ocr_par' dir='ltr' id='par_1_44' title="bbox 193 2745 1773 2817">
     <span class='ocr_line' id='line_1_45' title="bbox 193 2745 1773 2817; baseline 0.001 -18"><span class='ocrx_word' id='word_1_309' title='bbox 193 2755 374 2815; x_wconf 84' lang='lat' dir='ltr'><strong>gentes</strong></span> <span class='ocrx_word' id='word_1_310' title='bbox 415 2746 600 2800; x_wconf 56' lang='lat' dir='ltr'><strong>multa;</strong></span> <span class='ocrx_word' id='word_1_311' title='bbox 631 2762 814 2802; x_wconf 88' lang='lat' dir='ltr'><strong>coram</strong></span> <span class='ocrx_word' id='word_1_312' title='bbox 862 2749 963 2811; x_wconf 92' lang='lat' dir='ltr'><strong>eis,</strong></span> <span class='ocrx_word' id='word_1_313' title='bbox 991 2748 1131 2817; x_wconf 92' lang='lat' dir='ltr'><strong>quod</strong></span> <span class='ocrx_word' id='word_1_314' title='bbox 1165 2745 1452 2800; x_wconf 88' lang='lat' dir='ltr'><strong>traduntur</strong></span> <span class='ocrx_word' id='word_1_315' title='bbox 1481 2746 1532 2799; x_wconf 89' lang='lat' dir='ltr'><strong>in</strong></span> <span class='ocrx_word' id='word_1_316' title='bbox 1581 2760 1773 2800; x_wconf 86' lang='lat' dir='ltr'><strong>manus</strong></span> 
     </span>
    </p>
   </div>
   <div class='ocr_carea' id='block_1_45' title="bbox 195 2837 1771 2907">
    <p class='ocr_par' dir='ltr' id='par_1_45' title="bbox 195 2837 1771 2907">
     <span class='ocr_line' id='line_1_46' title="bbox 195 2837 1771 2907; baseline -0.001 -17"><span class='ocrx_word' id='word_1_317' title='bbox 195 2851 374 2891; x_wconf 88' lang='lat' dir='ltr'><strong>eorum</strong></span> <span class='ocrx_word' id='word_1_318' title='bbox 404 2839 656 2893; x_wconf 88' lang='lat' dir='ltr'><strong>nationes</strong></span> <span class='ocrx_word' id='word_1_319' title='bbox 673 2838 895 2907; x_wconf 87' lang='lat' dir='ltr'><strong>majoris</strong></span> <span class='ocrx_word' id='word_1_320' title='bbox 913 2838 1144 2902; x_wconf 82' lang='lat' dir='ltr'><strong>numeri,</strong></span> <span class='ocrx_word' id='word_1_321' title='bbox 1170 2845 1226 2892; x_wconf 89' lang='lat' dir='ltr'><strong>et</strong></span> <span class='ocrx_word' id='word_1_322' title='bbox 1257 2837 1590 2890; x_wconf 87' lang='lat' dir='ltr'><strong>robustiores</strong></span> <span class='ocrx_word' id='word_1_323' title='bbox 1611 2849 1771 2904; x_wconf 88' lang='lat' dir='ltr'><strong>quam</strong></span> 
     </span>
    </p>
   </div>
   <div class='ocr_carea' id='block_1_46' title="bbox 193 2927 1772 2999">
    <p class='ocr_par' dir='ltr' id='par_1_46' title="bbox 193 2927 1772 2999">
     <span class='ocr_line' id='line_1_47' title="bbox 193 2927 1772 2999; baseline 0.003 -21"><span class='ocrx_word' id='word_1_324' title='bbox 193 2929 414 2998; x_wconf 81' lang='lat' dir='ltr'><strong>populus</strong></span> <span class='ocrx_word' id='word_1_325' title='bbox 443 2929 626 2996; x_wconf 87' lang='lat' dir='ltr'><strong>Israel,</strong></span> <span class='ocrx_word' id='word_1_326' title='bbox 661 2929 760 2986; x_wconf 89' lang='lat' dir='ltr'><strong>Dei</strong></span> <span class='ocrx_word' id='word_1_327' title='bbox 803 2944 923 2985; x_wconf 88' lang='lat' dir='ltr'><strong>esse</strong></span> <span class='ocrx_word' id='word_1_328' title='bbox 963 2930 1194 2999; x_wconf 89' lang='lat' dir='ltr'><strong>gratiam</strong></span> <span class='ocrx_word' id='word_1_329' title='bbox 1224 2927 1500 2996; x_wconf 89' lang='lat' dir='ltr'><strong>Scriptura</strong></span> <span class='ocrx_word' id='word_1_330' title='bbox 1533 2942 1772 2998; x_wconf 91' lang='lat' dir='ltr'><strong>pronun-</strong></span> 
     </span>
    </p>
   </div>
   <div class='ocr_carea' id='block_1_47' title="bbox 194 3019 1770 3092">
    <p class='ocr_par' dir='ltr' id='par_1_47' title="bbox 194 3019 1770 3092">
     <span class='ocr_line' id='line_1_48' title="bbox 194 3019 1770 3092; baseline 0.001 -19"><span class='ocrx_word' id='word_1_331' title='bbox 194 3022 297 3076; x_wconf 87' lang='lat' dir='ltr'><strong>tiat.</strong></span> <span class='ocrx_word' id='word_1_332' title='bbox 330 3019 527 3077; x_wconf 84' lang='lat' dir='ltr'><strong>Utrum</strong></span> <span class='ocrx_word' id='word_1_333' title='bbox 566 3032 746 3077; x_wconf 87' lang='lat' dir='ltr'><strong>autem</strong></span> <span class='ocrx_word' id='word_1_334' title='bbox 777 3022 1048 3092; x_wconf 89' lang='lat' dir='ltr'><strong>percutiat</strong></span> <span class='ocrx_word' id='word_1_335' title='bbox 1085 3037 1176 3076; x_wconf 92' lang='lat' dir='ltr'><strong>eas</strong></span> <span class='ocrx_word' id='word_1_336' title='bbox 1204 3020 1368 3076; x_wconf 86' lang='lat' dir='ltr'><strong>Israel</strong></span> <span class='ocrx_word' id='word_1_337' title='bbox 1402 3036 1572 3092; x_wconf 92' lang='lat' dir='ltr'><strong>usque</strong></span> <span class='ocrx_word' id='word_1_338' title='bbox 1594 3020 1660 3075; x_wconf 89' lang='lat' dir='ltr'><strong>ad</strong></span> <span class='ocrx_word' id='word_1_339' title='bbox 1683 3021 1770 3075; x_wconf 89' lang='lat' dir='ltr'><strong>in-</strong></span> 
     </span>
    </p>
   </div>
   <div class='ocr_carea' id='block_1_48' title="bbox 194 3115 1766 3182">
    <p class='ocr_par' dir='ltr' id='par_1_48' title="bbox 194 3115 1766 3182">
     <span class='ocr_line' id='line_1_49' title="bbox 194 3115 1766 3182; baseline -0.002 -13"><span class='ocrx_word' id='word_1_340' title='bbox 194 3115 587 3178; x_wconf 75' lang='lat' dir='ltr'><strong>ternecionem,</strong></span> <span class='ocrx_word' id='word_1_341' title='bbox 634 3129 702 3168; x_wconf 88' lang='lat' dir='ltr'><strong>an</strong></span> <span class='ocrx_word' id='word_1_342' title='bbox 745 3123 990 3170; x_wconf 87' lang='lat' dir='ltr'><strong>reservet</strong></span> <span class='ocrx_word' id='word_1_343' title='bbox 1037 3129 1129 3169; x_wconf 90' lang='lat' dir='ltr'><strong>eas</strong></span> <span class='ocrx_word' id='word_1_344' title='bbox 1158 3123 1213 3169; x_wconf 87' lang='lat' dir='ltr'><strong>et</strong></span> <span class='ocrx_word' id='word_1_345' title='bbox 1262 3123 1469 3182; x_wconf 86' lang='lat' dir='ltr'><strong>parcat,</strong></span> <span class='ocrx_word' id='word_1_346' title='bbox 1503 3121 1560 3169; x_wconf 92' lang='lat' dir='ltr'><strong>et</strong></span> <span class='ocrx_word' id='word_1_347' title='bbox 1588 3120 1766 3168; x_wconf 87' lang='lat' dir='ltr'><strong>utrum</strong></span> 
     </span>
    </p>
   </div>
   <div class='ocr_carea' id='block_1_49' title="bbox 1878 1913 3462 1985">
    <p class='ocr_par' dir='ltr' id='par_1_49' title="bbox 1878 1913 3462 1985">
     <span class='ocr_line' id='line_1_50' title="bbox 1878 1913 3462 1985; baseline 0.002 -17"><span class='ocrx_word' id='word_1_348' title='bbox 1878 1930 2151 1970; x_wconf 90' lang='lat' dir='ltr'><strong>memores</strong></span> <span class='ocrx_word' id='word_1_349' title='bbox 2197 1913 2584 1970; x_wconf 84' lang='lat' dir='ltr'><strong>beneﬁciorum</strong></span> <span class='ocrx_word' id='word_1_350' title='bbox 2632 1930 2853 1969; x_wconf 89' lang='lat' dir='ltr'><strong>suorum</strong></span> <span class='ocrx_word' id='word_1_351' title='bbox 2891 1914 3070 1985; x_wconf 75' lang='lat' dir='ltr'><strong>iugem</strong></span> <span class='ocrx_word' id='word_1_352' title='bbox 3123 1915 3356 1971; x_wconf 90' lang='lat' dir='ltr'><strong>retinere</strong></span> <span class='ocrx_word' id='word_1_353' title='bbox 3402 1930 3462 1971; x_wconf 86' lang='lat' dir='ltr'><strong>se</strong></span> 
     </span>
    </p>
   </div>
   <div class='ocr_carea' id='block_1_50' title="bbox 1877 2005 3460 2074">
    <p class='ocr_par' dir='ltr' id='par_1_50' title="bbox 1877 2005 3460 2074">
     <span class='ocr_line' id='line_1_51' title="bbox 1877 2005 3460 2074; baseline 0 -13"><span class='ocrx_word' id='word_1_354' title='bbox 1877 2013 2166 2062; x_wconf 88' lang='lat' dir='ltr'><strong>monstrat.</strong></span> <span class='ocrx_word' id='word_1_355' title='bbox 2199 2007 2312 2063; x_wconf 88' lang='lat' dir='ltr'><strong>lloc</strong></span> <span class='ocrx_word' id='word_1_356' title='bbox 2360 2006 2532 2074; x_wconf 82' lang='lat' dir='ltr'><strong>ipsum</strong></span> <span class='ocrx_word' id='word_1_357' title='bbox 2570 2007 2715 2062; x_wconf 89' lang='lat' dir='ltr'><strong>enim</strong></span> <span class='ocrx_word' id='word_1_358' title='bbox 2747 2006 3074 2061; x_wconf 89' lang='lat' dir='ltr'><strong>visitationis</strong></span> <span class='ocrx_word' id='word_1_359' title='bbox 3122 2021 3232 2062; x_wconf 51' lang='lat' dir='ltr'><strong>suae.</strong></span> <span class='ocrx_word' id='word_1_360' title='bbox 3260 2005 3460 2061; x_wconf 88' lang='lat' dir='ltr'><strong>donum</strong></span> 
     </span>
    </p>
   </div>
   <div class='ocr_carea' id='block_1_51' title="bbox 1876 2098 3466 2170">
    <p class='ocr_par' dir='ltr' id='par_1_51' title="bbox 1876 2098 3466 2170">
     <span class='ocr_line' id='line_1_52' title="bbox 1876 2098 3466 2170; baseline -0.001 -16"><span class='ocrx_word' id='word_1_361' title='bbox 1876 2109 1980 2166; x_wconf 79' lang='lat' dir='ltr'><strong>eSt,</strong></span> <span class='ocrx_word' id='word_1_362' title='bbox 2004 2099 2146 2169; x_wconf 80' lang='lat' dir='ltr'><strong>quod</strong></span> <span class='ocrx_word' id='word_1_363' title='bbox 2175 2099 2261 2153; x_wconf 90' lang='lat' dir='ltr'><strong>vel</strong></span> <span class='ocrx_word' id='word_1_364' title='bbox 2290 2099 2516 2168; x_wconf 84' lang='lat' dir='ltr'><strong>suscipit</strong></span> <span class='ocrx_word' id='word_1_365' title='bbox 2544 2105 2601 2153; x_wconf 89' lang='lat' dir='ltr'><strong>et</strong></span> <span class='ocrx_word' id='word_1_366' title='bbox 2630 2098 2892 2169; x_wconf 87' lang='lat' dir='ltr'><strong>approbat</strong></span> <span class='ocrx_word' id='word_1_367' title='bbox 2921 2109 3157 2170; x_wconf 85' lang='lat' dir='ltr'><strong>gratum,</strong></span> <span class='ocrx_word' id='word_1_368' title='bbox 3181 2099 3263 2155; x_wconf 89' lang='lat' dir='ltr'><strong>vel</strong></span> <span class='ocrx_word' id='word_1_369' title='bbox 3286 2100 3466 2170; x_wconf 84' lang='lat' dir='ltr'><strong>requi-</strong></span> 
     </span>
    </p>
   </div>
   <div class='ocr_carea' id='block_1_52' title="bbox 1878 2190 2700 2263">
    <p class='ocr_par' dir='ltr' id='par_1_52' title="bbox 1878 2190 2700 2263">
     <span class='ocr_line' id='line_1_53' title="bbox 1878 2190 2700 2263; baseline -0.004 -16"><span class='ocrx_word' id='word_1_370' title='bbox 1878 2191 1950 2248; x_wconf 89' lang='lat' dir='ltr'><strong>rit</strong></span> <span class='ocrx_word' id='word_1_371' title='bbox 1975 2207 2037 2247; x_wconf 85' lang='lat' dir='ltr'><strong>ac</strong></span> <span class='ocrx_word' id='word_1_372' title='bbox 2065 2190 2416 2263; x_wconf 88' lang='lat' dir='ltr'><strong>reprehendit</strong></span> <span class='ocrx_word' id='word_1_373' title='bbox 2445 2195 2700 2262; x_wconf 88' lang='lat' dir='ltr'><strong>ingratos.</strong></span> 
     </span>
    </p>
   </div>
   <div class='ocr_carea' id='block_1_53' title="bbox 2478 2281 2863 2339">
    <p class='ocr_par' dir='ltr' id='par_1_53' title="bbox 2478 2281 2863 2339">
     <span class='ocr_line' id='line_1_54' title="bbox 2478 2281 2863 2339; baseline 0 -1"><span class='ocrx_word' id='word_1_374' title='bbox 2478 2281 2707 2339; x_wconf 84' lang='lat' dir='ltr'><strong>CAPUT</strong></span> <span class='ocrx_word' id='word_1_375' title='bbox 2745 2282 2863 2338; x_wconf 80' lang='lat' dir='ltr'><strong>XX.</strong></span> 
     </span>
    </p>
   </div>
   <div class='ocr_carea' id='block_1_54' title="bbox 2043 2374 3317 2447">
    <p class='ocr_par' dir='ltr' id='par_1_54' title="bbox 2043 2374 3317 2447">
     <span class='ocr_line' id='line_1_55' title="bbox 2043 2374 3317 2447; baseline -0.002 -14"><span class='ocrx_word' id='word_1_376' title='bbox 2043 2377 2195 2446; x_wconf 85' lang='lat' dir='ltr'><strong>Quod</strong></span> <span class='ocrx_word' id='word_1_377' title='bbox 2214 2375 2347 2432; x_wconf 77' lang='lat' dir='ltr'><strong>nihil</strong></span> <span class='ocrx_word' id='word_1_378' title='bbox 2372 2376 2425 2431; x_wconf 92' lang='lat' dir='ltr'><strong>in</strong></span> <span class='ocrx_word' id='word_1_379' title='bbox 2457 2374 2547 2432; x_wconf 74' lang='lat' dir='ltr'><strong>bac</strong></span> <span class='ocrx_word' id='word_1_380' title='bbox 2575 2377 2769 2429; x_wconf 87' lang='lat' dir='ltr'><strong>mundo</strong></span> <span class='ocrx_word' id='word_1_381' title='bbox 2796 2377 2906 2430; x_wconf 87' lang='lat' dir='ltr'><strong>sine</strong></span> <span class='ocrx_word' id='word_1_382' title='bbox 2936 2375 3046 2430; x_wconf 88' lang='lat' dir='ltr'><strong>Deo</strong></span> <span class='ocrx_word' id='word_1_383' title='bbox 3088 2383 3317 2447; x_wconf 83' lang='lat' dir='ltr'><strong>geratur.</strong></span> 
     </span>
    </p>
   </div>
   <div class='ocr_carea' id='block_1_55' title="bbox 1945 2467 3464 2536">
    <p class='ocr_par' dir='ltr' id='par_1_55' title="bbox 1945 2467 3464 2536">
     <span class='ocr_line' id='line_1_56' title="bbox 1945 2467 3464 2536; baseline -0.001 -10"><span class='ocrx_word' id='word_1_384' title='bbox 1945 2470 2181 2527; x_wconf 89' lang='lat' dir='ltr'><strong>Credere</strong></span> <span class='ocrx_word' id='word_1_385' title='bbox 2206 2482 2384 2525; x_wconf 89' lang='lat' dir='ltr'><strong>tamen</strong></span> <span class='ocrx_word' id='word_1_386' title='bbox 2417 2467 2737 2524; x_wconf 85' lang='lat' dir='ltr'><strong>inconcussa</strong></span> <span class='ocrx_word' id='word_1_387' title='bbox 2761 2467 2865 2523; x_wconf 85' lang='lat' dir='ltr'><strong>llde</strong></span> <span class='ocrx_word' id='word_1_388' title='bbox 2903 2483 3001 2523; x_wconf 89' lang='lat' dir='ltr'><strong>nos</strong></span> <span class='ocrx_word' id='word_1_389' title='bbox 3031 2469 3303 2536; x_wconf 90' lang='lat' dir='ltr'><strong>convenit,</strong></span> <span class='ocrx_word' id='word_1_390' title='bbox 3328 2467 3464 2525; x_wconf 88' lang='lat' dir='ltr'><strong>nihil</strong></span> 
     </span>
    </p>
   </div>
   <div class='ocr_carea' id='block_1_56' title="bbox 1874 2558 3464 2632">
    <p class='ocr_par' dir='ltr' id='par_1_56' title="bbox 1874 2558 3464 2632">
     <span class='ocr_line' id='line_1_57' title="bbox 1874 2558 3464 2632; baseline -0.003 -12"><span class='ocrx_word' id='word_1_391' title='bbox 1874 2563 1992 2620; x_wconf 84' lang='lat' dir='ltr'><strong>sine</strong></span> <span class='ocrx_word' id='word_1_392' title='bbox 2028 2564 2136 2618; x_wconf 88' lang='lat' dir='ltr'><strong>Deo</strong></span> <span class='ocrx_word' id='word_1_393' title='bbox 2166 2576 2388 2632; x_wconf 88' lang='lat' dir='ltr'><strong>prorsus</strong></span> <span class='ocrx_word' id='word_1_394' title='bbox 2429 2559 2482 2614; x_wconf 94' lang='lat' dir='ltr'><strong>in</strong></span> <span class='ocrx_word' id='word_1_395' title='bbox 2526 2560 2626 2614; x_wconf 91' lang='lat' dir='ltr'><strong>hoc</strong></span> <span class='ocrx_word' id='word_1_396' title='bbox 2657 2558 2856 2614; x_wconf 90' lang='lat' dir='ltr'><strong>mundo</strong></span> <span class='ocrx_word' id='word_1_397' title='bbox 2881 2561 3018 2630; x_wconf 89' lang='lat' dir='ltr'><strong>geri.</strong></span> <span class='ocrx_word' id='word_1_398' title='bbox 3049 2558 3168 2615; x_wconf 81' lang='lat' dir='ltr'><strong>Au&#39;t-</strong></span> <span class='ocrx_word' id='word_1_399' title='bbox 3195 2563 3337 2616; x_wconf 87' lang='lat' dir='ltr'><strong>enim</strong></span> <span class='ocrx_word' id='word_1_400' title='bbox 3366 2567 3464 2616; x_wconf 84' lang='lat' dir='ltr'><strong>vo-</strong></span> 
     </span>
    </p>
   </div>
   <div class='ocr_carea' id='block_1_57' title="bbox 1874 2651 3463 2723">
    <p class='ocr_par' dir='ltr' id='par_1_57' title="bbox 1874 2651 3463 2723">
     <span class='ocr_line' id='line_1_58' title="bbox 1874 2651 3463 2723; baseline -0.002 -13"><span class='ocrx_word' id='word_1_401' title='bbox 1874 2653 2083 2710; x_wconf 91' lang='lat' dir='ltr'><strong>luntate</strong></span> <span class='ocrx_word' id='word_1_402' title='bbox 2105 2656 2222 2723; x_wconf 90' lang='lat' dir='ltr'><strong>ejus</strong></span> <span class='ocrx_word' id='word_1_403' title='bbox 2252 2663 2343 2707; x_wconf 89' lang='lat' dir='ltr'><strong>aut</strong></span> <span class='ocrx_word' id='word_1_404' title='bbox 2374 2651 2642 2722; x_wconf 89' lang='lat' dir='ltr'><strong>permissu</strong></span> <span class='ocrx_word' id='word_1_405' title='bbox 2665 2651 2750 2722; x_wconf 84' lang='lat' dir='ltr'><strong>agi</strong></span> <span class='ocrx_word' id='word_1_406' title='bbox 2782 2652 3029 2706; x_wconf 89' lang='lat' dir='ltr'><strong>universa</strong></span> <span class='ocrx_word' id='word_1_407' title='bbox 3059 2651 3334 2707; x_wconf 90' lang='lat' dir='ltr'><strong>fatendum</strong></span> <span class='ocrx_word' id='word_1_408' title='bbox 3359 2662 3463 2722; x_wconf 90' lang='lat' dir='ltr'><strong>est,</strong></span> 
     </span>
    </p>
   </div>
   <div class='ocr_carea' id='block_1_58' title="bbox 1873 2742 3465 2816">
    <p class='ocr_par' dir='ltr' id='par_1_58' title="bbox 1873 2742 3465 2816">
     <span class='ocr_line' id='line_1_59' title="bbox 1873 2742 3465 2816; baseline 0.001 -15"><span class='ocrx_word' id='word_1_409' title='bbox 1873 2758 1932 2802; x_wconf 92' lang='lat' dir='ltr'><strong>ut</strong></span> <span class='ocrx_word' id='word_1_410' title='bbox 1953 2745 2163 2801; x_wconf 89' lang='lat' dir='ltr'><strong>scilicet</strong></span> <span class='ocrx_word' id='word_1_411' title='bbox 2195 2745 2310 2799; x_wconf 74' lang='lat' dir='ltr'><strong>hzec</strong></span> <span class='ocrx_word' id='word_1_412' title='bbox 2333 2759 2452 2813; x_wconf 69' lang='lat' dir='ltr'><strong>quas</strong></span> <span class='ocrx_word' id='word_1_413' title='bbox 2482 2745 2619 2799; x_wconf 88' lang='lat' dir='ltr'><strong>bona</strong></span> <span class='ocrx_word' id='word_1_414' title='bbox 2659 2752 2812 2808; x_wconf 86' lang='lat' dir='ltr'><strong>sunt,</strong></span> <span class='ocrx_word' id='word_1_415' title='bbox 2847 2746 3124 2799; x_wconf 90' lang='lat' dir='ltr'><strong>voluntate</strong></span> <span class='ocrx_word' id='word_1_416' title='bbox 3155 2742 3248 2800; x_wconf 88' lang='lat' dir='ltr'><strong>Dei</strong></span> <span class='ocrx_word' id='word_1_417' title='bbox 3281 2745 3465 2816; x_wconf 84' lang='lat' dir='ltr'><strong>perfici</strong></span> 
     </span>
    </p>
   </div>
   <div class='ocr_carea' id='block_1_59' title="bbox 1872 2837 3464 2911">
    <p class='ocr_par' dir='ltr' id='par_1_59' title="bbox 1872 2837 3464 2911">
     <span class='ocr_line' id='line_1_60' title="bbox 1872 2837 3464 2911; baseline 0 -17"><span class='ocrx_word' id='word_1_418' title='bbox 1872 2840 2186 2911; x_wconf 86' lang='lat' dir='ltr'><strong>auxilioque</strong></span> <span class='ocrx_word' id='word_1_419' title='bbox 2233 2837 2550 2903; x_wconf 90' lang='lat' dir='ltr'><strong>credantur;</strong></span> <span class='ocrx_word' id='word_1_420' title='bbox 2602 2852 2723 2908; x_wconf 65' lang='lat' dir='ltr'><strong>qua:</strong></span> <span class='ocrx_word' id='word_1_421' title='bbox 2755 2849 2930 2893; x_wconf 87' lang='lat' dir='ltr'><strong>autem</strong></span> <span class='ocrx_word' id='word_1_422' title='bbox 2979 2837 3251 2895; x_wconf 88' lang='lat' dir='ltr'><strong>contraria</strong></span> <span class='ocrx_word' id='word_1_423' title='bbox 3306 2849 3464 2906; x_wconf 91' lang='lat' dir='ltr'><strong>sunt,</strong></span> 
     </span>
    </p>
   </div>
   <div class='ocr_carea' id='block_1_60' title="bbox 1871 2927 3467 3004">
    <p class='ocr_par' dir='ltr' id='par_1_60' title="bbox 1871 2927 3467 3004">
     <span class='ocr_line' id='line_1_61' title="bbox 1871 2927 3467 3004; baseline -0.002 -17"><span class='ocrx_word' id='word_1_424' title='bbox 1871 2930 2175 3004; x_wconf 89' lang='lat' dir='ltr'><strong>permissu;</strong></span> <span class='ocrx_word' id='word_1_425' title='bbox 2209 2945 2330 2985; x_wconf 92' lang='lat' dir='ltr'><strong>cum</strong></span> <span class='ocrx_word' id='word_1_426' title='bbox 2365 2944 2462 2999; x_wconf 92' lang='lat' dir='ltr'><strong>pro</strong></span> <span class='ocrx_word' id='word_1_427' title='bbox 2491 2927 2744 2999; x_wconf 89' lang='lat' dir='ltr'><strong>nequitiis</strong></span> <span class='ocrx_word' id='word_1_428' title='bbox 2771 2944 2833 2984; x_wconf 89' lang='lat' dir='ltr'><strong>ac</strong></span> <span class='ocrx_word' id='word_1_429' title='bbox 2857 2928 3054 2985; x_wconf 85' lang='lat' dir='ltr'><strong>duritia</strong></span> <span class='ocrx_word' id='word_1_430' title='bbox 3085 2929 3265 2985; x_wconf 90' lang='lat' dir='ltr'><strong>cordis</strong></span> <span class='ocrx_word' id='word_1_431' title='bbox 3297 2927 3467 2986; x_wconf 88' lang='lat' dir='ltr'><strong>nostri</strong></span> 
     </span>
    </p>
   </div>
   <div class='ocr_carea' id='block_1_61' title="bbox 1873 3019 3468 3094">
    <p class='ocr_par' dir='ltr' id='par_1_61' title="bbox 1873 3019 3468 3094">
     <span class='ocr_line' id='line_1_62' title="bbox 1873 3019 3468 3094; baseline 0.001 -13"><span class='ocrx_word' id='word_1_432' title='bbox 1873 3023 2134 3081; x_wconf 88' lang='lat' dir='ltr'><strong>deserens</strong></span> <span class='ocrx_word' id='word_1_433' title='bbox 2182 3037 2282 3078; x_wconf 90' lang='lat' dir='ltr'><strong>nos</strong></span> <span class='ocrx_word' id='word_1_434' title='bbox 2320 3019 2500 3078; x_wconf 91' lang='lat' dir='ltr'><strong>divina</strong></span> <span class='ocrx_word' id='word_1_435' title='bbox 2533 3023 2797 3094; x_wconf 90' lang='lat' dir='ltr'><strong>protectio</strong></span> <span class='ocrx_word' id='word_1_436' title='bbox 2821 3068 2834 3090; x_wconf 90' lang='lat'><strong>,</strong></span> <span class='ocrx_word' id='word_1_437' title='bbox 2877 3022 3150 3080; x_wconf 88' lang='lat' dir='ltr'><strong>diabolum</strong></span> <span class='ocrx_word' id='word_1_438' title='bbox 3201 3023 3355 3080; x_wconf 90' lang='lat' dir='ltr'><strong>nobis</strong></span> <span class='ocrx_word' id='word_1_439' title='bbox 3383 3027 3468 3082; x_wconf 90' lang='lat' dir='ltr'><strong>vel</strong></span> 
     </span>
    </p>
   </div>
   <div class='ocr_carea' id='block_1_62' title="bbox 1874 3114 3465 3189">
    <p class='ocr_par' dir='ltr' id='par_1_62' title="bbox 1874 3114 3465 3189">
     <span class='ocr_line' id='line_1_63' title="bbox 1874 3114 3465 3189; baseline 0.001 -17"><span class='ocrx_word' id='word_1_440' title='bbox 1874 3117 2265 3189; x_wconf 76' lang='lat' dir='ltr'><strong>ignominiosus</strong></span> <span class='ocrx_word' id='word_1_441' title='bbox 2314 3117 2564 3185; x_wconf 85' lang='lat' dir='ltr'><strong>corporis</strong></span> <span class='ocrx_word' id='word_1_442' title='bbox 2611 3114 2891 3186; x_wconf 85' lang='lat' dir='ltr'><strong>passiones</strong></span> <span class='ocrx_word' id='word_1_443' title='bbox 2937 3118 3137 3186; x_wconf 88' lang='lat' dir='ltr'><strong>patitur</strong></span> <span class='ocrx_word' id='word_1_444' title='bbox 3179 3116 3465 3174; x_wconf 86' lang='lat' dir='ltr'><strong>dominari.</strong></span> 
     </span>
    </p>
   </div>
   <div class='ocr_carea' id='block_1_63' title="bbox 193 3203 3469 3280">
    <p class='ocr_par' dir='ltr' id='par_1_63' title="bbox 193 3203 3469 3280">
     <span class='ocr_line' id='line_1_64' title="bbox 193 3203 3469 3280; baseline 0.002 -19"><span class='ocrx_word' id='word_1_445' title='bbox 193 3203 323 3262; x_wconf 83' lang='lat' dir='ltr'><strong>l&#39;ueat</strong></span> <span class='ocrx_word' id='word_1_446' title='bbox 381 3223 504 3262; x_wconf 92' lang='lat' dir='ltr'><strong>cum</strong></span> <span class='ocrx_word' id='word_1_447' title='bbox 548 3207 628 3263; x_wconf 90' lang='lat' dir='ltr'><strong>eis</strong></span> <span class='ocrx_word' id='word_1_448' title='bbox 661 3207 854 3272; x_wconf 87' lang='lat' dir='ltr'><strong>foedus,</strong></span> <span class='ocrx_word' id='word_1_449' title='bbox 891 3218 944 3263; x_wconf 89' lang='lat' dir='ltr'><strong>et</strong></span> <span class='ocrx_word' id='word_1_450' title='bbox 971 3218 1151 3262; x_wconf 88' lang='lat' dir='ltr'><strong>utrum</strong></span> <span class='ocrx_word' id='word_1_451' title='bbox 1198 3217 1306 3261; x_wconf 88' lang='lat' dir='ltr'><strong>non</strong></span> <span class='ocrx_word' id='word_1_452' title='bbox 1337 3207 1509 3261; x_wconf 87' lang='lat' dir='ltr'><strong>societ</strong></span> <span class='ocrx_word' id='word_1_453' title='bbox 1537 3220 1659 3260; x_wconf 91' lang='lat' dir='ltr'><strong>cum</strong></span> <span class='ocrx_word' id='word_1_454' title='bbox 1690 3205 1772 3260; x_wconf 90' lang='lat' dir='ltr'><strong>eis</strong></span> <span class='ocrx_word' id='word_1_455' title='bbox 1797 3214 1841 3277; x_wconf 74' lang='grc' dir='ltr'>ο</span> <span class='ocrx_word' id='word_1_456' title='bbox 1874 3209 2027 3279; x_wconf 90' lang='lat' dir='ltr'><strong>Quod</strong></span> <span class='ocrx_word' id='word_1_457' title='bbox 2066 3211 2226 3264; x_wconf 90' lang='lat' dir='ltr'><strong>etiam</strong></span> <span class='ocrx_word' id='word_1_458' title='bbox 2269 3208 2518 3279; x_wconf 86' lang='lat' dir='ltr'><strong>Apostoli</strong></span> <span class='ocrx_word' id='word_1_459' title='bbox 2551 3209 2774 3264; x_wconf 86' lang='lat' dir='ltr'><strong>vocibus</strong></span> <span class='ocrx_word' id='word_1_460' title='bbox 2820 3209 3225 3266; x_wconf 85' lang='lat' dir='ltr'><strong>evidentissittte</strong></span> <span class='ocrx_word' id='word_1_461' title='bbox 3272 3211 3469 3280; x_wconf 85' lang='lat' dir='ltr'><strong>perdo-</strong></span> 
     </span>
    </p>
   </div>
   <div class='ocr_carea' id='block_1_64' title="bbox 193 3297 1779 3369">
    <p class='ocr_par' dir='ltr' id='par_1_64' title="bbox 193 3297 1779 3369">
     <span class='ocr_line' id='line_1_65' title="bbox 193 3297 1779 3369; baseline 0.001 -18"><span class='ocrx_word' id='word_1_462' title='bbox 193 3300 458 3369; x_wconf 83' lang='lat' dir='ltr'><strong>conjugia,</strong></span> <span class='ocrx_word' id='word_1_463' title='bbox 483 3315 550 3354; x_wconf 87' lang='lat' dir='ltr'><strong>an</strong></span> <span class='ocrx_word' id='word_1_464' title='bbox 576 3300 771 3365; x_wconf 91' lang='lat' dir='ltr'><strong>societ,</strong></span> <span class='ocrx_word' id='word_1_465' title='bbox 802 3301 1040 3369; x_wconf 88' lang='lat' dir='ltr'><strong>ipsorum</strong></span> <span class='ocrx_word' id='word_1_466' title='bbox 1070 3313 1192 3354; x_wconf 88' lang='lat' dir='ltr'><strong>esse</strong></span> <span class='ocrx_word' id='word_1_467' title='bbox 1214 3306 1458 3353; x_wconf 82' lang='lat' dir='ltr'><strong>testatur.</strong></span> <span class='ocrx_word' id='word_1_468' title='bbox 1482 3298 1600 3366; x_wconf 87' lang='lat' dir='ltr'><strong>Quo</strong></span> <span class='ocrx_word' id='word_1_469' title='bbox 1628 3297 1779 3352; x_wconf 88' lang='lat' dir='ltr'><strong>testi-</strong></span> 
     </span>
    </p>
   </div>
   <div class='ocr_carea' id='block_1_65' title="bbox 193 3391 1773 3462">
    <p class='ocr_par' dir='ltr' id='par_1_65' title="bbox 193 3391 1773 3462">
     <span class='ocr_line' id='line_1_66' title="bbox 193 3391 1773 3462; baseline -0.002 -16"><span class='ocrx_word' id='word_1_470' title='bbox 193 3395 370 3447; x_wconf 83' lang='lat' dir='ltr'><strong>monio</strong></span> <span class='ocrx_word' id='word_1_471' title='bbox 413 3393 696 3448; x_wconf 86' lang='lat' dir='ltr'><strong>manifeste</strong></span> <span class='ocrx_word' id='word_1_472' title='bbox 745 3392 1075 3449; x_wconf 88' lang='lat' dir='ltr'><strong>discernitur</strong></span> <span class='ocrx_word' id='word_1_473' title='bbox 1107 3403 1128 3432; x_wconf 77' lang='grc' dir='ltr'><strong><em>ο</em></strong></span> <span class='ocrx_word' id='word_1_474' title='bbox 1166 3392 1294 3462; x_wconf 86' lang='lat' dir='ltr'><strong>quid</strong></span> <span class='ocrx_word' id='word_1_475' title='bbox 1325 3391 1496 3446; x_wconf 88' lang='lat' dir='ltr'><strong>libero</strong></span> <span class='ocrx_word' id='word_1_476' title='bbox 1527 3391 1773 3458; x_wconf 90' lang='lat' dir='ltr'><strong>arbitrio,</strong></span> 
     </span>
    </p>
   </div>
   <div class='ocr_carea' id='block_1_66' title="bbox 194 3484 1775 3556">
    <p class='ocr_par' dir='ltr' id='par_1_66' title="bbox 194 3484 1775 3556">
     <span class='ocr_line' id='line_1_67' title="bbox 194 3484 1775 3556; baseline 0.001 -17"><span class='ocrx_word' id='word_1_477' title='bbox 194 3487 386 3554; x_wconf 82' lang='lat' dir='ltr'><strong>quidve</strong></span> <span class='ocrx_word' id='word_1_478' title='bbox 436 3485 828 3555; x_wconf 89' lang='lat' dir='ltr'><strong>dispensationi</strong></span> <span class='ocrx_word' id='word_1_479' title='bbox 859 3487 944 3541; x_wconf 92' lang='lat' dir='ltr'><strong>vel</strong></span> <span class='ocrx_word' id='word_1_480' title='bbox 995 3486 1309 3556; x_wconf 90' lang='lat' dir='ltr'><strong>quotidiano</strong></span> <span class='ocrx_word' id='word_1_481' title='bbox 1358 3485 1628 3556; x_wconf 90' lang='lat' dir='ltr'><strong>adjutorio</strong></span> <span class='ocrx_word' id='word_1_482' title='bbox 1671 3484 1775 3540; x_wconf 90' lang='lat' dir='ltr'><strong>Do—</strong></span> 
     </span>
    </p>
   </div>
   <div class='ocr_carea' id='block_1_67' title="bbox 195 3576 1774 3648">
    <p class='ocr_par' dir='ltr' id='par_1_67' title="bbox 195 3576 1774 3648">
     <span class='ocr_line' id='line_1_68' title="bbox 195 3576 1774 3648; baseline 0.001 -17"><span class='ocrx_word' id='word_1_483' title='bbox 195 3579 311 3631; x_wconf 84' lang='lat' dir='ltr'><strong>mini</strong></span> <span class='ocrx_word' id='word_1_484' title='bbox 348 3578 654 3634; x_wconf 86' lang='lat' dir='ltr'><strong>debeamus</strong></span> <span class='ocrx_word' id='word_1_485' title='bbox 696 3579 991 3646; x_wconf 88' lang='lat' dir='ltr'><strong>ascribere,</strong></span> <span class='ocrx_word' id='word_1_486' title='bbox 1011 3588 1066 3634; x_wconf 91' lang='lat' dir='ltr'><strong>et</strong></span> <span class='ocrx_word' id='word_1_487' title='bbox 1095 3579 1238 3648; x_wconf 86' lang='lat' dir='ltr'><strong>quod</strong></span> <span class='ocrx_word' id='word_1_488' title='bbox 1261 3577 1460 3634; x_wconf 73' lang='lat' dir='ltr'><strong>divina:</strong></span> <span class='ocrx_word' id='word_1_489' title='bbox 1491 3577 1559 3632; x_wconf 90' lang='lat' dir='ltr'><strong>sit</strong></span> <span class='ocrx_word' id='word_1_490' title='bbox 1585 3576 1774 3648; x_wconf 70' lang='lat' dir='ltr'><strong>gratiae</strong></span> 
     </span>
    </p>
   </div>
   <div class='ocr_carea' id='block_1_68' title="bbox 194 3670 1776 3741">
    <p class='ocr_par' dir='ltr' id='par_1_68' title="bbox 194 3670 1776 3741">
     <span class='ocr_line' id='line_1_69' title="bbox 194 3670 1776 3741; baseline 0.001 -17"><span class='ocrx_word' id='word_1_491' title='bbox 194 3681 448 3739; x_wconf 68' lang='lat' dir='ltr'><strong>praestare</strong></span> <span class='ocrx_word' id='word_1_492' title='bbox 494 3671 651 3728; x_wconf 89' lang='lat' dir='ltr'><strong>nobis</strong></span> <span class='ocrx_word' id='word_1_493' title='bbox 692 3670 1012 3728; x_wconf 87' lang='lat' dir='ltr'><strong>occasiones</strong></span> <span class='ocrx_word' id='word_1_494' title='bbox 1052 3671 1244 3727; x_wconf 87' lang='lat' dir='ltr'><strong>salutis</strong></span> <span class='ocrx_word' id='word_1_495' title='bbox 1286 3679 1341 3727; x_wconf 88' lang='lat' dir='ltr'><strong>et</strong></span> <span class='ocrx_word' id='word_1_496' title='bbox 1367 3680 1660 3741; x_wconf 83' lang='lat' dir='ltr'><strong>proventus</strong></span> <span class='ocrx_word' id='word_1_497' title='bbox 1689 3685 1776 3725; x_wconf 86' lang='lat' dir='ltr'><strong>se-</strong></span> 
     </span>
    </p>
   </div>
   <div class='ocr_carea' id='block_1_69' title="bbox 1881 3298 3468 3369">
    <p class='ocr_par' dir='ltr' id='par_1_69' title="bbox 1881 3298 3468 3369">
     <span class='ocr_line' id='line_1_70' title="bbox 1881 3298 3468 3369; baseline 0 -12"><span class='ocrx_word' id='word_1_498' title='bbox 1881 3317 2092 3368; x_wconf 87' lang='lat' dir='ltr'><strong>cemur,</strong></span> <span class='ocrx_word' id='word_1_499' title='bbox 2121 3300 2348 3356; x_wconf 84' lang='lat' dir='ltr'><strong>dicentis</strong></span> <span class='ocrx_word' id='word_1_500' title='bbox 2377 3318 2391 3355; x_wconf 87' lang='lat'><strong>:</strong></span> <span class='ocrx_word' id='word_1_501' title='bbox 2427 3299 2648 3368; x_wconf 85' lang='lat' dir='ltr'><strong>Propter</strong></span> <span class='ocrx_word' id='word_1_502' title='bbox 2676 3298 2814 3369; x_wconf 88' lang='lat' dir='ltr'><strong>quod</strong></span> <span class='ocrx_word' id='word_1_503' title='bbox 2859 3299 3072 3354; x_wconf 83' lang='lat' dir='ltr'><strong>tradidit</strong></span> <span class='ocrx_word' id='word_1_504' title='bbox 3100 3301 3216 3355; x_wconf 76' lang='lat' dir='ltr'><strong>illos</strong></span> <span class='ocrx_word' id='word_1_505' title='bbox 3248 3300 3389 3356; x_wconf 82' lang='lat' dir='ltr'><strong>Deus</strong></span> <span class='ocrx_word' id='word_1_506' title='bbox 3415 3303 3468 3358; x_wconf 87' lang='lat' dir='ltr'><strong>in</strong></span> 
     </span>
    </p>
   </div>
   <div class='ocr_carea' id='block_1_70' title="bbox 1877 3393 3468 3467">
    <p class='ocr_par' dir='ltr' id='par_1_70' title="bbox 1877 3393 3468 3467">
     <span class='ocr_line' id='line_1_71' title="bbox 1877 3393 3468 3467; baseline 0.002 -19"><span class='ocrx_word' id='word_1_507' title='bbox 1877 3396 2139 3467; x_wconf 81' lang='lat' dir='ltr'><strong>passiones</strong></span> <span class='ocrx_word' id='word_1_508' title='bbox 2183 3394 2478 3466; x_wconf 70' lang='lat' dir='ltr'><strong>ignominiae</strong></span> <span class='ocrx_word' id='word_1_509' title='bbox 2509 3393 2686 3463; x_wconf 86' lang='lat' dir='ltr'><strong>(Rom.</strong></span> <span class='ocrx_word' id='word_1_510' title='bbox 2711 3407 2727 3446; x_wconf 91' lang='lat' dir='ltr'><strong>t</strong></span> <span class='ocrx_word' id='word_1_511' title='bbox 2749 3394 2790 3463; x_wconf 91' lang='lat'><strong>).</strong></span> <span class='ocrx_word' id='word_1_512' title='bbox 2823 3393 2890 3446; x_wconf 83' lang='lat' dir='ltr'><strong>Et</strong></span> <span class='ocrx_word' id='word_1_513' title='bbox 2938 3394 3128 3448; x_wconf 86' lang='lat' dir='ltr'><strong>Iterum</strong></span> <span class='ocrx_word' id='word_1_514' title='bbox 3157 3413 3167 3446; x_wconf 91' lang='lat'>:</span> <span class='ocrx_word' id='word_1_515' title='bbox 3204 3395 3333 3462; x_wconf 85' lang='lat' dir='ltr'><strong>Quia</strong></span> <span class='ocrx_word' id='word_1_516' title='bbox 3369 3409 3468 3451; x_wconf 83' lang='lat' dir='ltr'><strong>non</strong></span> 
     </span>
    </p>
   </div>
   <div class='ocr_carea' id='block_1_71' title="bbox 1876 3483 3467 3557">
    <p class='ocr_par' dir='ltr' id='par_1_71' title="bbox 1876 3483 3467 3557">
     <span class='ocr_line' id='line_1_72' title="bbox 1876 3483 3467 3557; baseline 0 -17"><span class='ocrx_word' id='word_1_517' title='bbox 1876 3486 2208 3540; x_wconf 84' lang='lat' dir='ltr'><strong>crediderunt</strong></span> <span class='ocrx_word' id='word_1_518' title='bbox 2239 3484 2416 3557; x_wconf 91' lang='lat' dir='ltr'><strong>[Lips.</strong></span> <span class='ocrx_word' id='word_1_519' title='bbox 2444 3486 2497 3538; x_wconf 89' lang='lat' dir='ltr'><strong>in</strong></span> <span class='ocrx_word' id='word_1_520' title='bbox 2527 3499 2691 3555; x_wconf 86' lang='lat' dir='ltr'><strong>marg.</strong></span> <span class='ocrx_word' id='word_1_521' title='bbox 2734 3483 3096 3552; x_wconf 86' lang='lat' dir='ltr'><strong>probaverunt</strong></span> <span class='ocrx_word' id='word_1_522' title='bbox 3120 3483 3135 3554; x_wconf 87' lang='lat' dir='ltr'>J</span> <span class='ocrx_word' id='word_1_523' title='bbox 3163 3483 3330 3540; x_wconf 88' lang='lat' dir='ltr'><strong>Deum</strong></span> <span class='ocrx_word' id='word_1_524' title='bbox 3370 3491 3467 3541; x_wconf 74' lang='lat' dir='ltr'><strong>lia-</strong></span> 
     </span>
    </p>
   </div>
   <div class='ocr_carea' id='block_1_72' title="bbox 1875 3571 3465 3646">
    <p class='ocr_par' dir='ltr' id='par_1_72' title="bbox 1875 3571 3465 3646">
     <span class='ocr_line' id='line_1_73' title="bbox 1875 3571 3465 3646; baseline 0.001 -16"><span class='ocrx_word' id='word_1_525' title='bbox 1875 3575 1992 3630; x_wconf 85' lang='lat' dir='ltr'><strong>bere</strong></span> <span class='ocrx_word' id='word_1_526' title='bbox 2018 3576 2070 3628; x_wconf 90' lang='lat' dir='ltr'><strong>in</strong></span> <span class='ocrx_word' id='word_1_527' title='bbox 2101 3576 2308 3636; x_wconf 85' lang='lat' dir='ltr'><strong>notitia,</strong></span> <span class='ocrx_word' id='word_1_528' title='bbox 2337 3573 2552 3628; x_wconf 84' lang='lat' dir='ltr'><strong>tradidit</strong></span> <span class='ocrx_word' id='word_1_529' title='bbox 2574 3574 2693 3628; x_wconf 78' lang='lat' dir='ltr'><strong>illos</strong></span> <span class='ocrx_word' id='word_1_530' title='bbox 2715 3571 2851 3628; x_wconf 87' lang='lat' dir='ltr'><strong>Deus</strong></span> <span class='ocrx_word' id='word_1_531' title='bbox 2863 3575 2918 3627; x_wconf 88' lang='lat' dir='ltr'><strong>in</strong></span> <span class='ocrx_word' id='word_1_532' title='bbox 2940 3576 3213 3646; x_wconf 84' lang='lat' dir='ltr'><strong>reprobum</strong></span> <span class='ocrx_word' id='word_1_533' title='bbox 3236 3594 3465 3643; x_wconf 84' lang='lat' dir='ltr'><strong>sensum,</strong></span> 
     </span>
    </p>
   </div>
   <div class='ocr_carea' id='block_1_73' title="bbox 1875 3663 3467 3739">
    <p class='ocr_par' dir='ltr' id='par_1_73' title="bbox 1875 3663 3467 3739">
     <span class='ocr_line' id='line_1_74' title="bbox 1875 3663 3467 3739; baseline 0.001 -15"><span class='ocrx_word' id='word_1_534' title='bbox 1875 3679 1934 3724; x_wconf 87' lang='lat' dir='ltr'><strong>ut</strong></span> <span class='ocrx_word' id='word_1_535' title='bbox 1961 3670 2154 3739; x_wconf 83' lang='lat' dir='ltr'><strong>faciant</strong></span> <span class='ocrx_word' id='word_1_536' title='bbox 2181 3683 2240 3722; x_wconf 87' lang='lat' dir='ltr'><strong>ea</strong></span> <span class='ocrx_word' id='word_1_537' title='bbox 2266 3683 2384 3739; x_wconf 71' lang='lat' dir='ltr'><strong>qua</strong></span> <span class='ocrx_word' id='word_1_538' title='bbox 2409 3683 2513 3721; x_wconf 90' lang='lat' dir='ltr'><strong>non</strong></span> <span class='ocrx_word' id='word_1_539' title='bbox 2535 3667 2836 3720; x_wconf 87' lang='lat' dir='ltr'><strong>conveniunt</strong></span> <span class='ocrx_word' id='word_1_540' title='bbox 2865 3663 3078 3737; x_wconf 64' lang='lat' dir='ltr'><strong>(Ibid).</strong></span> <span class='ocrx_word' id='word_1_541' title='bbox 3109 3665 3229 3737; x_wconf 91' lang='lat' dir='ltr'><strong>Ipse</strong></span> <span class='ocrx_word' id='word_1_542' title='bbox 3254 3685 3467 3738; x_wconf 86' lang='lat' dir='ltr'><strong>quoque</strong></span> 
     </span>
    </p>
   </div>
   <div class='ocr_carea' id='block_1_74' title="bbox 1259 3799 2393 3862">
    <p class='ocr_par' dir='ltr' id='par_1_74' title="bbox 1259 3799 2393 3862">
     <span class='ocr_line' id='line_1_75' title="bbox 1259 3799 2393 3862; baseline -0.008 0"><span class='ocrx_word' id='word_1_543' title='bbox 1259 3805 1516 3862; x_wconf 80' lang='lat' dir='ltr'><strong>ALARDI</strong></span> <span class='ocrx_word' id='word_1_544' title='bbox 1549 3802 1782 3861; x_wconf 71' lang='lat' dir='ltr'><strong>GAZA&#39;II</strong></span> <span class='ocrx_word' id='word_1_545' title='bbox 1821 3799 2393 3861; x_wconf 78' lang='lat' dir='ltr'><strong>COMMENTARIUS.</strong></span> 
     </span>
    </p>
   </div>
   <div class='ocr_carea' id='block_1_75' title="bbox 260 3898 1772 3961">
    <p class='ocr_par' dir='ltr' id='par_1_75' title="bbox 260 3898 1772 3961">
     <span class='ocr_line' id='line_1_76' title="bbox 260 3898 1772 3961; baseline -0.005 -1"><span class='ocrx_word' id='word_1_546' title='bbox 260 3915 286 3944; x_wconf 79' lang='grc' dir='ltr'>ι</span> <span class='ocrx_word' id='word_1_547' title='bbox 317 3906 599 3961; x_wconf 84' lang='lat' dir='ltr'><strong>Consonat</strong></span> <span class='ocrx_word' id='word_1_548' title='bbox 627 3902 752 3958; x_wconf 90' lang='lat' dir='ltr'><strong>huic</strong></span> <span class='ocrx_word' id='word_1_549' title='bbox 779 3902 976 3958; x_wconf 90' lang='lat' dir='ltr'><strong>similis</strong></span> <span class='ocrx_word' id='word_1_550' title='bbox 1004 3910 1056 3957; x_wconf 91' lang='lat' dir='ltr'><strong>et</strong></span> <span class='ocrx_word' id='word_1_551' title='bbox 1082 3901 1282 3956; x_wconf 89' lang='lat' dir='ltr'><strong>diserta</strong></span> <span class='ocrx_word' id='word_1_552' title='bbox 1317 3900 1580 3954; x_wconf 90' lang='lat' dir='ltr'><strong>sententia</strong></span> <span class='ocrx_word' id='word_1_553' title='bbox 1609 3898 1772 3954; x_wconf 86' lang='lat' dir='ltr'><strong>abba-</strong></span> 
     </span>
    </p>
   </div>
   <div class='ocr_carea' id='block_1_76' title="bbox 195 3969 1771 4038">
    <p class='ocr_par' dir='ltr' id='par_1_76' title="bbox 195 3969 1771 4038">
     <span class='ocr_line' id='line_1_77' title="bbox 195 3969 1771 4038; baseline -0.005 -8"><span class='ocrx_word' id='word_1_554' title='bbox 195 3976 255 4030; x_wconf 89' lang='lat' dir='ltr'><strong>tis</strong></span> <span class='ocrx_word' id='word_1_555' title='bbox 277 3975 650 4031; x_wconf 67' lang='lat' dir='ltr'><strong>Cbaremonis</strong></span> <span class='ocrx_word' id='word_1_556' title='bbox 691 3974 979 4030; x_wconf 88' lang='lat' dir='ltr'><strong>collatione</strong></span> <span class='ocrx_word' id='word_1_557' title='bbox 1025 3973 1122 4038; x_wconf 78' lang='grc'><strong>15,</strong></span> <span class='ocrx_word' id='word_1_558' title='bbox 1151 3985 1309 4038; x_wconf 88' lang='lat' dir='ltr'><strong>quam</strong></span> <span class='ocrx_word' id='word_1_559' title='bbox 1341 3979 1397 4026; x_wconf 88' lang='lat' dir='ltr'><strong>et</strong></span> <span class='ocrx_word' id='word_1_560' title='bbox 1429 3971 1492 4024; x_wconf 93' lang='lat' dir='ltr'><strong>D.</strong></span> <span class='ocrx_word' id='word_1_561' title='bbox 1533 3969 1771 4038; x_wconf 83' lang='lat' dir='ltr'><strong>Prosper</strong></span> 
     </span>
    </p>
   </div>
   <div class='ocr_carea' id='block_1_77' title="bbox 194 4042 1769 4106">
    <p class='ocr_par' dir='ltr' id='par_1_77' title="bbox 194 4042 1769 4106">
     <span class='ocr_line' id='line_1_78' title="bbox 194 4042 1769 4106; baseline -0.003 -5"><span class='ocrx_word' id='word_1_562' title='bbox 194 4048 337 4101; x_wconf 82' lang='lat' dir='ltr'><strong>valde</strong></span> <span class='ocrx_word' id='word_1_563' title='bbox 365 4046 712 4102; x_wconf 82' lang='lat' dir='ltr'><strong>commendat</strong></span> <span class='ocrx_word' id='word_1_564' title='bbox 734 4085 746 4106; x_wconf 89' lang='lat'><strong>,</strong></span> <span class='ocrx_word' id='word_1_565' title='bbox 774 4052 834 4099; x_wconf 87' lang='lat' dir='ltr'><strong>ut</strong></span> <span class='ocrx_word' id='word_1_566' title='bbox 877 4045 1046 4099; x_wconf 85' lang='lat' dir='ltr'><strong>basim</strong></span> <span class='ocrx_word' id='word_1_567' title='bbox 1076 4055 1129 4097; x_wconf 91' lang='lat' dir='ltr'><strong>et</strong></span> <span class='ocrx_word' id='word_1_568' title='bbox 1156 4042 1565 4096; x_wconf 90' lang='lat' dir='ltr'><strong>fundamentum</strong></span> <span class='ocrx_word' id='word_1_569' title='bbox 1604 4043 1769 4096; x_wconf 81' lang='lat' dir='ltr'><strong>tutius</strong></span> 
     </span>
    </p>
   </div>
   <div class='ocr_carea' id='block_1_78' title="bbox 193 4112 1764 4186">
    <p class='ocr_par' dir='ltr' id='par_1_78' title="bbox 193 4112 1764 4186">
     <span class='ocr_line' id='line_1_79' title="bbox 193 4112 1764 4186; baseline -0.003 -15"><span class='ocrx_word' id='word_1_570' title='bbox 193 4117 566 4186; x_wconf 80' lang='lat' dir='ltr'><strong>disputationis</strong></span> <span class='ocrx_word' id='word_1_571' title='bbox 592 4116 851 4186; x_wconf 63' lang='lat' dir='ltr'><strong>adversus</strong></span> <span class='ocrx_word' id='word_1_572' title='bbox 866 4113 1184 4186; x_wconf 72' lang='lat' dir='ltr'><strong>Pelagianos</strong></span> <span class='ocrx_word' id='word_1_573' title='bbox 1197 4121 1257 4186; x_wconf 87' lang='lat' dir='ltr'><strong>et</strong></span> <span class='ocrx_word' id='word_1_574' title='bbox 1284 4112 1764 4181; x_wconf 83' lang='lat' dir='ltr'><strong>Semipelagianos,</strong></span> 
     </span>
    </p>
   </div>
   <div class='ocr_carea' id='block_1_79' title="bbox 192 4183 1768 4258">
    <p class='ocr_par' dir='ltr' id='par_1_79' title="bbox 192 4183 1768 4258">
     <span class='ocr_line' id='line_1_80' title="bbox 192 4183 1768 4258; baseline -0.002 -20"><span class='ocrx_word' id='word_1_575' title='bbox 192 4183 300 4258; x_wconf 71' lang='lat' dir='ltr'><strong>quas</strong></span> <span class='ocrx_word' id='word_1_576' title='bbox 326 4191 411 4243; x_wconf 87' lang='lat' dir='ltr'><strong>sic</strong></span> <span class='ocrx_word' id='word_1_577' title='bbox 438 4188 600 4242; x_wconf 88' lang='lat' dir='ltr'><strong>habet</strong></span> <span class='ocrx_word' id='word_1_578' title='bbox 628 4185 792 4258; x_wconf 74' lang='lat' dir='ltr'><strong>(Cap.</strong></span> <span class='ocrx_word' id='word_1_579' title='bbox 821 4185 895 4254; x_wconf 78' lang='lat'><strong>&#39;5)</strong></span> <span class='ocrx_word' id='word_1_580' title='bbox 923 4203 937 4240; x_wconf 89' lang='lat'><strong>:</strong></span> <span class='ocrx_word' id='word_1_581' title='bbox 973 4183 1089 4238; x_wconf 82' lang='lat' dir='ltr'><strong>Non</strong></span> <span class='ocrx_word' id='word_1_582' title='bbox 1127 4185 1293 4258; x_wconf 56' lang='lat' dir='ltr'><strong>solum</strong></span> <span class='ocrx_word' id='word_1_583' title='bbox 1334 4192 1562 4258; x_wconf 81' lang='lat' dir='ltr'><strong>actuum,</strong></span> <span class='ocrx_word' id='word_1_584' title='bbox 1585 4198 1768 4258; x_wconf 73' lang='lat' dir='ltr'><strong>verum</strong></span> 
     </span>
    </p>
   </div>
   <div class='ocr_carea' id='block_1_80' title="bbox 191 4254 1761 4326">
    <p class='ocr_par' dir='ltr' id='par_1_80' title="bbox 191 4254 1761 4326">
     <span class='ocr_line' id='line_1_81' title="bbox 191 4254 1761 4326; baseline -0.004 -14"><span class='ocrx_word' id='word_1_585' title='bbox 191 4254 333 4313; x_wconf 72' lang='lat' dir='ltr'><strong>etiam</strong></span> <span class='ocrx_word' id='word_1_586' title='bbox 365 4260 742 4326; x_wconf 82' lang='lat' dir='ltr'><strong>cogitationum</strong></span> <span class='ocrx_word' id='word_1_587' title='bbox 767 4257 1016 4310; x_wconf 88' lang='lat' dir='ltr'><strong>bonarum</strong></span> <span class='ocrx_word' id='word_1_588' title='bbox 1041 4271 1104 4308; x_wconf 75' lang='lat' dir='ltr'><strong>ea:</strong></span> <span class='ocrx_word' id='word_1_589' title='bbox 1131 4254 1239 4308; x_wconf 85' lang='lat' dir='ltr'><strong>Deo</strong></span> <span class='ocrx_word' id='word_1_590' title='bbox 1282 4271 1389 4307; x_wconf 84' lang='lat' dir='ltr'><strong>esse</strong></span> <span class='ocrx_word' id='word_1_591' title='bbox 1429 4254 1761 4323; x_wconf 86' lang='lat' dir='ltr'><strong>principium,</strong></span> 
     </span>
    </p>
   </div>
   <div class='ocr_carea' id='block_1_81' title="bbox 192 4326 1770 4397">
    <p class='ocr_par' dir='ltr' id='par_1_81' title="bbox 192 4326 1770 4397">
     <span class='ocr_line' id='line_1_82' title="bbox 192 4326 1770 4397; baseline -0.005 -13"><span class='ocrx_word' id='word_1_592' title='bbox 192 4333 265 4397; x_wconf 73' lang='lat' dir='ltr'><strong>qui</strong></span> <span class='ocrx_word' id='word_1_593' title='bbox 303 4331 449 4384; x_wconf 82' lang='lat' dir='ltr'><strong>nobis</strong></span> <span class='ocrx_word' id='word_1_594' title='bbox 479 4339 524 4384; x_wconf 88' lang='lat' dir='ltr'><strong>et</strong></span> <span class='ocrx_word' id='word_1_595' title='bbox 549 4329 698 4382; x_wconf 89' lang='lat' dir='ltr'><strong>initia</strong></span> <span class='ocrx_word' id='word_1_596' title='bbox 721 4337 911 4382; x_wconf 74' lang='lat' dir='ltr'><strong>sanctte</strong></span> <span class='ocrx_word' id='word_1_597' title='bbox 936 4327 1217 4380; x_wconf 78' lang='lat' dir='ltr'><strong>voluntatis</strong></span> <span class='ocrx_word' id='word_1_598' title='bbox 1243 4327 1494 4394; x_wconf 88' lang='lat' dir='ltr'><strong>inspirat,</strong></span> <span class='ocrx_word' id='word_1_599' title='bbox 1525 4336 1574 4377; x_wconf 88' lang='lat' dir='ltr'><strong>et</strong></span> <span class='ocrx_word' id='word_1_600' title='bbox 1605 4326 1770 4377; x_wconf 85' lang='lat' dir='ltr'><strong>virtu-</strong></span> 
     </span>
    </p>
   </div>
   <div class='ocr_carea' id='block_1_82' title="bbox 196 4397 1768 4471">
    <p class='ocr_par' dir='ltr' id='par_1_82' title="bbox 196 4397 1768 4471">
     <span class='ocr_line' id='line_1_83' title="bbox 196 4397 1768 4471; baseline -0.001 -22"><span class='ocrx_word' id='word_1_601' title='bbox 196 4407 284 4454; x_wconf 87' lang='lat' dir='ltr'><strong>tem</strong></span> <span class='ocrx_word' id='word_1_602' title='bbox 328 4412 488 4471; x_wconf 86' lang='lat' dir='ltr'><strong>atque</strong></span> <span class='ocrx_word' id='word_1_603' title='bbox 532 4400 974 4471; x_wconf 45' lang='lat' dir='ltr'><strong>opportunitatem</strong></span> <span class='ocrx_word' id='word_1_604' title='bbox 1013 4413 1186 4450; x_wconf 88' lang='lat' dir='ltr'><strong>eorum</strong></span> <span class='ocrx_word' id='word_1_605' title='bbox 1214 4413 1328 4461; x_wconf 80' lang='lat' dir='ltr'><strong>aute</strong></span> <span class='ocrx_word' id='word_1_606' title='bbox 1365 4404 1515 4471; x_wconf 81' lang='lat' dir='ltr'><strong>recte_</strong></span> <span class='ocrx_word' id='word_1_607' title='bbox 1537 4397 1768 4471; x_wconf 80' lang='lat' dir='ltr'><strong>capimus</strong></span> 
     </span>
    </p>
   </div>
   <div class='ocr_carea' id='block_1_83' title="bbox 193 4466 1767 4542">
    <p class='ocr_par' dir='ltr' id='par_1_83' title="bbox 193 4466 1767 4542">
     <span class='ocr_line' id='line_1_84' title="bbox 193 4466 1767 4542; baseline -0.005 -18"><span class='ocrx_word' id='word_1_608' title='bbox 193 4474 359 4542; x_wconf 82' lang='lat' dir='ltr'><strong>tribuit</strong></span> <span class='ocrx_word' id='word_1_609' title='bbox 386 4466 688 4542; x_wconf 77' lang='lat' dir='ltr'><strong>peragendi,</strong></span> <span class='ocrx_word' id='word_1_610' title='bbox 717 4478 847 4542; x_wconf 67' lang='lat' dir='ltr'><strong>etc;</strong></span> <span class='ocrx_word' id='word_1_611' title='bbox 880 4482 1042 4542; x_wconf 84' lang='lat' dir='ltr'><strong>aqua</strong></span> <span class='ocrx_word' id='word_1_612' title='bbox 1078 4466 1551 4542; x_wconf 68' lang='lat' dir='ltr'><strong>tamensententia</strong></span> <span class='ocrx_word' id='word_1_613' title='bbox 1582 4467 1767 4542; x_wconf 76' lang='lat' dir='ltr'><strong>catho-</strong></span> 
     </span>
    </p>
   </div>
   <div class='ocr_carea' id='block_1_84' title="bbox 194 4537 1768 4604">
    <p class='ocr_par' dir='ltr' id='par_1_84' title="bbox 194 4537 1768 4604">
     <span class='ocr_line' id='line_1_85' title="bbox 194 4537 1768 4604; baseline -0.003 -10"><span class='ocrx_word' id='word_1_614' title='bbox 194 4539 283 4595; x_wconf 84' lang='lat' dir='ltr'><strong>lica</strong></span> <span class='ocrx_word' id='word_1_615' title='bbox 307 4537 608 4596; x_wconf 57' lang='lat' dir='ltr'><strong>recessiSse</strong></span> <span class='ocrx_word' id='word_1_616' title='bbox 630 4551 720 4594; x_wconf 80' lang='lat' dir='ltr'><strong>aut</strong></span> <span class='ocrx_word' id='word_1_617' title='bbox 739 4539 1024 4593; x_wconf 84' lang='lat' dir='ltr'><strong>deﬂexisse</strong></span> <span class='ocrx_word' id='word_1_618' title='bbox 1052 4538 1198 4592; x_wconf 87' lang='lat' dir='ltr'><strong>visus</strong></span> <span class='ocrx_word' id='word_1_619' title='bbox 1227 4537 1366 4590; x_wconf 91' lang='lat' dir='ltr'><strong>idem</strong></span> <span class='ocrx_word' id='word_1_620' title='bbox 1398 4539 1510 4604; x_wconf 82' lang='lat' dir='ltr'><strong>ipse</strong></span> <span class='ocrx_word' id='word_1_621' title='bbox 1538 4537 1768 4589; x_wconf 78' lang='lat' dir='ltr'><strong>collator</strong></span> 
     </span>
    </p>
   </div>
   <div class='ocr_carea' id='block_1_85' title="bbox 195 4606 1768 4675">
    <p class='ocr_par' dir='ltr' id='par_1_85' title="bbox 195 4606 1768 4675">
     <span class='ocr_line' id='line_1_86' title="bbox 195 4606 1768 4675; baseline -0.004 -11"><span class='ocrx_word' id='word_1_622' title='bbox 195 4620 292 4665; x_wconf 81' lang='lat' dir='ltr'><strong>tota</strong></span> <span class='ocrx_word' id='word_1_623' title='bbox 343 4628 438 4666; x_wconf 82' lang='lat' dir='ltr'><strong>sua</strong></span> <span class='ocrx_word' id='word_1_624' title='bbox 490 4611 840 4675; x_wconf 73' lang='lat' dir='ltr'><strong>consequenti</strong></span> <span class='ocrx_word' id='word_1_625' title='bbox 869 4609 1232 4674; x_wconf 74' lang='lat' dir='ltr'><strong>dieputatione</strong></span> <span class='ocrx_word' id='word_1_626' title='bbox 1277 4619 1331 4662; x_wconf 90' lang='lat' dir='ltr'><strong>et</strong></span> <span class='ocrx_word' id='word_1_627' title='bbox 1373 4606 1662 4660; x_wconf 76' lang='lat' dir='ltr'><strong>collatione</strong></span> <span class='ocrx_word' id='word_1_628' title='bbox 1701 4606 1768 4658; x_wconf 90' lang='lat' dir='ltr'><strong>de</strong></span> 
     </span>
    </p>
   </div>
   <div class='ocr_carea' id='block_1_86' title="bbox 194 4676 1762 4750">
    <p class='ocr_par' dir='ltr' id='par_1_86' title="bbox 194 4676 1762 4750">
     <span class='ocr_line' id='line_1_87' title="bbox 194 4676 1762 4750; baseline -0.004 -15"><span class='ocrx_word' id='word_1_629' title='bbox 194 4686 523 4750; x_wconf 87' lang='lat' dir='ltr'><strong>protectione</strong></span> <span class='ocrx_word' id='word_1_630' title='bbox 561 4681 651 4734; x_wconf 82' lang='lat' dir='ltr'><strong>Dei</strong></span> <span class='ocrx_word' id='word_1_631' title='bbox 684 4692 735 4735; x_wconf 91' lang='lat' dir='ltr'><strong>et</strong></span> <span class='ocrx_word' id='word_1_632' title='bbox 767 4681 939 4735; x_wconf 90' lang='lat' dir='ltr'><strong>libero</strong></span> <span class='ocrx_word' id='word_1_633' title='bbox 966 4679 1209 4750; x_wconf 70' lang='lat' dir='ltr'><strong>arbitrio.</strong></span> <span class='ocrx_word' id='word_1_634' title='bbox 1245 4678 1394 4733; x_wconf 89' lang='lat' dir='ltr'><strong>Unde</strong></span> <span class='ocrx_word' id='word_1_635' title='bbox 1423 4680 1624 4750; x_wconf 72' lang='lat' dir='ltr'><strong>merito</strong></span> <span class='ocrx_word' id='word_1_636' title='bbox 1644 4691 1672 4728; x_wconf 87' lang='lat' dir='ltr'><strong>a</strong></span> <span class='ocrx_word' id='word_1_637' title='bbox 1702 4676 1762 4729; x_wconf 89' lang='lat' dir='ltr'><strong>D.</strong></span> 
     </span>
    </p>
   </div>
   <div class='ocr_carea' id='block_1_87' title="bbox 1953 3895 3462 3964">
    <p class='ocr_par' dir='ltr' id='par_1_87' title="bbox 1953 3895 3462 3964">
     <span class='ocr_line' id='line_1_88' title="bbox 1953 3895 3462 3964; baseline 0.001 -14"><span class='ocrx_word' id='word_1_638' title='bbox 1953 3906 1979 3936; x_wconf 81' lang='grc' dir='ltr'><strong>ο</strong></span> <span class='ocrx_word' id='word_1_639' title='bbox 2010 3896 2084 3950; x_wconf 90' lang='lat' dir='ltr'><strong>Ita</strong></span> <span class='ocrx_word' id='word_1_640' title='bbox 2118 3897 2260 3952; x_wconf 91' lang='lat' dir='ltr'><strong>enim</strong></span> <span class='ocrx_word' id='word_1_641' title='bbox 2291 3898 2408 3950; x_wconf 86' lang='lat' dir='ltr'><strong>haec</strong></span> <span class='ocrx_word' id='word_1_642' title='bbox 2433 3895 2540 3949; x_wconf 92' lang='lat' dir='ltr'><strong>duo</strong></span> <span class='ocrx_word' id='word_1_643' title='bbox 2584 3901 2872 3962; x_wconf 80' lang='lat' dir='ltr'><strong>conjuncta</strong></span> <span class='ocrx_word' id='word_1_644' title='bbox 2919 3896 3044 3948; x_wconf 89' lang='lat' dir='ltr'><strong>sunt</strong></span> <span class='ocrx_word' id='word_1_645' title='bbox 3088 3910 3140 3950; x_wconf 87' lang='lat' dir='ltr'><strong>tn</strong></span> <span class='ocrx_word' id='word_1_646' title='bbox 3171 3910 3333 3964; x_wconf 91' lang='lat' dir='ltr'><strong>opere</strong></span> <span class='ocrx_word' id='word_1_647' title='bbox 3362 3911 3462 3951; x_wconf 91' lang='lat' dir='ltr'><strong>no-</strong></span> 
     </span>
    </p>
   </div>
   <div class='ocr_carea' id='block_1_88' title="bbox 1877 3964 3468 4036">
    <p class='ocr_par' dir='ltr' id='par_1_88' title="bbox 1877 3964 3468 4036">
     <span class='ocr_line' id='line_1_89' title="bbox 1877 3964 3468 4036; baseline 0.001 -14"><span class='ocrx_word' id='word_1_648' title='bbox 1877 3977 2004 4023; x_wconf 65' lang='lat' dir='ltr'><strong>stra:</strong></span> <span class='ocrx_word' id='word_1_649' title='bbox 2047 3968 2444 4036; x_wconf 83' lang='lat' dir='ltr'><strong>justiﬁeationis</strong></span> <span class='ocrx_word' id='word_1_650' title='bbox 2470 3973 2528 4020; x_wconf 88' lang='lat' dir='ltr'><strong>et</strong></span> <span class='ocrx_word' id='word_1_651' title='bbox 2550 3964 2761 4028; x_wconf 91' lang='lat' dir='ltr'><strong>salutis,</strong></span> <span class='ocrx_word' id='word_1_652' title='bbox 2803 3975 2861 4018; x_wconf 93' lang='lat' dir='ltr'><strong>ut</strong></span> <span class='ocrx_word' id='word_1_653' title='bbox 2892 3966 3104 4032; x_wconf 77' lang='lat' dir='ltr'><strong>utrique</strong></span> <span class='ocrx_word' id='word_1_654' title='bbox 3132 3981 3257 4020; x_wconf 88' lang='lat' dir='ltr'><strong>suas</strong></span> <span class='ocrx_word' id='word_1_655' title='bbox 3286 3979 3468 4036; x_wconf 87' lang='lat' dir='ltr'><strong>partes</strong></span> 
     </span>
    </p>
   </div>
   <div class='ocr_carea' id='block_1_89' title="bbox 1876 4036 3466 4106">
    <p class='ocr_par' dir='ltr' id='par_1_89' title="bbox 1876 4036 3466 4106">
     <span class='ocr_line' id='line_1_90' title="bbox 1876 4036 3466 4106; baseline 0.001 -13"><span class='ocrx_word' id='word_1_656' title='bbox 1876 4039 2114 4094; x_wconf 88' lang='lat' dir='ltr'><strong>tribuere</strong></span> <span class='ocrx_word' id='word_1_657' title='bbox 2158 4039 2474 4102; x_wconf 84' lang='lat' dir='ltr'><strong>debeamus,</strong></span> <span class='ocrx_word' id='word_1_658' title='bbox 2523 4037 2762 4106; x_wconf 76' lang='lat' dir='ltr'><strong>potiores</strong></span> <span class='ocrx_word' id='word_1_659' title='bbox 2811 4046 2988 4092; x_wconf 80' lang='lat' dir='ltr'><strong>tamen</strong></span> <span class='ocrx_word' id='word_1_660' title='bbox 3024 4036 3221 4091; x_wconf 63' lang='lat' dir='ltr'><strong>divinae</strong></span> <span class='ocrx_word' id='word_1_661' title='bbox 3261 4041 3466 4105; x_wconf 67' lang='lat' dir='ltr'><strong>gratim.</strong></span> 
     </span>
    </p>
   </div>
   <div class='ocr_carea' id='block_1_90' title="bbox 1876 4107 3467 4179">
    <p class='ocr_par' dir='ltr' id='par_1_90' title="bbox 1876 4107 3467 4179">
     <span class='ocr_line' id='line_1_91' title="bbox 1876 4107 3467 4179; baseline -0.001 -15"><span class='ocrx_word' id='word_1_662' title='bbox 1876 4110 2029 4179; x_wconf 88' lang='lat' dir='ltr'><strong>Quod</strong></span> <span class='ocrx_word' id='word_1_663' title='bbox 2074 4125 2103 4164; x_wconf 92' lang='lat' dir='ltr'><strong>a</strong></span> <span class='ocrx_word' id='word_1_664' title='bbox 2149 4111 2212 4164; x_wconf 91' lang='lat' dir='ltr'><strong>D.</strong></span> <span class='ocrx_word' id='word_1_665' title='bbox 2249 4111 2519 4179; x_wconf 78' lang='lat' dir='ltr'><strong>Prospero</strong></span> <span class='ocrx_word' id='word_1_666' title='bbox 2564 4107 2798 4179; x_wconf 87' lang='lat' dir='ltr'><strong>egregie_</strong></span> <span class='ocrx_word' id='word_1_667' title='bbox 2822 4108 3129 4179; x_wconf 66' lang='lat' dir='ltr'><strong>explicatur</strong></span> <span class='ocrx_word' id='word_1_668' title='bbox 3181 4108 3263 4162; x_wconf 87' lang='lat' dir='ltr'><strong>his</strong></span> <span class='ocrx_word' id='word_1_669' title='bbox 3290 4111 3467 4179; x_wconf 68' lang='lat' dir='ltr'><strong>verbis</strong></span> 
     </span>
    </p>
   </div>
   <div class='ocr_carea' id='block_1_91' title="bbox 1877 4175 3468 4250">
    <p class='ocr_par' dir='ltr' id='par_1_91' title="bbox 1877 4175 3468 4250">
     <span class='ocr_line' id='line_1_92' title="bbox 1877 4175 3468 4250; baseline 0.001 -16"><span class='ocrx_word' id='word_1_670' title='bbox 1877 4175 2023 4249; x_wconf 74' lang='lat' dir='ltr'><strong>(Lib.</strong></span> <span class='ocrx_word' id='word_1_671' title='bbox 2060 4195 2094 4234; x_wconf 87' lang='lat' dir='ltr'><strong>II</strong></span> <span class='ocrx_word' id='word_1_672' title='bbox 2125 4182 2186 4234; x_wconf 90' lang='lat' dir='ltr'><strong>de</strong></span> <span class='ocrx_word' id='word_1_673' title='bbox 2217 4175 2403 4235; x_wconf 60' lang='lat' dir='ltr'><strong>Vocat:</strong></span> <span class='ocrx_word' id='word_1_674' title='bbox 2436 4188 2573 4248; x_wconf 87' lang='lat' dir='ltr'><strong>gent.</strong></span> <span class='ocrx_word' id='word_1_675' title='bbox 2602 4175 2728 4250; x_wconf 65' lang='lat' dir='ltr'><strong>cap.</strong></span> <span class='ocrx_word' id='word_1_676' title='bbox 2771 4177 2864 4248; x_wconf 73' lang='grc'><strong>26)</strong></span> <span class='ocrx_word' id='word_1_677' title='bbox 2892 4195 2903 4230; x_wconf 89' lang='lat'>:</span> <span class='ocrx_word' id='word_1_678' title='bbox 2929 4176 3110 4232; x_wconf 77' lang='lat' dir='ltr'><strong>Gratia</strong></span> <span class='ocrx_word' id='word_1_679' title='bbox 3137 4181 3338 4248; x_wconf 85' lang='lat' dir='ltr'><strong>quidem</strong></span> <span class='ocrx_word' id='word_1_680' title='bbox 3372 4175 3468 4236; x_wconf 86' lang='lat' dir='ltr'><strong>Dei</strong></span> 
     </span>
    </p>
   </div>
   <div class='ocr_carea' id='block_1_92' title="bbox 1875 4249 3463 4322">
    <p class='ocr_par' dir='ltr' id='par_1_92' title="bbox 1875 4249 3463 4322">
     <span class='ocr_line' id='line_1_93' title="bbox 1875 4249 3463 4322; baseline -0.001 -18"><span class='ocrx_word' id='word_1_681' title='bbox 1875 4251 1930 4306; x_wconf 86' lang='lat' dir='ltr'><strong>in</strong></span> <span class='ocrx_word' id='word_1_682' title='bbox 1971 4253 2207 4306; x_wconf 86' lang='lat' dir='ltr'><strong>omnibus</strong></span> <span class='ocrx_word' id='word_1_683' title='bbox 2247 4249 2708 4322; x_wconf 76' lang='lat' dir='ltr'><strong>justiﬁcationibus</strong></span> <span class='ocrx_word' id='word_1_684' title='bbox 2746 4249 3104 4322; x_wconf 80' lang='lat' dir='ltr'><strong>principaliter</strong></span> <span class='ocrx_word' id='word_1_685' title='bbox 3138 4252 3463 4321; x_wconf 76' lang='lat' dir='ltr'><strong>prteeminet,</strong></span> 
     </span>
    </p>
   </div>
   <div class='ocr_carea' id='block_1_93' title="bbox 1866 4320 3465 4390">
    <p class='ocr_par' dir='ltr' id='par_1_93' title="bbox 1866 4320 3465 4390">
     <span class='ocr_line' id='line_1_94' title="bbox 1866 4320 3465 4390; baseline -0.001 -14"><span class='ocrx_word' id='word_1_686' title='bbox 1866 4326 2132 4376; x_wconf 84' lang='lat' dir='ltr'><strong>suadendo</strong></span> <span class='ocrx_word' id='word_1_687' title='bbox 2163 4320 2629 4382; x_wconf 73' lang='lat' dir='ltr'><strong>exhortationibus,</strong></span> <span class='ocrx_word' id='word_1_688' title='bbox 2647 4320 3198 4390; x_wconf 72' lang='lat' dir='ltr'><strong>monendoexemplis,</strong></span> <span class='ocrx_word' id='word_1_689' title='bbox 3231 4323 3465 4375; x_wconf 76' lang='lat' dir='ltr'><strong>terrendo</strong></span> 
     </span>
    </p>
   </div>
   <div class='ocr_carea' id='block_1_94' title="bbox 1870 4391 3468 4460">
    <p class='ocr_par' dir='ltr' id='par_1_94' title="bbox 1870 4391 3468 4460">
     <span class='ocr_line' id='line_1_95' title="bbox 1870 4391 3468 4460; baseline 0 -15"><span class='ocrx_word' id='word_1_690' title='bbox 1870 4395 2132 4460; x_wconf 69' lang='lat' dir='ltr'><strong>periculis,</strong></span> <span class='ocrx_word' id='word_1_691' title='bbox 2167 4395 2434 4447; x_wconf 85' lang='lat' dir='ltr'><strong>incitando</strong></span> <span class='ocrx_word' id='word_1_692' title='bbox 2475 4393 2760 4452; x_wconf 82' lang='lat' dir='ltr'><strong>miraculis,</strong></span> <span class='ocrx_word' id='word_1_693' title='bbox 2791 4391 2967 4444; x_wconf 87' lang='lat' dir='ltr'><strong>dando</strong></span> <span class='ocrx_word' id='word_1_694' title='bbox 3007 4393 3355 4456; x_wconf 78' lang='lat' dir='ltr'><strong>intellectum,</strong></span> <span class='ocrx_word' id='word_1_695' title='bbox 3389 4395 3468 4445; x_wconf 87' lang='lat' dir='ltr'><strong>in-</strong></span> 
     </span>
    </p>
   </div>
   <div class='ocr_carea' id='block_1_95' title="bbox 1869 4461 3466 4531">
    <p class='ocr_par' dir='ltr' id='par_1_95' title="bbox 1869 4461 3466 4531">
     <span class='ocr_line' id='line_1_96' title="bbox 1869 4461 3466 4531; baseline 0.001 -16"><span class='ocrx_word' id='word_1_696' title='bbox 1869 4465 2119 4527; x_wconf 86' lang='lat' dir='ltr'><strong>spirando</strong></span> <span class='ocrx_word' id='word_1_697' title='bbox 2172 4465 2482 4525; x_wconf 71' lang='lat' dir='ltr'><strong>consilium,</strong></span> <span class='ocrx_word' id='word_1_698' title='bbox 2515 4477 2702 4531; x_wconf 85' lang='lat' dir='ltr'><strong>corque</strong></span> <span class='ocrx_word' id='word_1_699' title='bbox 2747 4463 2978 4528; x_wconf 84' lang='lat' dir='ltr'><strong>ipsorum</strong></span> <span class='ocrx_word' id='word_1_700' title='bbox 3024 4461 3387 4526; x_wconf 86' lang='lat' dir='ltr'><strong>illuminanda,</strong></span> <span class='ocrx_word' id='word_1_701' title='bbox 3420 4474 3466 4517; x_wconf 87' lang='lat' dir='ltr'><strong>et</strong></span> 
     </span>
    </p>
   </div>
   <div class='ocr_carea' id='block_1_96' title="bbox 1868 4532 3527 4602">
    <p class='ocr_par' dir='ltr' id='par_1_96' title="bbox 1868 4532 3527 4602">
     <span class='ocr_line' id='line_1_97' title="bbox 1868 4532 3527 4602; baseline 0 -16"><span class='ocrx_word' id='word_1_702' title='bbox 1868 4533 1996 4602; x_wconf 79' lang='lat' dir='ltr'><strong>ﬁdei</strong></span> <span class='ocrx_word' id='word_1_703' title='bbox 2025 4533 2383 4599; x_wconf 74' lang='lat' dir='ltr'><strong>affectionibus</strong></span> <span class='ocrx_word' id='word_1_704' title='bbox 2407 4532 2695 4586; x_wconf 69' lang='lat' dir='ltr'><strong>imbuenda.</strong></span> <span class='ocrx_word' id='word_1_705' title='bbox 2716 4532 2830 4602; x_wconf 83' lang='lat' dir='ltr'><strong>Sed</strong></span> <span class='ocrx_word' id='word_1_706' title='bbox 2859 4532 3010 4583; x_wconf 84' lang='lat' dir='ltr'><strong>etiam</strong></span> <span class='ocrx_word' id='word_1_707' title='bbox 3032 4533 3271 4585; x_wconf 83' lang='lat' dir='ltr'><strong>voluntas</strong></span> <span class='ocrx_word' id='word_1_708' title='bbox 3303 4536 3468 4586; x_wconf 82' lang='lat' dir='ltr'><strong>ltomi-</strong></span> <span class='ocrx_word' id='word_1_709' title='bbox 3523 4533 3527 4538; x_wconf 33' lang='grc' dir='ltr'><em>ί</em></span> 
     </span>
    </p>
   </div>
   <div class='ocr_carea' id='block_1_97' title="bbox 1869 4601 3467 4676">
    <p class='ocr_par' dir='ltr' id='par_1_97' title="bbox 1869 4601 3467 4676">
     <span class='ocr_line' id='line_1_98' title="bbox 1869 4601 3467 4676; baseline 0.003 -22"><span class='ocrx_word' id='word_1_710' title='bbox 1869 4605 1949 4676; x_wconf 88' lang='lat' dir='ltr'><strong>nis</strong></span> <span class='ocrx_word' id='word_1_711' title='bbox 1972 4607 2085 4676; x_wconf 68' lang='lat' dir='ltr'><strong>subj</strong></span> <span class='ocrx_word' id='word_1_712' title='bbox 2094 4605 2303 4674; x_wconf 77' lang='lat' dir='ltr'><strong>ungitur</strong></span> <span class='ocrx_word' id='word_1_713' title='bbox 2332 4605 2396 4665; x_wconf 80' lang='lat' dir='ltr'><strong>ei,</strong></span> <span class='ocrx_word' id='word_1_714' title='bbox 2425 4615 2583 4676; x_wconf 77' lang='lat' dir='ltr'><strong>atque</strong></span> <span class='ocrx_word' id='word_1_715' title='bbox 2596 4601 2956 4676; x_wconf 63' lang='lat' dir='ltr'><strong>coniungitur,</strong></span> <span class='ocrx_word' id='word_1_716' title='bbox 2974 4617 3091 4676; x_wconf 70' lang='lat' dir='ltr'><strong>qua:</strong></span> <span class='ocrx_word' id='word_1_717' title='bbox 3114 4604 3181 4656; x_wconf 89' lang='lat' dir='ltr'><strong>ad</strong></span> <span class='ocrx_word' id='word_1_718' title='bbox 3207 4603 3303 4656; x_wconf 84' lang='lat' dir='ltr'><strong>hoc</strong></span> <span class='ocrx_word' id='word_1_719' title='bbox 3332 4621 3467 4671; x_wconf 79' lang='lat' dir='ltr'><strong>prte-</strong></span> 
     </span>
    </p>
   </div>
   <div class='ocr_carea' id='block_1_98' title="bbox 1869 4672 3465 4745">
    <p class='ocr_par' dir='ltr' id='par_1_98' title="bbox 1869 4672 3465 4745">
     <span class='ocr_line' id='line_1_99' title="bbox 1869 4672 3465 4745; baseline 0.001 -19"><span class='ocrx_word' id='word_1_720' title='bbox 1869 4675 2020 4727; x_wconf 85' lang='lat' dir='ltr'><strong>dictis</strong></span> <span class='ocrx_word' id='word_1_721' title='bbox 2039 4672 2111 4728; x_wconf 82' lang='lat' dir='ltr'><strong>est</strong></span> <span class='ocrx_word' id='word_1_722' title='bbox 2144 4672 2366 4728; x_wconf 70' lang='lat' dir='ltr'><strong>excitata</strong></span> <span class='ocrx_word' id='word_1_723' title='bbox 2395 4672 2670 4745; x_wconf 68' lang='lat' dir='ltr'><strong>praesidiis,</strong></span> <span class='ocrx_word' id='word_1_724' title='bbox 2711 4681 2771 4745; x_wconf 78' lang='lat' dir='ltr'><strong>ut</strong></span> <span class='ocrx_word' id='word_1_725' title='bbox 2798 4672 2968 4745; x_wconf 82' lang='lat' dir='ltr'><strong>divino</strong></span> <span class='ocrx_word' id='word_1_726' title='bbox 2995 4673 3047 4724; x_wconf 90' lang='lat' dir='ltr'><strong>in</strong></span> <span class='ocrx_word' id='word_1_727' title='bbox 3075 4689 3128 4725; x_wconf 87' lang='lat' dir='ltr'><strong>se</strong></span> <span class='ocrx_word' id='word_1_728' title='bbox 3165 4688 3465 4738; x_wconf 84' lang='lat' dir='ltr'><strong>coaperetur</strong></span> 
     </span>
    </p>
   </div>
   <div class='ocr_carea' id='block_1_99' title="bbox 196 4721 3465 4822">
    <p class='ocr_par' dir='ltr' id='par_1_99' title="bbox 196 4721 3465 4822">
     <span class='ocr_line' id='line_1_100' title="bbox 196 4721 3465 4822; baseline -0.004 -12"><span class='ocrx_word' id='word_1_729' title='bbox 196 4721 984 4822; x_wconf 42' lang='lat' dir='ltr'><strong>E3sv§éib&quot;ie&amp;.t{gi}n§§,véia</strong></span> <span class='ocrx_word' id='word_1_730' title='bbox 1011 4749 1227 4822; x_wconf 70' lang='lat' dir='ltr'><strong>Gelasio</strong></span> <span class='ocrx_word' id='word_1_731' title='bbox 1259 4749 1509 4822; x_wconf 71' lang='lat' dir='ltr'><strong>pontifice</strong></span> <span class='ocrx_word' id='word_1_732' title='bbox 1539 4745 1762 4816; x_wconf 85' lang='lat' dir='ltr'><strong>aliisque</strong></span> <span class='ocrx_word' id='word_1_733' title='bbox 1794 4721 1846 4781; x_wconf 68' lang='grc' dir='ltr'><strong>Β</strong></span> <span class='ocrx_word' id='word_1_734' title='bbox 1871 4746 2036 4822; x_wconf 78' lang='lat' dir='ltr'><strong>aperi,</strong></span> <span class='ocrx_word' id='word_1_735' title='bbox 2082 4755 2128 4798; x_wconf 87' lang='lat' dir='ltr'><strong>et</strong></span> <span class='ocrx_word' id='word_1_736' title='bbox 2172 4721 2656 4822; x_wconf 32' lang='lat' dir='ltr'><strong>incipiatfexercers</strong></span> <span class='ocrx_word' id='word_1_737' title='bbox 2703 4742 2778 4822; x_wconf 43' lang='lat' dir='ltr'><strong>ad.</strong></span> <span class='ocrx_word' id='word_1_738' title='bbox 2819 4743 3216 4822; x_wconf 71' lang='lat' dir='ltr'><strong>meritumgnod</strong></span> <span class='ocrx_word' id='word_1_739' title='bbox 3244 4721 3465 4822; x_wconf 54' lang='grc' dir='ltr'><strong>δὶιρςηῃυ</strong></span> 
     </span>
    </p>
   </div>
   <div class='ocr_carea' id='block_1_100' title="bbox 193 4819 1541 4891">
    <p class='ocr_par' dir='ltr' id='par_1_100' title="bbox 193 4819 1541 4891">
     <span class='ocr_line' id='line_1_101' title="bbox 193 4819 1541 4891; baseline -0.005 -14"><span class='ocrx_word' id='word_1_740' title='bbox 193 4819 405 4879; x_wconf 79' lang='lat' dir='ltr'><strong>notatus</strong></span> <span class='ocrx_word' id='word_1_741' title='bbox 430 4833 534 4891; x_wconf 80' lang='lat' dir='ltr'><strong>est,</strong></span> <span class='ocrx_word' id='word_1_742' title='bbox 568 4832 626 4875; x_wconf 92' lang='lat' dir='ltr'><strong>ut</strong></span> <span class='ocrx_word' id='word_1_743' title='bbox 646 4819 843 4876; x_wconf 81' lang='lat' dir='ltr'><strong>ibidem</strong></span> <span class='ocrx_word' id='word_1_744' title='bbox 876 4821 984 4874; x_wconf 91' lang='lat' dir='ltr'><strong>Deo</strong></span> <span class='ocrx_word' id='word_1_745' title='bbox 1015 4819 1224 4891; x_wconf 82' lang='lat' dir='ltr'><strong>favente</strong></span> <span class='ocrx_word' id='word_1_746' title='bbox 1253 4819 1541 4891; x_wconf 83' lang='lat' dir='ltr'><strong>videbitur.</strong></span> 
     </span>
    </p>
   </div>
   <div class='ocr_carea' id='block_1_101' title="bbox 258 4886 1761 4958">
    <p class='ocr_par' dir='ltr' id='par_1_101' title="bbox 258 4886 1761 4958">
     <span class='ocr_line' id='line_1_102' title="bbox 258 4886 1761 4958; baseline -0.005 -8"><span class='ocrx_word' id='word_1_747' title='bbox 258 4895 285 4933; x_wconf 69' lang='grc' dir='ltr'>δ</span> <span class='ocrx_word' id='word_1_748' title='bbox 316 4886 573 4949; x_wconf 80' lang='lat' dir='ltr'><strong>Nostrum</strong></span> <span class='ocrx_word' id='word_1_749' title='bbox 602 4892 837 4954; x_wconf 77' lang='lat' dir='ltr'><strong>intellige</strong></span> <span class='ocrx_word' id='word_1_750' title='bbox 863 4906 966 4946; x_wconf 89' lang='lat' dir='ltr'><strong>non</strong></span> <span class='ocrx_word' id='word_1_751' title='bbox 1014 4889 1346 4944; x_wconf 79' lang='lat' dir='ltr'><strong>excludenda</strong></span> <span class='ocrx_word' id='word_1_752' title='bbox 1374 4888 1624 4958; x_wconf 83' lang='lat' dir='ltr'><strong>gratiam,</strong></span> <span class='ocrx_word' id='word_1_753' title='bbox 1666 4886 1761 4942; x_wconf 87' lang='lat' dir='ltr'><strong>sed</strong></span> 
     </span>
    </p>
   </div>
   <div class='ocr_carea' id='block_1_102' title="bbox 193 4960 1764 5033">
    <p class='ocr_par' dir='ltr' id='par_1_102' title="bbox 193 4960 1764 5033">
     <span class='ocr_line' id='line_1_103' title="bbox 193 4960 1764 5033; baseline -0.005 -12"><span class='ocrx_word' id='word_1_754' title='bbox 193 4981 303 5021; x_wconf 79' lang='lat' dir='ltr'><strong>eam</strong></span> <span class='ocrx_word' id='word_1_755' title='bbox 331 4963 706 5033; x_wconf 88' lang='lat' dir='ltr'><strong>supponendo.</strong></span> <span class='ocrx_word' id='word_1_756' title='bbox 742 4962 872 5016; x_wconf 89' lang='lat' dir='ltr'><strong>Illud</strong></span> <span class='ocrx_word' id='word_1_757' title='bbox 917 4961 1057 5014; x_wconf 90' lang='lat' dir='ltr'><strong>enim</strong></span> <span class='ocrx_word' id='word_1_758' title='bbox 1105 4960 1608 5033; x_wconf 77' lang='lat' dir='ltr'><strong>Pelagianum__est,</strong></span> <span class='ocrx_word' id='word_1_759' title='bbox 1662 4960 1764 5033; x_wconf 79' lang='lat' dir='ltr'><strong>hoc</strong></span> 
     </span>
    </p>
   </div>
   <div class='ocr_carea' id='block_1_103' title="bbox 192 5029 1765 5102">
    <p class='ocr_par' dir='ltr' id='par_1_103' title="bbox 192 5029 1765 5102">
     <span class='ocr_line' id='line_1_104' title="bbox 192 5029 1765 5102; baseline -0.006 -12"><span class='ocrx_word' id='word_1_760' title='bbox 192 5029 536 5101; x_wconf 80' lang='lat' dir='ltr'><strong>catholicum,</strong></span> <span class='ocrx_word' id='word_1_761' title='bbox 572 5044 629 5088; x_wconf 90' lang='lat' dir='ltr'><strong>ut</strong></span> <span class='ocrx_word' id='word_1_762' title='bbox 655 5042 799 5102; x_wconf 86' lang='lat' dir='ltr'><strong>patet</strong></span> <span class='ocrx_word' id='word_1_763' title='bbox 820 5049 882 5086; x_wconf 88' lang='lat' dir='ltr'><strong>ex</strong></span> <span class='ocrx_word' id='word_1_764' title='bbox 908 5033 974 5084; x_wconf 89' lang='lat' dir='ltr'><strong>iis</strong></span> <span class='ocrx_word' id='word_1_765' title='bbox 995 5047 1112 5100; x_wconf 68' lang='lat' dir='ltr'><strong>qua:</strong></span> <span class='ocrx_word' id='word_1_766' title='bbox 1134 5033 1270 5102; x_wconf 65' lang='lat' dir='ltr'><strong>dictu</strong></span> <span class='ocrx_word' id='word_1_767' title='bbox 1302 5039 1427 5084; x_wconf 89' lang='lat' dir='ltr'><strong>sunt</strong></span> <span class='ocrx_word' id='word_1_768' title='bbox 1456 5030 1545 5102; x_wconf 87' lang='lat' dir='ltr'><strong>lib.</strong></span> <span class='ocrx_word' id='word_1_769' title='bbox 1576 5045 1648 5083; x_wconf 87' lang='lat' dir='ltr'><strong>xtl</strong></span> <span class='ocrx_word' id='word_1_770' title='bbox 1679 5029 1765 5082; x_wconf 87' lang='lat' dir='ltr'><strong>In-</strong></span> 
     </span>
    </p>
   </div>
   <div class='ocr_carea' id='block_1_104' title="bbox 193 5100 1765 5176">
    <p class='ocr_par' dir='ltr' id='par_1_104' title="bbox 193 5100 1765 5176">
     <span class='ocr_line' id='line_1_105' title="bbox 193 5100 1765 5176; baseline -0.004 -18"><span class='ocrx_word' id='word_1_771' title='bbox 193 5111 361 5162; x_wconf 87' lang='lat' dir='ltr'><strong>stitut.</strong></span> <span class='ocrx_word' id='word_1_772' title='bbox 397 5100 562 5176; x_wconf 87' lang='lat' dir='ltr'><strong>(Cap.</strong></span> <span class='ocrx_word' id='word_1_773' title='bbox 594 5100 667 5158; x_wconf 77' lang='grc'><strong>15</strong></span> <span class='ocrx_word' id='word_1_774' title='bbox 685 5114 731 5157; x_wconf 91' lang='lat' dir='ltr'><strong>et</strong></span> <span class='ocrx_word' id='word_1_775' title='bbox 759 5103 1035 5176; x_wconf 86' lang='lat' dir='ltr'><strong>sequ_ent.),</strong></span> <span class='ocrx_word' id='word_1_776' title='bbox 1057 5109 1111 5155; x_wconf 88' lang='lat' dir='ltr'><strong>et</strong></span> <span class='ocrx_word' id='word_1_777' title='bbox 1125 5100 1329 5176; x_wconf 76' lang='lat' dir='ltr'><strong>clarius</strong></span> <span class='ocrx_word' id='word_1_778' title='bbox 1345 5101 1544 5176; x_wconf 80' lang='lat' dir='ltr'><strong>patebit</strong></span> <span class='ocrx_word' id='word_1_779' title='bbox 1563 5116 1628 5153; x_wconf 87' lang='lat' dir='ltr'><strong>ex</strong></span> <span class='ocrx_word' id='word_1_780' title='bbox 1652 5107 1765 5153; x_wconf 90' lang='lat' dir='ltr'><strong>toto</strong></span> 
     </span>
    </p>
   </div>
   <div class='ocr_carea' id='block_1_105' title="bbox 193 5172 1767 5238">
    <p class='ocr_par' dir='ltr' id='par_1_105' title="bbox 193 5172 1767 5238">
     <span class='ocr_line' id='line_1_106' title="bbox 193 5172 1767 5238; baseline -0.004 -9"><span class='ocrx_word' id='word_1_781' title='bbox 193 5172 424 5232; x_wconf 80' lang='lat' dir='ltr'><strong>decursu</strong></span> <span class='ocrx_word' id='word_1_782' title='bbox 451 5172 756 5236; x_wconf 83' lang='lat' dir='ltr'><strong>collationis</strong></span> <span class='ocrx_word' id='word_1_783' title='bbox 775 5174 998 5228; x_wconf 67' lang='lat' dir='ltr'><strong>decimae</strong></span> <span class='ocrx_word' id='word_1_784' title='bbox 1025 5172 1217 5238; x_wconf 71' lang='lat' dir='ltr'><strong>tertiae,</strong></span> <span class='ocrx_word' id='word_1_785' title='bbox 1242 5173 1332 5226; x_wconf 86' lang='lat' dir='ltr'><strong>ubi</strong></span> <span class='ocrx_word' id='word_1_786' title='bbox 1359 5172 1460 5225; x_wconf 85' lang='lat' dir='ltr'><strong>huc</strong></span> <span class='ocrx_word' id='word_1_787' title='bbox 1481 5186 1767 5238; x_wconf 87' lang='lat' dir='ltr'><strong>argumen-</strong></span> 
     </span>
    </p>
   </div>
   <div class='ocr_carea' id='block_1_106' title="bbox 194 5240 1770 5310">
    <p class='ocr_par' dir='ltr' id='par_1_106' title="bbox 194 5240 1770 5310">
     <span class='ocr_line' id='line_1_107' title="bbox 194 5240 1770 5310; baseline -0.003 -12"><span class='ocrx_word' id='word_1_788' title='bbox 194 5259 297 5302; x_wconf 89' lang='lat' dir='ltr'><strong>tum</strong></span> <span class='ocrx_word' id='word_1_789' title='bbox 329 5259 581 5302; x_wconf 81' lang='lat' dir='ltr'><strong>accurate</strong></span> <span class='ocrx_word' id='word_1_790' title='bbox 609 5254 882 5300; x_wconf 80' lang='lat' dir='ltr'><strong>tractatur.</strong></span> <span class='ocrx_word' id='word_1_791' title='bbox 917 5243 1031 5297; x_wconf 82' lang='lat' dir='ltr'><strong>Non</strong></span> <span class='ocrx_word' id='word_1_792' title='bbox 1060 5258 1187 5310; x_wconf 80' lang='lat' dir='ltr'><strong>ergo</strong></span> <span class='ocrx_word' id='word_1_793' title='bbox 1219 5242 1307 5296; x_wconf 89' lang='lat' dir='ltr'><strong>hic</strong></span> <span class='ocrx_word' id='word_1_794' title='bbox 1335 5244 1574 5306; x_wconf 81' lang='lat' dir='ltr'><strong>separari</strong></span> <span class='ocrx_word' id='word_1_795' title='bbox 1609 5240 1770 5294; x_wconf 88' lang='lat' dir='ltr'><strong>debet</strong></span> 
     </span>
    </p>
   </div>
   <div class='ocr_carea' id='block_1_107' title="bbox 195 5310 1770 5385">
    <p class='ocr_par' dir='ltr' id='par_1_107' title="bbox 195 5310 1770 5385">
     <span class='ocr_line' id='line_1_108' title="bbox 195 5310 1770 5385; baseline -0.003 -15"><span class='ocrx_word' id='word_1_796' title='bbox 195 5317 241 5370; x_wconf 84' lang='lat' dir='ltr'><strong>id</strong></span> <span class='ocrx_word' id='word_1_797' title='bbox 265 5319 416 5385; x_wconf 72' lang='lat' dir='ltr'><strong>quod</strong></span> <span class='ocrx_word' id='word_1_798' title='bbox 440 5328 684 5372; x_wconf 89' lang='lat' dir='ltr'><strong>nostrum</strong></span> <span class='ocrx_word' id='word_1_799' title='bbox 714 5324 794 5370; x_wconf 85' lang='lat' dir='ltr'><strong>est</strong></span> <span class='ocrx_word' id='word_1_800' title='bbox 819 5315 887 5368; x_wconf 86' lang='lat' dir='ltr'><strong>ab</strong></span> <span class='ocrx_word' id='word_1_801' title='bbox 907 5328 972 5367; x_wconf 93' lang='lat' dir='ltr'><strong>eo</strong></span> <span class='ocrx_word' id='word_1_802' title='bbox 997 5314 1138 5383; x_wconf 85' lang='lat' dir='ltr'><strong>quod</strong></span> <span class='ocrx_word' id='word_1_803' title='bbox 1169 5313 1262 5385; x_wconf 78' lang='lat' dir='ltr'><strong>Dei</strong></span> <span class='ocrx_word' id='word_1_804' title='bbox 1298 5322 1380 5385; x_wconf 73' lang='lat' dir='ltr'><strong>est</strong></span> <span class='ocrx_word' id='word_1_805' title='bbox 1401 5314 1478 5381; x_wconf 90' lang='lat' dir='ltr'><strong>(si</strong></span> <span class='ocrx_word' id='word_1_806' title='bbox 1509 5310 1770 5385; x_wconf 70' lang='lat' dir='ltr'><strong>catholico</strong></span> 
     </span>
    </p>
   </div>
   <div class='ocr_carea' id='block_1_108' title="bbox 191 5382 1768 5456">
    <p class='ocr_par' dir='ltr' id='par_1_108' title="bbox 191 5382 1768 5456">
     <span class='ocr_line' id='line_1_109' title="bbox 191 5382 1768 5456; baseline -0.003 -16"><span class='ocrx_word' id='word_1_807' title='bbox 191 5382 467 5453; x_wconf 64' lang='lat' dir='ltr'><strong>exponere</strong></span> <span class='ocrx_word' id='word_1_808' title='bbox 497 5384 757 5456; x_wconf 76' lang='lat' dir='ltr'><strong>velimus)</strong></span> <span class='ocrx_word' id='word_1_809' title='bbox 785 5386 933 5456; x_wconf 82' lang='lat' dir='ltr'><strong>quasi</strong></span> <span class='ocrx_word' id='word_1_810' title='bbox 963 5382 1030 5439; x_wconf 78' lang='lat' dir='ltr'><strong>ex</strong></span> <span class='ocrx_word' id='word_1_811' title='bbox 1063 5385 1216 5438; x_wconf 89' lang='lat' dir='ltr'><strong>nobis</strong></span> <span class='ocrx_word' id='word_1_812' title='bbox 1244 5382 1409 5456; x_wconf 79' lang='lat' dir='ltr'><strong>ipsis,</strong></span> <span class='ocrx_word' id='word_1_813' title='bbox 1436 5399 1536 5456; x_wconf 79' lang='lat' dir='ltr'><strong>seu</strong></span> <span class='ocrx_word' id='word_1_814' title='bbox 1569 5382 1768 5456; x_wconf 75' lang='lat' dir='ltr'><strong>nastris</strong></span> 
     </span>
    </p>
   </div>
   <div class='ocr_carea' id='block_1_109' title="bbox 193 5452 1771 5525">
    <p class='ocr_par' dir='ltr' id='par_1_109' title="bbox 193 5452 1771 5525">
     <span class='ocr_line' id='line_1_110' title="bbox 193 5452 1771 5525; baseline -0.004 -14"><span class='ocrx_word' id='word_1_815' title='bbox 193 5452 400 5513; x_wconf 75' lang='lat' dir='ltr'><strong>viribus</strong></span> <span class='ocrx_word' id='word_1_816' title='bbox 425 5459 625 5524; x_wconf 79' lang='lat' dir='ltr'><strong>absque</strong></span> <span class='ocrx_word' id='word_1_817' title='bbox 662 5452 883 5525; x_wconf 83' lang='lat' dir='ltr'><strong>speciali</strong></span> <span class='ocrx_word' id='word_1_818' title='bbox 912 5465 966 5508; x_wconf 89' lang='lat' dir='ltr'><strong>et</strong></span> <span class='ocrx_word' id='word_1_819' title='bbox 1007 5454 1401 5522; x_wconf 84' lang='lat' dir='ltr'><strong>supernaturali</strong></span> <span class='ocrx_word' id='word_1_820' title='bbox 1433 5455 1525 5507; x_wconf 82' lang='lat' dir='ltr'><strong>Dei</strong></span> <span class='ocrx_word' id='word_1_821' title='bbox 1570 5452 1771 5506; x_wconf 83' lang='lat' dir='ltr'><strong>auxilio</strong></span> 
     </span>
    </p>
   </div>
   <div class='ocr_carea' id='block_1_110' title="bbox 191 5525 1771 5598">
    <p class='ocr_par' dir='ltr' id='par_1_110' title="bbox 191 5525 1771 5598">
     <span class='ocr_line' id='line_1_111' title="bbox 191 5525 1771 5598; baseline -0.003 -15"><span class='ocrx_word' id='word_1_822' title='bbox 191 5532 464 5598; x_wconf 83' lang='lat' dir='ltr'><strong>possimus</strong></span> <span class='ocrx_word' id='word_1_823' title='bbox 500 5530 678 5583; x_wconf 90' lang='lat' dir='ltr'><strong>eidem</strong></span> <span class='ocrx_word' id='word_1_824' title='bbox 707 5525 918 5581; x_wconf 88' lang='lat' dir='ltr'><strong>vocanti</strong></span> <span class='ocrx_word' id='word_1_825' title='bbox 956 5526 1214 5598; x_wconf 79' lang='lat' dir='ltr'><strong>assentiri</strong></span> <span class='ocrx_word' id='word_1_826' title='bbox 1257 5537 1310 5578; x_wconf 92' lang='lat' dir='ltr'><strong>et</strong></span> <span class='ocrx_word' id='word_1_827' title='bbox 1346 5527 1771 5598; x_wconf 25' lang='lat' dir='ltr'><strong>cooperariuac</strong></span> 
     </span>
    </p>
   </div>
   <div class='ocr_carea' id='block_1_111' title="bbox 192 5594 1773 5667">
    <p class='ocr_par' dir='ltr' id='par_1_111' title="bbox 192 5594 1773 5667">
     <span class='ocr_line' id='line_1_112' title="bbox 192 5594 1773 5667; baseline -0.004 -13"><span class='ocrx_word' id='word_1_828' title='bbox 192 5594 282 5667; x_wconf 63' lang='lat' dir='ltr'><strong>iter</strong></span> <span class='ocrx_word' id='word_1_829' title='bbox 312 5604 422 5655; x_wconf 83' lang='lat' dir='ltr'><strong>hoc</strong></span> <span class='ocrx_word' id='word_1_830' title='bbox 442 5603 604 5655; x_wconf 89' lang='lat' dir='ltr'><strong>vitam</strong></span> <span class='ocrx_word' id='word_1_831' title='bbox 636 5610 891 5653; x_wconf 67' lang='lat' dir='ltr'><strong>teternam</strong></span> <span class='ocrx_word' id='word_1_832' title='bbox 922 5595 1242 5664; x_wconf 88' lang='lat' dir='ltr'><strong>promereri,</strong></span> <span class='ocrx_word' id='word_1_833' title='bbox 1267 5597 1354 5664; x_wconf 93' lang='lat' dir='ltr'><strong>qui</strong></span> <span class='ocrx_word' id='word_1_834' title='bbox 1379 5596 1475 5649; x_wconf 89' lang='lat' dir='ltr'><strong>fuit</strong></span> <span class='ocrx_word' id='word_1_835' title='bbox 1496 5610 1648 5649; x_wconf 91' lang='lat' dir='ltr'><strong>error</strong></span> <span class='ocrx_word' id='word_1_836' title='bbox 1675 5594 1773 5648; x_wconf 82' lang='lat' dir='ltr'><strong>Pe-</strong></span> 
     </span>
    </p>
   </div>
   <div class='ocr_carea' id='block_1_112' title="bbox 191 5666 1771 5741">
    <p class='ocr_par' dir='ltr' id='par_1_112' title="bbox 191 5666 1771 5741">
     <span class='ocr_line' id='line_1_113' title="bbox 191 5666 1771 5741; baseline -0.004 -17"><span class='ocrx_word' id='word_1_837' title='bbox 191 5666 524 5741; x_wconf 78' lang='lat' dir='ltr'><strong>lagianorum</strong></span> <span class='ocrx_word' id='word_1_838' title='bbox 588 5678 684 5741; x_wconf 74' lang='lat' dir='ltr'><strong>aut</strong></span> <span class='ocrx_word' id='word_1_839' title='bbox 728 5669 1316 5741; x_wconf 76' lang='lat' dir='ltr'><strong>Semipclagianorum;</strong></span> <span class='ocrx_word' id='word_1_840' title='bbox 1368 5666 1461 5720; x_wconf 85' lang='lat' dir='ltr'><strong>sed</strong></span> <span class='ocrx_word' id='word_1_841' title='bbox 1530 5676 1771 5718; x_wconf 90' lang='lat' dir='ltr'><strong>nostrum</strong></span> 
     </span>
    </p>
   </div>
   <div class='ocr_carea' id='block_1_113' title="bbox 1867 4813 3466 4886">
    <p class='ocr_par' dir='ltr' id='par_1_113' title="bbox 1867 4813 3466 4886">
     <span class='ocr_line' id='line_1_114' title="bbox 1867 4813 3466 4886; baseline -0.001 -19"><span class='ocrx_word' id='word_1_842' title='bbox 1867 4813 2058 4869; x_wconf 81' lang='lat' dir='ltr'><strong>semine</strong></span> <span class='ocrx_word' id='word_1_843' title='bbox 2091 4813 2318 4886; x_wconf 61' lang='lat' dir='ltr'><strong>conrepd</strong></span> <span class='ocrx_word' id='word_1_844' title='bbox 2346 4816 2418 4886; x_wconf 85' lang='lat' dir='ltr'><strong>ad</strong></span> <span class='ocrx_word' id='word_1_845' title='bbox 2449 4814 2716 4886; x_wconf 82' lang='lat' dir='ltr'><strong>studium;</strong></span> <span class='ocrx_word' id='word_1_846' title='bbox 2745 4813 2810 4886; x_wconf 82' lang='lat' dir='ltr'><strong>de</strong></span> <span class='ocrx_word' id='word_1_847' title='bbox 2847 4829 2942 4886; x_wconf 79' lang='lat' dir='ltr'><strong>sua</strong></span> <span class='ocrx_word' id='word_1_848' title='bbox 2977 4814 3169 4886; x_wconf 83' lang='lat' dir='ltr'><strong>habens</strong></span> <span class='ocrx_word' id='word_1_849' title='bbox 3200 4815 3466 4886; x_wconf 81' lang='lat' dir='ltr'><strong>mutabili-</strong></span> 
     </span>
    </p>
   </div>
   <div class='ocr_carea' id='block_1_114' title="bbox 1869 4883 3466 4955">
    <p class='ocr_par' dir='ltr' id='par_1_114' title="bbox 1869 4883 3466 4955">
     <span class='ocr_line' id='line_1_115' title="bbox 1869 4883 3466 4955; baseline 0.001 -18"><span class='ocrx_word' id='word_1_850' title='bbox 1869 4893 1972 4937; x_wconf 88' lang='lat' dir='ltr'><strong>tate</strong></span> <span class='ocrx_word' id='word_1_851' title='bbox 2010 4887 2054 4939; x_wconf 89' lang='lat' dir='ltr'><strong>si</strong></span> <span class='ocrx_word' id='word_1_852' title='bbox 2083 4883 2254 4955; x_wconf 72' lang='lat' dir='ltr'><strong>deﬁcit</strong></span> <span class='ocrx_word' id='word_1_853' title='bbox 2274 4929 2287 4952; x_wconf 93' lang='lat'><strong>,</strong></span> <span class='ocrx_word' id='word_1_854' title='bbox 2319 4885 2382 4938; x_wconf 89' lang='lat' dir='ltr'><strong>de</strong></span> <span class='ocrx_word' id='word_1_855' title='bbox 2423 4885 2604 4955; x_wconf 70' lang='lat' dir='ltr'><strong>gratia</strong></span> <span class='ocrx_word' id='word_1_856' title='bbox 2648 4883 2983 4955; x_wconf 83' lang='lat' dir='ltr'><strong>apitulatione</strong></span> <span class='ocrx_word' id='word_1_857' title='bbox 3011 4884 3056 4935; x_wconf 87' lang='lat' dir='ltr'><strong>si</strong></span> <span class='ocrx_word' id='word_1_858' title='bbox 3087 4885 3321 4955; x_wconf 72' lang='lat' dir='ltr'><strong>proﬁcit;</strong></span> <span class='ocrx_word' id='word_1_859' title='bbox 3353 4902 3466 4952; x_wconf 77' lang='lat' dir='ltr'><strong>qua:</strong></span> 
     </span>
    </p>
   </div>
   <div class='ocr_carea' id='block_1_115' title="bbox 1871 4954 3460 5024">
    <p class='ocr_par' dir='ltr' id='par_1_115' title="bbox 1871 4954 3460 5024">
     <span class='ocr_line' id='line_1_116' title="bbox 1871 4954 3460 5024; baseline -0.001 -15"><span class='ocrx_word' id='word_1_860' title='bbox 1871 4954 2152 5022; x_wconf 27' lang='lat' dir='ltr'><strong>Opitulatio&#39;</strong></span> <span class='ocrx_word' id='word_1_861' title='bbox 2179 4974 2267 5024; x_wconf 88' lang='lat' dir='ltr'><strong>per</strong></span> <span class='ocrx_word' id='word_1_862' title='bbox 2297 4954 2593 5009; x_wconf 84' lang='lat' dir='ltr'><strong>innumeros</strong></span> <span class='ocrx_word' id='word_1_863' title='bbox 2620 4954 2797 5008; x_wconf 89' lang='lat' dir='ltr'><strong>modos</strong></span> <span class='ocrx_word' id='word_1_864' title='bbox 2819 4954 2920 5006; x_wconf 84' lang='lat' dir='ltr'><strong>sive</strong></span> <span class='ocrx_word' id='word_1_865' title='bbox 2947 4954 3194 5024; x_wconf 80' lang='lat' dir='ltr'><strong>occultos.</strong></span> <span class='ocrx_word' id='word_1_866' title='bbox 3227 4957 3328 5008; x_wconf 85' lang='lat' dir='ltr'><strong>sive</strong></span> <span class='ocrx_word' id='word_1_867' title='bbox 3357 4973 3460 5008; x_wconf 78' lang='lat' dir='ltr'><strong>nut-</strong></span> 
     </span>
    </p>
   </div>
   <div class='ocr_carea' id='block_1_116' title="bbox 1872 5023 3466 5096">
    <p class='ocr_par' dir='ltr' id='par_1_116' title="bbox 1872 5023 3466 5096">
     <span class='ocr_line' id='line_1_117' title="bbox 1872 5023 3466 5096; baseline 0 -18"><span class='ocrx_word' id='word_1_868' title='bbox 1872 5027 2106 5094; x_wconf 70' lang='lat' dir='ltr'><strong>nifestos,</strong></span> <span class='ocrx_word' id='word_1_869' title='bbox 2147 5023 2381 5082; x_wconf 82' lang='lat' dir='ltr'><strong>omnibus</strong></span> <span class='ocrx_word' id='word_1_870' title='bbox 2424 5025 2730 5090; x_wconf 81' lang='lat' dir='ltr'><strong>adhibetur;</strong></span> <span class='ocrx_word' id='word_1_871' title='bbox 2757 5036 2804 5078; x_wconf 91' lang='lat' dir='ltr'><strong>et</strong></span> <span class='ocrx_word' id='word_1_872' title='bbox 2833 5025 2973 5094; x_wconf 88' lang='lat' dir='ltr'><strong>quod</strong></span> <span class='ocrx_word' id='word_1_873' title='bbox 3003 5041 3032 5076; x_wconf 90' lang='lat' dir='ltr'><strong>a</strong></span> <span class='ocrx_word' id='word_1_874' title='bbox 3064 5023 3240 5077; x_wconf 86' lang='lat' dir='ltr'><strong>multis</strong></span> <span class='ocrx_word' id='word_1_875' title='bbox 3269 5027 3466 5096; x_wconf 78' lang='lat' dir='ltr'><strong>refuta-</strong></span> 
     </span>
    </p>
   </div>
   <div class='ocr_carea' id='block_1_117' title="bbox 1873 5097 3463 5168">
    <p class='ocr_par' dir='ltr' id='par_1_117' title="bbox 1873 5097 3463 5168">
     <span class='ocr_line' id='line_1_118' title="bbox 1873 5097 3463 5168; baseline 0.001 -19"><span class='ocrx_word' id='word_1_876' title='bbox 1873 5107 1976 5158; x_wconf 85' lang='lat' dir='ltr'><strong>tur,</strong></span> <span class='ocrx_word' id='word_1_877' title='bbox 2009 5099 2238 5168; x_wconf 82' lang='lat' dir='ltr'><strong>ipsorum</strong></span> <span class='ocrx_word' id='word_1_878' title='bbox 2267 5107 2345 5150; x_wconf 83' lang='lat' dir='ltr'><strong>est</strong></span> <span class='ocrx_word' id='word_1_879' title='bbox 2387 5098 2659 5165; x_wconf 61' lang='lat' dir='ltr'><strong>nequitia;</strong></span> <span class='ocrx_word' id='word_1_880' title='bbox 2687 5097 2826 5167; x_wconf 84' lang='lat' dir='ltr'><strong>quod</strong></span> <span class='ocrx_word' id='word_1_881' title='bbox 2851 5105 3024 5168; x_wconf 72' lang='lat' dir='ltr'><strong>autem</strong></span> <span class='ocrx_word' id='word_1_882' title='bbox 3073 5114 3104 5148; x_wconf 87' lang='lat' dir='ltr'><strong>a</strong></span> <span class='ocrx_word' id='word_1_883' title='bbox 3135 5097 3306 5148; x_wconf 81' lang='lat' dir='ltr'><strong>multis</strong></span> <span class='ocrx_word' id='word_1_884' title='bbox 3347 5114 3463 5150; x_wconf 85' lang='lat' dir='ltr'><strong>sus-</strong></span> 
     </span>
    </p>
   </div>
   <div class='ocr_carea' id='block_1_118' title="bbox 1873 5165 3460 5239">
    <p class='ocr_par' dir='ltr' id='par_1_118' title="bbox 1873 5165 3460 5239">
     <span class='ocr_line' id='line_1_119' title="bbox 1873 5165 3460 5239; baseline 0.003 -21"><span class='ocrx_word' id='word_1_885' title='bbox 1873 5165 2090 5239; x_wconf 78' lang='lat' dir='ltr'><strong>cipitur,</strong></span> <span class='ocrx_word' id='word_1_886' title='bbox 2134 5179 2182 5223; x_wconf 93' lang='lat' dir='ltr'><strong>et</strong></span> <span class='ocrx_word' id='word_1_887' title='bbox 2229 5171 2411 5238; x_wconf 68' lang='lat' dir='ltr'><strong>gratia:</strong></span> <span class='ocrx_word' id='word_1_888' title='bbox 2447 5179 2522 5222; x_wconf 88' lang='lat' dir='ltr'><strong>est</strong></span> <span class='ocrx_word' id='word_1_889' title='bbox 2577 5165 2762 5220; x_wconf 74' lang='lat' dir='ltr'><strong>divina:</strong></span> <span class='ocrx_word' id='word_1_890' title='bbox 2800 5176 2846 5220; x_wconf 88' lang='lat' dir='ltr'><strong>et</strong></span> <span class='ocrx_word' id='word_1_891' title='bbox 2884 5165 3161 5239; x_wconf 62' lang='lat' dir='ltr'><strong>voluntatis</strong></span> <span class='ocrx_word' id='word_1_892' title='bbox 3203 5167 3460 5222; x_wconf 71' lang='lat' dir='ltr'><strong>humanm.</strong></span> 
     </span>
    </p>
   </div>
   <div class='ocr_carea' id='block_1_119' title="bbox 1946 5235 3460 5310">
    <p class='ocr_par' dir='ltr' id='par_1_119' title="bbox 1946 5235 3460 5310">
     <span class='ocr_line' id='line_1_120' title="bbox 1946 5235 3460 5310; baseline -0.001 -16"><span class='ocrx_word' id='word_1_893' title='bbox 1946 5238 1972 5278; x_wconf 74' lang='grc' dir='ltr'>ἀ</span> <span class='ocrx_word' id='word_1_894' title='bbox 2002 5241 2117 5294; x_wconf 86' lang='lat' dir='ltr'><strong>Non</strong></span> <span class='ocrx_word' id='word_1_895' title='bbox 2151 5235 2305 5294; x_wconf 72' lang='lat' dir='ltr'><strong>aliter</strong></span> <span class='ocrx_word' id='word_1_896' title='bbox 2327 5255 2486 5310; x_wconf 86' lang='lat' dir='ltr'><strong>quam</strong></span> <span class='ocrx_word' id='word_1_897' title='bbox 2532 5247 2859 5310; x_wconf 74' lang='lat' dir='ltr'><strong>cooperante</strong></span> <span class='ocrx_word' id='word_1_898' title='bbox 2905 5237 3076 5310; x_wconf 86' lang='lat' dir='ltr'><strong>gratia</strong></span> <span class='ocrx_word' id='word_1_899' title='bbox 3125 5235 3254 5300; x_wconf 90' lang='lat' dir='ltr'><strong>Dei,</strong></span> <span class='ocrx_word' id='word_1_900' title='bbox 3306 5240 3460 5306; x_wconf 89' lang='lat' dir='ltr'><strong>cujus</strong></span> 
     </span>
    </p>
   </div>
   <div class='ocr_carea' id='block_1_120' title="bbox 1873 5308 3462 5378">
    <p class='ocr_par' dir='ltr' id='par_1_120' title="bbox 1873 5308 3462 5378">
     <span class='ocr_line' id='line_1_121' title="bbox 1873 5308 3462 5378; baseline -0.001 -15"><span class='ocrx_word' id='word_1_901' title='bbox 1873 5310 2032 5364; x_wconf 87' lang='lat' dir='ltr'><strong>etiam</strong></span> <span class='ocrx_word' id='word_1_902' title='bbox 2062 5311 2266 5364; x_wconf 90' lang='lat' dir='ltr'><strong>donum</strong></span> <span class='ocrx_word' id='word_1_903' title='bbox 2296 5308 2379 5365; x_wconf 75' lang='lat' dir='ltr'><strong>est</strong></span> <span class='ocrx_word' id='word_1_904' title='bbox 2410 5311 2524 5378; x_wconf 88' lang='lat' dir='ltr'><strong>ipsa</strong></span> <span class='ocrx_word' id='word_1_905' title='bbox 2564 5308 2719 5370; x_wconf 84' lang='lat' dir='ltr'><strong>ﬁdes,</strong></span> <span class='ocrx_word' id='word_1_906' title='bbox 2752 5317 2808 5362; x_wconf 91' lang='lat' dir='ltr'><strong>ut</strong></span> <span class='ocrx_word' id='word_1_907' title='bbox 2857 5309 3108 5375; x_wconf 88' lang='lat' dir='ltr'><strong>superius</strong></span> <span class='ocrx_word' id='word_1_908' title='bbox 3137 5309 3307 5361; x_wconf 90' lang='lat' dir='ltr'><strong>visum</strong></span> <span class='ocrx_word' id='word_1_909' title='bbox 3356 5318 3462 5362; x_wconf 87' lang='lat' dir='ltr'><strong>est.</strong></span> 
     </span>
    </p>
   </div>
   <div class='ocr_carea' id='block_1_121' title="bbox 1872 5378 3460 5448">
    <p class='ocr_par' dir='ltr' id='par_1_121' title="bbox 1872 5378 3460 5448">
     <span class='ocr_line' id='line_1_122' title="bbox 1872 5378 3460 5448; baseline -0.001 -14"><span class='ocrx_word' id='word_1_910' title='bbox 1872 5379 2024 5446; x_wconf 85' lang='lat' dir='ltr'><strong>Quod</strong></span> <span class='ocrx_word' id='word_1_911' title='bbox 2055 5387 2198 5436; x_wconf 89' lang='lat' dir='ltr'><strong>enim</strong></span> <span class='ocrx_word' id='word_1_912' title='bbox 2228 5381 2312 5436; x_wconf 89' lang='lat' dir='ltr'><strong>vel</strong></span> <span class='ocrx_word' id='word_1_913' title='bbox 2360 5381 2523 5448; x_wconf 77' lang='lat' dir='ltr'><strong>cteci,</strong></span> <span class='ocrx_word' id='word_1_914' title='bbox 2577 5389 2636 5434; x_wconf 91' lang='lat' dir='ltr'><strong>ut</strong></span> <span class='ocrx_word' id='word_1_915' title='bbox 2683 5395 2713 5433; x_wconf 86' lang='lat' dir='ltr'><strong>a</strong></span> <span class='ocrx_word' id='word_1_916' title='bbox 2744 5378 2960 5448; x_wconf 86' lang='lat' dir='ltr'><strong>Christo</strong></span> <span class='ocrx_word' id='word_1_917' title='bbox 3006 5378 3460 5448; x_wconf 76' lang='lat' dir='ltr'><strong>illnntinarentur,</strong></span> 
     </span>
    </p>
   </div>
   <div class='ocr_carea' id='block_1_122' title="bbox 1873 5447 3463 5518">
    <p class='ocr_par' dir='ltr' id='par_1_122' title="bbox 1873 5447 3463 5518">
     <span class='ocr_line' id='line_1_123' title="bbox 1873 5447 3463 5518; baseline 0 -13"><span class='ocrx_word' id='word_1_918' title='bbox 1873 5453 2260 5514; x_wconf 85' lang='lat' dir='ltr'><strong>clamavernnt.</strong></span> <span class='ocrx_word' id='word_1_919' title='bbox 2293 5451 2541 5506; x_wconf 78' lang='lat' dir='ltr'><strong>Miserere</strong></span> <span class='ocrx_word' id='word_1_920' title='bbox 2571 5450 2761 5514; x_wconf 89' lang='lat' dir='ltr'><strong>nostri,</strong></span> <span class='ocrx_word' id='word_1_921' title='bbox 2812 5448 2890 5516; x_wconf 80' lang='lat' dir='ltr'><strong>ﬁli</strong></span> <span class='ocrx_word' id='word_1_922' title='bbox 2933 5447 3121 5512; x_wconf 84' lang='lat' dir='ltr'><strong>David,</strong></span> <span class='ocrx_word' id='word_1_923' title='bbox 3155 5450 3236 5502; x_wconf 75' lang='lat' dir='ltr'><strong>vel</strong></span> <span class='ocrx_word' id='word_1_924' title='bbox 3264 5450 3401 5518; x_wconf 84' lang='lat' dir='ltr'><strong>quod</strong></span> <span class='ocrx_word' id='word_1_925' title='bbox 3431 5447 3463 5505; x_wconf 69' lang='grc' dir='ltr'>ε</span> 
     </span>
    </p>
   </div>
   <div class='ocr_carea' id='block_1_123' title="bbox 1873 5518 3464 5592">
    <p class='ocr_par' dir='ltr' id='par_1_123' title="bbox 1873 5518 3464 5592">
     <span class='ocr_line' id='line_1_124' title="bbox 1873 5518 3464 5592; baseline 0 -17"><span class='ocrx_word' id='word_1_926' title='bbox 1873 5521 2057 5577; x_wconf 91' lang='lat' dir='ltr'><strong>decem</strong></span> <span class='ocrx_word' id='word_1_927' title='bbox 2092 5523 2322 5592; x_wconf 86' lang='lat' dir='ltr'><strong>leprosis</strong></span> <span class='ocrx_word' id='word_1_928' title='bbox 2367 5521 2638 5577; x_wconf 83' lang='lat' dir='ltr'><strong>mundatis</strong></span> <span class='ocrx_word' id='word_1_929' title='bbox 2665 5535 2801 5574; x_wconf 87' lang='lat' dir='ltr'><strong>unus</strong></span> <span class='ocrx_word' id='word_1_930' title='bbox 2823 5518 3372 5592; x_wconf 72' lang='lat' dir='ltr'><strong>dumtaxatredierit,</strong></span> <span class='ocrx_word' id='word_1_931' title='bbox 3403 5530 3464 5575; x_wconf 89' lang='lat' dir='ltr'><strong>ut</strong></span> 
     </span>
    </p>
   </div>
   <div class='ocr_carea' id='block_1_124' title="bbox 1875 5591 3461 5664">
    <p class='ocr_par' dir='ltr' id='par_1_124' title="bbox 1875 5591 3461 5664">
     <span class='ocr_line' id='line_1_125' title="bbox 1875 5591 3461 5664; baseline -0.003 -18"><span class='ocrx_word' id='word_1_932' title='bbox 1875 5592 2028 5647; x_wconf 85' lang='lat' dir='ltr'><strong>daret</strong></span> <span class='ocrx_word' id='word_1_933' title='bbox 2075 5591 2300 5664; x_wconf 78' lang='lat' dir='ltr'><strong>glariam</strong></span> <span class='ocrx_word' id='word_1_934' title='bbox 2351 5594 2498 5660; x_wconf 91' lang='lat' dir='ltr'><strong>Deo,</strong></span> <span class='ocrx_word' id='word_1_935' title='bbox 2541 5609 2646 5664; x_wconf 80' lang='lat' dir='ltr'><strong>non</strong></span> <span class='ocrx_word' id='word_1_936' title='bbox 2695 5593 2813 5644; x_wconf 89' lang='lat' dir='ltr'><strong>sine</strong></span> <span class='ocrx_word' id='word_1_937' title='bbox 2844 5591 3062 5664; x_wconf 58' lang='lat' dir='ltr'><strong>spegjali</strong></span> <span class='ocrx_word' id='word_1_938' title='bbox 3099 5591 3194 5664; x_wconf 80' lang='lat' dir='ltr'><strong>Dei</strong></span> <span class='ocrx_word' id='word_1_939' title='bbox 3238 5593 3461 5664; x_wconf 78' lang='lat' dir='ltr'><strong>auxilio,</strong></span> 
     </span>
    </p>
   </div>
   <div class='ocr_carea' id='block_1_125' title="bbox 1877 5659 3462 5733">
    <p class='ocr_par' dir='ltr' id='par_1_125' title="bbox 1877 5659 3462 5733">
     <span class='ocr_line' id='line_1_126' title="bbox 1877 5659 3462 5733; baseline 0.001 -17"><span class='ocrx_word' id='word_1_940' title='bbox 1877 5659 2136 5731; x_wconf 71' lang='lat' dir='ltr'><strong>motione,</strong></span> <span class='ocrx_word' id='word_1_941' title='bbox 2171 5659 2525 5733; x_wconf 84' lang='lat' dir='ltr'><strong>inspiratione</strong></span> <span class='ocrx_word' id='word_1_942' title='bbox 2577 5661 2774 5716; x_wconf 90' lang='lat' dir='ltr'><strong>factum</strong></span> <span class='ocrx_word' id='word_1_943' title='bbox 2806 5670 2909 5716; x_wconf 88' lang='lat' dir='ltr'><strong>est.</strong></span> <span class='ocrx_word' id='word_1_944' title='bbox 2941 5659 3138 5713; x_wconf 84' lang='lat' dir='ltr'><strong>Verum</strong></span> <span class='ocrx_word' id='word_1_945' title='bbox 3183 5661 3340 5730; x_wconf 86' lang='lat' dir='ltr'><strong>hujus</strong></span> <span class='ocrx_word' id='word_1_946' title='bbox 3384 5665 3462 5718; x_wconf 87' lang='lat' dir='ltr'><strong>rei</strong></span> 
     </span>
    </p>
   </div>
   <div class='ocr_carea' id='block_1_126' title="bbox 191 5733 3466 5820">
    <p class='ocr_par' dir='ltr' id='par_1_126' title="bbox 191 5733 3466 5820">
     <span class='ocr_line' id='line_1_127' title="bbox 191 5733 3466 5820; baseline -0.002 -22"><span class='ocrx_word' id='word_1_947' title='bbox 191 5733 532 5820; x_wconf 60' lang='lat' dir='ltr'><strong>inielligitur,</strong></span> <span class='ocrx_word' id='word_1_948' title='bbox 570 5740 696 5809; x_wconf 88' lang='lat' dir='ltr'><strong>quia</strong></span> <span class='ocrx_word' id='word_1_949' title='bbox 726 5733 1022 5820; x_wconf 38' lang='lat' dir='ltr'><strong>exJuostro&#39;</strong></span> <span class='ocrx_word' id='word_1_950' title='bbox 1046 5737 1249 5807; x_wconf 89' lang='lat' dir='ltr'><strong>pendet</strong></span> <span class='ocrx_word' id='word_1_951' title='bbox 1273 5753 1542 5794; x_wconf 82' lang='lat' dir='ltr'><strong>consensu</strong></span> <span class='ocrx_word' id='word_1_952' title='bbox 1591 5746 1648 5793; x_wconf 87' lang='lat' dir='ltr'><strong>et</strong></span> <span class='ocrx_word' id='word_1_953' title='bbox 1691 5750 1778 5792; x_wconf 88' lang='lat' dir='ltr'><strong>co-</strong></span> <span class='ocrx_word' id='word_1_954' title='bbox 1861 5733 2086 5820; x_wconf 66' lang='lat' dir='ltr'><strong>‘plenior</strong></span> <span class='ocrx_word' id='word_1_955' title='bbox 2112 5739 2383 5820; x_wconf 73' lang='lat' dir='ltr'><strong>_tractatio</strong></span> <span class='ocrx_word' id='word_1_956' title='bbox 2421 5734 2491 5790; x_wconf 82' lang='lat' dir='ltr'><strong>ad</strong></span> <span class='ocrx_word' id='word_1_957' title='bbox 2534 5733 2884 5790; x_wconf 84' lang='lat' dir='ltr'><strong>collationem</strong></span> <span class='ocrx_word' id='word_1_958' title='bbox 2935 5733 3156 5788; x_wconf 89' lang='lat' dir='ltr'><strong>tertiam</strong></span> <span class='ocrx_word' id='word_1_959' title='bbox 3197 5733 3466 5790; x_wconf 85' lang='lat' dir='ltr'><strong>decimam</strong></span> 
     </span>
    </p>
   </div>
   <div class='ocr_carea' id='block_1_127' title="bbox 193 5810 1089 5884">
    <p class='ocr_par' dir='ltr' id='par_1_127' title="bbox 193 5810 1089 5884">
     <span class='ocr_line' id='line_1_128' title="bbox 193 5810 1089 5884; baseline -0.003 -16"><span class='ocrx_word' id='word_1_960' title='bbox 193 5810 510 5881; x_wconf 76' lang='lat' dir='ltr'><strong>operatione</strong></span> <span class='ocrx_word' id='word_1_961' title='bbox 537 5828 663 5870; x_wconf 85' lang='lat' dir='ltr'><strong>cum</strong></span> <span class='ocrx_word' id='word_1_962' title='bbox 694 5810 868 5884; x_wconf 78' lang='lat' dir='ltr'><strong>gratia</strong></span> <span class='ocrx_word' id='word_1_963' title='bbox 895 5810 1089 5865; x_wconf 86' lang='lat' dir='ltr'><strong>divina.</strong></span> 
     </span>
    </p>
   </div>
   <div class='ocr_carea' id='block_1_128' title="bbox 1875 5803 2293 5864">
    <p class='ocr_par' dir='ltr' id='par_1_128' title="bbox 1875 5803 2293 5864">
     <span class='ocr_line' id='line_1_129' title="bbox 1875 5803 2293 5864; baseline 0 -2"><span class='ocrx_word' id='word_1_964' title='bbox 1875 5803 2161 5864; x_wconf 80' lang='lat' dir='ltr'><strong>referenda</strong></span> <span class='ocrx_word' id='word_1_965' title='bbox 2186 5818 2293 5864; x_wconf 83' lang='lat' dir='ltr'><strong>est.</strong></span> 
     </span>
    </p>
   </div>
  </div>
