4012 6336
567 233 662 296 683

1633 228 1912 290 JOANNIS
1951 225 2265 288 CASSIANI
2303 221 2798 284 COLLATIONES.

3720 226 3808 289 58l

563 344 828 415 Dominus
852 371 950 429 per
974 354 1302 430 Prophetam
1333 354 1445 411 ait:
1479 351 1550 408 Et
1577 370 1681 408 non
1710 353 1904 408 audiuit
1926 358 2151 423 populus
2177 352 2228 412 Α
2260 347 2419 403 modo
2469 355 2522 404 et
2575 345 2849 402 monentis
2887 339 3214 401 ostenditur.
3245 338 3376 398 Cum
3405 344 3542 400 enim
3571 345 3692 403 dicit
3722 368 3733 402 :
3763 351 3811 407 Si

563 468 710 508 meus
731 467 906 508 vocem
925 469 1114 520 meam,
1137 459 1185 506 et
1208 447 1374 505 Israel
1397 464 1502 503 non
1525 436 1914 502 intendifmihi.
1935 443 2159 512 Propter

563 546 702 616 quod
727 545 900 599 dimisi
927 561 1034 604 eos.
1050 543 1243 613 inquit,
1267 540 1552 595 secundum
1578 537 1960 593 adinventiones
1988 537 2157 590 cordis

563 653 763 704 eorum,
778 635 1174 691 ambulabuntin
1187 633 1534 688 adinventioni
1541 631 1632 686 bus
1648 631 1756 685 suis
1777 629 1950 702 (Psal.
1969 624 2152 700 Lux).

1150 727 1378 785 CAPUT
1417 725 1562 782 XXI.

806 823 1036 897 Objectio
1067 838 1221 893 super
1250 819 1399 874 liberi
1435 818 1633 874 arbitrii
1665 826 1936 887 potestate.

633 913 976 971 Germanus:
1010 913 1121 968 Hoc
1159 912 1534 968 testimonium
1555 909 1898 981 apertissime
1923 906 2155 962 liberum

561 1005 902 1062 demonstrat
929 1004 1236 1069 arbitrium,
1265 1020 1372 1072 quo
1401 1001 1600 1058 dicitur
1631 1019 1645 1055 :
1687 999 1752 1058 Si
1775 997 1997 1072 populus
2017 1014 2157 1052 meus

561 1096 794 1152 audisset
814 1113 923 1162 me;
942 1104 1017 1165 et,
1035 1112 1138 1151 non
1159 1095 1356 1150 audivit
1379 1094 1600 1168 papulas
1622 1109 1765 1147 meus
1781 1107 1950 1146 vocem
1969 1106 2154 1144 meam.

559 1185 695 1244 Cum
727 1189 872 1244 enim
904 1187 1034 1243 dicit
1064 1188 1108 1241 si
1145 1187 1403 1251 audisset,
1437 1183 1676 1240 ostendit
1703 1184 1754 1238 in
1795 1190 2066 1252 potestate
2095 1181 2159 1234 il-

561 1277 671 1335 lius
698 1279 866 1335 fuisse
901 1280 983 1334 vel
1015 1277 1393 1350 acquiescendi
1417 1277 1503 1333 vel
1533 1291 1640 1332 non
1672 1273 2046 1346 acquiescendi
2067 1273 2158 1344 ju-

562 1370 786 1428 dicium.
811 1371 1096 1441 Quomodo
1117 1371 1281 1441 igitur
1305 1369 1487 1424 nonin
1516 1367 1676 1423 nobis
1701 1375 1883 1422 nostra
1910 1366 2056 1421 salus
2077 1374 2161 1421 est

560 1464 896 1531 collocanda,
930 1479 1051 1518 cum
1097 1461 1182 1518 vel
1213 1459 1470 1517 audiendi
1506 1461 1593 1517 vel
1621 1475 1732 1516 non
1761 1457 2014 1515 audiendi
2043 1457 2160 1529 ipse

563 1559 720 1615 nobis
745 1557 1084 1615 concesserit
1107 1555 1454 1612 facultatem?

1127 1670 1356 1728 CAPUT
1398 1669 1563 1725 XXII.

2260 442 2482 514 populus
2513 457 2654 496 meus
2685 440 2908 493 audisset
2929 454 3027 504 me,
3049 437 3299 507 priorem
3329 436 3506 506 utique
3532 453 3588 494 se
3609 437 3813 497 locutum

2261 536 2340 591 eis
2379 535 2664 592 evidenter
2693 533 2954 595 ostendit,
2985 531 3128 602 quod
3163 531 3277 586 fieri
3315 546 3343 584 a
3374 530 3589 586 Domino
3615 547 3714 588 non
3743 551 3816 587 si.-

2262 629 2374 684 lum
2403 645 2499 700 per
2521 629 2692 699 legem
2731 629 2986 698 scriptam
3016 626 3236 687 litteris.
3272 639 3454 680 verum
3480 627 3633 681 etiam
3656 631 3815 696 quoti-

2260 699 2437 774 dianis
2468 719 2689 775 monitis
2717 720 2876 786 solet,
2899 717 3196 774 secundum
3224 715 3354 770 illud
3378 717 3513 787 quod
3541 733 3630 787 per
3648 719 3817 774 Isaiam
3866 699 3868 701 i

2259 812 2461 869 dicitur
2486 832 2498 867 :
2530 812 2662 867 Tota
2691 812 2775 866 die
2801 811 3025 882 expandi
3052 825 3241 864 manus
3261 809 3326 862 ad
3353 809 3588 880 pupulum
3614 826 3706 865 non
3727 827 3820 865 cre-

2262 907 2464 962 dentem
2493 906 2644 971 mihi,
2675 906 2766 960 sed
2793 904 3230 958 contradicentem
3257 901 3437 970 (Isaia:
3464 904 3609 973 va).
3628 902 3819 959 Utrum-

2262 1015 2368 1070 que
2391 1014 2520 1070 ergo
2547 1007 2725 1068 potest
2753 998 2853 1053 hoc
2882 995 3196 1052 testimonio
3226 993 3562 1063 comprobari
3597 994 3728 1064 quod
3754 994 3820 1048 di-

2262 1093 2405 1148 citur
2431 1112 2444 1145 :
2479 1093 2540 1149 Si
2571 1093 2795 1165 populus
2842 1107 2989 1146 meus
3023 1089 3248 1144 audisset
3275 1105 3374 1154 me,
3417 1085 3578 1142 Israel
3605 1089 3647 1142 si
3671 1090 3718 1142 in
3742 1090 3819 1142 viis

2262 1188 2390 1241 meis
2411 1186 2750 1250 ambulasset,
2777 1200 2873 1254 pro
2913 1183 3076 1238 nihilo
3106 1184 3278 1254 utique
3304 1182 3534 1236 inimicos
3557 1199 3718 1236 eorum
3741 1182 3820 1234 Im.

2263 1279 2580 1346 miliassem,
2611 1291 2660 1334 et
2703 1294 2857 1349 super
2896 1276 3196 1331 tribulantes
3244 1290 3330 1329 eos
3377 1274 3614 1328 misissem
3642 1290 3821 1327 manum

2265 1390 2452 1427 meam.
2477 1372 2609 1427 Nam
2643 1371 2784 1426 sicut
2835 1369 3065 1424 liberum
3099 1367 3382 1423 arbitrium
3416 1381 3507 1434 per
3542 1365 3823 1420 inobedien-

2263 1466 2392 1520 tiam
2438 1462 2626 1534 populi
2669 1462 3096 1527 demonstratur,
3151 1460 3225 1514 ita
3273 1457 3604 1528 dispensatio
3649 1457 3734 1512 Dei
3777 1466 3822 1512 et

2264 1557 2526 1612 auxilium
2583 1555 2703 1628 ejus
2744 1553 2999 1610 versiculi
3052 1552 3219 1622 ipsius
3269 1550 3425 1606 initio
3468 1549 3748 1604 declaratur
3773 1562 3824 1602 ac

2267 1653 2392 1716 fine,
2421 1667 2542 1704 cum
2575 1665 2633 1705 se
2683 1661 2738 1705 et
2788 1649 3022 1716 priorem
3062 1647 3295 1700 locutum
3335 1643 3500 1699 fuisse
3529 1653 3753 1707 testatur,
3779 1654 3824 1698 et

560 1767 873 1838 Responsio,
904 1767 1044 1838 quod
1071 1765 1137 1820 lib
1171 1782 1288 1819 rum
1317 1764 1588 1838 arbitrium
1629 1772 1860 1818 nostrum
1892 1763 2158 1836 adjutorio
2186 1751 2236 1814 Β
2265 1741 2740 1838 Ροείεθ-ίηίῖηίίξξέ
2761 1740 2878 1838 ei“?
2906 1735 3399 1838 h“mi'i_a‘“r“mi5i
3432 1735 3497 1791 ab
3515 1735 3690 1838 θξξίίθίη
3717 1733 3825 1788 Ῐυίδ·

1008 1838 1214 1892 Domini
1237 1851 1439 1905 semper
1466 1834 1722 1906 indigeat.

631 1931 972 2004 Paphnutius
1001 1948 1013 1984 :
1047 1932 1216 1987 Acute
1239 1930 1455 2001 quidem
1483 1929 1875 1984 eonsiderastis
1900 1930 2001 1984 hoc
2017 1929 2159 1998 quod

561 2025 785 2091 dicitur,
818 2024 879 2080 Si
900 2025 1127 2079 audisset
1156 2038 1269 2086 me;
1301 2021 1396 2078 sed
1439 2037 1779 2093 nequaquam
1811 2023 1931 2090 quis
1959 2023 2030 2076 sit
2069 2023 2160 2093 qui

563 2115 632 2170 ad
655 2115 967 2171 audientem
989 2115 1074 2170 vel
1108 2131 1211 2170 non
1230 2113 1538 2169 audientem
1568 2113 2159 2184 loquatur,attenditis;

563 2219 664 2263 nec
698 2206 827 2261 illud
881 2206 1025 2278 quod
1072 2208 1334 2277 sequitur,
1368 2221 1462 2276 pro
1501 2203 1664 2258 nihilo
1711 2205 1883 2275 utique
1930 2205 2163 2258 inimicos

561 2301 678 2372 ejus
731 2299 1114 2366 humiliassem,
1145 2307 1192 2354 et
1240 2311 1394 2368 super
1441 2297 1745 2353 tribulantes
1790 2315 1875 2352 eos
1913 2299 2164 2352 misissem

563 2407 775 2446 manuni
809 2407 992 2446 meam.
1022 2390 1194 2446 Nemo
1226 2391 1387 2461 igitur
1420 2388 1570 2457 haec,
1601 2405 1725 2460 qua:
1754 2390 2075 2460 protulimus
2108 2399 2165 2444 ut

562 2485 700 2540 nihil
728 2485 843 2555 geri
872 2483 992 2540 sine
1023 2484 1252 2538 Domino
1281 2483 1635 2552 probaremus
1656 2523 1671 2548 ,
1706 2497 1868 2551 prava
1900 2483 2168 2551 interpre-

565 2577 766 2632 tatione
805 2577 1154 2648 detorquens,
1178 2575 1246 2630 ad
1278 2573 1651 2630 defensionem
1679 2574 2063 2630 liberiarbitrii
2096 2577 2164 2629 ita

563 2681 793 2726 conetur
821 2686 1124 2738 assumere,
1157 2679 1216 2724 ut
1243 2669 1312 2724 ab
1341 2669 1561 2724 homine
1589 2668 1822 2739 gratiam
1857 2669 1952 2723 Dei
1983 2670 2166 2738 provi-

563 2763 884 2832 sionemque
914 2759 1282 2831 quotidianam
1309 2769 1479 2815 tentet
1500 2758 1738 2824 auferre,
1773 2775 1870 2829 per
1898 2759 2002 2814 hoc
2026 2761 2167 2830 quod

565 2852 786 2920 dieitur,
818 2850 887 2906 Et
915 2868 1018 2906 non
1049 2852 1248 2906 audivit
1275 2852 1498 2922 populus
1526 2867 1668 2906 meus
1695 2866 1868 2904 vocem
1891 2867 2087 2917 meam;
2117 2862 2172 2906 et
2272 2859 2499 2913 chorum
2546 2859 2753 2928 fastigia
2782 2859 3058 2913 somniare

2264 1844 2353 1892 set
2381 1834 2622 1892 auditus.
2651 1833 2761 1888 Nos
2789 1831 2932 1888 enim
2965 1846 3062 1902 per
3089 1831 3208 1887 hinc
3243 1845 3363 1901 qua:
3393 1828 3714 1899 protulimus,
3736 1841 3822 1881 non

2265 1929 2498 1984 liberum
2524 1927 2812 1983 arbitrium
2847 1927 3083 1981 hominis
3106 1926 3360 1980 volumus
3390 1924 3712 1990 submovere
3749 1922 3825 1976 sed

2270 2023 2398 2079 huic
2426 2023 2756 2092 adjutorium
2789 2030 2846 2076 et
2875 2021 3104 2091 gratiam
3145 2019 3240 2075 Dei
3276 2034 3375 2088 per
3401 2019 3629 2088 singulos
3654 2016 3755 2071 dies
3783 2030 3827 2069 ie

2267 2126 2543 2172 momenta
2575 2115 2936 2172 necessariam
2967 2112 3348 2185 comprobare.
3397 2111 3492 2166 liis
3529 2126 3618 2166 nos
3648 2124 3828 2173 sermo-

2268 2209 2430 2264 nibus
2464 2209 2706 2264 eruditos
2734 2207 2902 2262 abbas
2929 2205 3263 2276 Paphnutius
3287 2220 3320 2260 e
3346 2221 3438 2261 sua
3471 2204 3596 2258 cella
3620 2218 3719 2257 non
3738 2211 3828 2256 tam

2279 2304 2488 2358 alacres
2519 2317 2677 2372 quam
2709 2310 3063 2370 compunctus
3091 2300 3257 2356 corde
3287 2309 3412 2355 ante
3435 2298 3658 2354 medium
3688 2298 3831 2352 noctis

2273 2396 2481 2462 emisit,
2516 2395 2620 2449 hoc
2669 2394 2823 2448 nobis
2854 2393 3188 2464 praecipuum
3237 2407 3336 2446 sua
3371 2391 3646 2446 collatione
3671 2387 3829 2444 confc-

2275 2493 2426 2549 rens.
2448 2497 2507 2542 ut
2529 2503 2652 2542 cum
2677 2502 2772 2558 per
2799 2485 3292 2542 abrenuntiationis
3321 2485 3508 2556 primae
3537 2496 3834 2550 consumma-

2272 2580 2498 2648 tionem,
2528 2595 2686 2650 quam
2720 2588 2832 2634 toto
2858 2578 3071 2633 virtutis
3093 2578 3213 2632 nisu
3241 2577 3590 2630 smdehamns
3611 2573 3830 2640 implere.

2273 2670 2586 2742 attingenda
2629 2671 2786 2726 nobis
2824 2669 3175 2740 perfectionis
3222 2669 3462 2729 culmina
3494 2666 3834 2726 crederemus,

2275 2764 2639 2834 inciperemus
2680 2777 2974 2834 agnoscere
3007 2761 3235 2818 necdum
3294 2776 3392 2816 nos
3431 2760 3652 2827 coepisse
3679 2769 3835 2812 mona-

3107 2873 3121 2908 :
3169 2857 3377 2925 quippe
3404 2854 3491 2926 qui
3529 2853 3592 2908 de
3636 2849 3837 2906 secunda

566 2941 784 3010 iterum,
815 2943 877 2997 Si
905 2942 1133 3013 papulas
1157 2958 1303 2996 meus
1328 2941 1560 2996 audisset
1589 2958 1668 2995 me
1691 2981 1706 3006 ,
1736 2940 1905 2996 Israel
1927 2943 1971 2995 si
1998 2943 2052 2996 in
2078 2945 2172 2996 viis
2275 2947 2746 3004 abi-enuntiatione
2777 2946 2996 3003 Patrum
3027 2949 3078 3002 in
3113 2947 3383 3003 coenobiis
3415 2945 3627 3008 eruditi,
3657 2943 3835 2995 tertiam

567 3038 694 3092 meis
723 3037 1057 3105 ambulasset,
1081 3045 1216 3100 etc.;
1247 3035 1342 3091 sed
1367 3035 1625 3104 respiciat,
1650 3034 1817 3105 quod,
1851 3034 1987 3090 sicut
2015 3036 2170 3091 liberi

2276 3042 2330 3096 in
2363 3056 2464 3110 qua
2494 3045 2669 3096 omnis
2701 3042 2962 3111 perfectio
2992 3039 3311 3094 continetur
3331 3079 3347 3104 ,
3375 3052 3600 3108 qumque
3637 3034 3745 3088 illas
3775 3031 3839 3086 in-

567 3130 784 3184 arbitrii
813 3129 1042 3184 facultas
1075 3130 1258 3200 populi
1282 3128 1646 3184 inobedientia
1668 3129 2073 3197 comprobatur,
2097 3131 2168 3184 ita
2195 3143 2242 3206 c
2277 3132 2504 3189 feriores
2531 3135 2664 3190 duas
2695 3134 2878 3188 multis
2909 3134 3085 3188 modis
3117 3131 3412 3202 praecedit,
3446 3146 3514 3186 ne
3550 3129 3719 3184 auditu
3745 3124 3838 3196 quis

567 3224 877 3295 quotidiana
903 3224 1046 3280 circa
1065 3239 1189 3279 eum
1214 3222 1453 3293 provisio
1473 3223 1568 3278 Dei
1599 3223 1887 3278 clamantis
1915 3223 2175 3294 quodam-

2285 3226 2408 3280 dem
2440 3241 2538 3280 nos
2561 3235 2717 3281 antea
2753 3227 3063 3297 percepisse
3091 3239 3403 3280 nossemus.

3443 3355 3829 3378 ἐ

1423 3448 1940 3556 οοιιΑ
1959 3450 2230 3556 T10
2319 3453 2416 3580 ρ
2439 3453 2762 3562 [ΓΑΒ
2785 3456 3043 3578 ΤΛ,

1761 3634 1919 3710 Quae
1951 3642 2048 3697 est
2081 3637 2336 3701 abbatis
2373 3639 2686 3705 Danielis.

1535 3757 1618 3811 DE
1650 3757 2198 3813 CONCUPISCENTIA
2229 3763 2455 3816 CARle
2489 3759 2568 3816 ET
2603 3759 2916 3820 SWRITUS.

1085 4011 1316 4070 CAPUT
1356 4011 1668 4069 PRIMUM.‘

645 4108 788 4165 [uter
816 4118 1044 4164 caeteros
1064 4105 1387 4162 Christianae
1416 4104 1777 4175 philoSOphize
1803 4105 1978 4173 viros,
2009 4115 2036 4143 ⁸
2072 4108 2169 4162 ab-

574 4203 756 4258 batem
785 4215 1001 4272 quoque
1029 4199 1264 4254 vidimus
1295 4199 1597 4264 Danielem,
1631 4201 1893 4270 aequalem
1941 4201 2162 4270 quidem

573 4295 629 4351 in
661 4295 805 4350 omni
854 4294 1110 4349 virtutum
1158 4307 1359 4364 genere
1403 4291 1488 4348 his
1515 4293 1607 4364 qui
1651 4295 1704 4347 in
1757 4309 1943 4348 eremo
1974 4294 2164 4367 Scythi

2273 4015 2732 4080 commanebant,
2793 4013 2890 4069 sed
2943 4012 3276 4085 peculiarius
3330 4014 3505 4086 gratia
3551 4009 3846 4068 humilitatis

2275 4118 2550 4173 ornatum,
2573 4109 2664 4177 qui
2699 4107 2893 4162 merito
2929 4105 3181 4174 puritatis
3207 4121 3275 4162 ac
3308 4104 3725 4162 mansuetudinis
3744 4114 3836 4159 sua

2273 4200 2302 4240 ι’
2333 4217 2364 4256 a
2391 4202 2548 4256 beato
2573 4200 2878 4270 Paplmutio
2905 4199 3219 4255 solitudinis
3239 4199 3494 4270 ejusdem
3528 4199 3833 4270 presbytero,

2277 4303 2332 4349 ct
2360 4294 2574 4356 quidem
2605 4310 2724 4350 cum
2759 4294 2945 4348 multis
2971 4294 3158 4363 iunior
3187 4303 3344 4350 esset
3373 4304 3557 4360 aetate,
3590 4292 3654 4347 ad
3679 4291 3835 4346 diaco-

1645 4406 1905 4464 ALARDI
1945 4409 2185 4465 GAZEI
2224 4407 2796 4468 COMMENTARIUS.

647 4509 672 4539 ⁸
698 4499 813 4556 Non
855 4516 1030 4566 nium,
1063 4501 1292 4573 opinor,
1331 4500 1606 4555 Danielem
1643 4501 1910 4573 ,Styliten.
1957 4503 2008 4558 id
2052 4515 2157 4567 est.
2187 4509 2238 4569 D
2265 4505 2465 4560 fertur.

574 4573 1018 4638 Columnicolam,
1044 4571 1110 4625 de
1137 4588 1244 4642 quo
1273 4572 1608 4627 Sozomenus
1638 4571 1733 4626 lib.
1761 4588 1816 4626 ιιι
1840 4589 1958 4643 cap.
1988 4577 2076 4640 15,
2101 4587 2157 4630 et

573 4661 638 4700 ex
670 4660 735 4697 eo
761 4643 1098 4710 Nicephorus
1124 4643 1222 4696 lib.
1247 4658 1315 4696 xv
1341 4659 1459 4708 cap.
1489 4644 1582 4707 2‘2,
1611 4654 1665 4698 et
1695 4644 1790 4697 lib.
1826 4660 1921 4699 xvr
1951 4660 2071 4712 cap.
2096 4646 2154 4710 6,

573 4716 848 4769 (Iedrenus
877 4722 933 4767 et
958 4714 1047 4767 alii
1082 4715 1135 4766 in
1169 4715 1346 4784 Leone
1368 4714 1567 4784 Magno
1598 4715 1756 4783 imp.,
1784 4715 2156 4772 Damascenus

574 4788 624 4840 in
653 4795 791 4839 orat.
823 4786 858 4839 5
888 4786 956 4839 de
972 4785 1304 4856 imaginibus
1327 4783 1550 4856 (BarOn.
1581 4794 1704 4838 tom.
1741 4785 1810 4856 Vl
1837 4787 2032 4842 Annal.
2061 4805 2152 4843 an.

570 4857 710 4937 lilio;
757 4856 905 4937 etlin
960 4853 1238 4937 λζαζξξινοι.
1281 4853 2006 4937 _ll_Decemb_r.)_._(ﬂamine
2047 4875 2154 4937 non

573 4926 888 4996 Paphnutii,
919 4926 1012 4980 sed
1051 4926 1326 4998 ASimeonis
1355 4927 1560 4998 itidem
1591 4927 1803 4995 Stylitis
1849 4928 2156 4998 discipulus

571 4999 809 5058 exstitit;
846 5013 1020 5070 neque
1049 4996 1102 5050 in
1119 5013 1313 5070 eremo
1343 4997 1552 5066 Scythi,
1586 4999 1699 5070 sive
1743 4996 2021 5070 Scythica,
2057 5001 2153 5056 sed

573 5071 711 5134 apud
747 5068 1084 5122 Antiochiam
1112 5067 1307 5139 Syriae,
1333 5083 1498 5138 super
1520 5067 1831 5124 columnam
1857 5073 2018 5125 annis
2043 5073 2156 5127 cir-

572 5144 707 5213 alter
739 5139 924 5213 viginti
957 5140 1632 5213 npvemvixisse‘legitur.
1682 5140 2012 5213 Memoratur
2039 5145 2159 5213 qui-

573 5212 695 5263 dem
726 5220 782 5265 et
817 5210 950 5282 alter
981 5209 1187 5282 Daniel,
1219 5209 1315 5264 sed
1355 5209 1567 5266 abbatis
1597 5213 1803 5282 ursenii
1833 5209 2154 5282 discipulus,

571 5283 724 5347 cujus
774 5280 1031 5350 prmclara
1062 5279 1204 5335 dicta
1233 5291 1289 5336 et
1332 5291 1450 5335 acta
1485 5282 1537 5335 in
1581 5281 1720 5337 Vitis
1766 5279 2159 5338 Patrumrefe-

574 5363 789 5426 runtur.
838 5351 1055 5426 Tertius
1103 5350 1232 5426 item
1279 5353 1474 5426 Daniel
1528 5352 1694 5426 abbas
1757 5355 2159 5426 etipresbyter

573 5423 883 5495 Egyptius,
918 5421 986 5477 de
1025 5438 1130 5492 quo
1159 5422 1501 5495 Sophronius
1532 5425 1582 5477 in
1629 5424 1790 5478 Prato
1819 5421 2010 5490 spirit.
2036 5421 2156 5493 cap.

576 5493 702 5560 ιιι
729 5504 784 5548 et
803 5494 994 5549 Petrus
1021 5495 1296 5560 Equilinus
1326 5494 1376 5546 in
1400 5495 1657 5562 Catalogo
1685 5495 1778 5547 lib.
1807 5510 1858 5548 vi
1883 5509 2004 5558 cap.
2035 5495 2159 5552 125.

575 5565 812 5632 Quartus
839 5565 1095 5635 denique,
1121 5567 1188 5620 de
1213 5579 1320 5634 quo
1345 5565 1429 5618 hic
1457 5566 1656 5635 agitur,
1682 5564 1971 5634 Paphnutii
1997 5567 2164 5621 abba-

577 5637 649 5689 tis
670 5637 988 5702 diseipnlus,
1022 5636 1270 5706 idemque
1299 5638 1606 5707 presbyter,
1631 5651 1790 5704 quem
1824 5635 2164 5705 Paphnutius

577 5721 950 5761 successorem
982 5722 1135 5761 suum
1166 5707 1446 5779 delegerat
1474 5723 1489 5762 :
1523 5707 1616 5779 sed
1649 5707 1756 5779 Deo
1787 5707 1946 5762 aliter
1975 5709 2164 5779 dispo-

581 5790 764 5848 neme,
801 5780 889 5835 ille
930 5779 1079 5848 prior
1107 5793 1176 5835 ex
1221 5777 1325 5833 hac
1366 5778 1476 5834 vita
1527 5777 1782 5849 decessit,
1834 5786 1894 5834 ut
1939 5779 2031 5836 bic
2068 5777 2168 5839 ιθ-

2337 4576 2366 4614 b
2399 4578 2498 4632 Hic
2527 4593 2714 4633 rursus
2754 4577 3042 4648 Paphnutii
3076 4578 3310 4646 mentio,
3344 4577 3417 4634 de
3445 4592 3554 4650 quo
3593 4575 3644 4630 in
3676 4585 3850 4650 prece:

2267 4649 2413 4704 denti
2445 4650 2734 4703 collatione
2762 4659 2817 4704 et
2836 4645 2981 4703 alias
3021 4650 3224 4720 saepius
3257 4645 3444 4705 actum
3464 4645 3575 4704 est.
3606 4645 3846 4720 SuSpicari

2270 4729 2452 4774 autem
2485 4721 2607 4789 quis
2636 4732 2819 4790 posset
2859 4711 3116 4775 eumdem
3143 4724 3314 4776 fuisse
3353 4721 3669 4790 episcopum
3697 4711 3754 4769 es
3783 4711 3848 4790 his

2266 4806 2387 4859 qua":
2433 4785 2758 4859 sequuntur,
2805 4792 2893 4845 ubi
2938 4791 3141 4846 dicitur
3189 4785 3479 4848 Danielem
3517 4785 3695 4852 istum,
3723 4785 3850 4848 Cujus

2265 4861 2383 4915 haec
2411 4861 2656 4926 collatio,
2681 4863 2747 4916 ad
2777 4862 3012 4917 diaeonii
3045 4863 3290 4918 officium
3337 4874 3397 4918 ac
3434 4861 3559 4918 inde
3590 4859 3655 4914 ad
3684 4869 3841 4926 sacer-

2267 4933 2401 4986 dotii
2431 4925 2678 5005 ordinem
2711 4943 2764 4987 et
2796 4935 3059 4988 honorem
3092 4935 3456 5005 provexisse;
3487 4948 3611 4986 cum
3654 4945 3760 5005 non
3789 4925 3849 5005 sit

2264 5003 2536 5074 simplicis
2589 5005 2918 5074 presbyteri,
2975 4998 3375 5074 sed-episcopi
3433 4998 3533 5059 Seu
3585 4998 3846 5072 pontiﬁcis.

2267 5073 2526 5147 diaconus
2577 5089 2640 5130 ac
2699 5073 3053 5147 presbyteros
3113 5073 3398 5131 ordinare.
3431 5079 3524 5147 AAt
3572 5082 3715 5147 certe
3760 5082 3849 5120 nou

2264 5145 2461 5200 dicitur
2495 5145 2826 5216 Paphnutius
2869 5145 3177 5213 ordinasse,
3221 5149 3320 5202 sed
3373 5145 3445 5202 ad
3491 5145 3728 5216 ordinem
3770 5153 3850 5216 Sf"

2267 5216 2503 5270 officium
2535 5209 2847 5283 huiusmodi
2879 5209 3220 5286 provexisse,
3252 5232 3367 5272 non
3402 5215 3704 5271 ordinando
3727 5209 3850 5286 scili-

2266 5296 2374 5348 cet,
2409 5302 2505 5341 seu
2531 5279 2752 5342 ordines
2797 5279 2948 5357 ipsos
2977 5279 3340 5354 conferendo,
3374 5288 3473 5342 sed
3521 5279 3848 5357 ordinandum

2267 5359 2335 5412 ad
2363 5359 2651 5428 episcopos
2671 5349 3019 5423 destinando,
3049 5375 3145 5414 seu
3176 5362 3256 5414 eis
3291 5349 3750 5414 commendando.
3781 5349 3850 5400 νει

2265 5427 2566 5496 olfereudo,
2602 5440 2660 5484 ut
2718 5431 2898 5485 solent
2927 5431 3154 5485 ahbates
3196 5439 3252 5484 et
3282 5431 3378 5484 alii
3414 5429 3621 5498 praelati
3665 5427 3849 5492 episcn-

2267 5501 2350 5569 pis
2374 5499 2683 5566 inferiores,
2709 5502 2996 5567 religiosos
3022 5502 3126 5555 sibi
3154 5501 3446 5569 subjectos
3469 5500 3537 5554 ad
3563 5499 3851 5569 episcopum

2267 5567 2392 5625 cum
2416 5571 2610 5626 litteris
2635 5572 3097 5626 commendatitiis
3133 5567 3390 5635 mittere;
3423 5567 3851 5639 quemadmodum

2271 5643 2334 5696 D.
2372 5642 2695 5697 Benedictus
2734 5643 2923 5697 statuit
2954 5658 3075 5712 cap.
3108 5644 3141 5699 6
3171 5631 3405 5711 Regula:
3434 5631 3544 5696 {Si
3584 5638 3691 5712 quis
3713 5631 3851 5712 abbas

2269 5713 2368 5767 sibi
2397 5713 2751 5783 presbyterum
2781 5724 2873 5768 aut
2918 5699 3199 5768 diaconum
3248 5699 3497 5765 ordinari
3548 5699 3764 5781 petierit,
3798 5699 3854 5757 ἀι

2272 5784 2379 5840 suis
2401 5784 2559 5856 eligat
2590 5786 2678 5856 qui
2703 5785 2892 5857 dignus
2913 5787 2980 5842 sit
3009 5783 3304 5841 sacerdotio
3339 5783 3517 5854 fungi.
