4012 6336
251 346 339 405 585

795 344 1131 403 COLLATIO
1171 345 1263 403 iV.
1293 376 1363 390 --
1393 342 1483 402 DE
1524 341 2112 405 CONCUPISCENTIA
2150 344 2399 406 CARNIS
2440 338 2533 405 ΕΤ
2571 345 2903 409 SPlRITUS.

3404 358 3509 417 586

252 463 312 517 nii
339 468 419 517 est
458 460 719 530 prtelatus
761 461 1024 516 officium.
1067 463 1122 517 lu
1172 471 1381 517 tantum
1435 464 1577 517 enim
1626 464 1810 518 beatus
1840 462 1893 522 Α
1920 461 2037 516 nire
2067 463 2299 518 sentiret
2332 482 2343 517 :
2375 480 2438 519 ac
2468 480 2684 519 rursum
2716 467 2879 521 nullis
2920 467 3286 528 existentibus
3325 474 3514 531 ‘causis

251 556 564 625 Paphnutius
606 556 894 610 virtutibus
926 555 1093 625 ipsius
1134 556 1504 625 ailgaudebat,
1556 566 1612 609 ut
1656 570 1813 626 quem

250 651 352 703 vitae
387 648 598 702 meritis
628 647 733 702 sibi
763 658 815 703 et
843 650 1013 719 gratia
1038 664 1219 719 parem
1247 658 1506 716 noverat,
1535 663 1814 715 corequare

248 742 331 796 sibi
375 740 537 795 etiam
583 740 878 797 sacerdotii
946 741 1135 797 ordine
1183 743 1493 809 festinaret;
1546 741 1812 813 siquidem

248 847 566 903 nequaquam
602 832 781 889 ferens
830 833 885 889 in
912 833 1171 890 inferiore
1201 850 1322 890 eum
1366 835 1665 888 ministerio
1696 832 1817 887 diu-

248 927 336 982 tius
386 924 691 992 imtuorari,
736 934 762 963 ⁸
820 936 1124 996 eptansque
1175 926 1395 981 sibimet
1442 939 1811 981 successorem

246 1018 600 1087 dignissimum
632 1018 954 1088 providere,
1006 1030 1284 1089 superstes
1331 1035 1451 1073 cum
1493 1018 1815 1090 presbyterii

247 1110 431 1164 honore
460 1114 727 1178 provexit.
754 1110 856 1179 Qui
903 1120 1079 1166 tamen
1114 1111 1309 1181 prioris
1339 1109 1657 1165 humilitatis
1685 1124 1814 1164 con-

244 1201 567 1257 suetudinem
600 1216 707 1256 non
740 1203 1020 1268 ontittens,
1076 1203 1211 1257 nihil
1254 1218 1509 1273 umquam
1564 1202 1666 1257 sibi
1718 1200 1813 1257 illo

246 1302 495 1364 praesente
523 1292 592 1347 de
624 1292 961 1348 sublimioris
990 1294 1201 1349 ordinis
1230 1294 1535 1364 adjectione
1563 1292 1808 1357 donavit,

244 1384 324 1439 sed
368 1399 589 1453 semper
644 1385 838 1439 abbate
890 1384 1248 1455 Paphnutiob
1280 1386 1553 1455 spiritales
1606 1384 1810 1439 hostias

244 1474 512 1539 offerente,
564 1476 655 1530 hic
700 1478 844 1531 velut
892 1476 1151 1533 diaconus
1199 1479 1252 1533 in
1303 1480 1497 1549 prioris
1526 1478 1807 1533 ministerii

243 1567 525 1638 permansit
544 1566 750 1623 officio.
775 1566 830 1621 In
853 1582 961 1638 quo
984 1576 1162 1624 tamen
1183 1568 1401 1624 beatum
1426 1568 1806 1639 Paphnutium,

241 1674 343 1713 cum
376 1659 501 1713 talis
527 1658 613 1712 vir
642 1667 793 1714 esset
821 1673 885 1712 ac
942 1669 1155 1727 tantus,
1200 1668 1257 1714 ut
1307 1661 1360 1715 in
1412 1660 1594 1715 multis
1643 1660 1805 1716 etiam

240 1750 589 1822 praescientire
614 1751 841 1821 gratiam
886 1751 1212 1820 possideret,
1260 1751 1375 1805 haec
1399 1766 1523 1821 spes
1545 1751 1809 1807 substitu-

241 1843 383 1897 tionis
412 1852 467 1898 et
492 1842 690 1897 electio
719 1841 973 1897 frustrata
1016 1851 1117 1897 est.
1161 1842 1293 1897 Nam
1338 1858 1445 1897 non
1475 1844 1643 1898 multo
1686 1852 1808 1913 post
1837 1848 1884 1909 Β

239 1946 467 2004 tempore
505 1934 652 1989 hunc
699 1950 860 2004 quem
916 1934 1019 1990 sibi
1076 1946 1361 2005 paraverat
1407 1950 1803 2006 successorem,

238 2027 479 2097 praemisit
510 2026 575 2081 ad
610 2026 804 2081 Deum.

846 2115 1075 2173 CAPUT
1114 2117 1177 2172 ll.

238 2212 410 2276 Quterit
450 2212 584 2263 unde
615 2211 813 2264 oriatur
856 2211 1120 2280 repentina
1172 2210 1506 2263 commutatio
1551 2211 1804 2264 mentium

292 2284 346 2335 ab
373 2282 632 2349 ine/fubili
661 2282 838 2335 lwtitia
870 2282 920 2333 in
966 2282 1341 2335 mastissimam
1371 2282 1529 2335 animi
1557 2281 1799 2351 dejectio-

292 2369 398 2405 ηεηι
406 2390 421 2404 .

292 2465 380 2519 llic
410 2465 578 2534 igitur
605 2465 795 2520 beatus
825 2464 1033 2531 Daniel,
1068 2465 1469 2535 inquirentibus
1498 2465 1675 2529 nobis,
1708 2481 1806 2521 cur

234 2560 494 2615 interdum
528 2559 831 2615 residentes
868 2559 925 2613 in
956 2559 1154 2614 cellula
1189 2568 1335 2613 tanta
1373 2559 1652 2613 alacritate
1682 2573 1809 2613 cor-

233 2652 332 2718 dis,
375 2669 503 2709 eum
541 2652 797 2707 ineffabili
841 2650 1076 2719 quodam
1127 2652 1321 2719 gaudio
1363 2662 1414 2706 et
1456 2652 1806 2707 exuberantia

230 2747 709 2801 secretissimorum
744 2758 999 2798 sensuum
1050 2743 1406 2812 repleremur,
1442 2753 1499 2797 ut
1528 2758 1647 2797 eam
1695 2759 1801 2799 non

230 2841 386 2895 dicam
437 2854 621 2893 sermo
651 2836 938 2907 subsequi,
981 2836 1075 2891 sed
1110 2852 1177 2891 ne
1218 2836 1333 2907 ipse
1362 2837 1580 2906 quidem
1613 2852 1805 2892 sensus

230 2940 557 2995 occurreret;
587 2928 763 2983 oratio
788 2943 1002 2999 quoque
1028 2942 1163 2996 pura
1193 2942 1257 2982 ac
1280 2935 1546 2997 prompta,
1576 2939 1629 2984 et
1650 2944 1803 2985 mens

231 3021 367 3090 plena
414 3019 755 3090 spiritalibus
786 3019 1046 3073 fructibus
1077 3033 1266 3088 preces
1293 3033 1418 3073 suas
1448 3019 1699 3076 efficaces
1740 3037 1803 3078 ac

230 3112 359 3169 leves
386 3114 553 3169 etiam
574 3128 674 3184 per
703 3125 953 3181 soporem
982 3111 1294 3181 supplicans
1322 3111 1387 3167 ad
1415 3113 1581 3167 Deum
1612 3130 1802 3183 perve-

1923 562 2070 607 tanta
2102 556 2281 611 subito
2327 558 2596 612 anxietate
2648 560 3006 629 repleremur,
3054 572 3105 617 et
3147 565 3512 622 irrationabili

1919 646 2155 715 quodam
2182 664 2411 704 moerere
2439 666 2828 717 premeremur,
2856 662 2914 707 ut
2939 669 3044 709 non
3071 656 3245 710 solum
3273 672 3490 713 nosmet.

1918 738 2065 808 ipsos
2116 741 2423 810 hujusmodi
2455 742 2705 799 sensibus
2741 760 2991 802 arescere
3030 750 3385 816 sentiremus,
3415 766 3510 807 ve-

1918 846 2035 887 rum
2060 834 2223 889 etiam
2260 835 2507 891 horreret
2537 838 2697 904 cella,
2732 840 2978 896 sorderet
3009 842 3189 910 lectio,
3225 844 3338 913 ipsa
3370 861 3510 914 quo-

1922 941 2028 996 que
2056 927 2327 983 instabilis
2355 944 2418 985 ac
2451 930 2788 997 nutabunda,
2830 944 2884 988 et
2927 936 3327 1003 quodammodo
3357 938 3509 994 ebria

1917 1020 2255 1076 emitteretur
2284 1022 2479 1086 oratio,
2510 1024 2579 1076 ita
2611 1033 2669 1077 ut
2701 1025 3188 1093 ingemiscentibus
3218 1040 3273 1084 et
3303 1045 3508 1085 conan-

1918 1110 2060 1166 tibus
2088 1113 2261 1176 nobis,
2308 1112 2374 1167 ad
2420 1114 2776 1170 directionem
2809 1118 3089 1186 pristinam
3124 1121 3306 1176 reduci
3352 1140 3508 1178 mens

1916 1212 2101 1259 nostra
2134 1220 2241 1258 non
2270 1215 2476 1275 posset,
2509 1217 2820 1276 quantoque
2848 1210 3103 1265 intentius
3129 1212 3195 1265 ad
3228 1214 3320 1266 Dei
3352 1214 3509 1268 redu-

1916 1306 2131 1349 ceretur
2173 1297 2450 1361 intuitum,
2501 1306 2654 1351 tanto
2704 1300 3080 1355 vehementius
3115 1304 3179 1356 ad
3231 1304 3508 1361 discursus

1917 1384 2197 1440 instabiles
2251 1388 2459 1442 lubrico
2502 1400 2788 1457 raperetur
2839 1407 3091 1455 excessu,
3126 1404 3179 1447 et
3234 1396 3304 1448 ita
3356 1398 3504 1451 omni

1914 1478 2143 1545 spiritali
2176 1478 2354 1532 fructu
2402 1480 2727 1535 redderetur
2771 1481 2949 1548 effeta,
3003 1496 3059 1537 ut
3109 1502 3207 1541 nec
3236 1487 3508 1542 desiderio

1914 1571 2065 1642 regni
2118 1572 2404 1638 caelorum,
2454 1590 2553 1628 nec
2605 1584 2747 1629 metu
2805 1576 3067 1645 gehennzn
3116 1580 3392 1648 proposito
3439 1582 3507 1635 ab

1916 1661 2019 1717 hoc
2077 1663 2259 1717 lethali
2312 1666 2546 1735 quodam
2597 1681 2791 1722 somno
2851 1670 3055 1724 valeret
3106 1673 3384 1735 suscitari;
3434 1674 3505 1727 ita

1914 1755 2196 1824 respondit
2227 1774 2239 1808 :

2516 1849 2749 1907 CAPUT
2800 1853 2886 1907 Ill.

2154 1961 2443 2032 Responsio
2479 1981 2636 2035 super
2664 1968 2933 2036 proposita
2960 1970 3263 2036 qua’stione.

1986 2107 2009 2135 ε
2043 2096 2335 2168 Tripartita
2365 2098 2520 2153 nobis
2552 2114 2580 2151 a
2617 2100 2907 2169 majoribus
2955 2117 3118 2173 super
3166 2104 3292 2172 bac,
3340 2123 3502 2177 quam

1909 2189 2110 2256 dicitis,
2141 2191 2429 2245 sterilitate
2456 2193 2655 2246 mentis
2684 2195 2878 2248 tradita
2908 2198 3049 2249 ratio
3085 2207 3192 2252 est.
3222 2199 3329 2253 Aut
3360 2204 3504 2256 enim

1916 2283 1985 2338 de
2018 2283 2338 2353 negligentia
2368 2294 2573 2349 nostra,
2606 2296 2697 2339 aut
2734 2287 2802 2341 de
2846 2288 3255 2356 impugnatione
3282 2293 3501 2358 diaboli,

1917 2384 2010 2430 aut
2039 2374 2104 2430 de
2135 2374 2543 2445 dispensatione
2577 2378 2784 2431 Domini
2817 2393 2879 2433 ac
2920 2380 3239 2448 probatione
3279 2384 3505 2440 descen-

1909 2470 2009 2523 dit.
2040 2467 2066 2505 ἀ
2097 2469 2161 2523 Et
2206 2469 2273 2523 de
2301 2468 2625 2538 negligentia
2670 2470 2917 2539 quidem,
2962 2486 3083 2526 cum
3137 2484 3321 2528 nostro
3366 2477 3504 2531 vitio

1908 2571 2099 2632 tepore
2146 2562 2485 2631 praecedente
2536 2562 2985 2641 inciyumspecte
3033 2568 3399 2636 nosmetipsos
3438 2582 3495 2625 et

1909 2655 2190 2709 remissius
2238 2652 2585 2716 exhibentes,
2630 2664 2684 2707 et
2714 2670 2807 2723 per
2849 2656 3115 2723 ignaviam
3150 2668 3204 2710 et
3234 2659 3499 2715 desidiam

1909 2746 2088 2798 noxiis
2130 2745 2552 2816 cogitationibus
2608 2747 2785 2814 pasti,
2838 2756 3041 2801 terram
3092 2749 3274 2803 cordis
3330 2754 3501 2807 nostri

1908 2838 2096 2906 spinas
2127 2847 2182 2893 et
2228 2837 2456 2892 tribulos
2504 2838 2727 2893 facimus
2754 2842 3079 2908 germinare,
3127 2844 3321 2911 quibus
3352 2845 3403 2897 in
3437 2862 3501 2901 ea

1911 2930 2300 3000 pullulantibus
2326 2941 2728 3001 consequenter
2773 2932 3040 2987 efficimur
3071 2936 3311 2999 steriles,
3339 2945 3503 3005 atque

1910 3024 1979 3078 ab
2008 3025 2152 3077 omni
2185 3022 2462 3077 reddimur
2489 3024 2716 3092 spiritali
2750 3023 2925 3077 fructu
2956 3033 3011 3078 et
3033 3028 3496 3095 contemplatione

1903 3116 2099 3186 jejuni.
2137 3126 2159 3152 ε
2195 3116 2271 3171 De
2318 3116 2728 3185 impugnatione
2760 3130 2887 3171 vero
2916 3115 3137 3180 diaboli,
3170 3133 3291 3171 cum
3336 3121 3500 3175 etiam

1278 3212 1533 3267 ALARDI
1573 3213 1807 3269 GAZAEI
1844 3214 2409 3272 COMMENTARIUS.

294 3304 317 3331 ⁸·
343 3294 521 3350 Simili
552 3292 807 3363 exemplo
836 3291 1284 3365 abibasJoannes,
1320 3303 1376 3346 ut
1405 3294 1570 3365 refert
1600 3293 1803 3350 Auctor
1830 3303 1875 3365 (ζ

231 3367 312 3421 lib.
342 3382 391 3419 tv
422 3366 663 3420 lnstitut.
696 3379 818 3433 cap.
849 3364 942 3432 '29,
974 3363 1208 3419 Mucium
1241 3363 1561 3418 monachum
1595 3366 1663 3419 ob
1691 3367 1805 3419 siu-

229 3440 464 3507 gularem
515 3447 571 3491 et
624 3433 943 3504 stupendam
999 3434 1323 3507 obedientize
1387 3435 1800 3507 probationem,

228 3504 373 3578 quam
401 3509 465 3562 in
507 3523 573 3562 eo
602 3507 1154 3578 exercuerat,rrmorti
1188 3504 1297 3573 jam
1345 3505 1643 3578 proximus,
1689 3524 1805 3560 eum

229 3576 522 3647 preponens
573 3577 771 3631 cunctis
824 3576 1073 3646 fratribus
1124 3592 1463 3630 successorem
1507 3576 1623 3643 sibi,
1656 3589 1805 3648 atque

228 3652 452 3705 abbatem
503 3650 810 3702 monasterio
871 3647 1160 3717 dereliquit.
1214 3648 1453 3711 Quorum
1520 3649 1803 3703 occasione

228 3724 454 3791 quaestio
500 3721 585 3774 hic
618 3718 823 3774 moveri
867 3726 1072 3791 posset,
1106 3734 1172 3772 an
1203 3718 1370 3791 abbas
1416 3717 1499 3791 vel
1548 3720 1802 3791 praelatus

229 3788 390 3861 possit
433 3791 538 3846 sibi
573 3790 1303 3861 successoremdeligereet
1346 3788 1661 3861 instituere?
1686 3788 1800 3861 Ve-

228 3857 337 3917 rum
368 3864 491 3918 hac
520 3862 747 3926 quaestio
781 3860 1000 3929 majoris
1028 3857 1420 3929 disquisitionis
1447 3868 1502 3913 et
1529 3857 1803 3915 difﬁcilio-

227 3936 292 3987 ris
320 3934 662 3989 tractationis
701 3946 823 3986 esse
861 3931 1095 3996 videtur,
1127 3945 1287 4002 quam
1323 3941 1379 3983 ut
1421 3932 1525 3985 hoc
1552 3930 1670 3984 loco
1703 3946 1801 4000 pro

227 4006 426 4059 ratione
473 4003 701 4057 instituti
742 4002 1025 4056 commode
1056 4001 1297 4068 expediri
1334 4002 1541 4070 possit:
1577 4002 1802 4069 proinde

224 4090 335 4131 eam
361 4075 494 4130 alibi
523 4072 913 4129 discutiendam
944 4072 1190 4143 relinquo
1215 4071 1375 4142 (Vide
1398 4073 1531 4127 inter
1557 4073 1686 4127 alias
1708 4074 1803 4125 ad-

226 4147 432 4201 ditiones
464 4146 532 4199 ad
556 4146 749 4200 calcem
774 4144 990 4213 operis).

290 4218 497 4297 {Nota
516 4218 785 4297 spiritales
819 4215 1045 4297 heart-as,
1076 4214 1128 4269 id
1160 4223 1258 4297 est.
1271 4213 1556 4297 mysticam
1590 4214 1803 4297 Eueha:

226 4290 381 4343 ristiae
404 4285 764 4346 oblationem.
800 4301 894 4340 seu
923 4285 1098 4340 Missae
1123 4285 1445 4340 sacriticium
1470 4286 1631 4340 etiam
1660 4285 1800 4354 apud

226 4360 577 4414 anachoretas
603 4360 725 4412 illos
749 4356 1170 4427 frequentatum.
1198 4356 1400 4411 Dicitur
1428 4365 1607 4427 autem
1641 4358 1800 4425 spiri-

226 4432 373 4484 tualis
408 4428 612 4493 hosﬁa,
647 4438 759 4482 tum
808 4426 931 4498 quia
963 4427 1229 4498 spirituali
1268 4438 1321 4498 et
1357 4426 1613 4481 ineffabili
1644 4428 1802 4481 modo

224 4498 468 4555 Christus
491 4501 610 4569 ipse
631 4497 885 4553 sacerdos
905 4507 961 4553 et
984 4497 1198 4553 victima
1223 4497 1449 4553 offertur
1470 4508 1524 4553 et
1544 4498 1800 4566 sumitur,

225 4579 327 4625 tum
356 4573 488 4639 quia
518 4570 830 4639 spirituales
863 4569 990 4623 facit
1014 4586 1077 4624 ex
1108 4569 1438 4623 carnalibus.

290 4588 327 4625 ΓΙ]
396 4588 488 4625 Illa
518 4588 830 4639 sptrttuates
863 4588 990 4623 lacu
1014 4588 1077 4624 ex
1108 4588 1438 4623 carnalibus.

290 4654 311 4680 ι
344 4588 570 4711 θνὶμιθι
602 4655 766 4695 causa
808 4640 1069 4708 spiritalis
1098 4641 1479 4711 desolationis,
1510 4653 1681 4711 quam
1716 4638 1801 4694 hic

223 4710 562 4767 sterilitatem
616 4713 730 4765 sive
779 4711 1085 4766 ariditatem
1136 4711 1363 4778 mentis,
1395 4710 1522 4765 alibi
1555 4720 1800 4776 teporem

222 4784 329 4838 sive
361 4784 705 4851 tepiditatem
738 4790 914 4835 vocat.

286 4854 310 4891 ιι
340 4856 497 4909 Hanc
534 4868 751 4907 causam
795 4852 1074 4907 annotavit
1116 4851 1179 4906 D.
1223 4851 1512 4922 Gregorius
1550 4867 1583 4905 ι
1614 4851 1800 4906 Moral.

221 4939 334 4993 cap.
366 4928 422 4978 7.
460 4924 631 4995 Sape,
671 4924 865 4991 inquit,
911 4924 1174 4995 immunda
1214 4926 1450 4994 qutedam
1497 4922 1587 4995 vel;
1621 4924 1805 4976 illicita

219 5000 388 5049 animo
417 4993 706 5056 versamus.
728 4996 921 5062 quoties
951 5012 981 5045 a
1004 4993 1233 5063 precibus
1261 5011 1520 5048 vacamus.
1552 4993 1656 5046 Sed
1687 5011 1804 5047 cum

218 5084 269 5121 se
297 5084 439 5121 mens
471 5068 537 5119 ad
566 5065 792 5119 studium
823 5067 1070 5119 arationis
1114 5066 1359 5129 erexerit,
1408 5081 1583 5118 earum
1627 5080 1803 5117 rerum

218 5139 467 5210 imagines
520 5136 836 5190 reverberata
884 5139 1099 5210 patitur,
1148 5135 1333 5210 quibus
1395 5137 1605 5210 libenter
1663 5136 1805 5210 prius

218 5206 377 5262 otioia
407 5210 768 5279 premebatur;
786 5219 831 5261 et
852 5208 1000 5277 quasi
1014 5210 1129 5278 jam
1152 5209 1333 5277 faciem
1356 5207 1423 5259 ad
1446 5206 1608 5260 Deum
1632 5208 1808 5259 anima

221 5280 384 5333 levare
409 5277 517 5334 non
537 5277 749 5348 sufﬁcit,
774 5283 897 5349 quia
918 5279 974 5331 in
1002 5277 1055 5330 se
1075 5278 1318 5330 nimirum
1347 5279 1616 5349 inquinata
1646 5288 1811 5331 mente

219 5352 450 5405 maculas
503 5352 715 5420 polluta:
769 5348 1095 5419 cogitationis
1144 5350 1420 5401 erubescit.
1470 5348 1621 5415 Stepe
1670 5348 1808 5420 curis

219 5424 397 5475 mundi
452 5422 672 5474 libenter
716 5436 1064 5488 occupamur,
1114 5434 1329 5489 cumque
1374 5424 1593 5488 posthac
1638 5419 1811 5471 studio

218 5493 477 5546 orationis
506 5492 850 5555 intendimus,
884 5506 1203 5559 nequaquam
1242 5506 1297 5543 se
1327 5506 1465 5543 mens
1485 5490 1552 5542 ad
1583 5489 1811 5543 calestia

215 5564 387 5635 erigit,
418 5564 545 5631 quia
568 5563 770 5631 pondus
798 5564 931 5615 lianc
962 5572 1177 5635 terrente
1203 5561 1576 5635 sollicitudinis
1606 5562 1658 5613 in
1689 5576 1811 5635 pro-

216 5630 442 5699 fundunt
478 5630 683 5697 mersit;
715 5642 760 5685 et
792 5635 845 5686 in
869 5648 1019 5700 prece
1050 5634 1209 5703 {acies
1240 5633 1432 5684 munda
1455 5648 1557 5703 non
1586 5630 1810 5703 ostendi-

218 5716 311 5774 tur,
365 5704 501 5774 quia
550 5703 875 5772 cogitationis
924 5700 1116 5771 inﬁnite
1163 5702 1271 5755 luto
1320 5701 1627 5774 maculatur.
1686 5700 1811 5774 Haec

215 5771 539 5844 Gregorius.
561 5771 694 5827 Vide
714 5774 975 5829 Joannem
996 5776 1296 5828 Climacum
1314 5772 1484 5843 gradu
1510 5771 1600 5836 $8,
1616 5773 1705 5841 qui
1730 5780 1813 5826 est

216 5844 277 5905 de
303 5846 601 5909 Oratione.

508 5940 784 6002 Ριτιιοι..
822 5938 1056 6005 XLIX.

1830 4679 1882 4740 D

1984 3307 2006 3333 ε
2046 3296 2215 3365 Hujus
2272 3294 2350 3349 rei
2406 3296 2614 3365 insigne
2667 3297 2973 3359 exemplum
3031 3297 3199 3352 babes
3252 3301 3303 3354 in
3361 3302 3498 3356 Vitis

1909 3367 2127 3421 Patrum
2158 3365 2296 3437 (Lib.
2331 3382 2367 3419 ll
2399 3384 2445 3421 c.
2472 3368 2563 3435 ‘29)
2592 3368 2674 3419 his
2703 3367 2883 3420 verbis
2907 3368 3134 3422 relatum
3161 3371 3211 3422 in
3240 3371 3495 3427 Macario.

1907 3438 2152 3505 Quodam
2181 3446 2427 3506 tempore
2460 3447 2619 3491 nocte
2652 3439 2702 3489 in
2750 3440 2929 3506 specie
2977 3440 3225 3492 monachi
3281 3444 3497 3497 ilmttion

1904 3510 1972 3563 ad
2004 3511 2122 3577 ejus
2145 3510 2342 3580 ostium
2369 3508 2603 3575 pulsavit
2633 3509 2853 3580 dicens:
2881 3510 3073 3576 Surge,
3096 3510 3234 3562 abba
3268 3512 3495 3580 Macari,

1906 3592 1960 3635 et
1990 3595 2175 3634 eamus
2220 3578 2285 3631 ad
2328 3579 2642 3643 collectam,
2679 3578 2767 3632 ubi
2804 3578 2995 3632 fratres
3023 3579 3087 3631 ad
3121 3581 3331 3647 vigilias
3363 3578 3495 3638 cun;

1903 3659 2218 3719 gregantur.
2250 3649 2347 3703 llle
2395 3664 2523 3703 vero
2572 3650 2741 3719 gratia
2795 3648 3172 3719 Deirepletus
3222 3654 3494 3707 intellexit

1904 3717 2103 3776 diaboli
2137 3719 2425 3782 fallaciam,
2453 3728 2507 3774 et
2538 3720 2612 3772 ait
2639 3736 2652 3771 :
2681 3718 2725 3773 Ο
2756 3717 2986 3773 mendax
3015 3730 3068 3773 et
3108 3722 3353 3777 veritatis
3392 3724 3494 3777 ini-

1904 3792 2065 3855 mice,
2110 3790 2239 3859 quid
2281 3789 2377 3844 tibi
2422 3790 2703 3855 consortii,
2739 3789 2866 3859 quid
2910 3790 3188 3845 societatis
3228 3806 3349 3847 eum
3378 3796 3496 3847 col-

1905 3863 2044 3918 lecta
2072 3870 2128 3916 et
2154 3862 2576 3928 congregatione
2601 3870 2909 3913 sanctorum
2931 3860 2953 3911 ‘t
2974 3862 3043 3912 At
3070 3862 3157 3914 ille
3186 3863 3260 3916 ait
3292 3882 3302 3914 :
3334 3864 3496 3918 Latet

1904 3948 2034 4003 ergo
2064 3940 2139 3999 te,
2189 3930 2493 4003 ohlacari,
2552 3930 2695 4003 quod
2743 3931 2859 3984 siue
2900 3931 3059 4003 nobis
3092 3933 3234 4003 nulla
3267 3936 3491 3989 collecta

1904 4001 2102 4074 agitur,
2138 4001 2666 4074 nullacongregatio
2697 4002 3120 4055 monachorum?
3157 4003 3284 4058 Veni
3316 4015 3371 4059 tu
3399 4008 3494 4061 de-

1906 4071 2099 4153 nique,
2161 4083 2215 4153 et
2260 4072 2467 4153 videbis
2523 4071 2600 4153 ibi
2648 4085 2839 4153 opera“
2863 4082 3063 4153 nostra.
3114 4073 3255 4153 Dixit
3314 4089 3493 4153 autem

1904 4142 2271 4201 SfMacarius
2314 4160 2327 4197 :
2376 4142 2609 4212 Imperet
2662 4142 2754 4196 libi
2807 4144 3085 4208 Dominus,
3128 4145 3339 4200 dmen
3397 4150 3497 4202 itu-

1904 4217 2130 4272 munde.
2162 4214 2225 4269 Et
2246 4229 2545 4269 conversus
2576 4212 2640 4265 ad
2671 4213 2996 4277 orationem,
3029 4217 3181 4283 petiit
3210 4234 3237 4269 a
3266 4218 3492 4273 Domino

1906 4299 1965 4341 ut
2014 4288 2115 4342 sibi
2148 4284 2456 4341 ostenderet
2496 4286 2538 4339 si
2573 4284 2675 4338 hoc
2714 4299 2901 4338 verum
2932 4294 3079 4338 esset
3107 4288 3246 4353 quod
3279 4290 3491 4344 dannon

1905 4359 2259 4429 gloriabatur.
2298 4356 2442 4409 Abiit
2471 4371 2599 4423 ergo
2629 4354 2695 4429 ad
2722 4354 3031 4429 collectam,
3064 4356 3152 4429 ubi
3173 4373 3201 4411 a
3234 4358 3492 4415 fratribus

1906 4426 2105 4499 vigilite
2126 4428 2563 4499 celebrabantur,
2579 4434 2635 4499 et
2656 4426 2849 4499 iterum
2875 4426 2928 4478 in
2948 4427 3191 4499 oratione
3208 4430 3491 4486 Dominum

1906 4495 2303 4567 deprecabatur
2349 4504 2408 4549 ut
2450 4507 2506 4567 et
2546 4495 2596 4549 ei
2629 4496 2913 4549 veritatem
2944 4497 3092 4550 verbi
3123 4498 3283 4567 hujus
3313 4511 3495 4555 osten-

1907 4565 2076 4625 deret.
2127 4569 2190 4625 Et
2218 4581 2345 4641 ecce
2378 4565 2514 4620 vidit
2540 4580 2634 4633 per
2663 4573 2829 4641 totam
2874 4567 3157 4641 ecclesiam
3191 4565 3339 4639 quasi
3374 4588 3495 4641 par-

1907 4642 2065 4697 vulos
2110 4640 2371 4708 quosdam
2422 4648 2617 4708 pueros
2650 4634 2932 4708 Aithiopos
2962 4638 3143 4705 nigros
3188 4634 3494 4698 discurrere

1909 4712 2013 4766 huc
2043 4704 2202 4779 atque
2234 4704 2659 4779 illuc,_et_velut
2688 4704 3219 4779 volitandord’eferri.
3269 4711 3490 4765 Discur-

1907 4792 2090 4837 rentes
2116 4775 2301 4833 autem
2341 4777 2417 4849 illi
2452 4775 2737 4849 Ethiopes
2765 4777 2916 4845 pueri
2948 4778 3167 4846 singulis
3191 4782 3493 4849 quibusuue

1909 4852 2167 4907 fratribus
2203 4852 2253 4904 in
2286 4848 2533 4902 oratione
2562 4846 2749 4914 positis
2778 4856 2939 4915 atque
2984 4846 3337 4916 psalleut'ibus
3360 4854 3497 4907 allu-

1909 4925 2140 4985 dehaut;
2176 4932 2226 4973 et
2252 4920 2297 4972 si
2330 4920 2413 4972 cui
2443 4934 2508 4971 ex
2534 4919 2598 4989 iis
2624 4918 2809 4989 oculos
2835 4918 3044 4973 duobus
3074 4920 3312 4989 digitulis
3340 4940 3490 4977 com-

1911 4995 2261 5065 pressissent,
2319 4991 2497 5065 statim
2544 4988 2907 5065 dormitabat;
2958 4992 3000 5043 si
3034 4988 3293 5065 cuijvero
3348 4995 3398 5045 in
3432 5012 3496 5048 os

1910 5060 2305 5121 immersissent
2334 5060 2581 5129 digitum,
2627 5060 2864 5113 Oscitare
2890 5076 3012 5114 eum
3044 5062 3329 5116 faciebant.
3364 5065 3495 5119 item

1910 5146 2034 5205 post
2066 5134 2483 5205 psaltnutncum
2516 5130 2581 5205 ad
2609 5130 2872 5205 orandum
2905 5146 2963 5205 se
3005 5135 3352 5200 proiecissent
3389 5138 3497 5189 fra-

1914 5202 2470 5273 tres,’percurrebant
2520 5204 2713 5256 iterum
2761 5202 3027 5270 singulos;
3081 5213 3135 5257 et
3177 5215 3302 5257 ante
3329 5206 3494 5260 alium

1910 5272 2128 5347 quidem
2155 5274 2423 5347 jacentem
2479 5273 2534 5326 in
2580 5272 2843 5347 oratione,
2896 5273 3053 5342 quasi
3097 5274 3157 5347 in
3208 5276 3496 5347 mulierum

1911 5344 2096 5419 specie
2146 5345 2526 5419 vertebantur;
2563 5350 2705 5419 _a_nte
2751 5344 2912 5419 alium
2958 5345 3107 5413 quasi
3141 5345 3495 5413 aedificantes,

1914 5412 2007 5475 aut
2034 5424 2386 5487 apportantes
2412 5412 2640 5482 aliquid,
2664 5421 2757 5465 aut
2781 5412 2994 5487 diversa
3025 5431 3251 5485 quaeque
3278 5412 3500 5486 agentes

1914 5484 2270 5559 apparebant.
2297 5485 2361 5559 Et
2392 5484 3047 5559 quaecumquedazmones
3074 5484 3226 5559 quasi
3252 5484 3500 5543 ludentes

1918 5553 2267 5620 formassent,
2297 5555 2414 5609 haec
2440 5566 2659 5626 orantes
2684 5553 2762 5606 illi
2785 5557 2836 5608 in
2859 5554 3036 5626 cordis
3064 5553 3149 5609 sui
3171 5559 3502 5626 cogitatione

1918 5631 2226 5684 versabant.
2252 5627 2335 5681 Ah
2359 5624 2650 5699 aliquantis
2675 5633 2851 5678 tamett
2880 5624 3154 5699 fratribus,
3185 5624 3274 5683 ubi
3299 5631 3502 5699 aliQnid

1918 5701 2113 5755 horum
2164 5712 2327 5767 agere
2376 5698 2701 5763 erupissent,
2748 5700 2899 5764 quasi
2954 5698 3221 5753 violenter
3276 5698 3499 5766 repulsi,

1921 5768 2247 5842 pr-.ecipita_ti
2295 5767 2816 5842 tlejieieliantur,_ita
2848 5776 2903 5842 ut
2934 5783 3036 5822 nec
3066 5779 3209 5824 stare
3252 5782 3377 5824 ante
3405 5786 3500 5824 eos

1924 5836 2017 5897 aut
2050 5836 2279 5897 transire
2326 5838 2607 5897 auderent.
2657 5836 2757 5892 Alii
2790 5839 2949 5894 etiam
2988 5854 3149 5910 supra
3178 5843 3421 5898 cervices
3446 5851 3504 5903 et

2904 5932 2977 5996 19
