  <div class='ocr_page' id='page_1' title='image "/cluster/home/n/w/nwhite01/storage/ocr_20150623/49/hvd.32044015471543/301.png"; bbox 0 0 4012 6336; ppageno 0'>
   <div class='ocr_carea' id='block_1_1' title="bbox 414 377 524 436">
    <p class='ocr_par' dir='ltr' id='par_1_1' title="bbox 414 377 524 436">
     <span class='ocr_line' id='line_1_1' title="bbox 414 377 524 436; baseline -0.018 0"><span class='ocrx_word' id='word_1_1' title='bbox 414 377 524 436; x_wconf 73' lang='lat'><strong>587</strong></span> 
     </span>
    </p>
   </div>
   <div class='ocr_carea' id='block_1_2' title="bbox 1473 345 2628 426">
    <p class='ocr_par' dir='ltr' id='par_1_2' title="bbox 1473 345 2628 426">
     <span class='ocr_line' id='line_1_2' title="bbox 1473 345 2628 426; baseline -0.001 -1"><span class='ocrx_word' id='word_1_2' title='bbox 1473 367 1756 426; x_wconf 82' lang='lat' dir='ltr'><strong>JOANNIS</strong></span> <span class='ocrx_word' id='word_1_3' title='bbox 1794 363 2113 424; x_wconf 68' lang='lat' dir='ltr'><strong>cassum</strong></span> <span class='ocrx_word' id='word_1_4' title='bbox 2149 345 2628 425; x_wconf 79' lang='lat' dir='ltr'><strong>COLLATIONES</strong></span> 
     </span>
    </p>
   </div>
   <div class='ocr_carea' id='block_1_3' title="bbox 415 474 3672 560">
    <p class='ocr_par' dir='ltr' id='par_1_3' title="bbox 415 474 3672 560">
     <span class='ocr_line' id='line_1_3' title="bbox 415 474 3672 560; baseline -0.004 -11"><span class='ocrx_word' id='word_1_5' title='bbox 415 493 575 550; x_wconf 86' lang='lat' dir='ltr'><strong>bonis</strong></span> <span class='ocrx_word' id='word_1_6' title='bbox 596 501 1004 560; x_wconf 84' lang='lat' dir='ltr'><strong>nonnumquam</strong></span> <span class='ocrx_word' id='word_1_7' title='bbox 1039 483 1233 542; x_wconf 89' lang='lat' dir='ltr'><strong>studiis</strong></span> <span class='ocrx_word' id='word_1_8' title='bbox 1259 480 1450 548; x_wconf 90' lang='lat' dir='ltr'><strong>dediti,</strong></span> <span class='ocrx_word' id='word_1_9' title='bbox 1477 481 1673 535; x_wconf 87' lang='lat' dir='ltr'><strong>callida</strong></span> <span class='ocrx_word' id='word_1_10' title='bbox 1705 480 2005 536; x_wconf 88' lang='lat' dir='ltr'><strong>subtilitate</strong></span> <span class='ocrx_word' id='word_1_11' title='bbox 2032 488 2081 546; x_wconf 78' lang='grc' dir='ltr'>Α</span> <span class='ocrx_word' id='word_1_12' title='bbox 2111 489 2168 534; x_wconf 82' lang='grc' dir='ltr'><strong>ιιι</strong></span> <span class='ocrx_word' id='word_1_13' title='bbox 2200 479 2596 548; x_wconf 84' lang='lat' dir='ltr'><strong>perseverantia</strong></span> <span class='ocrx_word' id='word_1_14' title='bbox 2623 483 2830 542; x_wconf 88' lang='lat' dir='ltr'><strong>nostra,</strong></span> <span class='ocrx_word' id='word_1_15' title='bbox 2853 476 2940 531; x_wconf 88' lang='lat' dir='ltr'><strong>vel</strong></span> <span class='ocrx_word' id='word_1_16' title='bbox 2972 474 3169 530; x_wconf 89' lang='lat' dir='ltr'><strong>mentis</strong></span> <span class='ocrx_word' id='word_1_17' title='bbox 3193 477 3488 533; x_wconf 81' lang='lat' dir='ltr'><strong>constantia</strong></span> <span class='ocrx_word' id='word_1_18' title='bbox 3509 487 3559 534; x_wconf 90' lang='lat' dir='ltr'><strong>et</strong></span> <span class='ocrx_word' id='word_1_19' title='bbox 3583 479 3672 537; x_wconf 88' lang='lat' dir='ltr'><strong>de-</strong></span> 
     </span>
    </p>
   </div>
   <div class='ocr_carea' id='block_1_4' title="bbox 415 573 2007 644">
    <p class='ocr_par' dir='ltr' id='par_1_4' title="bbox 415 573 2007 644">
     <span class='ocr_line' id='line_1_4' title="bbox 415 573 2007 644; baseline -0.009 -2"><span class='ocrx_word' id='word_1_20' title='bbox 415 596 654 642; x_wconf 82' lang='lat' dir='ltr'><strong>mentem</strong></span> <span class='ocrx_word' id='word_1_21' title='bbox 700 593 944 639; x_wconf 89' lang='lat' dir='ltr'><strong>nostram</strong></span> <span class='ocrx_word' id='word_1_22' title='bbox 991 576 1304 633; x_wconf 85' lang='lat' dir='ltr'><strong>adversario</strong></span> <span class='ocrx_word' id='word_1_23' title='bbox 1346 583 1690 644; x_wconf 84' lang='lat' dir='ltr'><strong>penetrante,</strong></span> <span class='ocrx_word' id='word_1_24' title='bbox 1738 573 1822 627; x_wconf 87' lang='lat' dir='ltr'><strong>vel</strong></span> <span class='ocrx_word' id='word_1_25' title='bbox 1855 574 2007 642; x_wconf 90' lang='lat' dir='ltr'><strong>igno-</strong></span> 
     </span>
    </p>
   </div>
   <div class='ocr_carea' id='block_1_5' title="bbox 415 663 2007 736">
    <p class='ocr_par' dir='ltr' id='par_1_5' title="bbox 415 663 2007 736">
     <span class='ocr_line' id='line_1_5' title="bbox 415 663 2007 736; baseline -0.011 0"><span class='ocrx_word' id='word_1_26' title='bbox 415 688 600 736; x_wconf 82' lang='lat' dir='ltr'><strong>rantes</strong></span> <span class='ocrx_word' id='word_1_27' title='bbox 657 678 726 733; x_wconf 87' lang='lat' dir='ltr'><strong>ab</strong></span> <span class='ocrx_word' id='word_1_28' title='bbox 771 673 995 732; x_wconf 90' lang='lat' dir='ltr'><strong>ontimis</strong></span> <span class='ocrx_word' id='word_1_29' title='bbox 1054 667 1444 725; x_wconf 81' lang='lat' dir='ltr'><strong>intentionibus</strong></span> <span class='ocrx_word' id='word_1_30' title='bbox 1505 664 1874 721; x_wconf 87' lang='lat' dir='ltr'><strong>abstrahimur</strong></span> <span class='ocrx_word' id='word_1_31' title='bbox 1924 663 2007 719; x_wconf 89' lang='lat' dir='ltr'><strong>vel</strong></span> 
     </span>
    </p>
   </div>
   <div class='ocr_carea' id='block_1_6' title="bbox 416 771 596 827">
    <p class='ocr_par' dir='ltr' id='par_1_6' title="bbox 416 771 596 827">
     <span class='ocr_line' id='line_1_6' title="bbox 416 771 596 827; baseline 0 0"><span class='ocrx_word' id='word_1_32' title='bbox 416 771 596 827; x_wconf 82' lang='lat' dir='ltr'><strong>inviti.</strong></span> 
     </span>
    </p>
   </div>
   <div class='ocr_carea' id='block_1_7' title="bbox 1045 855 1378 914">
    <p class='ocr_par' dir='ltr' id='par_1_7' title="bbox 1045 855 1378 914">
     <span class='ocr_line' id='line_1_7' title="bbox 1045 855 1378 914; baseline -0.012 0"><span class='ocrx_word' id='word_1_33' title='bbox 1045 857 1270 914; x_wconf 84' lang='lat' dir='ltr'><strong>CAPUT</strong></span> <span class='ocrx_word' id='word_1_34' title='bbox 1311 855 1378 911; x_wconf 82' lang='lat' dir='ltr'><strong>IV</strong></span> 
     </span>
    </p>
   </div>
   <div class='ocr_carea' id='block_1_8' title="bbox 488 944 1940 1026">
    <p class='ocr_par' dir='ltr' id='par_1_8' title="bbox 488 944 1940 1026">
     <span class='ocr_line' id='line_1_8' title="bbox 488 944 1940 1026; baseline -0.01 -13"><span class='ocrx_word' id='word_1_35' title='bbox 488 956 639 1024; x_wconf 85' lang='lat' dir='ltr'><strong>Quod</strong></span> <span class='ocrx_word' id='word_1_36' title='bbox 682 953 1089 1026; x_wconf 72' lang='lat' dir='ltr'><strong>dispensationis</strong></span> <span class='ocrx_word' id='word_1_37' title='bbox 1131 968 1193 1004; x_wconf 93' lang='lat' dir='ltr'><strong>ac</strong></span> <span class='ocrx_word' id='word_1_38' title='bbox 1233 947 1554 1026; x_wconf 86' lang='lat' dir='ltr'><strong>probationis</strong></span> <span class='ocrx_word' id='word_1_39' title='bbox 1597 944 1698 1000; x_wconf 87' lang='lat' dir='ltr'><strong>Dei</strong></span> <span class='ocrx_word' id='word_1_40' title='bbox 1741 944 1940 1014; x_wconf 63' lang='lat' dir='ltr'><strong>duplex</strong></span> 
     </span>
    </p>
   </div>
   <div class='ocr_carea' id='block_1_9' title="bbox 1080 1023 1348 1077">
    <p class='ocr_par' dir='ltr' id='par_1_9' title="bbox 1080 1023 1348 1077">
     <span class='ocr_line' id='line_1_9' title="bbox 1080 1023 1348 1077; baseline -0.011 0"><span class='ocrx_word' id='word_1_41' title='bbox 1080 1038 1236 1077; x_wconf 85' lang='lat' dir='ltr'><strong>causa</strong></span> <span class='ocrx_word' id='word_1_42' title='bbox 1263 1023 1348 1075; x_wconf 91' lang='lat' dir='ltr'><strong>sit.</strong></span> 
     </span>
    </p>
   </div>
   <div class='ocr_carea' id='block_1_10' title="bbox 493 1125 2016 1212">
    <p class='ocr_par' dir='ltr' id='par_1_10' title="bbox 493 1125 2016 1212">
     <span class='ocr_line' id='line_1_10' title="bbox 493 1125 2016 1212; baseline -0.011 -15"><span class='ocrx_word' id='word_1_43' title='bbox 493 1150 519 1178; x_wconf 70' lang='grc'><strong>⁸</strong></span> <span class='ocrx_word' id='word_1_44' title='bbox 563 1139 987 1212; x_wconf 84' lang='lat' dir='ltr'><strong>Dispensationis</strong></span> <span class='ocrx_word' id='word_1_45' title='bbox 1041 1145 1251 1203; x_wconf 90' lang='lat' dir='ltr'><strong>autem,</strong></span> <span class='ocrx_word' id='word_1_46' title='bbox 1302 1133 1387 1190; x_wconf 89' lang='lat' dir='ltr'><strong>vel</strong></span> <span class='ocrx_word' id='word_1_47' title='bbox 1435 1129 1774 1204; x_wconf 87' lang='lat' dir='ltr'><strong>probationis</strong></span> <span class='ocrx_word' id='word_1_48' title='bbox 1802 1125 2016 1183; x_wconf 89' lang='lat' dir='ltr'><strong>Domini</strong></span> 
     </span>
    </p>
   </div>
   <div class='ocr_carea' id='block_1_11' title="bbox 419 1220 2016 1304">
    <p class='ocr_par' dir='ltr' id='par_1_11' title="bbox 419 1220 2016 1304">
     <span class='ocr_line' id='line_1_11' title="bbox 419 1220 2016 1304; baseline -0.009 -15"><span class='ocrx_word' id='word_1_49' title='bbox 419 1235 621 1304; x_wconf 80' lang='lat' dir='ltr'><strong>duplex</strong></span> <span class='ocrx_word' id='word_1_50' title='bbox 653 1249 819 1289; x_wconf 85' lang='lat' dir='ltr'><strong>causa</strong></span> <span class='ocrx_word' id='word_1_51' title='bbox 849 1241 932 1288; x_wconf 91' lang='lat' dir='ltr'><strong>est</strong></span> <span class='ocrx_word' id='word_1_52' title='bbox 967 1250 979 1283; x_wconf 88' lang='lat'><strong>:</strong></span> <span class='ocrx_word' id='word_1_53' title='bbox 1012 1230 1039 1269; x_wconf 66' lang='grc' dir='ltr'><strong>ι)</strong></span> <span class='ocrx_word' id='word_1_54' title='bbox 1069 1231 1269 1301; x_wconf 90' lang='lat' dir='ltr'><strong>prima,</strong></span> <span class='ocrx_word' id='word_1_55' title='bbox 1302 1237 1357 1282; x_wconf 93' lang='lat' dir='ltr'><strong>ut</strong></span> <span class='ocrx_word' id='word_1_56' title='bbox 1386 1225 1660 1296; x_wconf 88' lang='lat' dir='ltr'><strong>paulisper</strong></span> <span class='ocrx_word' id='word_1_57' title='bbox 1691 1223 1757 1278; x_wconf 92' lang='lat' dir='ltr'><strong>ab</strong></span> <span class='ocrx_word' id='word_1_58' title='bbox 1783 1222 1904 1292; x_wconf 87' lang='lat' dir='ltr'><strong>ipso</strong></span> <span class='ocrx_word' id='word_1_59' title='bbox 1927 1220 2016 1275; x_wconf 88' lang='lat' dir='ltr'><strong>de-</strong></span> 
     </span>
    </p>
   </div>
   <div class='ocr_carea' id='block_1_12' title="bbox 419 1312 2019 1391">
    <p class='ocr_par' dir='ltr' id='par_1_12' title="bbox 419 1312 2019 1391">
     <span class='ocr_line' id='line_1_12' title="bbox 419 1312 2019 1391; baseline -0.01 -10"><span class='ocrx_word' id='word_1_60' title='bbox 419 1326 616 1391; x_wconf 90' lang='lat' dir='ltr'><strong>relicti,</strong></span> <span class='ocrx_word' id='word_1_61' title='bbox 648 1334 702 1380; x_wconf 93' lang='lat' dir='ltr'><strong>et</strong></span> <span class='ocrx_word' id='word_1_62' title='bbox 731 1326 924 1380; x_wconf 89' lang='lat' dir='ltr'><strong>mentis</strong></span> <span class='ocrx_word' id='word_1_63' title='bbox 958 1333 1156 1378; x_wconf 83' lang='lat' dir='ltr'><strong>nostrae</strong></span> <span class='ocrx_word' id='word_1_64' title='bbox 1186 1318 1461 1374; x_wconf 89' lang='lat' dir='ltr'><strong>humiliter</strong></span> <span class='ocrx_word' id='word_1_65' title='bbox 1486 1317 1759 1371; x_wconf 88' lang='lat' dir='ltr'><strong>intuentes</strong></span> <span class='ocrx_word' id='word_1_66' title='bbox 1788 1312 2019 1368; x_wconf 80' lang='lat' dir='ltr'><strong>inﬁrmi-</strong></span> 
     </span>
    </p>
   </div>
   <div class='ocr_carea' id='block_1_13' title="bbox 421 1405 2022 1487">
    <p class='ocr_par' dir='ltr' id='par_1_13' title="bbox 421 1405 2022 1487">
     <span class='ocr_line' id='line_1_13' title="bbox 421 1405 2022 1487; baseline -0.01 -14"><span class='ocrx_word' id='word_1_67' title='bbox 421 1428 629 1487; x_wconf 87' lang='lat' dir='ltr'><strong>tatem,</strong></span> <span class='ocrx_word' id='word_1_68' title='bbox 671 1424 727 1472; x_wconf 91' lang='lat' dir='ltr'><strong>et</strong></span> <span class='ocrx_word' id='word_1_69' title='bbox 773 1429 1109 1486; x_wconf 89' lang='lat' dir='ltr'><strong>nequaquam</strong></span> <span class='ocrx_word' id='word_1_70' title='bbox 1170 1426 1335 1481; x_wconf 89' lang='lat' dir='ltr'><strong>super</strong></span> <span class='ocrx_word' id='word_1_71' title='bbox 1390 1407 1734 1479; x_wconf 69' lang='lat' dir='ltr'><strong>prmcedente</strong></span> <span class='ocrx_word' id='word_1_72' title='bbox 1788 1405 2022 1476; x_wconf 83' lang='lat' dir='ltr'><strong>puritate</strong></span> 
     </span>
    </p>
   </div>
   <div class='ocr_carea' id='block_1_14' title="bbox 416 1496 2020 1578">
    <p class='ocr_par' dir='ltr' id='par_1_14' title="bbox 416 1496 2020 1578">
     <span class='ocr_line' id='line_1_14' title="bbox 416 1496 2020 1578; baseline -0.008 -16"><span class='ocrx_word' id='word_1_73' title='bbox 416 1507 623 1572; x_wconf 85' lang='lat' dir='ltr'><strong>cordis,</strong></span> <span class='ocrx_word' id='word_1_74' title='bbox 661 1521 782 1578; x_wconf 64' lang='lat' dir='ltr'><strong>quae</strong></span> <span class='ocrx_word' id='word_1_75' title='bbox 813 1506 970 1561; x_wconf 85' lang='lat' dir='ltr'><strong>nobis</strong></span> <span class='ocrx_word' id='word_1_76' title='bbox 1000 1504 1146 1559; x_wconf 91' lang='lat' dir='ltr'><strong>illius</strong></span> <span class='ocrx_word' id='word_1_77' title='bbox 1173 1513 1256 1558; x_wconf 94' lang='lat' dir='ltr'><strong>est</strong></span> <span class='ocrx_word' id='word_1_78' title='bbox 1284 1500 1594 1556; x_wconf 87' lang='lat' dir='ltr'><strong>visitatione</strong></span> <span class='ocrx_word' id='word_1_79' title='bbox 1623 1498 1821 1554; x_wconf 85' lang='lat' dir='ltr'><strong>donata</strong></span> <span class='ocrx_word' id='word_1_80' title='bbox 1849 1538 1863 1563; x_wconf 91' lang='lat'><strong>,</strong></span> <span class='ocrx_word' id='word_1_81' title='bbox 1895 1496 2020 1552; x_wconf 90' lang='lat' dir='ltr'><strong>nul-</strong></span> 
     </span>
    </p>
   </div>
   <div class='ocr_carea' id='block_1_15' title="bbox 419 1589 2023 1666">
    <p class='ocr_par' dir='ltr' id='par_1_15' title="bbox 419 1589 2023 1666">
     <span class='ocr_line' id='line_1_15' title="bbox 419 1589 2023 1666; baseline -0.007 -11"><span class='ocrx_word' id='word_1_82' title='bbox 419 1599 635 1656; x_wconf 89' lang='lat' dir='ltr'><strong>latenus</strong></span> <span class='ocrx_word' id='word_1_83' title='bbox 662 1600 1010 1664; x_wconf 81' lang='lat' dir='ltr'><strong>extollamur,</strong></span> <span class='ocrx_word' id='word_1_84' title='bbox 1054 1596 1452 1666; x_wconf 88' lang='lat' dir='ltr'><strong>probantesque</strong></span> <span class='ocrx_word' id='word_1_85' title='bbox 1479 1607 1576 1648; x_wconf 93' lang='lat' dir='ltr'><strong>nos</strong></span> <span class='ocrx_word' id='word_1_86' title='bbox 1607 1592 1676 1646; x_wconf 91' lang='lat' dir='ltr'><strong>ab</strong></span> <span class='ocrx_word' id='word_1_87' title='bbox 1703 1589 1897 1646; x_wconf 90' lang='lat' dir='ltr'><strong>eodem</strong></span> <span class='ocrx_word' id='word_1_88' title='bbox 1925 1590 2023 1644; x_wconf 88' lang='lat' dir='ltr'><strong>de-</strong></span> 
     </span>
    </p>
   </div>
   <div class='ocr_carea' id='block_1_16' title="bbox 419 1683 2024 1764">
    <p class='ocr_par' dir='ltr' id='par_1_16' title="bbox 419 1683 2024 1764">
     <span class='ocr_line' id='line_1_16' title="bbox 419 1683 2024 1764; baseline -0.006 -16"><span class='ocrx_word' id='word_1_89' title='bbox 419 1693 644 1750; x_wconf 86' lang='lat' dir='ltr'><strong>relictos</strong></span> <span class='ocrx_word' id='word_1_90' title='bbox 667 1735 681 1759; x_wconf 95' lang='lat'><strong>,</strong></span> <span class='ocrx_word' id='word_1_91' title='bbox 713 1692 1002 1764; x_wconf 77' lang='lat' dir='ltr'><strong>gemitibus</strong></span> <span class='ocrx_word' id='word_1_92' title='bbox 1031 1689 1238 1745; x_wconf 88' lang='lat' dir='ltr'><strong>nostris</strong></span> <span class='ocrx_word' id='word_1_93' title='bbox 1267 1698 1322 1744; x_wconf 91' lang='lat' dir='ltr'><strong>et</strong></span> <span class='ocrx_word' id='word_1_94' title='bbox 1350 1687 1612 1742; x_wconf 86' lang='lat' dir='ltr'><strong>industria</strong></span> <span class='ocrx_word' id='word_1_95' title='bbox 1641 1683 1791 1738; x_wconf 91' lang='lat' dir='ltr'><strong>illum</strong></span> <span class='ocrx_word' id='word_1_96' title='bbox 1825 1683 2024 1738; x_wconf 66' lang='lat' dir='ltr'><strong>laetitia:</strong></span> 
     </span>
    </p>
   </div>
   <div class='ocr_carea' id='block_1_17' title="bbox 421 1775 2022 1856">
    <p class='ocr_par' dir='ltr' id='par_1_17' title="bbox 421 1775 2022 1856">
     <span class='ocr_line' id='line_1_17' title="bbox 421 1775 2022 1856; baseline -0.009 -16"><span class='ocrx_word' id='word_1_97' title='bbox 421 1801 485 1842; x_wconf 89' lang='lat' dir='ltr'><strong>ac</strong></span> <span class='ocrx_word' id='word_1_98' title='bbox 505 1786 752 1856; x_wconf 84' lang='lat' dir='ltr'><strong>puritatis</strong></span> <span class='ocrx_word' id='word_1_99' title='bbox 777 1794 980 1840; x_wconf 90' lang='lat' dir='ltr'><strong>statum</strong></span> <span class='ocrx_word' id='word_1_100' title='bbox 997 1797 1322 1852; x_wconf 88' lang='lat' dir='ltr'><strong>recuperare</strong></span> <span class='ocrx_word' id='word_1_101' title='bbox 1341 1796 1444 1835; x_wconf 90' lang='lat' dir='ltr'><strong>non</strong></span> <span class='ocrx_word' id='word_1_102' title='bbox 1463 1791 1618 1849; x_wconf 89' lang='lat' dir='ltr'><strong>posse</strong></span> <span class='ocrx_word' id='word_1_103' title='bbox 1635 1775 2022 1844; x_wconf 81' lang='lat' dir='ltr'><strong>intelligamus,</strong></span> 
     </span>
    </p>
   </div>
   <div class='ocr_carea' id='block_1_18' title="bbox 2110 567 3677 639">
    <p class='ocr_par' dir='ltr' id='par_1_18' title="bbox 2110 567 3677 639">
     <span class='ocr_line' id='line_1_18' title="bbox 2110 567 3677 639; baseline 0.001 -13"><span class='ocrx_word' id='word_1_104' title='bbox 2110 571 2364 627; x_wconf 89' lang='lat' dir='ltr'><strong>siderium</strong></span> <span class='ocrx_word' id='word_1_105' title='bbox 2399 571 2780 639; x_wconf 89' lang='lat' dir='ltr'><strong>comprobetur</strong></span> <span class='ocrx_word' id='word_1_106' title='bbox 2806 614 2819 637; x_wconf 94' lang='lat'><strong>,</strong></span> <span class='ocrx_word' id='word_1_107' title='bbox 2880 583 3089 638; x_wconf 87' lang='lat' dir='ltr'><strong>quaque</strong></span> <span class='ocrx_word' id='word_1_108' title='bbox 3120 567 3414 623; x_wconf 86' lang='lat' dir='ltr'><strong>intentione</strong></span> <span class='ocrx_word' id='word_1_109' title='bbox 3441 571 3606 626; x_wconf 87' lang='lat' dir='ltr'><strong>cordis</strong></span> <span class='ocrx_word' id='word_1_110' title='bbox 3628 583 3677 628; x_wconf 89' lang='lat' dir='ltr'><strong>et</strong></span> 
     </span>
    </p>
   </div>
   <div class='ocr_carea' id='block_1_19' title="bbox 2111 659 3679 720">
    <p class='ocr_par' dir='ltr' id='par_1_19' title="bbox 2111 659 3679 720">
     <span class='ocr_line' id='line_1_19' title="bbox 2111 659 3679 720; baseline 0.002 -3"><span class='ocrx_word' id='word_1_111' title='bbox 2111 663 2417 718; x_wconf 90' lang='lat' dir='ltr'><strong>orationum</strong></span> <span class='ocrx_word' id='word_1_112' title='bbox 2473 662 2725 715; x_wconf 80' lang='lat' dir='ltr'><strong>instantia</strong></span> <span class='ocrx_word' id='word_1_113' title='bbox 2788 659 3133 715; x_wconf 87' lang='lat' dir='ltr'><strong>deserentem</strong></span> <span class='ocrx_word' id='word_1_114' title='bbox 3189 674 3286 715; x_wconf 92' lang='lat' dir='ltr'><strong>nos</strong></span> <span class='ocrx_word' id='word_1_115' title='bbox 3339 660 3679 720; x_wconf 85' lang='lat' dir='ltr'><strong>visitationem</strong></span> 
     </span>
    </p>
   </div>
   <div class='ocr_carea' id='block_1_20' title="bbox 2113 749 3679 823">
    <p class='ocr_par' dir='ltr' id='par_1_20' title="bbox 2113 749 3679 823">
     <span class='ocr_line' id='line_1_20' title="bbox 2113 749 3679 823; baseline 0.003 -16"><span class='ocrx_word' id='word_1_116' title='bbox 2113 755 2286 809; x_wconf 89' lang='lat' dir='ltr'><strong>sancti</strong></span> <span class='ocrx_word' id='word_1_117' title='bbox 2319 755 2550 823; x_wconf 89' lang='lat' dir='ltr'><strong>Spiritus</strong></span> <span class='ocrx_word' id='word_1_118' title='bbox 2588 751 2962 822; x_wconf 87' lang='lat' dir='ltr'><strong>requiramus,</strong></span> <span class='ocrx_word' id='word_1_119' title='bbox 3015 749 3389 808; x_wconf 80' lang='lat' dir='ltr'><strong>manifestetur</strong></span> <span class='ocrx_word' id='word_1_120' title='bbox 3429 753 3478 808; x_wconf 93' lang='lat' dir='ltr'><strong>in</strong></span> <span class='ocrx_word' id='word_1_121' title='bbox 3510 756 3679 816; x_wconf 85' lang='lat' dir='ltr'><strong>nobis:</strong></span> 
     </span>
    </p>
   </div>
   <div class='ocr_carea' id='block_1_21' title="bbox 2116 843 3682 916">
    <p class='ocr_par' dir='ltr' id='par_1_21' title="bbox 2116 843 3682 916">
     <span class='ocr_line' id='line_1_21' title="bbox 2116 843 3682 916; baseline 0.002 -15"><span class='ocrx_word' id='word_1_122' title='bbox 2116 861 2180 902; x_wconf 86' lang='lat' dir='ltr'><strong>ac</strong></span> <span class='ocrx_word' id='word_1_123' title='bbox 2210 848 2418 916; x_wconf 89' lang='lat' dir='ltr'><strong>pariter</strong></span> <span class='ocrx_word' id='word_1_124' title='bbox 2445 855 2801 915; x_wconf 81' lang='lat' dir='ltr'><strong>agnoscentes</strong></span> <span class='ocrx_word' id='word_1_125' title='bbox 2831 855 3031 915; x_wconf 90' lang='lat' dir='ltr'><strong>quanto</strong></span> <span class='ocrx_word' id='word_1_126' title='bbox 3060 843 3243 900; x_wconf 87' lang='lat' dir='ltr'><strong>labore</strong></span> <span class='ocrx_word' id='word_1_127' title='bbox 3274 845 3522 901; x_wconf 86' lang='lat' dir='ltr'><strong>amissum</strong></span> <span class='ocrx_word' id='word_1_128' title='bbox 3554 847 3682 904; x_wconf 86' lang='lat' dir='ltr'><strong>istud</strong></span> 
     </span>
    </p>
   </div>
   <div class='ocr_carea' id='block_1_22' title="bbox 2121 937 3684 1012">
    <p class='ocr_par' dir='ltr' id='par_1_22' title="bbox 2121 937 3684 1012">
     <span class='ocr_line' id='line_1_22' title="bbox 2121 937 3684 1012; baseline 0.001 -18"><span class='ocrx_word' id='word_1_129' title='bbox 2121 938 2364 1008; x_wconf 80' lang='lat' dir='ltr'><strong>Spiritale</strong></span> <span class='ocrx_word' id='word_1_130' title='bbox 2405 938 2659 1010; x_wconf 79' lang='lat' dir='ltr'><strong>gaudium</strong></span> <span class='ocrx_word' id='word_1_131' title='bbox 2705 947 2759 992; x_wconf 92' lang='lat' dir='ltr'><strong>et</strong></span> <span class='ocrx_word' id='word_1_132' title='bbox 2807 937 3056 1007; x_wconf 87' lang='lat' dir='ltr'><strong>puritatis</strong></span> <span class='ocrx_word' id='word_1_133' title='bbox 3105 937 3289 992; x_wconf 74' lang='lat' dir='ltr'><strong>ltetitia</strong></span> <span class='ocrx_word' id='word_1_134' title='bbox 3334 941 3684 1012; x_wconf 89' lang='lat' dir='ltr'><strong>conquiratur,</strong></span> 
     </span>
    </p>
   </div>
   <div class='ocr_carea' id='block_1_23' title="bbox 2117 1029 3688 1098">
    <p class='ocr_par' dir='ltr' id='par_1_23' title="bbox 2117 1029 3688 1098">
     <span class='ocr_line' id='line_1_23' title="bbox 2117 1029 3688 1098; baseline 0.002 -13"><span class='ocrx_word' id='word_1_135' title='bbox 2117 1031 2410 1086; x_wconf 86' lang='lat' dir='ltr'><strong>sollicitius</strong></span> <span class='ocrx_word' id='word_1_136' title='bbox 2451 1031 2722 1085; x_wconf 86' lang='lat' dir='ltr'><strong>inventam</strong></span> <span class='ocrx_word' id='word_1_137' title='bbox 2768 1029 3074 1098; x_wconf 89' lang='lat' dir='ltr'><strong>custodire,</strong></span> <span class='ocrx_word' id='word_1_138' title='bbox 3118 1046 3180 1084; x_wconf 91' lang='lat' dir='ltr'><strong>ac</strong></span> <span class='ocrx_word' id='word_1_139' title='bbox 3219 1039 3399 1086; x_wconf 90' lang='lat' dir='ltr'><strong>tenere</strong></span> <span class='ocrx_word' id='word_1_140' title='bbox 3451 1033 3688 1088; x_wconf 88' lang='lat' dir='ltr'><strong>intentius</strong></span> 
     </span>
    </p>
   </div>
   <div class='ocr_carea' id='block_1_24' title="bbox 2119 1123 3690 1193">
    <p class='ocr_par' dir='ltr' id='par_1_24' title="bbox 2119 1123 3690 1193">
     <span class='ocr_line' id='line_1_24' title="bbox 2119 1123 3690 1193; baseline -0.001 -13"><span class='ocrx_word' id='word_1_141' title='bbox 2119 1124 2453 1180; x_wconf 85' lang='lat' dir='ltr'><strong>studeamus.</strong></span> <span class='ocrx_word' id='word_1_142' title='bbox 2497 1123 2907 1192; x_wconf 84' lang='lat' dir='ltr'><strong>Quodammodo</strong></span> <span class='ocrx_word' id='word_1_143' title='bbox 2950 1124 3095 1178; x_wconf 86' lang='lat' dir='ltr'><strong>enim</strong></span> <span class='ocrx_word' id='word_1_144' title='bbox 3131 1123 3485 1193; x_wconf 84' lang='lat' dir='ltr'><strong>negligentius</strong></span> <span class='ocrx_word' id='word_1_145' title='bbox 3526 1137 3690 1180; x_wconf 79' lang='lat' dir='ltr'><strong>Cllle-</strong></span> 
     </span>
    </p>
   </div>
   <div class='ocr_carea' id='block_1_25' title="bbox 2120 1214 3688 1288">
    <p class='ocr_par' dir='ltr' id='par_1_25' title="bbox 2120 1214 3688 1288">
     <span class='ocr_line' id='line_1_25' title="bbox 2120 1214 3688 1288; baseline -0.001 -15"><span class='ocrx_word' id='word_1_146' title='bbox 2120 1217 2224 1274; x_wconf 87' lang='lat' dir='ltr'><strong>diri</strong></span> <span class='ocrx_word' id='word_1_147' title='bbox 2253 1218 2427 1284; x_wconf 87' lang='lat' dir='ltr'><strong>solet,</strong></span> <span class='ocrx_word' id='word_1_148' title='bbox 2461 1216 2720 1287; x_wconf 88' lang='lat' dir='ltr'><strong>quidquid</strong></span> <span class='ocrx_word' id='word_1_149' title='bbox 2762 1214 3002 1272; x_wconf 80' lang='lat' dir='ltr'><strong>creditur</strong></span> <span class='ocrx_word' id='word_1_150' title='bbox 3047 1215 3203 1272; x_wconf 81' lang='lat' dir='ltr'><strong>facile</strong></span> <span class='ocrx_word' id='word_1_151' title='bbox 3237 1231 3398 1288; x_wconf 85' lang='lat' dir='ltr'><strong>posse</strong></span> <span class='ocrx_word' id='word_1_152' title='bbox 3443 1219 3688 1286; x_wconf 82' lang='lat' dir='ltr'><strong>reparari.</strong></span> 
     </span>
    </p>
   </div>
   <div class='ocr_carea' id='block_1_26' title="bbox 2761 1326 3094 1384">
    <p class='ocr_par' dir='ltr' id='par_1_26' title="bbox 2761 1326 3094 1384">
     <span class='ocr_line' id='line_1_26' title="bbox 2761 1326 3094 1384; baseline 0.003 -1"><span class='ocrx_word' id='word_1_153' title='bbox 2761 1327 2990 1384; x_wconf 80' lang='lat' dir='ltr'><strong>CAPUT</strong></span> <span class='ocrx_word' id='word_1_154' title='bbox 3029 1326 3094 1384; x_wconf 88' lang='lat' dir='ltr'><strong>V.</strong></span> 
     </span>
    </p>
   </div>
   <div class='ocr_carea' id='block_1_27' title="bbox 2127 1421 3693 1493">
    <p class='ocr_par' dir='ltr' id='par_1_27' title="bbox 2127 1421 3693 1493">
     <span class='ocr_line' id='line_1_27' title="bbox 2127 1421 3693 1493; baseline -0.003 -14"><span class='ocrx_word' id='word_1_155' title='bbox 2127 1425 2277 1493; x_wconf 85' lang='lat' dir='ltr'><strong>Quod</strong></span> <span class='ocrx_word' id='word_1_156' title='bbox 2309 1424 2536 1479; x_wconf 89' lang='lat' dir='ltr'><strong>studium</strong></span> <span class='ocrx_word' id='word_1_157' title='bbox 2572 1432 2617 1478; x_wconf 88' lang='lat' dir='ltr'><strong>et</strong></span> <span class='ocrx_word' id='word_1_158' title='bbox 2649 1423 2908 1493; x_wconf 74' lang='lat' dir='ltr'><strong>industria</strong></span> <span class='ocrx_word' id='word_1_159' title='bbox 2937 1431 3112 1476; x_wconf 86' lang='lat' dir='ltr'><strong>nostra</strong></span> <span class='ocrx_word' id='word_1_160' title='bbox 3149 1422 3280 1476; x_wconf 90' lang='lat' dir='ltr'><strong>nihil</strong></span> <span class='ocrx_word' id='word_1_161' title='bbox 3313 1422 3420 1476; x_wconf 90' lang='lat' dir='ltr'><strong>sine</strong></span> <span class='ocrx_word' id='word_1_162' title='bbox 3450 1421 3693 1492; x_wconf 83' lang='lat' dir='ltr'><strong>adjutorio</strong></span> 
     </span>
    </p>
   </div>
   <div class='ocr_carea' id='block_1_28' title="bbox 2698 1489 3142 1563">
    <p class='ocr_par' dir='ltr' id='par_1_28' title="bbox 2698 1489 3142 1563">
     <span class='ocr_line' id='line_1_28' title="bbox 2698 1489 3142 1563; baseline 0 -17"><span class='ocrx_word' id='word_1_163' title='bbox 2698 1489 2800 1547; x_wconf 91' lang='lat' dir='ltr'><strong>Dei</strong></span> <span class='ocrx_word' id='word_1_164' title='bbox 2845 1496 3142 1563; x_wconf 66' lang='lat' dir='ltr'><strong>praevaleat.</strong></span> 
     </span>
    </p>
   </div>
   <div class='ocr_carea' id='block_1_29' title="bbox 2196 1584 3699 1657">
    <p class='ocr_par' dir='ltr' id='par_1_29' title="bbox 2196 1584 3699 1657">
     <span class='ocr_line' id='line_1_29' title="bbox 2196 1584 3699 1657; baseline -0.003 -15"><span class='ocrx_word' id='word_1_165' title='bbox 2196 1588 2306 1645; x_wconf 87' lang='lat' dir='ltr'><strong>Per</strong></span> <span class='ocrx_word' id='word_1_166' title='bbox 2333 1604 2454 1657; x_wconf 75' lang='lat' dir='ltr'><strong>qua:</strong></span> <span class='ocrx_word' id='word_1_167' title='bbox 2490 1586 2770 1642; x_wconf 88' lang='lat' dir='ltr'><strong>evidenter</strong></span> <span class='ocrx_word' id='word_1_168' title='bbox 2806 1586 3093 1656; x_wconf 88' lang='lat' dir='ltr'><strong>probatur,</strong></span> <span class='ocrx_word' id='word_1_169' title='bbox 3130 1584 3354 1655; x_wconf 79' lang='lat' dir='ltr'><strong>gratiam</strong></span> <span class='ocrx_word' id='word_1_170' title='bbox 3401 1585 3488 1640; x_wconf 89' lang='lat' dir='ltr'><strong>Dei</strong></span> <span class='ocrx_word' id='word_1_171' title='bbox 3520 1599 3579 1638; x_wconf 88' lang='lat' dir='ltr'><strong>ac</strong></span> <span class='ocrx_word' id='word_1_172' title='bbox 3609 1585 3699 1638; x_wconf 91' lang='lat' dir='ltr'><strong>mi-</strong></span> 
     </span>
    </p>
   </div>
   <div class='ocr_carea' id='block_1_30' title="bbox 2125 1676 3698 1748">
    <p class='ocr_par' dir='ltr' id='par_1_30' title="bbox 2125 1676 3698 1748">
     <span class='ocr_line' id='line_1_30' title="bbox 2125 1676 3698 1748; baseline -0.004 -12"><span class='ocrx_word' id='word_1_173' title='bbox 2125 1681 2478 1737; x_wconf 87' lang='lat' dir='ltr'><strong>sericordiam</strong></span> <span class='ocrx_word' id='word_1_174' title='bbox 2512 1695 2728 1748; x_wconf 87' lang='lat' dir='ltr'><strong>semper</strong></span> <span class='ocrx_word' id='word_1_175' title='bbox 2771 1680 2985 1748; x_wconf 90' lang='lat' dir='ltr'><strong>operari</strong></span> <span class='ocrx_word' id='word_1_176' title='bbox 3030 1678 3081 1732; x_wconf 91' lang='lat' dir='ltr'><strong>in</strong></span> <span class='ocrx_word' id='word_1_177' title='bbox 3134 1677 3290 1732; x_wconf 88' lang='lat' dir='ltr'><strong>nobis</strong></span> <span class='ocrx_word' id='word_1_178' title='bbox 3331 1693 3390 1732; x_wconf 93' lang='lat' dir='ltr'><strong>ea</strong></span> <span class='ocrx_word' id='word_1_179' title='bbox 3421 1692 3534 1746; x_wconf 82' lang='lat' dir='ltr'><strong>quae</strong></span> <span class='ocrx_word' id='word_1_180' title='bbox 3571 1676 3698 1730; x_wconf 90' lang='lat' dir='ltr'><strong>bona</strong></span> 
     </span>
    </p>
   </div>
   <div class='ocr_carea' id='block_1_31' title="bbox 2127 1769 3696 1843">
    <p class='ocr_par' dir='ltr' id='par_1_31' title="bbox 2127 1769 3696 1843">
     <span class='ocr_line' id='line_1_31' title="bbox 2127 1769 3696 1843; baseline -0.005 -11"><span class='ocrx_word' id='word_1_181' title='bbox 2127 1786 2274 1834; x_wconf 89' lang='lat' dir='ltr'><strong>sunt.</strong></span> <span class='ocrx_word' id='word_1_182' title='bbox 2297 1777 2414 1843; x_wconf 82' lang='lat' dir='ltr'><strong>Qua</strong></span> <span class='ocrx_word' id='word_1_183' title='bbox 2432 1776 2741 1840; x_wconf 91' lang='lat' dir='ltr'><strong>deserente,</strong></span> <span class='ocrx_word' id='word_1_184' title='bbox 2761 1773 2894 1827; x_wconf 88' lang='lat' dir='ltr'><strong>nihil</strong></span> <span class='ocrx_word' id='word_1_185' title='bbox 2917 1772 3102 1826; x_wconf 86' lang='lat' dir='ltr'><strong>valere</strong></span> <span class='ocrx_word' id='word_1_186' title='bbox 3126 1771 3362 1826; x_wconf 88' lang='lat' dir='ltr'><strong>studium</strong></span> <span class='ocrx_word' id='word_1_187' title='bbox 3393 1769 3696 1834; x_wconf 83' lang='lat' dir='ltr'><strong>laborantis.</strong></span> 
     </span>
    </p>
   </div>
   <div class='ocr_carea' id='block_1_32' title="bbox 422 1859 3698 1948">
    <p class='ocr_par' dir='ltr' id='par_1_32' title="bbox 422 1859 3698 1948">
     <span class='ocr_line' id='line_1_32' title="bbox 422 1859 3698 1948; baseline -0.006 -15"><span class='ocrx_word' id='word_1_188' title='bbox 422 1888 476 1933; x_wconf 88' lang='lat' dir='ltr'><strong>et</strong></span> <span class='ocrx_word' id='word_1_189' title='bbox 507 1879 837 1948; x_wconf 69' lang='lat' dir='ltr'><strong>praeteritam</strong></span> <span class='ocrx_word' id='word_1_190' title='bbox 869 1876 1049 1930; x_wconf 91' lang='lat' dir='ltr'><strong>cordis</strong></span> <span class='ocrx_word' id='word_1_191' title='bbox 1076 1875 1410 1928; x_wconf 78' lang='lat' dir='ltr'><strong>alacritatem</strong></span> <span class='ocrx_word' id='word_1_192' title='bbox 1445 1885 1551 1925; x_wconf 92' lang='lat' dir='ltr'><strong>non</strong></span> <span class='ocrx_word' id='word_1_193' title='bbox 1592 1877 1780 1922; x_wconf 89' lang='lat' dir='ltr'><strong>nostro</strong></span> <span class='ocrx_word' id='word_1_194' title='bbox 1812 1866 2015 1934; x_wconf 91' lang='lat' dir='ltr'><strong>studio,</strong></span> <span class='ocrx_word' id='word_1_195' title='bbox 2049 1869 2098 1930; x_wconf 92' lang='lat' dir='ltr'><strong>B</strong></span> <span class='ocrx_word' id='word_1_196' title='bbox 2123 1878 2177 1924; x_wconf 93' lang='lat' dir='ltr'><strong>et</strong></span> <span class='ocrx_word' id='word_1_197' title='bbox 2237 1868 2632 1938; x_wconf 85' lang='lat' dir='ltr'><strong>quantumlibet</strong></span> <span class='ocrx_word' id='word_1_198' title='bbox 2689 1865 2854 1919; x_wconf 87' lang='lat' dir='ltr'><strong>animi</strong></span> <span class='ocrx_word' id='word_1_199' title='bbox 2925 1863 3149 1918; x_wconf 89' lang='lat' dir='ltr'><strong>nitentis</strong></span> <span class='ocrx_word' id='word_1_200' title='bbox 3221 1862 3536 1916; x_wconf 85' lang='lat' dir='ltr'><strong>industriam</strong></span> <span class='ocrx_word' id='word_1_201' title='bbox 3593 1859 3698 1914; x_wconf 83' lang='lat' dir='ltr'><strong>sine</strong></span> 
     </span>
    </p>
   </div>
   <div class='ocr_carea' id='block_1_33' title="bbox 423 1963 2021 2039">
    <p class='ocr_par' dir='ltr' id='par_1_33' title="bbox 423 1963 2021 2039">
     <span class='ocr_line' id='line_1_33' title="bbox 423 1963 2021 2039; baseline -0.006 -14"><span class='ocrx_word' id='word_1_202' title='bbox 423 1970 518 2025; x_wconf 91' lang='lat' dir='ltr'><strong>sed</strong></span> <span class='ocrx_word' id='word_1_203' title='bbox 549 1969 696 2025; x_wconf 90' lang='lat' dir='ltr'><strong>illius</strong></span> <span class='ocrx_word' id='word_1_204' title='bbox 728 1967 1040 2039; x_wconf 77' lang='lat' dir='ltr'><strong>dignatione</strong></span> <span class='ocrx_word' id='word_1_205' title='bbox 1072 1967 1227 2021; x_wconf 85' lang='lat' dir='ltr'><strong>nobis</strong></span> <span class='ocrx_word' id='word_1_206' title='bbox 1274 1965 1440 2019; x_wconf 80' lang='lat' dir='ltr'><strong>fuisse</strong></span> <span class='ocrx_word' id='word_1_207' title='bbox 1478 1963 1766 2028; x_wconf 88' lang='lat' dir='ltr'><strong>collatam,</strong></span> <span class='ocrx_word' id='word_1_208' title='bbox 1797 1971 1851 2016; x_wconf 93' lang='lat' dir='ltr'><strong>et</strong></span> <span class='ocrx_word' id='word_1_209' title='bbox 1883 1976 2021 2032; x_wconf 74' lang='lat' dir='ltr'><strong>pra:-</strong></span> 
     </span>
    </p>
   </div>
   <div class='ocr_carea' id='block_1_34' title="bbox 424 2057 2016 2132">
    <p class='ocr_par' dir='ltr' id='par_1_34' title="bbox 424 2057 2016 2132">
     <span class='ocr_line' id='line_1_34' title="bbox 424 2057 2016 2132; baseline -0.006 -12"><span class='ocrx_word' id='word_1_210' title='bbox 424 2073 636 2121; x_wconf 85' lang='lat' dir='ltr'><strong>sentetn</strong></span> <span class='ocrx_word' id='word_1_211' title='bbox 664 2065 732 2120; x_wconf 92' lang='lat' dir='ltr'><strong>de</strong></span> <span class='ocrx_word' id='word_1_212' title='bbox 759 2063 930 2132; x_wconf 86' lang='lat' dir='ltr'><strong>ipsius</strong></span> <span class='ocrx_word' id='word_1_213' title='bbox 958 2077 1173 2118; x_wconf 84' lang='lat' dir='ltr'><strong>rursum</strong></span> <span class='ocrx_word' id='word_1_214' title='bbox 1201 2059 1371 2130; x_wconf 86' lang='lat' dir='ltr'><strong>gratia</strong></span> <span class='ocrx_word' id='word_1_215' title='bbox 1399 2069 1452 2114; x_wconf 92' lang='lat' dir='ltr'><strong>et</strong></span> <span class='ocrx_word' id='word_1_216' title='bbox 1483 2057 1874 2112; x_wconf 88' lang='lat' dir='ltr'><strong>illuminatione</strong></span> <span class='ocrx_word' id='word_1_217' title='bbox 1896 2069 2016 2111; x_wconf 90' lang='lat' dir='ltr'><strong>esse</strong></span> 
     </span>
    </p>
   </div>
   <div class='ocr_carea' id='block_1_35' title="bbox 426 2149 2013 2228">
    <p class='ocr_par' dir='ltr' id='par_1_35' title="bbox 426 2149 2013 2228">
     <span class='ocr_line' id='line_1_35' title="bbox 426 2149 2013 2228; baseline -0.007 -16"><span class='ocrx_word' id='word_1_218' title='bbox 426 2159 778 2228; x_wconf 88' lang='lat' dir='ltr'><strong>poscendam.</strong></span> <span class='ocrx_word' id='word_1_219' title='bbox 813 2166 834 2194; x_wconf 77' lang='grc' dir='ltr'><strong><em>ο</em></strong></span> <span class='ocrx_word' id='word_1_220' title='bbox 867 2154 1118 2212; x_wconf 85' lang='lat' dir='ltr'><strong>Secunda</strong></span> <span class='ocrx_word' id='word_1_221' title='bbox 1161 2167 1290 2208; x_wconf 92' lang='lat' dir='ltr'><strong>vero</strong></span> <span class='ocrx_word' id='word_1_222' title='bbox 1339 2149 1674 2220; x_wconf 88' lang='lat' dir='ltr'><strong>probationis</strong></span> <span class='ocrx_word' id='word_1_223' title='bbox 1716 2159 2013 2215; x_wconf 89' lang='lat' dir='ltr'><strong>estcausa,</strong></span> 
     </span>
    </p>
   </div>
   <div class='ocr_carea' id='block_1_36' title="bbox 2129 1957 3702 2034">
    <p class='ocr_par' dir='ltr' id='par_1_36' title="bbox 2129 1957 3702 2034">
     <span class='ocr_line' id='line_1_36' title="bbox 2129 1957 3702 2034; baseline -0.005 -16"><span class='ocrx_word' id='word_1_224' title='bbox 2129 1965 2298 2034; x_wconf 85' lang='lat' dir='ltr'><strong>ipsius</strong></span> <span class='ocrx_word' id='word_1_225' title='bbox 2330 1965 2525 2018; x_wconf 90' lang='lat' dir='ltr'><strong>iterum</strong></span> <span class='ocrx_word' id='word_1_226' title='bbox 2557 1961 2828 2030; x_wconf 88' lang='lat' dir='ltr'><strong>adjutorio</strong></span> <span class='ocrx_word' id='word_1_227' title='bbox 2856 1967 3051 2012; x_wconf 89' lang='lat' dir='ltr'><strong>statum</strong></span> <span class='ocrx_word' id='word_1_228' title='bbox 3080 1957 3366 2028; x_wconf 87' lang='lat' dir='ltr'><strong>pristinum</strong></span> <span class='ocrx_word' id='word_1_229' title='bbox 3400 1969 3702 2026; x_wconf 79' lang='lat' dir='ltr'><strong>recuperare</strong></span> 
     </span>
    </p>
   </div>
   <div class='ocr_carea' id='block_1_37' title="bbox 2129 2051 3704 2127">
    <p class='ocr_par' dir='ltr' id='par_1_37' title="bbox 2129 2051 3704 2127">
     <span class='ocr_line' id='line_1_37' title="bbox 2129 2051 3704 2127; baseline -0.008 -15"><span class='ocrx_word' id='word_1_230' title='bbox 2129 2073 2235 2112; x_wconf 90' lang='lat' dir='ltr'><strong>non</strong></span> <span class='ocrx_word' id='word_1_231' title='bbox 2263 2072 2449 2127; x_wconf 87' lang='lat' dir='ltr'><strong>posse,</strong></span> <span class='ocrx_word' id='word_1_232' title='bbox 2481 2055 2719 2126; x_wconf 90' lang='lat' dir='ltr'><strong>illudque</strong></span> <span class='ocrx_word' id='word_1_233' title='bbox 2747 2054 2945 2124; x_wconf 87' lang='lat' dir='ltr'><strong>jugiter</strong></span> <span class='ocrx_word' id='word_1_234' title='bbox 2973 2054 3027 2106; x_wconf 91' lang='lat' dir='ltr'><strong>in</strong></span> <span class='ocrx_word' id='word_1_235' title='bbox 3052 2053 3206 2107; x_wconf 87' lang='lat' dir='ltr'><strong>nobis</strong></span> <span class='ocrx_word' id='word_1_236' title='bbox 3240 2051 3469 2121; x_wconf 83' lang='lat' dir='ltr'><strong>impleri,</strong></span> <span class='ocrx_word' id='word_1_237' title='bbox 3503 2066 3599 2102; x_wconf 88' lang='lat' dir='ltr'><strong>non</strong></span> <span class='ocrx_word' id='word_1_238' title='bbox 3626 2063 3704 2100; x_wconf 89' lang='lat' dir='ltr'><strong>vo-</strong></span> 
     </span>
    </p>
   </div>
   <div class='ocr_carea' id='block_1_38' title="bbox 2123 2140 3702 2220">
    <p class='ocr_par' dir='ltr' id='par_1_38' title="bbox 2123 2140 3702 2220">
     <span class='ocr_line' id='line_1_38' title="bbox 2123 2140 3702 2220; baseline -0.004 -17"><span class='ocrx_word' id='word_1_239' title='bbox 2123 2150 2306 2216; x_wconf 79' lang='lat' dir='ltr'><strong>lentis,</strong></span> <span class='ocrx_word' id='word_1_240' title='bbox 2340 2166 2503 2220; x_wconf 89' lang='lat' dir='ltr'><strong>neque</strong></span> <span class='ocrx_word' id='word_1_241' title='bbox 2532 2146 2821 2215; x_wconf 85' lang='lat' dir='ltr'><strong>currentis,</strong></span> <span class='ocrx_word' id='word_1_242' title='bbox 2854 2145 2942 2200; x_wconf 91' lang='lat' dir='ltr'><strong>sed</strong></span> <span class='ocrx_word' id='word_1_243' title='bbox 2972 2143 3258 2199; x_wconf 73' lang='lat' dir='ltr'><strong>miserantis</strong></span> <span class='ocrx_word' id='word_1_244' title='bbox 3287 2152 3363 2198; x_wconf 89' lang='lat' dir='ltr'><strong>est</strong></span> <span class='ocrx_word' id='word_1_245' title='bbox 3404 2141 3497 2196; x_wconf 86' lang='lat' dir='ltr'><strong>Dei</strong></span> <span class='ocrx_word' id='word_1_246' title='bbox 3540 2140 3702 2210; x_wconf 84' lang='lat' dir='ltr'><strong>(Rom.</strong></span> 
     </span>
    </p>
   </div>
   <div class='ocr_carea' id='block_1_39' title="bbox 1496 2281 2633 2340">
    <p class='ocr_par' dir='ltr' id='par_1_39' title="bbox 1496 2281 2633 2340">
     <span class='ocr_line' id='line_1_39' title="bbox 1496 2281 2633 2340; baseline -0.003 0"><span class='ocrx_word' id='word_1_247' title='bbox 1496 2282 1756 2340; x_wconf 80' lang='lat' dir='ltr'><strong>ALARDI</strong></span> <span class='ocrx_word' id='word_1_248' title='bbox 1794 2281 2027 2340; x_wconf 74' lang='grc' dir='ltr'><strong>ΟΑΖᾹΞΙ</strong></span> <span class='ocrx_word' id='word_1_249' title='bbox 2065 2281 2633 2340; x_wconf 74' lang='lat' dir='ltr'><strong>COMMENTARIUS.</strong></span> 
     </span>
    </p>
   </div>
   <div class='ocr_carea' id='block_1_40' title="bbox 428 2395 2014 2464">
    <p class='ocr_par' dir='ltr' id='par_1_40' title="bbox 428 2395 2014 2464">
     <span class='ocr_line' id='line_1_40' title="bbox 428 2395 2014 2464; baseline -0.007 -3"><span class='ocrx_word' id='word_1_250' title='bbox 428 2409 590 2462; x_wconf 88' lang='lat' dir='ltr'><strong>dorsa</strong></span> <span class='ocrx_word' id='word_1_251' title='bbox 623 2403 900 2460; x_wconf 88' lang='lat' dir='ltr'><strong>ludebant.</strong></span> <span class='ocrx_word' id='word_1_252' title='bbox 938 2400 1064 2455; x_wconf 68' lang='lat' dir='ltr'><strong>Haac</strong></span> <span class='ocrx_word' id='word_1_253' title='bbox 1094 2413 1214 2453; x_wconf 91' lang='lat' dir='ltr'><strong>cum</strong></span> <span class='ocrx_word' id='word_1_254' title='bbox 1239 2397 1463 2452; x_wconf 87' lang='lat' dir='ltr'><strong>vidisset</strong></span> <span class='ocrx_word' id='word_1_255' title='bbox 1489 2395 1550 2452; x_wconf 90' lang='lat' dir='ltr'><strong>S.</strong></span> <span class='ocrx_word' id='word_1_256' title='bbox 1581 2397 1864 2459; x_wconf 75' lang='lat' dir='ltr'><strong>Macarius,</strong></span> <span class='ocrx_word' id='word_1_257' title='bbox 1893 2413 2014 2464; x_wconf 82' lang='lat' dir='ltr'><strong>gra-</strong></span> 
     </span>
    </p>
   </div>
   <div class='ocr_carea' id='block_1_41' title="bbox 429 2467 2015 2544">
    <p class='ocr_par' dir='ltr' id='par_1_41' title="bbox 429 2467 2015 2544">
     <span class='ocr_line' id='line_1_41' title="bbox 429 2467 2015 2544; baseline -0.008 -11"><span class='ocrx_word' id='word_1_258' title='bbox 429 2480 570 2533; x_wconf 85' lang='lat' dir='ltr'><strong>viter</strong></span> <span class='ocrx_word' id='word_1_259' title='bbox 589 2476 873 2544; x_wconf 85' lang='lat' dir='ltr'><strong>ingemuit,</strong></span> <span class='ocrx_word' id='word_1_260' title='bbox 889 2479 944 2544; x_wconf 76' lang='lat' dir='ltr'><strong>et</strong></span> <span class='ocrx_word' id='word_1_261' title='bbox 967 2472 1235 2541; x_wconf 84' lang='lat' dir='ltr'><strong>lacrymas</strong></span> <span class='ocrx_word' id='word_1_262' title='bbox 1258 2467 1616 2544; x_wconf 81' lang='lat' dir='ltr'><strong>profundeus,</strong></span> <span class='ocrx_word' id='word_1_263' title='bbox 1636 2467 1701 2520; x_wconf 92' lang='lat' dir='ltr'><strong>ad</strong></span> <span class='ocrx_word' id='word_1_264' title='bbox 1730 2469 2015 2544; x_wconf 77' lang='lat' dir='ltr'><strong>Dominum</strong></span> 
     </span>
    </p>
   </div>
   <div class='ocr_carea' id='block_1_42' title="bbox 430 2540 2014 2615">
    <p class='ocr_par' dir='ltr' id='par_1_42' title="bbox 430 2540 2014 2615">
     <span class='ocr_line' id='line_1_42' title="bbox 430 2540 2014 2615; baseline -0.006 -13"><span class='ocrx_word' id='word_1_265' title='bbox 430 2549 602 2603; x_wconf 80' lang='lat' dir='ltr'><strong>dixit:</strong></span> <span class='ocrx_word' id='word_1_266' title='bbox 636 2540 888 2615; x_wconf 75' lang='lat' dir='ltr'><strong>Respice,</strong></span> <span class='ocrx_word' id='word_1_267' title='bbox 921 2540 1269 2615; x_wconf 80' lang='lat' dir='ltr'><strong>Domine,_ne</strong></span> <span class='ocrx_word' id='word_1_268' title='bbox 1295 2541 1482 2603; x_wconf 49' lang='lat' dir='ltr'><strong>sitas,</strong></span> <span class='ocrx_word' id='word_1_269' title='bbox 1515 2551 1687 2615; x_wconf 78' lang='lat' dir='ltr'><strong>neque</strong></span> <span class='ocrx_word' id='word_1_270' title='bbox 1728 2540 2014 2615; x_wconf 76' lang='lat' dir='ltr'><strong>tnjtigeris,</strong></span> 
     </span>
    </p>
   </div>
   <div class='ocr_carea' id='block_1_43' title="bbox 430 2608 2016 2682">
    <p class='ocr_par' dir='ltr' id='par_1_43' title="bbox 430 2608 2016 2682">
     <span class='ocr_line' id='line_1_43' title="bbox 430 2608 2016 2682; baseline -0.007 -8"><span class='ocrx_word' id='word_1_271' title='bbox 430 2620 597 2682; x_wconf 88' lang='lat' dir='ltr'><strong>Deus,</strong></span> <span class='ocrx_word' id='word_1_272' title='bbox 632 2617 725 2672; x_wconf 84' lang='lat' dir='ltr'><strong>sed</strong></span> <span class='ocrx_word' id='word_1_273' title='bbox 749 2608 1024 2682; x_wconf 54' lang='lat' dir='ltr'><strong>&#39;exsurge,</strong></span> <span class='ocrx_word' id='word_1_274' title='bbox 1058 2620 1113 2666; x_wconf 91' lang='lat' dir='ltr'><strong>et</strong></span> <span class='ocrx_word' id='word_1_275' title='bbox 1160 2610 1545 2682; x_wconf 87' lang='lat' dir='ltr'><strong>dispergantur</strong></span> <span class='ocrx_word' id='word_1_276' title='bbox 1591 2608 1799 2664; x_wconf 89' lang='lat' dir='ltr'><strong>inimici</strong></span> <span class='ocrx_word' id='word_1_277' title='bbox 1830 2610 1929 2673; x_wconf 89' lang='lat' dir='ltr'><strong>tui,</strong></span> <span class='ocrx_word' id='word_1_278' title='bbox 1962 2620 2016 2664; x_wconf 90' lang='lat' dir='ltr'><strong>et</strong></span> 
     </span>
    </p>
   </div>
   <div class='ocr_carea' id='block_1_44' title="bbox 432 2681 2020 2758">
    <p class='ocr_par' dir='ltr' id='par_1_44' title="bbox 432 2681 2020 2758">
     <span class='ocr_line' id='line_1_44' title="bbox 432 2681 2020 2758; baseline -0.006 -14"><span class='ocrx_word' id='word_1_279' title='bbox 432 2681 638 2758; x_wconf 78' lang='lat' dir='ltr'><strong>fugiant</strong></span> <span class='ocrx_word' id='word_1_280' title='bbox 664 2703 694 2743; x_wconf 91' lang='lat' dir='ltr'><strong>a</strong></span> <span class='ocrx_word' id='word_1_281' title='bbox 725 2686 862 2742; x_wconf 78' lang='lat' dir='ltr'><strong>faeie</strong></span> <span class='ocrx_word' id='word_1_282' title='bbox 891 2681 1008 2758; x_wconf 81' lang='lat' dir='ltr'><strong>tua,</strong></span> <span class='ocrx_word' id='word_1_283' title='bbox 1040 2693 1151 2758; x_wconf 62' lang='lat' dir='ltr'><strong>etc.</strong></span> <span class='ocrx_word' id='word_1_284' title='bbox 1171 2681 1303 2737; x_wconf 83' lang='lat' dir='ltr'><strong>Post</strong></span> <span class='ocrx_word' id='word_1_285' title='bbox 1329 2682 1631 2758; x_wconf 79' lang='lat' dir='ltr'><strong>orationem</strong></span> <span class='ocrx_word' id='word_1_286' title='bbox 1657 2689 1858 2758; x_wconf 78' lang='lat' dir='ltr'><strong>autem,</strong></span> <span class='ocrx_word' id='word_1_287' title='bbox 1891 2695 2020 2758; x_wconf 67' lang='lat' dir='ltr'><strong>exa-</strong></span> 
     </span>
    </p>
   </div>
   <div class='ocr_carea' id='block_1_45' title="bbox 431 2751 2018 2826">
    <p class='ocr_par' dir='ltr' id='par_1_45' title="bbox 431 2751 2018 2826">
     <span class='ocr_line' id='line_1_45' title="bbox 431 2751 2018 2826; baseline -0.006 -12"><span class='ocrx_word' id='word_1_288' title='bbox 431 2751 699 2814; x_wconf 70' lang='lat' dir='ltr'><strong>minandae</strong></span> <span class='ocrx_word' id='word_1_289' title='bbox 731 2756 976 2811; x_wconf 88' lang='lat' dir='ltr'><strong>veritatis</strong></span> <span class='ocrx_word' id='word_1_290' title='bbox 1015 2752 1210 2826; x_wconf 82' lang='lat' dir='ltr'><strong>gratia,</strong></span> <span class='ocrx_word' id='word_1_291' title='bbox 1243 2752 1475 2826; x_wconf 81' lang='lat' dir='ltr'><strong>seorsim</strong></span> <span class='ocrx_word' id='word_1_292' title='bbox 1508 2753 1744 2826; x_wconf 74' lang='lat' dir='ltr'><strong>evocatis</strong></span> <span class='ocrx_word' id='word_1_293' title='bbox 1792 2751 2018 2826; x_wconf 75' lang='lat' dir='ltr'><strong>singulis</strong></span> 
     </span>
    </p>
   </div>
   <div class='ocr_carea' id='block_1_46' title="bbox 432 2820 2014 2901">
    <p class='ocr_par' dir='ltr' id='par_1_46' title="bbox 432 2820 2014 2901">
     <span class='ocr_line' id='line_1_46' title="bbox 432 2820 2014 2901; baseline -0.007 -17"><span class='ocrx_word' id='word_1_294' title='bbox 432 2831 735 2901; x_wconf 84' lang='lat' dir='ltr'><strong>quibusque</strong></span> <span class='ocrx_word' id='word_1_295' title='bbox 767 2820 1074 2901; x_wconf 44' lang='lat' dir='ltr'><strong>fratribus,</strong></span> <span class='ocrx_word' id='word_1_296' title='bbox 1108 2824 1329 2901; x_wconf 80' lang='lat' dir='ltr'><strong>inquirit</strong></span> <span class='ocrx_word' id='word_1_297' title='bbox 1376 2823 1551 2901; x_wconf 85' lang='lat' dir='ltr'><strong>ab_eis</strong></span> <span class='ocrx_word' id='word_1_298' title='bbox 1583 2820 1712 2901; x_wconf 68' lang='lat' dir='ltr'><strong>siin</strong></span> <span class='ocrx_word' id='word_1_299' title='bbox 1747 2820 2014 2901; x_wconf 68' lang='lat' dir='ltr'><strong>oratione,</strong></span> 
     </span>
    </p>
   </div>
   <div class='ocr_carea' id='block_1_47' title="bbox 433 2893 2018 2966">
    <p class='ocr_par' dir='ltr' id='par_1_47' title="bbox 433 2893 2018 2966">
     <span class='ocr_line' id='line_1_47' title="bbox 433 2893 2018 2966; baseline -0.007 -10"><span class='ocrx_word' id='word_1_300' title='bbox 433 2893 518 2956; x_wconf 76' lang='lat' dir='ltr'><strong>vel</strong></span> <span class='ocrx_word' id='word_1_301' title='bbox 539 2893 834 2955; x_wconf 67' lang='lat' dir='ltr'><strong>aediﬁcandi</strong></span> <span class='ocrx_word' id='word_1_302' title='bbox 859 2897 1215 2966; x_wconf 86' lang='lat' dir='ltr'><strong>cogitationes</strong></span> <span class='ocrx_word' id='word_1_303' title='bbox 1239 2894 1555 2966; x_wconf 82' lang='lat' dir='ltr'><strong>habuerint,</strong></span> <span class='ocrx_word' id='word_1_304' title='bbox 1572 2894 1653 2946; x_wconf 89' lang='lat' dir='ltr'><strong>vel</strong></span> <span class='ocrx_word' id='word_1_305' title='bbox 1679 2895 1781 2946; x_wconf 89' lang='lat' dir='ltr'><strong>iter</strong></span> <span class='ocrx_word' id='word_1_306' title='bbox 1803 2893 2018 2962; x_wconf 86' lang='lat' dir='ltr'><strong>agendi,</strong></span> 
     </span>
    </p>
   </div>
   <div class='ocr_carea' id='block_1_48' title="bbox 433 2965 2023 3037">
    <p class='ocr_par' dir='ltr' id='par_1_48' title="bbox 433 2965 2023 3037">
     <span class='ocr_line' id='line_1_48' title="bbox 433 2965 2023 3037; baseline -0.005 -10"><span class='ocrx_word' id='word_1_307' title='bbox 433 2973 521 3028; x_wconf 86' lang='lat' dir='ltr'><strong>vel</strong></span> <span class='ocrx_word' id='word_1_308' title='bbox 551 2973 654 3026; x_wconf 89' lang='lat' dir='ltr'><strong>alia</strong></span> <span class='ocrx_word' id='word_1_309' title='bbox 680 2972 918 3036; x_wconf 87' lang='lat' dir='ltr'><strong>diversa,</strong></span> <span class='ocrx_word' id='word_1_310' title='bbox 936 2965 1071 3037; x_wconf 77' lang='lat' dir='ltr'><strong>quae</strong></span> <span class='ocrx_word' id='word_1_311' title='bbox 1095 2966 1386 3034; x_wconf 86' lang='lat' dir='ltr'><strong>unicuique</strong></span> <span class='ocrx_word' id='word_1_312' title='bbox 1413 2980 1506 3037; x_wconf 88' lang='lat' dir='ltr'><strong>per</strong></span> <span class='ocrx_word' id='word_1_313' title='bbox 1531 2965 1805 3037; x_wconf 69' lang='lat' dir='ltr'><strong>daemones</strong></span> <span class='ocrx_word' id='word_1_314' title='bbox 1834 2966 2023 3034; x_wconf 81' lang='lat' dir='ltr'><strong>imagi-</strong></span> 
     </span>
    </p>
   </div>
   <div class='ocr_carea' id='block_1_49' title="bbox 433 3035 2022 3106">
    <p class='ocr_par' dir='ltr' id='par_1_49' title="bbox 433 3035 2022 3106">
     <span class='ocr_line' id='line_1_49' title="bbox 433 3035 2022 3106; baseline -0.006 -7"><span class='ocrx_word' id='word_1_315' title='bbox 433 3054 558 3099; x_wconf 86' lang='lat' dir='ltr'><strong>nata</strong></span> <span class='ocrx_word' id='word_1_316' title='bbox 588 3044 816 3097; x_wconf 89' lang='lat' dir='ltr'><strong>viderat.</strong></span> <span class='ocrx_word' id='word_1_317' title='bbox 851 3035 916 3094; x_wconf 85' lang='lat' dir='ltr'><strong>Et</strong></span> <span class='ocrx_word' id='word_1_318' title='bbox 960 3035 1160 3106; x_wconf 80' lang='lat' dir='ltr'><strong>singuli</strong></span> <span class='ocrx_word' id='word_1_319' title='bbox 1190 3051 1376 3090; x_wconf 89' lang='lat' dir='ltr'><strong>eorum</strong></span> <span class='ocrx_word' id='word_1_320' title='bbox 1420 3035 1493 3089; x_wconf 89' lang='lat' dir='ltr'><strong>ita</strong></span> <span class='ocrx_word' id='word_1_321' title='bbox 1542 3035 1940 3089; x_wconf 81' lang='lat' dir='ltr'><strong>conﬁtebantur</strong></span> <span class='ocrx_word' id='word_1_322' title='bbox 1969 3037 2022 3089; x_wconf 90' lang='lat' dir='ltr'><strong>iu</strong></span> 
     </span>
    </p>
   </div>
   <div class='ocr_carea' id='block_1_50' title="bbox 435 3105 2018 3176">
    <p class='ocr_par' dir='ltr' id='par_1_50' title="bbox 435 3105 2018 3176">
     <span class='ocr_line' id='line_1_50' title="bbox 435 3105 2018 3176; baseline -0.006 -6"><span class='ocrx_word' id='word_1_323' title='bbox 435 3113 599 3170; x_wconf 89' lang='lat' dir='ltr'><strong>corde</strong></span> <span class='ocrx_word' id='word_1_324' title='bbox 630 3119 728 3167; x_wconf 89' lang='lat' dir='ltr'><strong>suo</strong></span> <span class='ocrx_word' id='word_1_325' title='bbox 753 3114 829 3167; x_wconf 90' lang='lat' dir='ltr'><strong>ita</strong></span> <span class='ocrx_word' id='word_1_326' title='bbox 862 3112 1027 3164; x_wconf 77' lang='lat' dir='ltr'><strong>fuisse</strong></span> <span class='ocrx_word' id='word_1_327' title='bbox 1053 3105 1408 3176; x_wconf 82' lang='lat' dir='ltr'><strong>cogitationes</strong></span> <span class='ocrx_word' id='word_1_328' title='bbox 1439 3107 1578 3160; x_wconf 90' lang='lat' dir='ltr'><strong>sicut</strong></span> <span class='ocrx_word' id='word_1_329' title='bbox 1620 3105 1708 3158; x_wconf 89' lang='lat' dir='ltr'><strong>ille</strong></span> <span class='ocrx_word' id='word_1_330' title='bbox 1739 3107 2018 3175; x_wconf 80' lang='lat' dir='ltr'><strong>arguebat.</strong></span> 
     </span>
    </p>
   </div>
   <div class='ocr_carea' id='block_1_51' title="bbox 436 3177 2028 3246">
    <p class='ocr_par' dir='ltr' id='par_1_51' title="bbox 436 3177 2028 3246">
     <span class='ocr_line' id='line_1_51' title="bbox 436 3177 2028 3246; baseline -0.006 -5"><span class='ocrx_word' id='word_1_331' title='bbox 436 3187 505 3241; x_wconf 90' lang='lat' dir='ltr'><strong>Et</strong></span> <span class='ocrx_word' id='word_1_332' title='bbox 550 3194 678 3240; x_wconf 89' lang='lat' dir='ltr'><strong>tunc</strong></span> <span class='ocrx_word' id='word_1_333' title='bbox 717 3184 1051 3238; x_wconf 90' lang='lat' dir='ltr'><strong>intellectum</strong></span> <span class='ocrx_word' id='word_1_334' title='bbox 1096 3187 1182 3234; x_wconf 89' lang='lat' dir='ltr'><strong>est</strong></span> <span class='ocrx_word' id='word_1_335' title='bbox 1227 3177 1369 3246; x_wconf 90' lang='lat' dir='ltr'><strong>quod</strong></span> <span class='ocrx_word' id='word_1_336' title='bbox 1403 3192 1590 3231; x_wconf 73' lang='lat' dir='ltr'><strong>omne;</strong></span> <span class='ocrx_word' id='word_1_337' title='bbox 1638 3177 1743 3230; x_wconf 59' lang='lat' dir='ltr'><strong>illa;</strong></span> <span class='ocrx_word' id='word_1_338' title='bbox 1793 3192 1944 3232; x_wconf 75' lang='lat' dir='ltr'><strong>vana:</strong></span> <span class='ocrx_word' id='word_1_339' title='bbox 1972 3185 2028 3231; x_wconf 86' lang='lat' dir='ltr'><strong>et</strong></span> 
     </span>
    </p>
   </div>
   <div class='ocr_carea' id='block_1_52' title="bbox 2120 2394 3709 2466">
    <p class='ocr_par' dir='ltr' id='par_1_52' title="bbox 2120 2394 3709 2466">
     <span class='ocr_line' id='line_1_52' title="bbox 2120 2394 3709 2466; baseline 0 -16"><span class='ocrx_word' id='word_1_340' title='bbox 2120 2398 2462 2462; x_wconf 83' lang='lat' dir='ltr'><strong>credidimus,</strong></span> <span class='ocrx_word' id='word_1_341' title='bbox 2495 2407 2700 2466; x_wconf 88' lang='lat' dir='ltr'><strong>repente</strong></span> <span class='ocrx_word' id='word_1_342' title='bbox 2739 2397 2918 2450; x_wconf 88' lang='lat' dir='ltr'><strong>intima</strong></span> <span class='ocrx_word' id='word_1_343' title='bbox 2943 2397 3246 2463; x_wconf 78' lang='lat' dir='ltr'><strong>confusione</strong></span> <span class='ocrx_word' id='word_1_344' title='bbox 3288 2406 3565 2450; x_wconf 80' lang='lat' dir='ltr'><strong>vastantur.</strong></span> <span class='ocrx_word' id='word_1_345' title='bbox 3612 2394 3709 2450; x_wconf 81' lang='lat' dir='ltr'><strong>Sed</strong></span> 
     </span>
    </p>
   </div>
   <div class='ocr_carea' id='block_1_53' title="bbox 2123 2467 3709 2540">
    <p class='ocr_par' dir='ltr' id='par_1_53' title="bbox 2123 2467 3709 2540">
     <span class='ocr_line' id='line_1_53' title="bbox 2123 2467 3709 2540; baseline -0.002 -20"><span class='ocrx_word' id='word_1_346' title='bbox 2123 2482 2294 2521; x_wconf 85' lang='lat' dir='ltr'><strong>tamen</strong></span> <span class='ocrx_word' id='word_1_347' title='bbox 2337 2469 2900 2540; x_wconf 68' lang='lat' dir='ltr'><strong>ejusdemconfusione</strong></span> <span class='ocrx_word' id='word_1_348' title='bbox 2932 2467 3174 2521; x_wconf 76' lang='lat' dir='ltr'><strong>discimus</strong></span> <span class='ocrx_word' id='word_1_349' title='bbox 3207 2483 3272 2520; x_wconf 88' lang='lat' dir='ltr'><strong>ne</strong></span> <span class='ocrx_word' id='word_1_350' title='bbox 3315 2467 3507 2540; x_wconf 68' lang='lat' dir='ltr'><strong>ritibus</strong></span> <span class='ocrx_word' id='word_1_351' title='bbox 3536 2468 3709 2540; x_wconf 79' lang='lat' dir='ltr'><strong>nostris</strong></span> 
     </span>
    </p>
   </div>
   <div class='ocr_carea' id='block_1_54' title="bbox 2123 2537 3710 2608">
    <p class='ocr_par' dir='ltr' id='par_1_54' title="bbox 2123 2537 3710 2608">
     <span class='ocr_line' id='line_1_54' title="bbox 2123 2537 3710 2608; baseline -0.003 -16"><span class='ocrx_word' id='word_1_352' title='bbox 2123 2548 2299 2592; x_wconf 89' lang='lat' dir='ltr'><strong>nostra</strong></span> <span class='ocrx_word' id='word_1_353' title='bbox 2330 2537 2544 2592; x_wconf 78' lang='lat' dir='ltr'><strong>consilia</strong></span> <span class='ocrx_word' id='word_1_354' title='bbox 2575 2537 2897 2602; x_wconf 82' lang='lat' dir='ltr'><strong>tribuamus;</strong></span> <span class='ocrx_word' id='word_1_355' title='bbox 2941 2550 2987 2591; x_wconf 89' lang='lat' dir='ltr'><strong>et</strong></span> <span class='ocrx_word' id='word_1_356' title='bbox 3017 2547 3157 2590; x_wconf 90' lang='lat' dir='ltr'><strong>tanto</strong></span> <span class='ocrx_word' id='word_1_357' title='bbox 3185 2539 3438 2590; x_wconf 82' lang='lat' dir='ltr'><strong>maturius</strong></span> <span class='ocrx_word' id='word_1_358' title='bbox 3463 2540 3527 2589; x_wconf 90' lang='lat' dir='ltr'><strong>ad</strong></span> <span class='ocrx_word' id='word_1_359' title='bbox 3557 2537 3710 2608; x_wconf 79' lang='lat' dir='ltr'><strong>gruri-</strong></span> 
     </span>
    </p>
   </div>
   <div class='ocr_carea' id='block_1_55' title="bbox 2123 2609 3712 2679">
    <p class='ocr_par' dir='ltr' id='par_1_55' title="bbox 2123 2609 3712 2679">
     <span class='ocr_line' id='line_1_55' title="bbox 2123 2609 3712 2679; baseline -0.001 -15"><span class='ocrx_word' id='word_1_360' title='bbox 2123 2620 2276 2664; x_wconf 90' lang='lat' dir='ltr'><strong>tatem</strong></span> <span class='ocrx_word' id='word_1_361' title='bbox 2325 2611 2727 2679; x_wconf 85' lang='lat' dir='ltr'><strong>restringintur,</strong></span> <span class='ocrx_word' id='word_1_362' title='bbox 2775 2619 2970 2673; x_wconf 86' lang='lat' dir='ltr'><strong>quanto</strong></span> <span class='ocrx_word' id='word_1_363' title='bbox 3013 2610 3083 2662; x_wconf 88' lang='lat' dir='ltr'><strong>ad</strong></span> <span class='ocrx_word' id='word_1_364' title='bbox 3129 2609 3265 2661; x_wconf 88' lang='lat' dir='ltr'><strong>hunc</strong></span> <span class='ocrx_word' id='word_1_365' title='bbox 3303 2609 3450 2678; x_wconf 87' lang='lat' dir='ltr'><strong>quasi</strong></span> <span class='ocrx_word' id='word_1_366' title='bbox 3485 2612 3712 2662; x_wconf 75' lang='lat' dir='ltr'><strong>amissum</strong></span> 
     </span>
    </p>
   </div>
   <div class='ocr_carea' id='block_1_56' title="bbox 2123 2680 3710 2752">
    <p class='ocr_par' dir='ltr' id='par_1_56' title="bbox 2123 2680 3710 2752">
     <span class='ocr_line' id='line_1_56' title="bbox 2123 2680 3710 2752; baseline -0.002 -18"><span class='ocrx_word' id='word_1_367' title='bbox 2123 2681 2373 2735; x_wconf 89' lang='lat' dir='ltr'><strong>redimus.</strong></span> <span class='ocrx_word' id='word_1_368' title='bbox 2420 2682 2712 2750; x_wconf 79' lang='lat' dir='ltr'><strong>Aliquando</strong></span> <span class='ocrx_word' id='word_1_369' title='bbox 2743 2680 2870 2734; x_wconf 88' lang='lat' dir='ltr'><strong>dum</strong></span> <span class='ocrx_word' id='word_1_370' title='bbox 2909 2697 3092 2752; x_wconf 86' lang='lat' dir='ltr'><strong>magna</strong></span> <span class='ocrx_word' id='word_1_371' title='bbox 3120 2696 3213 2733; x_wconf 84' lang='lat' dir='ltr'><strong>nos</strong></span> <span class='ocrx_word' id='word_1_372' title='bbox 3251 2682 3388 2752; x_wconf 84' lang='lat' dir='ltr'><strong>scire</strong></span> <span class='ocrx_word' id='word_1_373' title='bbox 3419 2680 3710 2752; x_wconf 81' lang='lat' dir='ltr'><strong>gaudemus,</strong></span> 
     </span>
    </p>
   </div>
   <div class='ocr_carea' id='block_1_57' title="bbox 2125 2750 3711 2822">
    <p class='ocr_par' dir='ltr' id='par_1_57' title="bbox 2125 2750 3711 2822">
     <span class='ocr_line' id='line_1_57' title="bbox 2125 2750 3711 2822; baseline -0.002 -18"><span class='ocrx_word' id='word_1_374' title='bbox 2125 2754 2404 2821; x_wconf 75' lang='lat' dir='ltr'><strong>repentina:</strong></span> <span class='ocrx_word' id='word_1_375' title='bbox 2445 2753 2752 2822; x_wconf 70' lang='lat' dir='ltr'><strong>ignorantur</strong></span> <span class='ocrx_word' id='word_1_376' title='bbox 2800 2750 3024 2804; x_wconf 73' lang='lat' dir='ltr'><strong>cu’citate</strong></span> <span class='ocrx_word' id='word_1_377' title='bbox 3071 2750 3460 2820; x_wconf 20' lang='lat' dir='ltr'><strong>torpescimus’:</strong></span> <span class='ocrx_word' id='word_1_378' title='bbox 3499 2750 3586 2804; x_wconf 81' lang='lat' dir='ltr'><strong>sed</strong></span> <span class='ocrx_word' id='word_1_379' title='bbox 3622 2765 3711 2820; x_wconf 90' lang='lat' dir='ltr'><strong>quo</strong></span> 
     </span>
    </p>
   </div>
   <div class='ocr_carea' id='block_1_58' title="bbox 2126 2822 3713 2894">
    <p class='ocr_par' dir='ltr' id='par_1_58' title="bbox 2126 2822 3713 2894">
     <span class='ocr_line' id='line_1_58' title="bbox 2126 2822 3713 2894; baseline -0.001 -19"><span class='ocrx_word' id='word_1_380' title='bbox 2126 2823 2426 2894; x_wconf 82' lang='lat' dir='ltr'><strong>ignorantia</strong></span> <span class='ocrx_word' id='word_1_381' title='bbox 2459 2826 2642 2875; x_wconf 85' lang='lat' dir='ltr'><strong>mentis</strong></span> <span class='ocrx_word' id='word_1_382' title='bbox 2673 2822 2833 2876; x_wconf 83' lang='lat' dir='ltr'><strong>oculis</strong></span> <span class='ocrx_word' id='word_1_383' title='bbox 2861 2824 2925 2874; x_wconf 88' lang='lat' dir='ltr'><strong>ad</strong></span> <span class='ocrx_word' id='word_1_384' title='bbox 2971 2832 3284 2874; x_wconf 80' lang='lat' dir='ltr'><strong>momentum</strong></span> <span class='ocrx_word' id='word_1_385' title='bbox 3328 2822 3587 2874; x_wconf 74' lang='lat' dir='ltr'><strong>clauditur</strong></span> <span class='ocrx_word' id='word_1_386' title='bbox 3609 2862 3622 2883; x_wconf 95' lang='lat'><strong>,</strong></span> <span class='ocrx_word' id='word_1_387' title='bbox 3661 2835 3713 2894; x_wconf 69' lang='lat' dir='ltr'><strong>eo</strong></span> 
     </span>
    </p>
   </div>
   <div class='ocr_carea' id='block_1_59' title="bbox 2131 2889 3715 2963">
    <p class='ocr_par' dir='ltr' id='par_1_59' title="bbox 2131 2889 3715 2963">
     <span class='ocr_line' id='line_1_59' title="bbox 2131 2889 3715 2963; baseline -0.003 -16"><span class='ocrx_word' id='word_1_388' title='bbox 2131 2889 2246 2962; x_wconf 70' lang='lat' dir='ltr'><strong>post</strong></span> <span class='ocrx_word' id='word_1_389' title='bbox 2275 2893 2343 2946; x_wconf 88' lang='lat' dir='ltr'><strong>ad</strong></span> <span class='ocrx_word' id='word_1_390' title='bbox 2375 2894 2638 2947; x_wconf 76' lang='lat' dir='ltr'><strong>scientiam</strong></span> <span class='ocrx_word' id='word_1_391' title='bbox 2671 2896 2836 2947; x_wconf 73' lang='lat' dir='ltr'><strong>uerius</strong></span> <span class='ocrx_word' id='word_1_392' title='bbox 2867 2895 3133 2962; x_wconf 87' lang='lat' dir='ltr'><strong>aperitur;</strong></span> <span class='ocrx_word' id='word_1_393' title='bbox 3160 2902 3216 2944; x_wconf 87' lang='lat' dir='ltr'><strong>ut</strong></span> <span class='ocrx_word' id='word_1_394' title='bbox 3247 2895 3494 2946; x_wconf 86' lang='lat' dir='ltr'><strong>nimirum</strong></span> <span class='ocrx_word' id='word_1_395' title='bbox 3523 2889 3715 2963; x_wconf 80' lang='lat' dir='ltr'><strong>ﬂagello</strong></span> 
     </span>
    </p>
   </div>
   <div class='ocr_carea' id='block_1_60' title="bbox 2126 2964 3713 3032">
    <p class='ocr_par' dir='ltr' id='par_1_60' title="bbox 2126 2964 3713 3032">
     <span class='ocr_line' id='line_1_60' title="bbox 2126 2964 3713 3032; baseline -0.001 -14"><span class='ocrx_word' id='word_1_396' title='bbox 2126 2980 2236 3018; x_wconf 62' lang='lat' dir='ltr'><strong>sua:</strong></span> <span class='ocrx_word' id='word_1_397' title='bbox 2259 2965 2503 3019; x_wconf 78' lang='lat' dir='ltr'><strong>ctecitatis</strong></span> <span class='ocrx_word' id='word_1_398' title='bbox 2524 2965 2780 3030; x_wconf 89' lang='lat' dir='ltr'><strong>eruditus,</strong></span> <span class='ocrx_word' id='word_1_399' title='bbox 2810 2965 2938 3019; x_wconf 86' lang='lat' dir='ltr'><strong>scire</strong></span> <span class='ocrx_word' id='word_1_400' title='bbox 2964 2966 3133 3029; x_wconf 87' lang='lat' dir='ltr'><strong>ipsum</strong></span> <span class='ocrx_word' id='word_1_401' title='bbox 3161 2981 3191 3018; x_wconf 93' lang='lat' dir='ltr'><strong>a</strong></span> <span class='ocrx_word' id='word_1_402' title='bbox 3219 2981 3324 3032; x_wconf 86' lang='lat' dir='ltr'><strong>quo</strong></span> <span class='ocrx_word' id='word_1_403' title='bbox 3352 2965 3556 3027; x_wconf 81' lang='lat' dir='ltr'><strong>habeat,</strong></span> <span class='ocrx_word' id='word_1_404' title='bbox 3574 2964 3713 3016; x_wconf 81' lang='lat' dir='ltr'><strong>sciat.</strong></span> 
     </span>
    </p>
   </div>
   <div class='ocr_carea' id='block_1_61' title="bbox 2131 3034 3710 3103">
    <p class='ocr_par' dir='ltr' id='par_1_61' title="bbox 2131 3034 3710 3103">
     <span class='ocr_line' id='line_1_61' title="bbox 2131 3034 3710 3103; baseline -0.003 -13"><span class='ocrx_word' id='word_1_405' title='bbox 2131 3035 2257 3090; x_wconf 64' lang='grc' dir='ltr'><strong>ΙΙωο</strong></span> <span class='ocrx_word' id='word_1_406' title='bbox 2284 3047 2338 3090; x_wconf 89' lang='lat' dir='ltr'><strong>et</strong></span> <span class='ocrx_word' id='word_1_407' title='bbox 2362 3037 2465 3090; x_wconf 90' lang='lat' dir='ltr'><strong>alia</strong></span> <span class='ocrx_word' id='word_1_408' title='bbox 2498 3038 2556 3089; x_wconf 78' lang='grc' dir='ltr'><strong>ί).</strong></span> <span class='ocrx_word' id='word_1_409' title='bbox 2587 3035 2907 3103; x_wconf 69' lang='lat' dir='ltr'><strong>Gregorius.</strong></span> <span class='ocrx_word' id='word_1_410' title='bbox 2943 3035 3049 3090; x_wconf 83' lang='lat' dir='ltr'><strong>Sed</strong></span> <span class='ocrx_word' id='word_1_411' title='bbox 3080 3044 3133 3090; x_wconf 89' lang='lat' dir='ltr'><strong>et</strong></span> <span class='ocrx_word' id='word_1_412' title='bbox 3158 3038 3216 3088; x_wconf 70' lang='lat' dir='ltr'><strong>li.</strong></span> <span class='ocrx_word' id='word_1_413' title='bbox 3243 3035 3555 3090; x_wconf 75' lang='lat' dir='ltr'><strong>Bernartius</strong></span> <span class='ocrx_word' id='word_1_414' title='bbox 3583 3034 3710 3088; x_wconf 87' lang='lat' dir='ltr'><strong>idem</strong></span> 
     </span>
    </p>
   </div>
   <div class='ocr_carea' id='block_1_62' title="bbox 2131 3105 3714 3175">
    <p class='ocr_par' dir='ltr' id='par_1_62' title="bbox 2131 3105 3714 3175">
     <span class='ocr_line' id='line_1_62' title="bbox 2131 3105 3714 3175; baseline 0 -18"><span class='ocrx_word' id='word_1_415' title='bbox 2131 3119 2503 3175; x_wconf 83' lang='lat' dir='ltr'><strong>argumentum</strong></span> <span class='ocrx_word' id='word_1_416' title='bbox 2553 3107 2928 3174; x_wconf 40' lang='lat' dir='ltr'><strong>copiosissime</strong></span> <span class='ocrx_word' id='word_1_417' title='bbox 2975 3116 3211 3160; x_wconf 84' lang='lat' dir='ltr'><strong>tractans</strong></span> <span class='ocrx_word' id='word_1_418' title='bbox 3263 3125 3275 3158; x_wconf 93' lang='lat'>:</span> <span class='ocrx_word' id='word_1_419' title='bbox 3326 3105 3603 3173; x_wconf 84' lang='lat' dir='ltr'><strong>Superbia,</strong></span> <span class='ocrx_word' id='word_1_420' title='bbox 3638 3105 3714 3157; x_wconf 88' lang='lat' dir='ltr'><strong>in-</strong></span> 
     </span>
    </p>
   </div>
   <div class='ocr_carea' id='block_1_63' title="bbox 2131 3175 3714 3248">
    <p class='ocr_par' dir='ltr' id='par_1_63' title="bbox 2131 3175 3714 3248">
     <span class='ocr_line' id='line_1_63' title="bbox 2131 3175 3714 3248; baseline -0.003 -18"><span class='ocrx_word' id='word_1_421' title='bbox 2131 3181 2246 3244; x_wconf 87' lang='lat' dir='ltr'><strong>quit</strong></span> <span class='ocrx_word' id='word_1_422' title='bbox 2275 3179 2467 3244; x_wconf 75' lang='lat' dir='ltr'><strong>(Serm.</strong></span> <span class='ocrx_word' id='word_1_423' title='bbox 2496 3175 2565 3230; x_wconf 67' lang='grc'><strong>54</strong></span> <span class='ocrx_word' id='word_1_424' title='bbox 2592 3179 2647 3231; x_wconf 88' lang='lat' dir='ltr'><strong>in</strong></span> <span class='ocrx_word' id='word_1_425' title='bbox 2668 3177 2924 3248; x_wconf 87' lang='lat' dir='ltr'><strong>Cantica),</strong></span> <span class='ocrx_word' id='word_1_426' title='bbox 2957 3179 3159 3248; x_wconf 74' lang='lat' dir='ltr'><strong>inventa</strong></span> <span class='ocrx_word' id='word_1_427' title='bbox 3189 3178 3239 3228; x_wconf 90' lang='lat' dir='ltr'><strong>in</strong></span> <span class='ocrx_word' id='word_1_428' title='bbox 3267 3193 3369 3238; x_wconf 87' lang='lat' dir='ltr'><strong>me,</strong></span> <span class='ocrx_word' id='word_1_429' title='bbox 3401 3191 3446 3229; x_wconf 80' lang='lat' dir='ltr'><strong>et</strong></span> <span class='ocrx_word' id='word_1_430' title='bbox 3476 3175 3714 3229; x_wconf 87' lang='lat' dir='ltr'><strong>Dominus</strong></span> 
     </span>
    </p>
   </div>
   <div class='ocr_carea' id='block_1_64' title="bbox 435 3246 3720 3330">
    <p class='ocr_par' dir='ltr' id='par_1_64' title="bbox 435 3246 3720 3330">
     <span class='ocr_line' id='line_1_64' title="bbox 435 3246 3720 3330; baseline -0.003 -19"><span class='ocrx_word' id='word_1_431' title='bbox 435 3256 728 3325; x_wconf 75' lang='lat' dir='ltr'><strong>superﬂua:</strong></span> <span class='ocrx_word' id='word_1_432' title='bbox 748 3252 1126 3318; x_wconf 77' lang='lat' dir='ltr'><strong>cogitationes,</strong></span> <span class='ocrx_word' id='word_1_433' title='bbox 1154 3264 1288 3330; x_wconf 75' lang='lat' dir='ltr'><strong>quas</strong></span> <span class='ocrx_word' id='word_1_434' title='bbox 1318 3249 1402 3328; x_wconf 79' lang='lat' dir='ltr'><strong>vel</strong></span> <span class='ocrx_word' id='word_1_435' title='bbox 1427 3250 1754 3330; x_wconf 74' lang='lat' dir='ltr'><strong>psalmorum</strong></span> <span class='ocrx_word' id='word_1_436' title='bbox 1785 3249 1870 3302; x_wconf 91' lang='lat' dir='ltr'><strong>vel</strong></span> <span class='ocrx_word' id='word_1_437' title='bbox 1900 3263 2024 3330; x_wconf 81' lang='lat' dir='ltr'><strong>ora-</strong></span> <span class='ocrx_word' id='word_1_438' title='bbox 2050 3263 2096 3325; x_wconf 72' lang='grc' dir='ltr'><strong>ρ</strong></span> <span class='ocrx_word' id='word_1_439' title='bbox 2131 3249 2405 3330; x_wconf 81' lang='lat' dir='ltr'><strong>declinavit</strong></span> <span class='ocrx_word' id='word_1_440' title='bbox 2438 3250 2488 3300; x_wconf 89' lang='lat' dir='ltr'><strong>in</strong></span> <span class='ocrx_word' id='word_1_441' title='bbox 2513 3249 2593 3330; x_wconf 70' lang='lat' dir='ltr'><strong>ira</strong></span> <span class='ocrx_word' id='word_1_442' title='bbox 2614 3266 2645 3330; x_wconf 77' lang='grc' dir='ltr'><em>ᾳ</em></span> <span class='ocrx_word' id='word_1_443' title='bbox 2670 3265 2822 3330; x_wconf 72' lang='lat' dir='ltr'><strong>servo</strong></span> <span class='ocrx_word' id='word_1_444' title='bbox 2845 3246 2960 3303; x_wconf 84' lang='lat' dir='ltr'><strong>suo.</strong></span> <span class='ocrx_word' id='word_1_445' title='bbox 2991 3246 3130 3302; x_wconf 86' lang='lat' dir='ltr'><strong>Hinc</strong></span> <span class='ocrx_word' id='word_1_446' title='bbox 3154 3249 3253 3330; x_wconf 74' lang='lat' dir='ltr'><strong>ista</strong></span> <span class='ocrx_word' id='word_1_447' title='bbox 3282 3249 3526 3330; x_wconf 66' lang='lat' dir='ltr'><strong>sterilitas</strong></span> <span class='ocrx_word' id='word_1_448' title='bbox 3547 3248 3720 3326; x_wconf 58' lang='lat' dir='ltr'><strong>animat</strong></span> 
     </span>
    </p>
   </div>
   <div class='ocr_carea' id='block_1_65' title="bbox 437 3317 2019 3394">
    <p class='ocr_par' dir='ltr' id='par_1_65' title="bbox 437 3317 2019 3394">
     <span class='ocr_line' id='line_1_65' title="bbox 437 3317 2019 3394; baseline -0.004 -13"><span class='ocrx_word' id='word_1_449' title='bbox 437 3317 647 3382; x_wconf 73' lang='lat' dir='ltr'><strong>tinuum</strong></span> <span class='ocrx_word' id='word_1_450' title='bbox 677 3335 923 3394; x_wconf 91' lang='lat' dir='ltr'><strong>tempore</strong></span> <span class='ocrx_word' id='word_1_451' title='bbox 972 3320 1339 3394; x_wconf 77' lang='lat' dir='ltr'><strong>unusquisque</strong></span> <span class='ocrx_word' id='word_1_452' title='bbox 1379 3317 1634 3394; x_wconf 89' lang='lat' dir='ltr'><strong>iu_corde</strong></span> <span class='ocrx_word' id='word_1_453' title='bbox 1658 3321 2019 3394; x_wconf 65' lang='lat' dir='ltr'><strong>conceperit,</strong></span> 
     </span>
    </p>
   </div>
   <div class='ocr_carea' id='block_1_66' title="bbox 438 3388 2021 3453">
    <p class='ocr_par' dir='ltr' id='par_1_66' title="bbox 438 3388 2021 3453">
     <span class='ocr_line' id='line_1_66' title="bbox 438 3388 2021 3453; baseline -0.004 -1"><span class='ocrx_word' id='word_1_454' title='bbox 438 3397 695 3453; x_wconf 87' lang='lat' dir='ltr'><strong>illusione</strong></span> <span class='ocrx_word' id='word_1_455' title='bbox 721 3406 776 3452; x_wconf 91' lang='lat' dir='ltr'><strong>et</strong></span> <span class='ocrx_word' id='word_1_456' title='bbox 795 3388 1064 3450; x_wconf 73' lang='lat' dir='ltr'><strong>instinctu</strong></span> <span class='ocrx_word' id='word_1_457' title='bbox 1090 3391 1398 3444; x_wconf 84' lang='lat' dir='ltr'><strong>daemonum</strong></span> <span class='ocrx_word' id='word_1_458' title='bbox 1429 3389 1588 3453; x_wconf 89' lang='lat' dir='ltr'><strong>liant;</strong></span> <span class='ocrx_word' id='word_1_459' title='bbox 1622 3388 1689 3442; x_wconf 86' lang='lat' dir='ltr'><strong>ab</strong></span> <span class='ocrx_word' id='word_1_460' title='bbox 1719 3390 1800 3443; x_wconf 85' lang='lat' dir='ltr'><strong>his</strong></span> <span class='ocrx_word' id='word_1_461' title='bbox 1839 3401 2021 3445; x_wconf 88' lang='lat' dir='ltr'><strong>autem</strong></span> 
     </span>
    </p>
   </div>
   <div class='ocr_carea' id='block_1_67' title="bbox 438 3461 2022 3540">
    <p class='ocr_par' dir='ltr' id='par_1_67' title="bbox 438 3461 2022 3540">
     <span class='ocr_line' id='line_1_67' title="bbox 438 3461 2022 3540; baseline -0.005 -16"><span class='ocrx_word' id='word_1_462' title='bbox 438 3469 533 3540; x_wconf 92' lang='lat' dir='ltr'><strong>qui</strong></span> <span class='ocrx_word' id='word_1_463' title='bbox 561 3469 707 3523; x_wconf 89' lang='lat' dir='ltr'><strong>omni</strong></span> <span class='ocrx_word' id='word_1_464' title='bbox 735 3465 973 3540; x_wconf 82' lang='lat' dir='ltr'><strong>custodia</strong></span> <span class='ocrx_word' id='word_1_465' title='bbox 1002 3478 1097 3518; x_wconf 89' lang='lat' dir='ltr'><strong>cor</strong></span> <span class='ocrx_word' id='word_1_466' title='bbox 1114 3476 1274 3540; x_wconf 79' lang='lat' dir='ltr'><strong>suum</strong></span> <span class='ocrx_word' id='word_1_467' title='bbox 1319 3470 1559 3540; x_wconf 80' lang='lat' dir='ltr'><strong>servant,</strong></span> <span class='ocrx_word' id='word_1_468' title='bbox 1596 3461 1718 3514; x_wconf 91' lang='lat' dir='ltr'><strong>tetri</strong></span> <span class='ocrx_word' id='word_1_469' title='bbox 1749 3463 2022 3540; x_wconf 75' lang='lat' dir='ltr'><strong>repellun-</strong></span> 
     </span>
    </p>
   </div>
   <div class='ocr_carea' id='block_1_68' title="bbox 438 3531 2025 3608">
    <p class='ocr_par' dir='ltr' id='par_1_68' title="bbox 438 3531 2025 3608">
     <span class='ocr_line' id='line_1_68' title="bbox 438 3531 2025 3608; baseline -0.006 -13"><span class='ocrx_word' id='word_1_470' title='bbox 438 3531 529 3595; x_wconf 75' lang='lat' dir='ltr'><strong>tur</strong></span> <span class='ocrx_word' id='word_1_471' title='bbox 559 3540 865 3608; x_wconf 63' lang='lat' dir='ltr'><strong>Ethiopes.</strong></span> <span class='ocrx_word' id='word_1_472' title='bbox 899 3536 1011 3590; x_wconf 84' lang='lat' dir='ltr'><strong>Deo</strong></span> <span class='ocrx_word' id='word_1_473' title='bbox 1041 3534 1185 3608; x_wconf 84' lang='lat' dir='ltr'><strong>enim</strong></span> <span class='ocrx_word' id='word_1_474' title='bbox 1216 3531 1507 3608; x_wconf 77' lang='lat' dir='ltr'><strong>conjuncta</strong></span> <span class='ocrx_word' id='word_1_475' title='bbox 1535 3545 1713 3608; x_wconf 64' lang='lat' dir='ltr'><strong>mens,</strong></span> <span class='ocrx_word' id='word_1_476' title='bbox 1744 3536 1872 3608; x_wconf 72' lang='lat' dir='ltr'><strong>etin</strong></span> <span class='ocrx_word' id='word_1_477' title='bbox 1906 3533 2025 3601; x_wconf 90' lang='lat' dir='ltr'><strong>ipso</strong></span> 
     </span>
    </p>
   </div>
   <div class='ocr_carea' id='block_1_69' title="bbox 437 3602 2022 3682">
    <p class='ocr_par' dir='ltr' id='par_1_69' title="bbox 437 3602 2022 3682">
     <span class='ocr_line' id='line_1_69' title="bbox 437 3602 2022 3682; baseline -0.006 -16"><span class='ocrx_word' id='word_1_478' title='bbox 437 3615 712 3682; x_wconf 71' lang='lat' dir='ltr'><strong>prrecipue</strong></span> <span class='ocrx_word' id='word_1_479' title='bbox 745 3602 987 3682; x_wconf 78' lang='lat' dir='ltr'><strong>tempore</strong></span> <span class='ocrx_word' id='word_1_480' title='bbox 1013 3604 1278 3682; x_wconf 74' lang='lat' dir='ltr'><strong>orationis</strong></span> <span class='ocrx_word' id='word_1_481' title='bbox 1305 3602 1717 3682; x_wconf 33' lang='lat' dir='ltr'><strong>interrumpi-liii</strong></span> <span class='ocrx_word' id='word_1_482' title='bbox 1761 3603 2022 3682; x_wconf 81' lang='lat' dir='ltr'><strong>alienum,</strong></span> 
     </span>
    </p>
   </div>
   <div class='ocr_carea' id='block_1_70' title="bbox 440 3672 2023 3752">
    <p class='ocr_par' dir='ltr' id='par_1_70' title="bbox 440 3672 2023 3752">
     <span class='ocr_line' id='line_1_70' title="bbox 440 3672 2023 3752; baseline -0.003 -18"><span class='ocrx_word' id='word_1_483' title='bbox 440 3672 575 3737; x_wconf 72' lang='lat' dir='ltr'><strong>nihil</strong></span> <span class='ocrx_word' id='word_1_484' title='bbox 605 3672 948 3752; x_wconf 70' lang='lat' dir='ltr'><strong>superﬂuum</strong></span> <span class='ocrx_word' id='word_1_485' title='bbox 989 3675 1218 3752; x_wconf 71' lang='lat' dir='ltr'><strong>recipit._</strong></span> <span class='ocrx_word' id='word_1_486' title='bbox 1236 3673 1504 3752; x_wconf 61' lang='lat' dir='ltr'><strong>Haec_ibi._</strong></span> <span class='ocrx_word' id='word_1_487' title='bbox 1522 3672 1732 3752; x_wconf 83' lang='lat' dir='ltr'><strong>Similia</strong></span> <span class='ocrx_word' id='word_1_488' title='bbox 1775 3676 2023 3752; x_wconf 65' lang='lat' dir='ltr'><strong>cntempla</strong></span> 
     </span>
    </p>
   </div>
   <div class='ocr_carea' id='block_1_71' title="bbox 440 3745 2026 3812">
    <p class='ocr_par' dir='ltr' id='par_1_71' title="bbox 440 3745 2026 3812">
     <span class='ocr_line' id='line_1_71' title="bbox 440 3745 2026 3812; baseline -0.005 -4"><span class='ocrx_word' id='word_1_489' title='bbox 440 3745 738 3808; x_wconf 79' lang='lat' dir='ltr'><strong>exstantin</strong></span> <span class='ocrx_word' id='word_1_490' title='bbox 769 3752 887 3806; x_wconf 89' lang='lat' dir='ltr'><strong>Vita</strong></span> <span class='ocrx_word' id='word_1_491' title='bbox 918 3750 976 3803; x_wconf 87' lang='lat' dir='ltr'><strong>S.</strong></span> <span class='ocrx_word' id='word_1_492' title='bbox 1005 3747 1223 3801; x_wconf 80' lang='lat' dir='ltr'><strong>Antonii</strong></span> <span class='ocrx_word' id='word_1_493' title='bbox 1245 3745 1387 3812; x_wconf 86' lang='lat' dir='ltr'><strong>apud</strong></span> <span class='ocrx_word' id='word_1_494' title='bbox 1417 3745 1794 3806; x_wconf 75' lang='lat' dir='ltr'><strong>Athanasium,</strong></span> <span class='ocrx_word' id='word_1_495' title='bbox 1827 3745 1880 3799; x_wconf 92' lang='lat' dir='ltr'><strong>in</strong></span> <span class='ocrx_word' id='word_1_496' title='bbox 1907 3745 2026 3800; x_wconf 83' lang='lat' dir='ltr'><strong>Vita</strong></span> 
     </span>
    </p>
   </div>
   <div class='ocr_carea' id='block_1_72' title="bbox 440 3816 2028 3890">
    <p class='ocr_par' dir='ltr' id='par_1_72' title="bbox 440 3816 2028 3890">
     <span class='ocr_line' id='line_1_72' title="bbox 440 3816 2028 3890; baseline -0.004 -11"><span class='ocrx_word' id='word_1_497' title='bbox 440 3823 734 3881; x_wconf 80' lang='lat' dir='ltr'><strong>Hilarionis</strong></span> <span class='ocrx_word' id='word_1_498' title='bbox 766 3822 905 3890; x_wconf 88' lang='lat' dir='ltr'><strong>apud</strong></span> <span class='ocrx_word' id='word_1_499' title='bbox 939 3821 999 3874; x_wconf 85' lang='grc' dir='ltr'><strong>ι).</strong></span> <span class='ocrx_word' id='word_1_500' title='bbox 1031 3817 1441 3890; x_wconf 82' lang='lat' dir='ltr'><strong>Hieronymum,</strong></span> <span class='ocrx_word' id='word_1_501' title='bbox 1474 3816 1709 3890; x_wconf 83' lang='lat' dir='ltr'><strong>itemque</strong></span> <span class='ocrx_word' id='word_1_502' title='bbox 1738 3816 1842 3890; x_wconf 69' lang='lat' dir='ltr'><strong>alia</strong></span> <span class='ocrx_word' id='word_1_503' title='bbox 1885 3818 2028 3890; x_wconf 88' lang='lat' dir='ltr'><strong>apud</strong></span> 
     </span>
    </p>
   </div>
   <div class='ocr_carea' id='block_1_73' title="bbox 441 3885 2027 3976">
    <p class='ocr_par' dir='ltr' id='par_1_73' title="bbox 441 3885 2027 3976">
     <span class='ocr_line' id='line_1_73' title="bbox 441 3885 2027 3976; baseline -0.005 -26"><span class='ocrx_word' id='word_1_504' title='bbox 441 3897 506 3976; x_wconf 45' lang='grc' dir='ltr'><strong>ρ,</strong></span> <span class='ocrx_word' id='word_1_505' title='bbox 532 3885 976 3976; x_wconf 48' lang='lat' dir='ltr'><strong>Gregorium-lib.</strong></span> <span class='ocrx_word' id='word_1_506' title='bbox 1009 3904 1046 3976; x_wconf 73' lang='lat' dir='ltr'><strong>t_t</strong></span> <span class='ocrx_word' id='word_1_507' title='bbox 1074 3885 1531 3976; x_wconf 5' lang='lat' dir='ltr'><strong>l).ila.l.gcap.‘b,‘et</strong></span> <span class='ocrx_word' id='word_1_508' title='bbox 1560 3886 1702 3976; x_wconf 56' lang='lat' dir='ltr'><strong>apud</strong></span> <span class='ocrx_word' id='word_1_509' title='bbox 1727 3885 2027 3943; x_wconf 68' lang='lat' dir='ltr'><strong>Ctesariutn</strong></span> 
     </span>
    </p>
   </div>
   <div class='ocr_carea' id='block_1_74' title="bbox 443 3956 1616 4026">
    <p class='ocr_par' dir='ltr' id='par_1_74' title="bbox 443 3956 1616 4026">
     <span class='ocr_line' id='line_1_74' title="bbox 443 3956 1616 4026; baseline -0.008 -5"><span class='ocrx_word' id='word_1_510' title='bbox 443 3956 790 4021; x_wconf 71' lang='lat' dir='ltr'><strong>Cistercieiis.</strong></span> <span class='ocrx_word' id='word_1_511' title='bbox 821 3965 918 4017; x_wconf 91' lang='lat' dir='ltr'><strong>lib.</strong></span> <span class='ocrx_word' id='word_1_512' title='bbox 947 3977 979 4015; x_wconf 89' lang='lat' dir='ltr'><strong>v</strong></span> <span class='ocrx_word' id='word_1_513' title='bbox 1007 3960 1077 4014; x_wconf 91' lang='lat' dir='ltr'><strong>de</strong></span> <span class='ocrx_word' id='word_1_514' title='bbox 1109 3959 1379 4013; x_wconf 80' lang='lat' dir='ltr'><strong>Miraculis</strong></span> <span class='ocrx_word' id='word_1_515' title='bbox 1407 3972 1528 4026; x_wconf 91' lang='lat' dir='ltr'><strong>cap.</strong></span> <span class='ocrx_word' id='word_1_516' title='bbox 1560 3956 1616 4012; x_wconf 86' lang='lat'><strong>5.</strong></span> 
     </span>
    </p>
   </div>
   <div class='ocr_carea' id='block_1_75' title="bbox 519 4029 2030 4101">
    <p class='ocr_par' dir='ltr' id='par_1_75' title="bbox 519 4029 2030 4101">
     <span class='ocr_line' id='line_1_75' title="bbox 519 4029 2030 4101; baseline -0.004 -11"><span class='ocrx_word' id='word_1_517' title='bbox 519 4045 546 4074; x_wconf 72' lang='grc' dir='ltr'><strong><em>κ</em></strong></span> <span class='ocrx_word' id='word_1_518' title='bbox 591 4035 646 4090; x_wconf 89' lang='lat' dir='ltr'><strong>ld</strong></span> <span class='ocrx_word' id='word_1_519' title='bbox 675 4043 791 4099; x_wconf 90' lang='lat' dir='ltr'><strong>est,</strong></span> <span class='ocrx_word' id='word_1_520' title='bbox 838 4031 1192 4101; x_wconf 68' lang='lat' dir='ltr'><strong>providentia:</strong></span> <span class='ocrx_word' id='word_1_521' title='bbox 1228 4029 1420 4101; x_wconf 69' lang='lat' dir='ltr'><strong>divina:</strong></span> <span class='ocrx_word' id='word_1_522' title='bbox 1446 4071 1460 4094; x_wconf 93' lang='lat'><strong>,</strong></span> <span class='ocrx_word' id='word_1_523' title='bbox 1494 4041 1624 4101; x_wconf 58' lang='lat' dir='ltr'><strong>quin</strong></span> <span class='ocrx_word' id='word_1_524' title='bbox 1660 4029 1820 4082; x_wconf 88' lang='lat' dir='ltr'><strong>tertia</strong></span> <span class='ocrx_word' id='word_1_525' title='bbox 1865 4043 2030 4084; x_wconf 87' lang='lat' dir='ltr'><strong>causa</strong></span> 
     </span>
    </p>
   </div>
   <div class='ocr_carea' id='block_1_76' title="bbox 444 4096 1810 4178">
    <p class='ocr_par' dir='ltr' id='par_1_76' title="bbox 444 4096 1810 4178">
     <span class='ocr_line' id='line_1_76' title="bbox 444 4096 1810 4178; baseline -0.007 -15"><span class='ocrx_word' id='word_1_526' title='bbox 444 4105 708 4178; x_wconf 87' lang='lat' dir='ltr'><strong>spiritalis</strong></span> <span class='ocrx_word' id='word_1_527' title='bbox 733 4096 1370 4178; x_wconf 72' lang='lat' dir='ltr'><strong>desolationissuperius</strong></span> <span class='ocrx_word' id='word_1_528' title='bbox 1401 4109 1481 4178; x_wconf 74' lang='lat' dir='ltr'><strong>est</strong></span> <span class='ocrx_word' id='word_1_529' title='bbox 1513 4096 1810 4178; x_wconf 66' lang='lat' dir='ltr'><strong>assignata.</strong></span> 
     </span>
    </p>
   </div>
   <div class='ocr_carea' id='block_1_77' title="bbox 518 4169 2035 4238">
    <p class='ocr_par' dir='ltr' id='par_1_77' title="bbox 518 4169 2035 4238">
     <span class='ocr_line' id='line_1_77' title="bbox 518 4169 2035 4238; baseline -0.005 -7"><span class='ocrx_word' id='word_1_530' title='bbox 518 4177 546 4216; x_wconf 69' lang='grc' dir='ltr'>δ</span> <span class='ocrx_word' id='word_1_531' title='bbox 586 4177 737 4231; x_wconf 85' lang='lat' dir='ltr'><strong>Hane</strong></span> <span class='ocrx_word' id='word_1_532' title='bbox 777 4188 992 4230; x_wconf 89' lang='lat' dir='ltr'><strong>causam</strong></span> <span class='ocrx_word' id='word_1_533' title='bbox 1037 4169 1294 4238; x_wconf 85' lang='lat' dir='ltr'><strong>spiritalis</strong></span> <span class='ocrx_word' id='word_1_534' title='bbox 1323 4169 1675 4223; x_wconf 84' lang='lat' dir='ltr'><strong>desolatiouis</strong></span> <span class='ocrx_word' id='word_1_535' title='bbox 1705 4185 1770 4222; x_wconf 82' lang='lat' dir='ltr'><strong>ex</strong></span> <span class='ocrx_word' id='word_1_536' title='bbox 1800 4169 2035 4234; x_wconf 89' lang='lat' dir='ltr'><strong>disposi—</strong></span> 
     </span>
    </p>
   </div>
   <div class='ocr_carea' id='block_1_78' title="bbox 444 4238 2035 4316">
    <p class='ocr_par' dir='ltr' id='par_1_78' title="bbox 444 4238 2035 4316">
     <span class='ocr_line' id='line_1_78' title="bbox 444 4238 2035 4316; baseline -0.006 -13"><span class='ocrx_word' id='word_1_537' title='bbox 444 4249 594 4304; x_wconf 87' lang='lat' dir='ltr'><strong>tione</strong></span> <span class='ocrx_word' id='word_1_538' title='bbox 622 4255 678 4302; x_wconf 91' lang='lat' dir='ltr'><strong>et</strong></span> <span class='ocrx_word' id='word_1_539' title='bbox 708 4245 1023 4316; x_wconf 74' lang='lat' dir='ltr'><strong>probatione</strong></span> <span class='ocrx_word' id='word_1_540' title='bbox 1053 4243 1232 4316; x_wconf 60' lang='lat' dir='ltr'><strong>divina</strong></span> <span class='ocrx_word' id='word_1_541' title='bbox 1260 4238 1650 4316; x_wconf 78' lang='lat' dir='ltr'><strong>provenientis,</strong></span> <span class='ocrx_word' id='word_1_542' title='bbox 1677 4240 1951 4316; x_wconf 83' lang='lat' dir='ltr'><strong>eleganter</strong></span> <span class='ocrx_word' id='word_1_543' title='bbox 1978 4251 2035 4316; x_wconf 85' lang='lat' dir='ltr'><strong>et</strong></span> 
     </span>
    </p>
   </div>
   <div class='ocr_carea' id='block_1_79' title="bbox 445 4309 2036 4388">
    <p class='ocr_par' dir='ltr' id='par_1_79' title="bbox 445 4309 2036 4388">
     <span class='ocr_line' id='line_1_79' title="bbox 445 4309 2036 4388; baseline -0.005 -14"><span class='ocrx_word' id='word_1_544' title='bbox 445 4320 678 4388; x_wconf 19' lang='lat' dir='ltr'><strong>copiose;</strong></span> <span class='ocrx_word' id='word_1_545' title='bbox 707 4309 942 4388; x_wconf 58' lang='lat' dir='ltr'><strong>expliegt</strong></span> <span class='ocrx_word' id='word_1_546' title='bbox 975 4315 1036 4388; x_wconf 62' lang='grc' dir='ltr'><strong>ι)ἶ</strong></span> <span class='ocrx_word' id='word_1_547' title='bbox 1065 4310 1361 4388; x_wconf 65' lang='lat' dir='ltr'><strong>Gregorius</strong></span> <span class='ocrx_word' id='word_1_548' title='bbox 1383 4350 1398 4374; x_wconf 91' lang='lat'><strong>,</strong></span> <span class='ocrx_word' id='word_1_549' title='bbox 1446 4310 1568 4388; x_wconf 56' lang='lat' dir='ltr'><strong>iniec</strong></span> <span class='ocrx_word' id='word_1_550' title='bbox 1598 4309 1736 4388; x_wconf 77' lang='lat' dir='ltr'><strong>inter</strong></span> <span class='ocrx_word' id='word_1_551' title='bbox 1769 4312 1868 4363; x_wconf 89' lang='lat' dir='ltr'><strong>alia</strong></span> <span class='ocrx_word' id='word_1_552' title='bbox 1898 4313 2036 4388; x_wconf 80' lang='lat' dir='ltr'><strong>scri-</strong></span> 
     </span>
    </p>
   </div>
   <div class='ocr_carea' id='block_1_80' title="bbox 443 4377 2039 4458">
    <p class='ocr_par' dir='ltr' id='par_1_80' title="bbox 443 4377 2039 4458">
     <span class='ocr_line' id='line_1_80' title="bbox 443 4377 2039 4458; baseline -0.004 -14"><span class='ocrx_word' id='word_1_553' title='bbox 443 4377 582 4445; x_wconf 69' lang='lat' dir='ltr'><strong>beits</strong></span> <span class='ocrx_word' id='word_1_554' title='bbox 625 4386 762 4458; x_wconf 88' lang='lat' dir='ltr'><strong>(Lib.</strong></span> <span class='ocrx_word' id='word_1_555' title='bbox 783 4377 832 4441; x_wconf 80' lang='grc' dir='ltr'><strong>ἰι</strong></span> <span class='ocrx_word' id='word_1_556' title='bbox 865 4383 1056 4458; x_wconf 63' lang='lat' dir='ltr'><strong>Horat.</strong></span> <span class='ocrx_word' id='word_1_557' title='bbox 1087 4377 1202 4458; x_wconf 57' lang='lat' dir='ltr'><strong>cap:</strong></span> <span class='ocrx_word' id='word_1_558' title='bbox 1235 4383 1329 4458; x_wconf 56' lang='lat'><strong>37)</strong></span> <span class='ocrx_word' id='word_1_559' title='bbox 1372 4399 1385 4436; x_wconf 92' lang='lat'>:</span> <span class='ocrx_word' id='word_1_560' title='bbox 1432 4377 1524 4434; x_wconf 86' lang='lat' dir='ltr'><strong>Fit</strong></span> <span class='ocrx_word' id='word_1_561' title='bbox 1561 4389 1615 4433; x_wconf 91' lang='lat' dir='ltr'><strong>ut</strong></span> <span class='ocrx_word' id='word_1_562' title='bbox 1659 4381 1939 4458; x_wconf 76' lang='lat' dir='ltr'><strong>aliquando</strong></span> <span class='ocrx_word' id='word_1_563' title='bbox 1983 4397 2039 4458; x_wconf 77' lang='lat' dir='ltr'><strong>se</strong></span> 
     </span>
    </p>
   </div>
   <div class='ocr_carea' id='block_1_81' title="bbox 447 4452 2032 4532">
    <p class='ocr_par' dir='ltr' id='par_1_81' title="bbox 447 4452 2032 4532">
     <span class='ocr_line' id='line_1_81' title="bbox 447 4452 2032 4532; baseline -0.004 -18"><span class='ocrx_word' id='word_1_564' title='bbox 447 4462 556 4516; x_wconf 71' lang='lat' dir='ltr'><strong>lucc</strong></span> <span class='ocrx_word' id='word_1_565' title='bbox 603 4452 772 4532; x_wconf 79' lang='lat' dir='ltr'><strong>gratia</strong></span> <span class='ocrx_word' id='word_1_566' title='bbox 815 4456 1021 4532; x_wconf 62' lang='lat' dir='ltr'><strong>utiliter</strong></span> <span class='ocrx_word' id='word_1_567' title='bbox 1057 4452 1363 4532; x_wconf 79' lang='lat' dir='ltr'><strong>subtrahat,</strong></span> <span class='ocrx_word' id='word_1_568' title='bbox 1395 4455 2032 4532; x_wconf 48' lang='lat' dir='ltr'><strong>etupraisumentimenti,</strong></span> 
     </span>
    </p>
   </div>
   <div class='ocr_carea' id='block_1_82' title="bbox 444 4521 2041 4601">
    <p class='ocr_par' dir='ltr' id='par_1_82' title="bbox 444 4521 2041 4601">
     <span class='ocr_line' id='line_1_82' title="bbox 444 4521 2041 4601; baseline -0.006 -16"><span class='ocrx_word' id='word_1_569' title='bbox 444 4521 695 4601; x_wconf 66' lang='lat' dir='ltr'><strong>quantum</strong></span> <span class='ocrx_word' id='word_1_570' title='bbox 737 4531 792 4582; x_wconf 91' lang='lat' dir='ltr'><strong>in</strong></span> <span class='ocrx_word' id='word_1_571' title='bbox 835 4545 888 4601; x_wconf 83' lang='lat' dir='ltr'><strong>se</strong></span> <span class='ocrx_word' id='word_1_572' title='bbox 926 4526 1236 4594; x_wconf 78' lang='lat' dir='ltr'><strong>inﬁrmctur,</strong></span> <span class='ocrx_word' id='word_1_573' title='bbox 1282 4524 1519 4601; x_wconf 77' lang='lat' dir='ltr'><strong>ostendit.</strong></span> <span class='ocrx_word' id='word_1_574' title='bbox 1568 4521 1715 4601; x_wconf 81' lang='lat' dir='ltr'><strong>Tunc</strong></span> <span class='ocrx_word' id='word_1_575' title='bbox 1756 4524 1889 4601; x_wconf 77' lang='lat' dir='ltr'><strong>enim</strong></span> <span class='ocrx_word' id='word_1_576' title='bbox 1926 4540 2041 4601; x_wconf 76' lang='lat' dir='ltr'><strong>vere</strong></span> 
     </span>
    </p>
   </div>
   <div class='ocr_carea' id='block_1_83' title="bbox 446 4595 2039 4673">
    <p class='ocr_par' dir='ltr' id='par_1_83' title="bbox 446 4595 2039 4673">
     <span class='ocr_line' id='line_1_83' title="bbox 446 4595 2039 4673; baseline -0.005 -16"><span class='ocrx_word' id='word_1_577' title='bbox 446 4595 800 4673; x_wconf 76' lang='lat' dir='ltr'><strong>cognoscimus</strong></span> <span class='ocrx_word' id='word_1_578' title='bbox 829 4599 963 4673; x_wconf 81' lang='lat' dir='ltr'><strong>bona</strong></span> <span class='ocrx_word' id='word_1_579' title='bbox 989 4605 1164 4673; x_wconf 85' lang='lat' dir='ltr'><strong>nostra</strong></span> <span class='ocrx_word' id='word_1_580' title='bbox 1187 4595 1325 4648; x_wconf 88' lang='lat' dir='ltr'><strong>unde</strong></span> <span class='ocrx_word' id='word_1_581' title='bbox 1344 4596 1471 4673; x_wconf 64' lang='lat' dir='ltr'><strong>sint,</strong></span> <span class='ocrx_word' id='word_1_582' title='bbox 1508 4595 1713 4673; x_wconf 79' lang='lat' dir='ltr'><strong>quando</strong></span> <span class='ocrx_word' id='word_1_583' title='bbox 1749 4595 1857 4648; x_wconf 64' lang='lat' dir='ltr'><strong>huic</strong></span> <span class='ocrx_word' id='word_1_584' title='bbox 1886 4598 2039 4662; x_wconf 83' lang='lat' dir='ltr'><strong>quasi</strong></span> 
     </span>
    </p>
   </div>
   <div class='ocr_carea' id='block_1_84' title="bbox 445 4664 2030 4737">
    <p class='ocr_par' dir='ltr' id='par_1_84' title="bbox 445 4664 2030 4737">
     <span class='ocr_line' id='line_1_84' title="bbox 445 4664 2030 4737; baseline -0.004 -10"><span class='ocrx_word' id='word_1_585' title='bbox 445 4664 727 4727; x_wconf 77' lang='lat' dir='ltr'><strong>amittendo</strong></span> <span class='ocrx_word' id='word_1_586' title='bbox 749 4669 996 4724; x_wconf 85' lang='lat' dir='ltr'><strong>sentimus</strong></span> <span class='ocrx_word' id='word_1_587' title='bbox 1016 4708 1031 4733; x_wconf 95' lang='lat'><strong>,</strong></span> <span class='ocrx_word' id='word_1_588' title='bbox 1060 4669 1184 4737; x_wconf 87' lang='lat' dir='ltr'><strong>quia</strong></span> <span class='ocrx_word' id='word_1_589' title='bbox 1211 4683 1244 4720; x_wconf 91' lang='lat' dir='ltr'><strong>a</strong></span> <span class='ocrx_word' id='word_1_590' title='bbox 1265 4664 1415 4737; x_wconf 85' lang='lat' dir='ltr'><strong>nobis</strong></span> <span class='ocrx_word' id='word_1_591' title='bbox 1448 4667 1638 4718; x_wconf 89' lang='lat' dir='ltr'><strong>servari</strong></span> <span class='ocrx_word' id='word_1_592' title='bbox 1668 4682 1768 4719; x_wconf 91' lang='lat' dir='ltr'><strong>non</strong></span> <span class='ocrx_word' id='word_1_593' title='bbox 1795 4679 2030 4736; x_wconf 88' lang='lat' dir='ltr'><strong>possunt.</strong></span> 
     </span>
    </p>
   </div>
   <div class='ocr_carea' id='block_1_85' title="bbox 445 4735 2035 4812">
    <p class='ocr_par' dir='ltr' id='par_1_85' title="bbox 445 4735 2035 4812">
     <span class='ocr_line' id='line_1_85' title="bbox 445 4735 2035 4812; baseline -0.005 -14"><span class='ocrx_word' id='word_1_594' title='bbox 445 4745 528 4798; x_wconf 81' lang='lat' dir='ltr'><strong>Ad</strong></span> <span class='ocrx_word' id='word_1_595' title='bbox 565 4747 661 4797; x_wconf 88' lang='lat' dir='ltr'><strong>hoc</strong></span> <span class='ocrx_word' id='word_1_596' title='bbox 682 4743 854 4812; x_wconf 87' lang='lat' dir='ltr'><strong>itaque</strong></span> <span class='ocrx_word' id='word_1_597' title='bbox 882 4735 1185 4812; x_wconf 76' lang='lat' dir='ltr'><strong>intimandte</strong></span> <span class='ocrx_word' id='word_1_598' title='bbox 1217 4735 1520 4812; x_wconf 77' lang='lat' dir='ltr'><strong>humilitatis</strong></span> <span class='ocrx_word' id='word_1_599' title='bbox 1557 4735 1939 4812; x_wconf 82' lang='lat' dir='ltr'><strong>magisterium,</strong></span> 
     </span>
    </p>
   </div>
   <div class='ocr_carea' id='block_1_86' title="bbox 447 4808 2072 4885">
    <p class='ocr_par' dir='ltr' id='par_1_86' title="bbox 447 4808 2072 4885">
     <span class='ocr_line' id='line_1_86' title="bbox 447 4808 2072 4885; baseline -0.004 -17"><span class='ocrx_word' id='word_1_600' title='bbox 447 4818 751 4885; x_wconf 85' lang='lat' dir='ltr'><strong>plerumque</strong></span> <span class='ocrx_word' id='word_1_601' title='bbox 771 4808 847 4885; x_wconf 49' lang='lat' dir='ltr'><strong>&#39;ut</strong></span> <span class='ocrx_word' id='word_1_602' title='bbox 881 4810 1122 4864; x_wconf 86' lang='lat' dir='ltr'><strong>irruentis</strong></span> <span class='ocrx_word' id='word_1_603' title='bbox 1153 4808 1443 4885; x_wconf 65' lang='lat' dir='ltr'><strong>tentationis</strong></span> <span class='ocrx_word' id='word_1_604' title='bbox 1471 4808 1709 4885; x_wconf 73' lang='lat' dir='ltr'><strong>articulo,</strong></span> <span class='ocrx_word' id='word_1_605' title='bbox 1735 4818 1877 4861; x_wconf 87' lang='lat' dir='ltr'><strong>tanta</strong></span> <span class='ocrx_word' id='word_1_606' title='bbox 1902 4810 2034 4863; x_wconf 77' lang='lat' dir='ltr'><strong>stul-</strong></span> <span class='ocrx_word' id='word_1_607' title='bbox 2063 4847 2072 4854; x_wconf 83' lang='grc'><strong><em>-</em></strong></span> 
     </span>
    </p>
   </div>
   <div class='ocr_carea' id='block_1_87' title="bbox 441 4878 2036 4952">
    <p class='ocr_par' dir='ltr' id='par_1_87' title="bbox 441 4878 2036 4952">
     <span class='ocr_line' id='line_1_87' title="bbox 441 4878 2036 4952; baseline -0.004 -14"><span class='ocrx_word' id='word_1_608' title='bbox 441 4878 561 4940; x_wconf 72' lang='grc' dir='ltr'><strong>ὶίιία</strong></span> <span class='ocrx_word' id='word_1_609' title='bbox 598 4878 902 4952; x_wconf 75' lang='lat' dir='ltr'><strong>sapientiam</strong></span> <span class='ocrx_word' id='word_1_610' title='bbox 951 4891 1176 4952; x_wconf 87' lang='lat' dir='ltr'><strong>nostram</strong></span> <span class='ocrx_word' id='word_1_611' title='bbox 1215 4879 1394 4952; x_wconf 76' lang='lat' dir='ltr'><strong>feriat,</strong></span> <span class='ocrx_word' id='word_1_612' title='bbox 1424 4886 1478 4952; x_wconf 85' lang='lat' dir='ltr'><strong>ut</strong></span> <span class='ocrx_word' id='word_1_613' title='bbox 1504 4878 1706 4931; x_wconf 87' lang='lat' dir='ltr'><strong>turbata</strong></span> <span class='ocrx_word' id='word_1_614' title='bbox 1737 4895 1878 4931; x_wconf 82' lang='lat' dir='ltr'><strong>mens</strong></span> <span class='ocrx_word' id='word_1_615' title='bbox 1901 4895 2036 4949; x_wconf 74' lang='lat' dir='ltr'><strong>qua-</strong></span> 
     </span>
    </p>
   </div>
   <div class='ocr_carea' id='block_1_88' title="bbox 443 4949 2033 5011">
    <p class='ocr_par' dir='ltr' id='par_1_88' title="bbox 443 4949 2033 5011">
     <span class='ocr_line' id='line_1_88' title="bbox 443 4949 2033 5011; baseline -0.004 -1"><span class='ocrx_word' id='word_1_616' title='bbox 443 4957 563 5010; x_wconf 85' lang='lat' dir='ltr'><strong>liter</strong></span> <span class='ocrx_word' id='word_1_617' title='bbox 589 4949 741 5009; x_wconf 83' lang='lat' dir='ltr'><strong>malis</strong></span> <span class='ocrx_word' id='word_1_618' title='bbox 767 4951 1147 5007; x_wconf 86' lang='lat' dir='ltr'><strong>imminentibus</strong></span> <span class='ocrx_word' id='word_1_619' title='bbox 1175 4949 1370 5011; x_wconf 87' lang='lat' dir='ltr'><strong>obviet,</strong></span> <span class='ocrx_word' id='word_1_620' title='bbox 1400 4949 1476 5002; x_wconf 88' lang='lat' dir='ltr'><strong>vel</strong></span> <span class='ocrx_word' id='word_1_621' title='bbox 1503 4960 1679 5002; x_wconf 89' lang='lat' dir='ltr'><strong>contra</strong></span> <span class='ocrx_word' id='word_1_622' title='bbox 1706 4952 2033 5004; x_wconf 81' lang='lat' dir='ltr'><strong>tentationent</strong></span> 
     </span>
    </p>
   </div>
   <div class='ocr_carea' id='block_1_89' title="bbox 444 5019 2035 5096">
    <p class='ocr_par' dir='ltr' id='par_1_89' title="bbox 444 5019 2035 5096">
     <span class='ocr_line' id='line_1_89' title="bbox 444 5019 2035 5096; baseline -0.003 -18"><span class='ocrx_word' id='word_1_623' title='bbox 444 5031 700 5096; x_wconf 87' lang='lat' dir='ltr'><strong>quomodo</strong></span> <span class='ocrx_word' id='word_1_624' title='bbox 741 5042 794 5080; x_wconf 88' lang='lat' dir='ltr'><strong>se</strong></span> <span class='ocrx_word' id='word_1_625' title='bbox 833 5032 1119 5096; x_wconf 63' lang='lat' dir='ltr'><strong>praeparet,</strong></span> <span class='ocrx_word' id='word_1_626' title='bbox 1153 5023 1372 5096; x_wconf 75' lang='lat' dir='ltr'><strong>ignoret.</strong></span> <span class='ocrx_word' id='word_1_627' title='bbox 1421 5019 1524 5096; x_wconf 72' lang='lat' dir='ltr'><strong>Sed</strong></span> <span class='ocrx_word' id='word_1_628' title='bbox 1555 5021 1650 5072; x_wconf 93' lang='lat' dir='ltr'><strong>hac</strong></span> <span class='ocrx_word' id='word_1_629' title='bbox 1679 5021 1790 5090; x_wconf 89' lang='lat' dir='ltr'><strong>ipsa</strong></span> <span class='ocrx_word' id='word_1_630' title='bbox 1814 5022 2035 5096; x_wconf 76' lang='lat' dir='ltr'><strong>stultitia</strong></span> 
     </span>
    </p>
   </div>
   <div class='ocr_carea' id='block_1_90' title="bbox 443 5090 2026 5165">
    <p class='ocr_par' dir='ltr' id='par_1_90' title="bbox 443 5090 2026 5165">
     <span class='ocr_line' id='line_1_90' title="bbox 443 5090 2026 5165; baseline -0.003 -15"><span class='ocrx_word' id='word_1_631' title='bbox 443 5090 533 5150; x_wconf 77' lang='lat' dir='ltr'><strong>cor</strong></span> <span class='ocrx_word' id='word_1_632' title='bbox 553 5090 1100 5165; x_wconf 44' lang='lat' dir='ltr'><strong>prudenter&#39;eruditur,</strong></span> <span class='ocrx_word' id='word_1_633' title='bbox 1116 5090 1386 5165; x_wconf 81' lang='lat' dir='ltr'><strong>quiaunde</strong></span> <span class='ocrx_word' id='word_1_634' title='bbox 1405 5090 1472 5165; x_wconf 84' lang='lat' dir='ltr'><strong>ad</strong></span> <span class='ocrx_word' id='word_1_635' title='bbox 1495 5101 1800 5144; x_wconf 83' lang='lat' dir='ltr'><strong>momentum</strong></span> <span class='ocrx_word' id='word_1_636' title='bbox 1822 5093 2026 5165; x_wconf 81' lang='lat' dir='ltr'><strong>desipit,</strong></span> 
     </span>
    </p>
   </div>
   <div class='ocr_carea' id='block_1_91' title="bbox 444 5163 2038 5234">
    <p class='ocr_par' dir='ltr' id='par_1_91' title="bbox 444 5163 2038 5234">
     <span class='ocr_line' id='line_1_91' title="bbox 444 5163 2038 5234; baseline -0.002 -14"><span class='ocrx_word' id='word_1_637' title='bbox 444 5183 502 5220; x_wconf 93' lang='lat' dir='ltr'><strong>eo</strong></span> <span class='ocrx_word' id='word_1_638' title='bbox 531 5163 644 5234; x_wconf 86' lang='lat' dir='ltr'><strong>post</strong></span> <span class='ocrx_word' id='word_1_639' title='bbox 669 5168 830 5221; x_wconf 74' lang='lat' dir='ltr'><strong>verius</strong></span> <span class='ocrx_word' id='word_1_640' title='bbox 861 5182 961 5234; x_wconf 91' lang='lat' dir='ltr'><strong>quo</strong></span> <span class='ocrx_word' id='word_1_641' title='bbox 990 5174 1036 5218; x_wconf 89' lang='lat' dir='ltr'><strong>et</strong></span> <span class='ocrx_word' id='word_1_642' title='bbox 1064 5163 1309 5216; x_wconf 84' lang='lat' dir='ltr'><strong>humilius</strong></span> <span class='ocrx_word' id='word_1_643' title='bbox 1338 5163 1508 5234; x_wconf 87' lang='lat' dir='ltr'><strong>sapit;</strong></span> <span class='ocrx_word' id='word_1_644' title='bbox 1541 5170 1586 5213; x_wconf 81' lang='lat' dir='ltr'><strong>ct</strong></span> <span class='ocrx_word' id='word_1_645' title='bbox 1611 5163 1865 5234; x_wconf 79' lang='lat' dir='ltr'><strong>sapientia</strong></span> <span class='ocrx_word' id='word_1_646' title='bbox 1887 5166 2038 5230; x_wconf 87' lang='lat' dir='ltr'><strong>qttasi</strong></span> 
     </span>
    </p>
   </div>
   <div class='ocr_carea' id='block_1_92' title="bbox 444 5231 2033 5302">
    <p class='ocr_par' dir='ltr' id='par_1_92' title="bbox 444 5231 2033 5302">
     <span class='ocr_line' id='line_1_92' title="bbox 444 5231 2033 5302; baseline -0.003 -11"><span class='ocrx_word' id='word_1_647' title='bbox 444 5231 582 5292; x_wconf 85' lang='lat' dir='ltr'><strong>unde</strong></span> <span class='ocrx_word' id='word_1_648' title='bbox 602 5231 882 5296; x_wconf 63' lang='lat' dir='ltr'><strong>amittitur,</strong></span> <span class='ocrx_word' id='word_1_649' title='bbox 901 5235 1020 5289; x_wconf 88' lang='lat' dir='ltr'><strong>inde</strong></span> <span class='ocrx_word' id='word_1_650' title='bbox 1041 5235 1225 5289; x_wconf 82' lang='lat' dir='ltr'><strong>certius</strong></span> <span class='ocrx_word' id='word_1_651' title='bbox 1247 5232 1554 5301; x_wconf 85' lang='lat' dir='ltr'><strong>possidetur.</strong></span> <span class='ocrx_word' id='word_1_652' title='bbox 1590 5231 1882 5302; x_wconf 78' lang='lat' dir='ltr'><strong>Aliquando</strong></span> <span class='ocrx_word' id='word_1_653' title='bbox 1908 5235 2033 5288; x_wconf 86' lang='lat' dir='ltr'><strong>dum</strong></span> 
     </span>
    </p>
   </div>
   <div class='ocr_carea' id='block_1_93' title="bbox 444 5305 2031 5389">
    <p class='ocr_par' dir='ltr' id='par_1_93' title="bbox 444 5305 2031 5389">
     <span class='ocr_line' id='line_1_93' title="bbox 444 5305 2031 5389; baseline -0.004 -28"><span class='ocrx_word' id='word_1_654' title='bbox 444 5308 686 5389; x_wconf 75' lang='lat' dir='ltr'><strong>sublimia</strong></span> <span class='ocrx_word' id='word_1_655' title='bbox 707 5309 1055 5389; x_wconf 56' lang='lat' dir='ltr'><strong>intelligendo</strong></span> <span class='ocrx_word' id='word_1_656' title='bbox 1084 5307 1137 5358; x_wconf 89' lang='lat' dir='ltr'><strong>in</strong></span> <span class='ocrx_word' id='word_1_657' title='bbox 1173 5305 1392 5389; x_wconf 66' lang='lat' dir='ltr'><strong>elatique</strong></span> <span class='ocrx_word' id='word_1_658' title='bbox 1430 5319 1484 5389; x_wconf 74' lang='lat' dir='ltr'><strong>te</strong></span> <span class='ocrx_word' id='word_1_659' title='bbox 1519 5305 1723 5385; x_wconf 72' lang='lat' dir='ltr'><strong>animus</strong></span> <span class='ocrx_word' id='word_1_660' title='bbox 1761 5306 1934 5389; x_wconf 73' lang='lat' dir='ltr'><strong>erigit,</strong></span> 
     </span>
    </p>
   </div>
   <div class='ocr_carea' id='block_1_94' title="bbox 444 5373 2038 5449">
    <p class='ocr_par' dir='ltr' id='par_1_94' title="bbox 444 5373 2038 5449">
     <span class='ocr_line' id='line_1_94' title="bbox 444 5373 2038 5449; baseline -0.002 -18"><span class='ocrx_word' id='word_1_661' title='bbox 444 5379 596 5433; x_wconf 80' lang='lat' dir='ltr'><strong>rebus</strong></span> <span class='ocrx_word' id='word_1_662' title='bbox 629 5381 744 5434; x_wconf 90' lang='lat' dir='ltr'><strong>imis</strong></span> <span class='ocrx_word' id='word_1_663' title='bbox 776 5388 824 5432; x_wconf 90' lang='lat' dir='ltr'><strong>et</strong></span> <span class='ocrx_word' id='word_1_664' title='bbox 853 5373 1032 5432; x_wconf 80' lang='lat' dir='ltr'><strong>vilibus</strong></span> <span class='ocrx_word' id='word_1_665' title='bbox 1059 5377 1202 5449; x_wconf 84' lang='lat' dir='ltr'><strong>gravi</strong></span> <span class='ocrx_word' id='word_1_666' title='bbox 1232 5373 1534 5449; x_wconf 82' lang='lat' dir='ltr'><strong>hebetudine</strong></span> <span class='ocrx_word' id='word_1_667' title='bbox 1554 5376 1821 5449; x_wconf 73' lang='lat' dir='ltr'><strong>pigrescit,</strong></span> <span class='ocrx_word' id='word_1_668' title='bbox 1842 5373 1916 5427; x_wconf 58' lang='lat' dir='ltr'><strong>&#39;ut-</strong></span> <span class='ocrx_word' id='word_1_669' title='bbox 1933 5377 2038 5429; x_wconf 84' lang='lat' dir='ltr'><strong>sibi</strong></span> 
     </span>
    </p>
   </div>
   <div class='ocr_carea' id='block_1_95' title="bbox 447 5445 2034 5519">
    <p class='ocr_par' dir='ltr' id='par_1_95' title="bbox 447 5445 2034 5519">
     <span class='ocr_line' id='line_1_95' title="bbox 447 5445 2034 5519; baseline -0.004 -16"><span class='ocrx_word' id='word_1_670' title='bbox 447 5451 600 5503; x_wconf 85' lang='lat' dir='ltr'><strong>etiam</strong></span> <span class='ocrx_word' id='word_1_671' title='bbox 635 5457 841 5519; x_wconf 84' lang='lat' dir='ltr'><strong>repente</strong></span> <span class='ocrx_word' id='word_1_672' title='bbox 879 5451 982 5503; x_wconf 81' lang='lat' dir='ltr'><strong>ima</strong></span> <span class='ocrx_word' id='word_1_673' title='bbox 1019 5445 1196 5502; x_wconf 81' lang='lat' dir='ltr'><strong>clausa</strong></span> <span class='ocrx_word' id='word_1_674' title='bbox 1230 5446 1432 5519; x_wconf 78' lang='lat' dir='ltr'><strong>videat,</strong></span> <span class='ocrx_word' id='word_1_675' title='bbox 1609 5447 1792 5519; x_wconf 66' lang='lat' dir='ltr'><strong>pernix</strong></span> <span class='ocrx_word' id='word_1_676' title='bbox 1831 5462 2034 5519; x_wconf 81' lang='lat' dir='ltr'><strong>summa</strong></span> 
     </span>
    </p>
   </div>
   <div class='ocr_carea' id='block_1_96' title="bbox 447 5515 2034 5588">
    <p class='ocr_par' dir='ltr' id='par_1_96' title="bbox 447 5515 2034 5588">
     <span class='ocr_line' id='line_1_96' title="bbox 447 5515 2034 5588; baseline -0.001 -15"><span class='ocrx_word' id='word_1_677' title='bbox 447 5515 762 5588; x_wconf 83' lang='lat' dir='ltr'><strong>penetrabat.</strong></span> <span class='ocrx_word' id='word_1_678' title='bbox 813 5519 922 5575; x_wconf 82' lang='lat' dir='ltr'><strong>Sed</strong></span> <span class='ocrx_word' id='word_1_679' title='bbox 951 5522 1058 5573; x_wconf 66' lang='lat' dir='ltr'><strong>haec</strong></span> <span class='ocrx_word' id='word_1_680' title='bbox 1100 5520 1218 5588; x_wconf 88' lang='lat' dir='ltr'><strong>ipsa</strong></span> <span class='ocrx_word' id='word_1_681' title='bbox 1255 5515 1510 5588; x_wconf 84' lang='lat' dir='ltr'><strong>hebetudo</strong></span> <span class='ocrx_word' id='word_1_682' title='bbox 1536 5515 1849 5571; x_wconf 81' lang='lat' dir='ltr'><strong>intellectum</strong></span> <span class='ocrx_word' id='word_1_683' title='bbox 1886 5517 2034 5572; x_wconf 87' lang='lat' dir='ltr'><strong>nobis</strong></span> 
     </span>
    </p>
   </div>
   <div class='ocr_carea' id='block_1_97' title="bbox 447 5587 2031 5657">
    <p class='ocr_par' dir='ltr' id='par_1_97' title="bbox 447 5587 2031 5657">
     <span class='ocr_line' id='line_1_97' title="bbox 447 5587 2031 5657; baseline 0.001 -16"><span class='ocrx_word' id='word_1_684' title='bbox 447 5588 575 5643; x_wconf 87' lang='lat' dir='ltr'><strong>dum</strong></span> <span class='ocrx_word' id='word_1_685' title='bbox 603 5591 891 5657; x_wconf 82' lang='lat' dir='ltr'><strong>subtrahit,</strong></span> <span class='ocrx_word' id='word_1_686' title='bbox 930 5587 1131 5656; x_wconf 79' lang='lat' dir='ltr'><strong>servat;</strong></span> <span class='ocrx_word' id='word_1_687' title='bbox 1179 5589 1302 5656; x_wconf 89' lang='lat' dir='ltr'><strong>quia</strong></span> <span class='ocrx_word' id='word_1_688' title='bbox 1342 5587 1465 5640; x_wconf 89' lang='lat' dir='ltr'><strong>dum</strong></span> <span class='ocrx_word' id='word_1_689' title='bbox 1505 5588 1572 5640; x_wconf 90' lang='lat' dir='ltr'><strong>ad</strong></span> <span class='ocrx_word' id='word_1_690' title='bbox 1602 5598 1914 5642; x_wconf 81' lang='lat' dir='ltr'><strong>momentum</strong></span> <span class='ocrx_word' id='word_1_691' title='bbox 1940 5604 2031 5643; x_wconf 90' lang='lat' dir='ltr'><strong>cor</strong></span> 
     </span>
    </p>
   </div>
   <div class='ocr_carea' id='block_1_98' title="bbox 448 5657 2031 5732">
    <p class='ocr_par' dir='ltr' id='par_1_98' title="bbox 448 5657 2031 5732">
     <span class='ocr_line' id='line_1_98' title="bbox 448 5657 2031 5732; baseline 0.002 -20"><span class='ocrx_word' id='word_1_692' title='bbox 448 5659 720 5732; x_wconf 84' lang='lat' dir='ltr'><strong>humiliat,</strong></span> <span class='ocrx_word' id='word_1_693' title='bbox 758 5663 926 5715; x_wconf 81' lang='lat' dir='ltr'><strong>verius</strong></span> <span class='ocrx_word' id='word_1_694' title='bbox 969 5662 1038 5714; x_wconf 87' lang='lat' dir='ltr'><strong>ad</strong></span> <span class='ocrx_word' id='word_1_695' title='bbox 1079 5660 1319 5715; x_wconf 81' lang='lat' dir='ltr'><strong>sublimia</strong></span> <span class='ocrx_word' id='word_1_696' title='bbox 1361 5657 1696 5732; x_wconf 81' lang='lat' dir='ltr'><strong>intelligenda</strong></span> <span class='ocrx_word' id='word_1_697' title='bbox 1733 5659 2031 5732; x_wconf 78' lang='lat' dir='ltr'><strong>confirmat.</strong></span> 
     </span>
    </p>
   </div>
   <div class='ocr_carea' id='block_1_99' title="bbox 447 5730 2035 5805">
    <p class='ocr_par' dir='ltr' id='par_1_99' title="bbox 447 5730 2035 5805">
     <span class='ocr_line' id='line_1_99' title="bbox 447 5730 2035 5805; baseline 0.001 -21"><span class='ocrx_word' id='word_1_698' title='bbox 447 5730 744 5805; x_wconf 56' lang='lat' dir='ltr'><strong>Aliquando</strong></span> <span class='ocrx_word' id='word_1_699' title='bbox 761 5733 894 5805; x_wconf 77' lang='lat' dir='ltr'><strong>dum</strong></span> <span class='ocrx_word' id='word_1_700' title='bbox 917 5741 1101 5788; x_wconf 88' lang='lat' dir='ltr'><strong>cuncta</strong></span> <span class='ocrx_word' id='word_1_701' title='bbox 1127 5749 1222 5787; x_wconf 90' lang='lat' dir='ltr'><strong>nos</strong></span> <span class='ocrx_word' id='word_1_702' title='bbox 1239 5746 1394 5805; x_wconf 85' lang='lat' dir='ltr'><strong>agere</strong></span> <span class='ocrx_word' id='word_1_703' title='bbox 1404 5730 1616 5805; x_wconf 80' lang='lat' dir='ltr'><strong>consilii</strong></span> <span class='ocrx_word' id='word_1_704' title='bbox 1636 5731 1884 5805; x_wconf 84' lang='lat' dir='ltr'><strong>gravitate</strong></span> <span class='ocrx_word' id='word_1_705' title='bbox 1903 5748 2035 5803; x_wconf 84' lang='lat' dir='ltr'><strong>gau-</strong></span> 
     </span>
    </p>
   </div>
   <div class='ocr_carea' id='block_1_100' title="bbox 447 5801 2035 5876">
    <p class='ocr_par' dir='ltr' id='par_1_100' title="bbox 447 5801 2035 5876">
     <span class='ocr_line' id='line_1_100' title="bbox 447 5801 2035 5876; baseline 0.002 -21"><span class='ocrx_word' id='word_1_706' title='bbox 447 5801 650 5876; x_wconf 83' lang='lat' dir='ltr'><strong>demus,</strong></span> <span class='ocrx_word' id='word_1_707' title='bbox 678 5801 918 5876; x_wconf 77' lang='lat' dir='ltr'><strong>pulsante</strong></span> <span class='ocrx_word' id='word_1_708' title='bbox 943 5818 1114 5859; x_wconf 70' lang='lat' dir='ltr'><strong>causa</strong></span> <span class='ocrx_word' id='word_1_709' title='bbox 1141 5801 1440 5876; x_wconf 67' lang='lat' dir='ltr'><strong>emrqentis</strong></span> <span class='ocrx_word' id='word_1_710' title='bbox 1464 5801 1704 5872; x_wconf 80' lang='lat' dir='ltr'><strong>articulo,</strong></span> <span class='ocrx_word' id='word_1_711' title='bbox 1736 5801 2035 5875; x_wconf 64' lang='lat' dir='ltr'><strong>praecipita»</strong></span> 
     </span>
    </p>
   </div>
   <div class='ocr_carea' id='block_1_101' title="bbox 446 5873 2032 5948">
    <p class='ocr_par' dir='ltr' id='par_1_101' title="bbox 446 5873 2032 5948">
     <span class='ocr_line' id='line_1_101' title="bbox 446 5873 2032 5948; baseline 0 -18"><span class='ocrx_word' id='word_1_712' title='bbox 446 5873 585 5930; x_wconf 79' lang='lat' dir='ltr'><strong>tione</strong></span> <span class='ocrx_word' id='word_1_713' title='bbox 605 5873 775 5937; x_wconf 86' lang='lat' dir='ltr'><strong>subita</strong></span> <span class='ocrx_word' id='word_1_714' title='bbox 793 5873 1048 5945; x_wconf 83' lang='lat' dir='ltr'><strong>rapimur,</strong></span> <span class='ocrx_word' id='word_1_715' title='bbox 1068 5885 1118 5934; x_wconf 81' lang='lat' dir='ltr'><strong>et</strong></span> <span class='ocrx_word' id='word_1_716' title='bbox 1139 5876 1227 5948; x_wconf 85' lang='lat' dir='ltr'><strong>qui</strong></span> <span class='ocrx_word' id='word_1_717' title='bbox 1246 5873 1339 5934; x_wconf 72' lang='lat' dir='ltr'><strong>nos</strong></span> <span class='ocrx_word' id='word_1_718' title='bbox 1355 5889 1555 5947; x_wconf 74' lang='lat' dir='ltr'><strong>semper</strong></span> <span class='ocrx_word' id='word_1_719' title='bbox 1577 5875 1822 5946; x_wconf 76' lang='lat' dir='ltr'><strong>disposite</strong></span> <span class='ocrx_word' id='word_1_720' title='bbox 1844 5873 2032 5937; x_wconf 62' lang='lat' dir='ltr'><strong>vixisse</strong></span> 
     </span>
    </p>
   </div>
   <div class='ocr_carea' id='block_1_102' title="bbox 1933 5943 2120 5999">
    <p class='ocr_par' dir='ltr' id='par_1_102' title="bbox 1933 5943 2120 5999">
     <span class='ocr_line' id='line_1_102' title="bbox 1933 5943 2120 5999; baseline 0.011 -9"><span class='ocrx_word' id='word_1_721' title='bbox 1933 5943 2120 5999; x_wconf 53' lang='lat' dir='ltr'><strong>~a1,</strong></span> 
     </span>
    </p>
   </div>
   <div class='ocr_carea' id='block_1_103' title="bbox 2130 3317 3720 3390">
    <p class='ocr_par' dir='ltr' id='par_1_103' title="bbox 2130 3317 3720 3390">
     <span class='ocr_line' id='line_1_103' title="bbox 2130 3317 3720 3390; baseline -0.001 -20"><span class='ocrx_word' id='word_1_722' title='bbox 2130 3335 2276 3390; x_wconf 66' lang='lat' dir='ltr'><strong>metu,</strong></span> <span class='ocrx_word' id='word_1_723' title='bbox 2302 3330 2347 3372; x_wconf 86' lang='lat' dir='ltr'><strong>et</strong></span> <span class='ocrx_word' id='word_1_724' title='bbox 2371 3319 2656 3373; x_wconf 86' lang='lat' dir='ltr'><strong>devotionis</strong></span> <span class='ocrx_word' id='word_1_725' title='bbox 2684 3321 2876 3390; x_wconf 84' lang='lat' dir='ltr'><strong>inapia,</strong></span> <span class='ocrx_word' id='word_1_726' title='bbox 2899 3335 3052 3388; x_wconf 89' lang='lat' dir='ltr'><strong>quam</strong></span> <span class='ocrx_word' id='word_1_727' title='bbox 3080 3320 3272 3384; x_wconf 86' lang='lat' dir='ltr'><strong>patior.</strong></span> <span class='ocrx_word' id='word_1_728' title='bbox 3308 3318 3432 3374; x_wconf 83' lang='lat' dir='ltr'><strong>Non</strong></span> <span class='ocrx_word' id='word_1_729' title='bbox 3463 3317 3720 3390; x_wconf 79' lang='lat' dir='ltr'><strong>compungi</strong></span> 
     </span>
    </p>
   </div>
   <div class='ocr_carea' id='block_1_104' title="bbox 2129 3388 3717 3461">
    <p class='ocr_par' dir='ltr' id='par_1_104' title="bbox 2129 3388 3717 3461">
     <span class='ocr_line' id='line_1_104' title="bbox 2129 3388 3717 3461; baseline -0.002 -19"><span class='ocrx_word' id='word_1_730' title='bbox 2129 3390 2197 3442; x_wconf 91' lang='lat' dir='ltr'><strong>ad</strong></span> <span class='ocrx_word' id='word_1_731' title='bbox 2219 3388 2474 3461; x_wconf 78' lang='lat' dir='ltr'><strong>lacrymas</strong></span> <span class='ocrx_word' id='word_1_732' title='bbox 2495 3406 2643 3456; x_wconf 90' lang='lat' dir='ltr'><strong>queo,</strong></span> <span class='ocrx_word' id='word_1_733' title='bbox 2675 3388 2780 3443; x_wconf 82' lang='lat' dir='ltr'><strong>non</strong></span> <span class='ocrx_word' id='word_1_734' title='bbox 2809 3393 2943 3455; x_wconf 87' lang='lat' dir='ltr'><strong>sapit</strong></span> <span class='ocrx_word' id='word_1_735' title='bbox 2967 3391 3218 3461; x_wconf 75' lang='lat' dir='ltr'><strong>psalmus,</strong></span> <span class='ocrx_word' id='word_1_736' title='bbox 3248 3408 3354 3444; x_wconf 89' lang='lat' dir='ltr'><strong>non</strong></span> <span class='ocrx_word' id='word_1_737' title='bbox 3383 3392 3544 3459; x_wconf 67' lang='lat' dir='ltr'><strong>legere</strong></span> <span class='ocrx_word' id='word_1_738' title='bbox 3573 3388 3717 3461; x_wconf 75' lang='lat' dir='ltr'><strong>libet,</strong></span> 
     </span>
    </p>
   </div>
   <div class='ocr_carea' id='block_1_105' title="bbox 2130 3458 3721 3529">
    <p class='ocr_par' dir='ltr' id='par_1_105' title="bbox 2130 3458 3721 3529">
     <span class='ocr_line' id='line_1_105' title="bbox 2130 3458 3721 3529; baseline 0 -17"><span class='ocrx_word' id='word_1_739' title='bbox 2130 3477 2234 3514; x_wconf 90' lang='lat' dir='ltr'><strong>non</strong></span> <span class='ocrx_word' id='word_1_740' title='bbox 2255 3458 2402 3515; x_wconf 77' lang='lat' dir='ltr'><strong>orare</strong></span> <span class='ocrx_word' id='word_1_741' title='bbox 2419 3460 2657 3529; x_wconf 85' lang='lat' dir='ltr'><strong>delectat,</strong></span> <span class='ocrx_word' id='word_1_742' title='bbox 2682 3458 3034 3515; x_wconf 78' lang='lat' dir='ltr'><strong>meditationes</strong></span> <span class='ocrx_word' id='word_1_743' title='bbox 3057 3463 3233 3515; x_wconf 82' lang='lat' dir='ltr'><strong>solitas</strong></span> <span class='ocrx_word' id='word_1_744' title='bbox 3257 3478 3364 3515; x_wconf 86' lang='lat' dir='ltr'><strong>non</strong></span> <span class='ocrx_word' id='word_1_745' title='bbox 3386 3458 3617 3524; x_wconf 84' lang='lat' dir='ltr'><strong>invenio;</strong></span> <span class='ocrx_word' id='word_1_746' title='bbox 3643 3458 3721 3512; x_wconf 86' lang='lat' dir='ltr'><strong>ubi</strong></span> 
     </span>
    </p>
   </div>
   <div class='ocr_carea' id='block_1_106' title="bbox 2129 3530 3722 3601">
    <p class='ocr_par' dir='ltr' id='par_1_106' title="bbox 2129 3530 3722 3601">
     <span class='ocr_line' id='line_1_106' title="bbox 2129 3530 3722 3601; baseline -0.001 -16"><span class='ocrx_word' id='word_1_747' title='bbox 2129 3543 2202 3585; x_wconf 85' lang='lat' dir='ltr'><strong>est</strong></span> <span class='ocrx_word' id='word_1_748' title='bbox 2223 3530 2320 3586; x_wconf 90' lang='lat' dir='ltr'><strong>illa</strong></span> <span class='ocrx_word' id='word_1_749' title='bbox 2341 3533 2608 3586; x_wconf 87' lang='lat' dir='ltr'><strong>inebriatio</strong></span> <span class='ocrx_word' id='word_1_750' title='bbox 2630 3535 2879 3598; x_wconf 86' lang='lat' dir='ltr'><strong>spiritus?</strong></span> <span class='ocrx_word' id='word_1_751' title='bbox 2908 3534 2989 3584; x_wconf 88' lang='lat' dir='ltr'><strong>ubi</strong></span> <span class='ocrx_word' id='word_1_752' title='bbox 3019 3533 3200 3585; x_wconf 80' lang='lat' dir='ltr'><strong>utentis</strong></span> <span class='ocrx_word' id='word_1_753' title='bbox 3222 3535 3500 3597; x_wconf 77' lang='lat' dir='ltr'><strong>serenitas,</strong></span> <span class='ocrx_word' id='word_1_754' title='bbox 3527 3542 3571 3585; x_wconf 86' lang='lat' dir='ltr'><strong>et</strong></span> <span class='ocrx_word' id='word_1_755' title='bbox 3601 3546 3722 3601; x_wconf 79' lang='lat' dir='ltr'><strong>gau-</strong></span> 
     </span>
    </p>
   </div>
   <div class='ocr_carea' id='block_1_107' title="bbox 2131 3603 3724 3675">
    <p class='ocr_par' dir='ltr' id='par_1_107' title="bbox 2131 3603 3724 3675">
     <span class='ocr_line' id='line_1_107' title="bbox 2131 3603 3724 3675; baseline 0.001 -20"><span class='ocrx_word' id='word_1_756' title='bbox 2131 3605 2293 3668; x_wconf 88' lang='lat' dir='ltr'><strong>dium,</strong></span> <span class='ocrx_word' id='word_1_757' title='bbox 2325 3612 2373 3656; x_wconf 89' lang='lat' dir='ltr'><strong>et</strong></span> <span class='ocrx_word' id='word_1_758' title='bbox 2403 3620 2506 3671; x_wconf 72' lang='lat' dir='ltr'><strong>pax</strong></span> <span class='ocrx_word' id='word_1_759' title='bbox 2551 3606 2604 3656; x_wconf 89' lang='lat' dir='ltr'><strong>in</strong></span> <span class='ocrx_word' id='word_1_760' title='bbox 2635 3604 2836 3673; x_wconf 86' lang='lat' dir='ltr'><strong>Spiritu</strong></span> <span class='ocrx_word' id='word_1_761' title='bbox 2867 3605 3082 3658; x_wconf 81' lang='lat' dir='ltr'><strong>sancto?</strong></span> <span class='ocrx_word' id='word_1_762' title='bbox 3120 3603 3184 3656; x_wconf 85' lang='lat' dir='ltr'><strong>Et</strong></span> <span class='ocrx_word' id='word_1_763' title='bbox 3221 3603 3365 3658; x_wconf 76' lang='lat' dir='ltr'><strong>infra</strong></span> <span class='ocrx_word' id='word_1_764' title='bbox 3399 3622 3410 3656; x_wconf 91' lang='lat'>:</span> <span class='ocrx_word' id='word_1_765' title='bbox 3447 3605 3724 3675; x_wconf 62' lang='lat' dir='ltr'><strong>Argumeno</strong></span> 
     </span>
    </p>
   </div>
   <div class='ocr_carea' id='block_1_108' title="bbox 2133 3675 3721 3745">
    <p class='ocr_par' dir='ltr' id='par_1_108' title="bbox 2133 3675 3721 3745">
     <span class='ocr_line' id='line_1_108' title="bbox 2133 3675 3721 3745; baseline -0.001 -19"><span class='ocrx_word' id='word_1_766' title='bbox 2133 3686 2259 3741; x_wconf 89' lang='lat' dir='ltr'><strong>tum,</strong></span> <span class='ocrx_word' id='word_1_767' title='bbox 2294 3675 2494 3740; x_wconf 83' lang='lat' dir='ltr'><strong>inquit,</strong></span> <span class='ocrx_word' id='word_1_768' title='bbox 2523 3676 2775 3742; x_wconf 70' lang='lat' dir='ltr'><strong>superbia</strong></span> <span class='ocrx_word' id='word_1_769' title='bbox 2803 3685 2880 3728; x_wconf 84' lang='lat' dir='ltr'><strong>est</strong></span> <span class='ocrx_word' id='word_1_770' title='bbox 2903 3675 3124 3745; x_wconf 81' lang='lat' dir='ltr'><strong>privatio</strong></span> <span class='ocrx_word' id='word_1_771' title='bbox 3147 3677 3356 3744; x_wconf 72' lang='lat' dir='ltr'><strong>gratim.</strong></span> <span class='ocrx_word' id='word_1_772' title='bbox 3407 3675 3721 3741; x_wconf 79' lang='lat' dir='ltr'><strong>Quamquam</strong></span> 
     </span>
    </p>
   </div>
   <div class='ocr_carea' id='block_1_109' title="bbox 2132 3745 3719 3816">
    <p class='ocr_par' dir='ltr' id='par_1_109' title="bbox 2132 3745 3719 3816">
     <span class='ocr_line' id='line_1_109' title="bbox 2132 3745 3719 3816; baseline -0.002 -19"><span class='ocrx_word' id='word_1_773' title='bbox 2132 3746 2388 3798; x_wconf 87' lang='lat' dir='ltr'><strong>interdum</strong></span> <span class='ocrx_word' id='word_1_774' title='bbox 2433 3745 2756 3799; x_wconf 83' lang='lat' dir='ltr'><strong>subtrahitur</strong></span> <span class='ocrx_word' id='word_1_775' title='bbox 2788 3748 2986 3816; x_wconf 87' lang='lat' dir='ltr'><strong>gratia,</strong></span> <span class='ocrx_word' id='word_1_776' title='bbox 3029 3746 3132 3799; x_wconf 83' lang='lat' dir='ltr'><strong>sire</strong></span> <span class='ocrx_word' id='word_1_777' title='bbox 3170 3745 3482 3809; x_wconf 86' lang='lat' dir='ltr'><strong>retrahitur,</strong></span> <span class='ocrx_word' id='word_1_778' title='bbox 3511 3762 3606 3816; x_wconf 87' lang='lat' dir='ltr'><strong>non</strong></span> <span class='ocrx_word' id='word_1_779' title='bbox 3635 3758 3719 3809; x_wconf 82' lang='lat' dir='ltr'><strong>pro</strong></span> 
     </span>
    </p>
   </div>
   <div class='ocr_carea' id='block_1_110' title="bbox 2134 3815 3721 3886">
    <p class='ocr_par' dir='ltr' id='par_1_110' title="bbox 2134 3815 3721 3886">
     <span class='ocr_line' id='line_1_110' title="bbox 2134 3815 3721 3886; baseline -0.001 -17"><span class='ocrx_word' id='word_1_780' title='bbox 2134 3818 2394 3884; x_wconf 87' lang='lat' dir='ltr'><strong>superbia,</strong></span> <span class='ocrx_word' id='word_1_781' title='bbox 2426 3831 2539 3884; x_wconf 65' lang='lat' dir='ltr'><strong>quia</strong></span> <span class='ocrx_word' id='word_1_782' title='bbox 2556 3818 2667 3885; x_wconf 86' lang='lat' dir='ltr'><strong>jam</strong></span> <span class='ocrx_word' id='word_1_783' title='bbox 2696 3815 2906 3880; x_wconf 24' lang='lat' dir='ltr'><strong>est,’sed</strong></span> <span class='ocrx_word' id='word_1_784' title='bbox 2941 3833 3052 3886; x_wconf 73' lang='lat' dir='ltr'><strong>qua:</strong></span> <span class='ocrx_word' id='word_1_785' title='bbox 3081 3817 3256 3886; x_wconf 78' lang='lat' dir='ltr'><strong>futura</strong></span> <span class='ocrx_word' id='word_1_786' title='bbox 3291 3827 3368 3870; x_wconf 89' lang='lat' dir='ltr'><strong>est</strong></span> <span class='ocrx_word' id='word_1_787' title='bbox 3399 3817 3501 3870; x_wconf 89' lang='lat' dir='ltr'><strong>nisi</strong></span> <span class='ocrx_word' id='word_1_788' title='bbox 3529 3815 3721 3870; x_wconf 78' lang='lat' dir='ltr'><strong>subtra-</strong></span> 
     </span>
    </p>
   </div>
   <div class='ocr_carea' id='block_1_111' title="bbox 2133 3885 3718 3957">
    <p class='ocr_par' dir='ltr' id='par_1_111' title="bbox 2133 3885 3718 3957">
     <span class='ocr_line' id='line_1_111' title="bbox 2133 3885 3718 3957; baseline 0 -20"><span class='ocrx_word' id='word_1_789' title='bbox 2133 3885 2310 3940; x_wconf 88' lang='lat' dir='ltr'><strong>hatur.</strong></span> <span class='ocrx_word' id='word_1_790' title='bbox 2355 3886 2530 3940; x_wconf 82' lang='lat' dir='ltr'><strong>Habes</strong></span> <span class='ocrx_word' id='word_1_791' title='bbox 2561 3889 2713 3957; x_wconf 82' lang='lat' dir='ltr'><strong>hujus</strong></span> <span class='ocrx_word' id='word_1_792' title='bbox 2750 3889 2826 3941; x_wconf 87' lang='lat' dir='ltr'><strong>rei</strong></span> <span class='ocrx_word' id='word_1_793' title='bbox 2851 3889 3058 3942; x_wconf 86' lang='lat' dir='ltr'><strong>evidens</strong></span> <span class='ocrx_word' id='word_1_794' title='bbox 3084 3885 3462 3941; x_wconf 84' lang='lat' dir='ltr'><strong>documentum</strong></span> <span class='ocrx_word' id='word_1_795' title='bbox 3499 3889 3550 3941; x_wconf 90' lang='lat' dir='ltr'><strong>in</strong></span> <span class='ocrx_word' id='word_1_796' title='bbox 3589 3888 3718 3953; x_wconf 79' lang='lat' dir='ltr'><strong>Apo-</strong></span> 
     </span>
    </p>
   </div>
   <div class='ocr_carea' id='block_1_112' title="bbox 2135 3958 3721 4026">
    <p class='ocr_par' dir='ltr' id='par_1_112' title="bbox 2135 3958 3721 4026">
     <span class='ocr_line' id='line_1_112' title="bbox 2135 3958 3721 4026; baseline -0.001 -17"><span class='ocrx_word' id='word_1_797' title='bbox 2135 3959 2290 4023; x_wconf 86' lang='lat' dir='ltr'><strong>stolo,</strong></span> <span class='ocrx_word' id='word_1_798' title='bbox 2322 3959 2409 4026; x_wconf 90' lang='lat' dir='ltr'><strong>qui</strong></span> <span class='ocrx_word' id='word_1_799' title='bbox 2436 3960 2666 4011; x_wconf 82' lang='lat' dir='ltr'><strong>stimulos</strong></span> <span class='ocrx_word' id='word_1_800' title='bbox 2711 3960 2880 4011; x_wconf 87' lang='lat' dir='ltr'><strong>carnis</strong></span> <span class='ocrx_word' id='word_1_801' title='bbox 2910 3974 3018 4012; x_wconf 70' lang='lat' dir='ltr'><strong>suae</strong></span> <span class='ocrx_word' id='word_1_802' title='bbox 3044 3958 3332 4012; x_wconf 87' lang='lat' dir='ltr'><strong>sustinebat</strong></span> <span class='ocrx_word' id='word_1_803' title='bbox 3367 3959 3589 4018; x_wconf 84' lang='lat' dir='ltr'><strong>invitus,</strong></span> <span class='ocrx_word' id='word_1_804' title='bbox 3629 3969 3721 4008; x_wconf 77' lang='lat' dir='ltr'><strong>non</strong></span> 
     </span>
    </p>
   </div>
   <div class='ocr_carea' id='block_1_113' title="bbox 2136 4027 3726 4097">
    <p class='ocr_par' dir='ltr' id='par_1_113' title="bbox 2136 4027 3726 4097">
     <span class='ocr_line' id='line_1_113' title="bbox 2136 4027 3726 4097; baseline 0 -18"><span class='ocrx_word' id='word_1_805' title='bbox 2136 4029 2259 4097; x_wconf 88' lang='lat' dir='ltr'><strong>quia</strong></span> <span class='ocrx_word' id='word_1_806' title='bbox 2296 4028 2629 4082; x_wconf 74' lang='lat' dir='ltr'><strong>extolleretur</strong></span> <span class='ocrx_word' id='word_1_807' title='bbox 2655 4072 2668 4092; x_wconf 93' lang='lat'><strong>,</strong></span> <span class='ocrx_word' id='word_1_808' title='bbox 2710 4030 2802 4082; x_wconf 88' lang='lat' dir='ltr'><strong>sed</strong></span> <span class='ocrx_word' id='word_1_809' title='bbox 2839 4045 2901 4083; x_wconf 91' lang='lat' dir='ltr'><strong>ne</strong></span> <span class='ocrx_word' id='word_1_810' title='bbox 2931 4027 3287 4083; x_wconf 66' lang='lat' dir='ltr'><strong>attolleretur.</strong></span> <span class='ocrx_word' id='word_1_811' title='bbox 3335 4030 3443 4084; x_wconf 80' lang='lat' dir='ltr'><strong>Sed</strong></span> <span class='ocrx_word' id='word_1_812' title='bbox 3485 4031 3588 4083; x_wconf 86' lang='lat' dir='ltr'><strong>sive</strong></span> <span class='ocrx_word' id='word_1_813' title='bbox 3618 4029 3726 4096; x_wconf 76' lang='lat' dir='ltr'><strong>jam</strong></span> 
     </span>
    </p>
   </div>
   <div class='ocr_carea' id='block_1_114' title="bbox 2139 4099 3723 4171">
    <p class='ocr_par' dir='ltr' id='par_1_114' title="bbox 2139 4099 3723 4171">
     <span class='ocr_line' id='line_1_114' title="bbox 2139 4099 3723 4171; baseline -0.001 -20"><span class='ocrx_word' id='word_1_814' title='bbox 2139 4099 2386 4171; x_wconf 73' lang='lat' dir='ltr'><strong>existens,</strong></span> <span class='ocrx_word' id='word_1_815' title='bbox 2420 4102 2522 4152; x_wconf 88' lang='lat' dir='ltr'><strong>sive</strong></span> <span class='ocrx_word' id='word_1_816' title='bbox 2561 4100 2816 4165; x_wconf 90' lang='lat' dir='ltr'><strong>nondum,</strong></span> <span class='ocrx_word' id='word_1_817' title='bbox 2859 4100 3098 4168; x_wconf 76' lang='lat' dir='ltr'><strong>superbia</strong></span> <span class='ocrx_word' id='word_1_818' title='bbox 3137 4109 3312 4154; x_wconf 83' lang='lat' dir='ltr'><strong>tamen</strong></span> <span class='ocrx_word' id='word_1_819' title='bbox 3352 4116 3552 4171; x_wconf 83' lang='lat' dir='ltr'><strong>semper</strong></span> <span class='ocrx_word' id='word_1_820' title='bbox 3579 4111 3723 4151; x_wconf 74' lang='lat' dir='ltr'><strong>causa</strong></span> 
     </span>
    </p>
   </div>
   <div class='ocr_carea' id='block_1_115' title="bbox 2140 4169 2765 4239">
    <p class='ocr_par' dir='ltr' id='par_1_115' title="bbox 2140 4169 2765 4239">
     <span class='ocr_line' id='line_1_115' title="bbox 2140 4169 2765 4239; baseline 0 -17"><span class='ocrx_word' id='word_1_821' title='bbox 2140 4169 2238 4222; x_wconf 92' lang='lat' dir='ltr'><strong>erit</strong></span> <span class='ocrx_word' id='word_1_822' title='bbox 2263 4170 2538 4223; x_wconf 77' lang='lat' dir='ltr'><strong>subtracta.-</strong></span> <span class='ocrx_word' id='word_1_823' title='bbox 2567 4175 2765 4239; x_wconf 66' lang='lat' dir='ltr'><strong>gratiae.</strong></span> 
     </span>
    </p>
   </div>
   <div class='ocr_carea' id='block_1_116' title="bbox 2218 4239 3726 4310">
    <p class='ocr_par' dir='ltr' id='par_1_116' title="bbox 2218 4239 3726 4310">
     <span class='ocr_line' id='line_1_116' title="bbox 2218 4239 3726 4310; baseline -0.001 -16"><span class='ocrx_word' id='word_1_824' title='bbox 2218 4249 2241 4278; x_wconf 83' lang='lat'><strong><em>°</em></strong></span> <span class='ocrx_word' id='word_1_825' title='bbox 2287 4240 2343 4294; x_wconf 92' lang='lat' dir='ltr'><strong>lu</strong></span> <span class='ocrx_word' id='word_1_826' title='bbox 2389 4255 2486 4294; x_wconf 91' lang='lat' dir='ltr'><strong>suo</strong></span> <span class='ocrx_word' id='word_1_827' title='bbox 2531 4252 2587 4295; x_wconf 89' lang='lat' dir='ltr'><strong>et</strong></span> <span class='ocrx_word' id='word_1_828' title='bbox 2631 4243 2861 4295; x_wconf 87' lang='lat' dir='ltr'><strong>aliorum</strong></span> <span class='ocrx_word' id='word_1_829' title='bbox 2910 4243 3284 4310; x_wconf 78' lang='lat' dir='ltr'><strong>experimento</strong></span> <span class='ocrx_word' id='word_1_830' title='bbox 3334 4240 3618 4297; x_wconf 81' lang='lat' dir='ltr'><strong>conﬁrmat</strong></span> <span class='ocrx_word' id='word_1_831' title='bbox 3666 4239 3726 4294; x_wconf 89' lang='lat' dir='ltr'><strong>D.</strong></span> 
     </span>
    </p>
   </div>
   <div class='ocr_carea' id='block_1_117' title="bbox 2141 4310 3720 4380">
    <p class='ocr_par' dir='ltr' id='par_1_117' title="bbox 2141 4310 3720 4380">
     <span class='ocr_line' id='line_1_117' title="bbox 2141 4310 3720 4380; baseline 0 -16"><span class='ocrx_word' id='word_1_832' title='bbox 2141 4310 2446 4366; x_wconf 87' lang='lat' dir='ltr'><strong>Bernardus</strong></span> <span class='ocrx_word' id='word_1_833' title='bbox 2473 4313 2666 4380; x_wconf 82' lang='lat' dir='ltr'><strong>(Serm.</strong></span> <span class='ocrx_word' id='word_1_834' title='bbox 2693 4314 2725 4367; x_wconf 88' lang='lat'><strong>9</strong></span> <span class='ocrx_word' id='word_1_835' title='bbox 2749 4314 2801 4365; x_wconf 89' lang='lat' dir='ltr'><strong>in</strong></span> <span class='ocrx_word' id='word_1_836' title='bbox 2835 4311 3068 4378; x_wconf 82' lang='lat' dir='ltr'><strong>Cantica)</strong></span> <span class='ocrx_word' id='word_1_837' title='bbox 3098 4331 3110 4366; x_wconf 92' lang='lat'><strong>:</strong></span> <span class='ocrx_word' id='word_1_838' title='bbox 3144 4313 3344 4379; x_wconf 81' lang='lat' dir='ltr'><strong>Quibus</strong></span> <span class='ocrx_word' id='word_1_839' title='bbox 3374 4313 3604 4366; x_wconf 84' lang='lat' dir='ltr'><strong>studium</strong></span> <span class='ocrx_word' id='word_1_840' title='bbox 3632 4321 3720 4374; x_wconf 86' lang='lat' dir='ltr'><strong>est,</strong></span> 
     </span>
    </p>
   </div>
   <div class='ocr_carea' id='block_1_118' title="bbox 2140 4382 3728 4453">
    <p class='ocr_par' dir='ltr' id='par_1_118' title="bbox 2140 4382 3728 4453">
     <span class='ocr_line' id='line_1_118' title="bbox 2140 4382 3728 4453; baseline 0.001 -18"><span class='ocrx_word' id='word_1_841' title='bbox 2140 4382 2334 4451; x_wconf 87' lang='lat' dir='ltr'><strong>inquit,</strong></span> <span class='ocrx_word' id='word_1_842' title='bbox 2355 4400 2523 4446; x_wconf 88' lang='lat' dir='ltr'><strong>orare,</strong></span> <span class='ocrx_word' id='word_1_843' title='bbox 2544 4385 2829 4453; x_wconf 78' lang='lat' dir='ltr'><strong>frequenter</strong></span> <span class='ocrx_word' id='word_1_844' title='bbox 2857 4386 3054 4449; x_wconf 73' lang='lat' dir='ltr'><strong>experti</strong></span> <span class='ocrx_word' id='word_1_845' title='bbox 3089 4395 3205 4440; x_wconf 90' lang='lat' dir='ltr'><strong>sunt</strong></span> <span class='ocrx_word' id='word_1_846' title='bbox 3241 4387 3382 4452; x_wconf 89' lang='lat' dir='ltr'><strong>quod</strong></span> <span class='ocrx_word' id='word_1_847' title='bbox 3423 4387 3558 4438; x_wconf 86' lang='lat' dir='ltr'><strong>dico.</strong></span> <span class='ocrx_word' id='word_1_848' title='bbox 3583 4383 3728 4448; x_wconf 68' lang='lat' dir='ltr'><strong>Step0</strong></span> 
     </span>
    </p>
   </div>
   <div class='ocr_carea' id='block_1_119' title="bbox 2142 4453 3726 4522">
    <p class='ocr_par' dir='ltr' id='par_1_119' title="bbox 2142 4453 3726 4522">
     <span class='ocr_line' id='line_1_119' title="bbox 2142 4453 3726 4522; baseline 0.001 -17"><span class='ocrx_word' id='word_1_849' title='bbox 2142 4453 2295 4508; x_wconf 89' lang='lat' dir='ltr'><strong>corde</strong></span> <span class='ocrx_word' id='word_1_850' title='bbox 2323 4456 2494 4522; x_wconf 90' lang='lat' dir='ltr'><strong>tepido</strong></span> <span class='ocrx_word' id='word_1_851' title='bbox 2521 4464 2565 4508; x_wconf 89' lang='lat' dir='ltr'><strong>et</strong></span> <span class='ocrx_word' id='word_1_852' title='bbox 2594 4457 2743 4508; x_wconf 88' lang='lat' dir='ltr'><strong>arido</strong></span> <span class='ocrx_word' id='word_1_853' title='bbox 2771 4456 3057 4510; x_wconf 87' lang='lat' dir='ltr'><strong>accedimus</strong></span> <span class='ocrx_word' id='word_1_854' title='bbox 3084 4457 3153 4507; x_wconf 91' lang='lat' dir='ltr'><strong>ad</strong></span> <span class='ocrx_word' id='word_1_855' title='bbox 3177 4456 3371 4514; x_wconf 85' lang='lat' dir='ltr'><strong>altare.</strong></span> <span class='ocrx_word' id='word_1_856' title='bbox 3398 4455 3618 4507; x_wconf 85' lang='lat' dir='ltr'><strong>orationi</strong></span> <span class='ocrx_word' id='word_1_857' title='bbox 3652 4454 3726 4506; x_wconf 82' lang='lat' dir='ltr'><strong>in-</strong></span> 
     </span>
    </p>
   </div>
   <div class='ocr_carea' id='block_1_120' title="bbox 2142 4524 3726 4594">
    <p class='ocr_par' dir='ltr' id='par_1_120' title="bbox 2142 4524 3726 4594">
     <span class='ocr_line' id='line_1_120' title="bbox 2142 4524 3726 4594; baseline 0 -19"><span class='ocrx_word' id='word_1_858' title='bbox 2142 4525 2460 4590; x_wconf 87' lang='lat' dir='ltr'><strong>cumbimus;</strong></span> <span class='ocrx_word' id='word_1_859' title='bbox 2521 4526 2903 4592; x_wconf 86' lang='lat' dir='ltr'><strong>persistentibus</strong></span> <span class='ocrx_word' id='word_1_860' title='bbox 2957 4536 3130 4578; x_wconf 89' lang='lat' dir='ltr'><strong>autem</strong></span> <span class='ocrx_word' id='word_1_861' title='bbox 3177 4536 3390 4591; x_wconf 85' lang='lat' dir='ltr'><strong>repente</strong></span> <span class='ocrx_word' id='word_1_862' title='bbox 3439 4524 3726 4594; x_wconf 80' lang='lat' dir='ltr'><strong>infunditur</strong></span> 
     </span>
    </p>
   </div>
   <div class='ocr_carea' id='block_1_121' title="bbox 2144 4595 3727 4677">
    <p class='ocr_par' dir='ltr' id='par_1_121' title="bbox 2144 4595 3727 4677">
     <span class='ocr_line' id='line_1_121' title="bbox 2144 4595 3727 4677; baseline 0.001 -29"><span class='ocrx_word' id='word_1_863' title='bbox 2144 4597 2332 4677; x_wconf 69' lang='lat' dir='ltr'><strong>gratia,</strong></span> <span class='ocrx_word' id='word_1_864' title='bbox 2369 4597 2652 4677; x_wconf 73' lang='lat' dir='ltr'><strong>pinguescit</strong></span> <span class='ocrx_word' id='word_1_865' title='bbox 2684 4607 2876 4677; x_wconf 86' lang='lat' dir='ltr'><strong>pectus,</strong></span> <span class='ocrx_word' id='word_1_866' title='bbox 2908 4595 3066 4677; x_wconf 78' lang='lat' dir='ltr'><strong>replet</strong></span> <span class='ocrx_word' id='word_1_867' title='bbox 3094 4598 3285 4650; x_wconf 83' lang='lat' dir='ltr'><strong>viscera</strong></span> <span class='ocrx_word' id='word_1_868' title='bbox 3313 4597 3592 4677; x_wconf 77' lang='lat' dir='ltr'><strong>inundatio</strong></span> <span class='ocrx_word' id='word_1_869' title='bbox 3621 4596 3727 4677; x_wconf 47' lang='lat' dir='ltr'><strong>pice</strong></span> 
     </span>
    </p>
   </div>
   <div class='ocr_carea' id='block_1_122' title="bbox 2143 4666 3727 4736">
    <p class='ocr_par' dir='ltr' id='par_1_122' title="bbox 2143 4666 3727 4736">
     <span class='ocr_line' id='line_1_122' title="bbox 2143 4666 3727 4736; baseline -0.001 -17"><span class='ocrx_word' id='word_1_870' title='bbox 2143 4667 2294 4732; x_wconf 87' lang='lat' dir='ltr'><strong>tatis;</strong></span> <span class='ocrx_word' id='word_1_871' title='bbox 2339 4678 2386 4720; x_wconf 86' lang='lat' dir='ltr'><strong>et</strong></span> <span class='ocrx_word' id='word_1_872' title='bbox 2426 4666 2470 4721; x_wconf 92' lang='lat' dir='ltr'><strong>si</strong></span> <span class='ocrx_word' id='word_1_873' title='bbox 2513 4668 2577 4720; x_wconf 84' lang='lat' dir='ltr'><strong>sit</strong></span> <span class='ocrx_word' id='word_1_874' title='bbox 2617 4670 2704 4736; x_wconf 91' lang='lat' dir='ltr'><strong>qui</strong></span> <span class='ocrx_word' id='word_1_875' title='bbox 2747 4680 2963 4736; x_wconf 87' lang='lat' dir='ltr'><strong>premat,</strong></span> <span class='ocrx_word' id='word_1_876' title='bbox 3017 4669 3098 4720; x_wconf 92' lang='lat' dir='ltr'><strong>lac</strong></span> <span class='ocrx_word' id='word_1_877' title='bbox 3137 4678 3402 4734; x_wconf 70' lang='lat' dir='ltr'><strong>concepte</strong></span> <span class='ocrx_word' id='word_1_878' title='bbox 3450 4666 3727 4720; x_wconf 85' lang='lat' dir='ltr'><strong>dulcedinis</strong></span> 
     </span>
    </p>
   </div>
   <div class='ocr_carea' id='block_1_123' title="bbox 2143 4737 3728 4807">
    <p class='ocr_par' dir='ltr' id='par_1_123' title="bbox 2143 4737 3728 4807">
     <span class='ocr_line' id='line_1_123' title="bbox 2143 4737 3728 4807; baseline -0.001 -17"><span class='ocrx_word' id='word_1_879' title='bbox 2143 4737 2363 4790; x_wconf 83' lang='lat' dir='ltr'><strong>ubertim</strong></span> <span class='ocrx_word' id='word_1_880' title='bbox 2407 4738 2622 4806; x_wconf 80' lang='lat' dir='ltr'><strong>fundere</strong></span> <span class='ocrx_word' id='word_1_881' title='bbox 2662 4755 2764 4790; x_wconf 89' lang='lat' dir='ltr'><strong>non</strong></span> <span class='ocrx_word' id='word_1_882' title='bbox 2817 4738 3109 4791; x_wconf 78' lang='lat' dir='ltr'><strong>tardabant.</strong></span> <span class='ocrx_word' id='word_1_883' title='bbox 3156 4737 3302 4790; x_wconf 88' lang='lat' dir='ltr'><strong>ldetn</strong></span> <span class='ocrx_word' id='word_1_884' title='bbox 3335 4739 3465 4791; x_wconf 85' lang='lat' dir='ltr'><strong>alibi</strong></span> <span class='ocrx_word' id='word_1_885' title='bbox 3519 4738 3728 4807; x_wconf 70' lang='lat' dir='ltr'><strong>(nempe</strong></span> 
     </span>
    </p>
   </div>
   <div class='ocr_carea' id='block_1_124' title="bbox 2147 4807 3730 4878">
    <p class='ocr_par' dir='ltr' id='par_1_124' title="bbox 2147 4807 3730 4878">
     <span class='ocr_line' id='line_1_124' title="bbox 2147 4807 3730 4878; baseline -0.003 -15"><span class='ocrx_word' id='word_1_886' title='bbox 2147 4807 2317 4863; x_wconf 80' lang='lat' dir='ltr'><strong>Serm.</strong></span> <span class='ocrx_word' id='word_1_887' title='bbox 2349 4807 2418 4860; x_wconf 70' lang='lat'><strong>2‘2</strong></span> <span class='ocrx_word' id='word_1_888' title='bbox 2447 4811 2497 4862; x_wconf 90' lang='lat' dir='ltr'><strong>in</strong></span> <span class='ocrx_word' id='word_1_889' title='bbox 2527 4808 2763 4878; x_wconf 86' lang='lat' dir='ltr'><strong>Cantica)</strong></span> <span class='ocrx_word' id='word_1_890' title='bbox 2793 4810 2843 4861; x_wconf 91' lang='lat' dir='ltr'><strong>in</strong></span> <span class='ocrx_word' id='word_1_891' title='bbox 2874 4809 3136 4878; x_wconf 84' lang='lat' dir='ltr'><strong>ejusmodi</strong></span> <span class='ocrx_word' id='word_1_892' title='bbox 3164 4810 3438 4862; x_wconf 71' lang='lat' dir='ltr'><strong>anxietate</strong></span> <span class='ocrx_word' id='word_1_893' title='bbox 3469 4808 3730 4878; x_wconf 64' lang='grc' dir='ltr'><strong>εουειίιιιτ</strong></span> 
     </span>
    </p>
   </div>
   <div class='ocr_carea' id='block_1_125' title="bbox 2144 4875 3729 4943">
    <p class='ocr_par' dir='ltr' id='par_1_125' title="bbox 2144 4875 3729 4943">
     <span class='ocr_line' id='line_1_125' title="bbox 2144 4875 3729 4943; baseline -0.003 -10"><span class='ocrx_word' id='word_1_894' title='bbox 2144 4881 2234 4943; x_wconf 90' lang='lat' dir='ltr'><strong>tis,</strong></span> <span class='ocrx_word' id='word_1_895' title='bbox 2272 4881 2371 4932; x_wconf 89' lang='lat' dir='ltr'><strong>hoc</strong></span> <span class='ocrx_word' id='word_1_896' title='bbox 2403 4879 2605 4942; x_wconf 68' lang='lat' dir='ltr'><strong>praebet</strong></span> <span class='ocrx_word' id='word_1_897' title='bbox 2631 4875 2917 4934; x_wconf 56' lang='lat' dir='ltr'><strong>conéilium&#39;</strong></span> <span class='ocrx_word' id='word_1_898' title='bbox 2948 4897 2959 4930; x_wconf 92' lang='lat'><strong>:</strong></span> <span class='ocrx_word' id='word_1_899' title='bbox 2996 4879 3056 4932; x_wconf 86' lang='lat' dir='ltr'><strong>Si</strong></span> <span class='ocrx_word' id='word_1_900' title='bbox 3087 4887 3132 4931; x_wconf 89' lang='lat' dir='ltr'><strong>te</strong></span> <span class='ocrx_word' id='word_1_901' title='bbox 3165 4890 3395 4943; x_wconf 86' lang='lat' dir='ltr'><strong>torpore,</strong></span> <span class='ocrx_word' id='word_1_902' title='bbox 3427 4877 3626 4937; x_wconf 88' lang='lat' dir='ltr'><strong>acedia,</strong></span> <span class='ocrx_word' id='word_1_903' title='bbox 3655 4875 3729 4929; x_wconf 80' lang='lat' dir='ltr'><strong>vel</strong></span> 
     </span>
    </p>
   </div>
   <div class='ocr_carea' id='block_1_126' title="bbox 2147 4947 3730 5019">
    <p class='ocr_par' dir='ltr' id='par_1_126' title="bbox 2147 4947 3730 5019">
     <span class='ocr_line' id='line_1_126' title="bbox 2147 4947 3730 5019; baseline -0.002 -17"><span class='ocrx_word' id='word_1_904' title='bbox 2147 4950 2298 5003; x_wconf 76' lang='lat' dir='ltr'><strong>twdio</strong></span> <span class='ocrx_word' id='word_1_905' title='bbox 2338 4949 2471 5019; x_wconf 67' lang='lat' dir='ltr'><strong>offici</strong></span> <span class='ocrx_word' id='word_1_906' title='bbox 2514 4951 2671 5002; x_wconf 85' lang='lat' dir='ltr'><strong>sentis</strong></span> <span class='ocrx_word' id='word_1_907' title='bbox 2695 4990 2709 5013; x_wconf 92' lang='lat'><strong>,</strong></span> <span class='ocrx_word' id='word_1_908' title='bbox 2747 4950 2854 5004; x_wconf 90' lang='lat' dir='ltr'><strong>noli</strong></span> <span class='ocrx_word' id='word_1_909' title='bbox 2883 4960 3150 5018; x_wconf 87' lang='lat' dir='ltr'><strong>propterea</strong></span> <span class='ocrx_word' id='word_1_910' title='bbox 3182 4948 3444 5018; x_wconf 61' lang='lat' dir='ltr'><strong>diffidere,</strong></span> <span class='ocrx_word' id='word_1_911' title='bbox 3477 4959 3567 5002; x_wconf 90' lang='lat' dir='ltr'><strong>aut</strong></span> <span class='ocrx_word' id='word_1_912' title='bbox 3603 4947 3730 5002; x_wconf 86' lang='lat' dir='ltr'><strong>desi—</strong></span> 
     </span>
    </p>
   </div>
   <div class='ocr_carea' id='block_1_127' title="bbox 2143 5021 3727 5090">
    <p class='ocr_par' dir='ltr' id='par_1_127' title="bbox 2143 5021 3727 5090">
     <span class='ocr_line' id='line_1_127' title="bbox 2143 5021 3727 5090; baseline -0.001 -17"><span class='ocrx_word' id='word_1_913' title='bbox 2143 5031 2275 5074; x_wconf 80' lang='lat' dir='ltr'><strong>stere</strong></span> <span class='ocrx_word' id='word_1_914' title='bbox 2302 5037 2335 5072; x_wconf 91' lang='lat' dir='ltr'><strong>a</strong></span> <span class='ocrx_word' id='word_1_915' title='bbox 2364 5021 2532 5073; x_wconf 86' lang='lat' dir='ltr'><strong>studio</strong></span> <span class='ocrx_word' id='word_1_916' title='bbox 2560 5021 2822 5090; x_wconf 85' lang='lat' dir='ltr'><strong>spirituali</strong></span> <span class='ocrx_word' id='word_1_917' title='bbox 2842 5037 2862 5086; x_wconf 89' lang='lat'><strong><em>;</em></strong></span> <span class='ocrx_word' id='word_1_918' title='bbox 2891 5024 2980 5074; x_wconf 72' lang='lat' dir='ltr'><strong>scd</strong></span> <span class='ocrx_word' id='word_1_919' title='bbox 3004 5021 3232 5090; x_wconf 84' lang='lat' dir='ltr'><strong>juvantis</strong></span> <span class='ocrx_word' id='word_1_920' title='bbox 3259 5022 3472 5090; x_wconf 85' lang='lat' dir='ltr'><strong>require</strong></span> <span class='ocrx_word' id='word_1_921' title='bbox 3503 5033 3727 5090; x_wconf 68' lang='lat' dir='ltr'><strong>manuus.</strong></span> 
     </span>
    </p>
   </div>
   <div class='ocr_carea' id='block_1_128' title="bbox 2146 5089 3732 5160">
    <p class='ocr_par' dir='ltr' id='par_1_128' title="bbox 2146 5089 3732 5160">
     <span class='ocr_line' id='line_1_128' title="bbox 2146 5089 3732 5160; baseline 0 -18"><span class='ocrx_word' id='word_1_922' title='bbox 2146 5092 2282 5145; x_wconf 87' lang='lat' dir='ltr'><strong>trahi</strong></span> <span class='ocrx_word' id='word_1_923' title='bbox 2305 5101 2351 5144; x_wconf 85' lang='lat' dir='ltr'><strong>te</strong></span> <span class='ocrx_word' id='word_1_924' title='bbox 2373 5089 2645 5145; x_wconf 84' lang='lat' dir='ltr'><strong>obsecrans</strong></span> <span class='ocrx_word' id='word_1_925' title='bbox 2669 5107 2870 5158; x_wconf 70' lang='lat' dir='ltr'><strong>sponsa</strong></span> <span class='ocrx_word' id='word_1_926' title='bbox 2891 5089 3156 5160; x_wconf 75' lang='lat' dir='ltr'><strong>exemplo;</strong></span> <span class='ocrx_word' id='word_1_927' title='bbox 3185 5089 3350 5144; x_wconf 80' lang='lat' dir='ltr'><strong>doncc</strong></span> <span class='ocrx_word' id='word_1_928' title='bbox 3378 5091 3550 5144; x_wconf 79' lang='lat' dir='ltr'><strong>denuo</strong></span> <span class='ocrx_word' id='word_1_929' title='bbox 3579 5089 3732 5144; x_wconf 86' lang='lat' dir='ltr'><strong>susci-</strong></span> 
     </span>
    </p>
   </div>
   <div class='ocr_carea' id='block_1_129' title="bbox 2145 5162 3731 5233">
    <p class='ocr_par' dir='ltr' id='par_1_129' title="bbox 2145 5162 3731 5233">
     <span class='ocr_line' id='line_1_129' title="bbox 2145 5162 3731 5233; baseline -0.001 -20"><span class='ocrx_word' id='word_1_930' title='bbox 2145 5171 2284 5215; x_wconf 86' lang='lat' dir='ltr'><strong>tantc</strong></span> <span class='ocrx_word' id='word_1_931' title='bbox 2327 5163 2494 5233; x_wconf 81' lang='lat' dir='ltr'><strong>gratia</strong></span> <span class='ocrx_word' id='word_1_932' title='bbox 2539 5163 2705 5230; x_wconf 74' lang='lat' dir='ltr'><strong>lactus</strong></span> <span class='ocrx_word' id='word_1_933' title='bbox 2748 5165 3029 5233; x_wconf 89' lang='lat' dir='ltr'><strong>promptior</strong></span> <span class='ocrx_word' id='word_1_934' title='bbox 3066 5162 3399 5228; x_wconf 65' lang='lat' dir='ltr'><strong>clariorque</strong></span> <span class='ocrx_word' id='word_1_935' title='bbox 3433 5178 3643 5226; x_wconf 83' lang='lat' dir='ltr'><strong>curras,</strong></span> <span class='ocrx_word' id='word_1_936' title='bbox 3684 5167 3731 5215; x_wconf 81' lang='lat' dir='ltr'><strong>et</strong></span> 
     </span>
    </p>
   </div>
   <div class='ocr_carea' id='block_1_130' title="bbox 2144 5232 3731 5295">
    <p class='ocr_par' dir='ltr' id='par_1_130' title="bbox 2144 5232 3731 5295">
     <span class='ocr_line' id='line_1_130' title="bbox 2144 5232 3731 5295; baseline 0 -11"><span class='ocrx_word' id='word_1_937' title='bbox 2144 5233 2331 5287; x_wconf 88' lang='lat' dir='ltr'><strong>dicas:</strong></span> <span class='ocrx_word' id='word_1_938' title='bbox 2373 5232 2516 5286; x_wconf 86' lang='lat' dir='ltr'><strong>Viam</strong></span> <span class='ocrx_word' id='word_1_939' title='bbox 2548 5232 2909 5287; x_wconf 86' lang='lat' dir='ltr'><strong>mandatorum</strong></span> <span class='ocrx_word' id='word_1_940' title='bbox 2943 5241 3149 5285; x_wconf 90' lang='lat' dir='ltr'><strong>tuorum</strong></span> <span class='ocrx_word' id='word_1_941' title='bbox 3179 5234 3414 5295; x_wconf 87' lang='lat' dir='ltr'><strong>cucurri,</strong></span> <span class='ocrx_word' id='word_1_942' title='bbox 3453 5249 3569 5286; x_wconf 88' lang='lat' dir='ltr'><strong>cum</strong></span> <span class='ocrx_word' id='word_1_943' title='bbox 3607 5233 3731 5284; x_wconf 79' lang='lat' dir='ltr'><strong>dila-</strong></span> 
     </span>
    </p>
   </div>
   <div class='ocr_carea' id='block_1_131' title="bbox 2139 5301 3726 5373">
    <p class='ocr_par' dir='ltr' id='par_1_131' title="bbox 2139 5301 3726 5373">
     <span class='ocr_line' id='line_1_131' title="bbox 2139 5301 3726 5373; baseline -0.001 -18"><span class='ocrx_word' id='word_1_944' title='bbox 2139 5305 2262 5357; x_wconf 81' lang='lat' dir='ltr'><strong>tasti</strong></span> <span class='ocrx_word' id='word_1_945' title='bbox 2309 5320 2399 5357; x_wconf 89' lang='lat' dir='ltr'><strong>cor</strong></span> <span class='ocrx_word' id='word_1_946' title='bbox 2443 5319 2635 5358; x_wconf 87' lang='lat' dir='ltr'><strong>meum.</strong></span> <span class='ocrx_word' id='word_1_947' title='bbox 2687 5304 2777 5359; x_wconf 86' lang='lat' dir='ltr'><strong>Sic</strong></span> <span class='ocrx_word' id='word_1_948' title='bbox 2818 5313 2993 5357; x_wconf 86' lang='lat' dir='ltr'><strong>autem</strong></span> <span class='ocrx_word' id='word_1_949' title='bbox 3036 5304 3284 5373; x_wconf 81' lang='lat' dir='ltr'><strong>quamdiu</strong></span> <span class='ocrx_word' id='word_1_950' title='bbox 3334 5305 3486 5358; x_wconf 86' lang='lat' dir='ltr'><strong>adest</strong></span> <span class='ocrx_word' id='word_1_951' title='bbox 3546 5301 3726 5370; x_wconf 78' lang='lat' dir='ltr'><strong>gratia,</strong></span> 
     </span>
    </p>
   </div>
   <div class='ocr_carea' id='block_1_132' title="bbox 2143 5373 3730 5443">
    <p class='ocr_par' dir='ltr' id='par_1_132' title="bbox 2143 5373 3730 5443">
     <span class='ocr_line' id='line_1_132' title="bbox 2143 5373 3730 5443; baseline -0.001 -17"><span class='ocrx_word' id='word_1_952' title='bbox 2143 5375 2398 5428; x_wconf 85' lang='lat' dir='ltr'><strong>delectare</strong></span> <span class='ocrx_word' id='word_1_953' title='bbox 2433 5376 2484 5427; x_wconf 92' lang='lat' dir='ltr'><strong>in</strong></span> <span class='ocrx_word' id='word_1_954' title='bbox 2525 5391 2585 5429; x_wconf 88' lang='lat' dir='ltr'><strong>eu</strong></span> <span class='ocrx_word' id='word_1_955' title='bbox 2609 5415 2622 5433; x_wconf 92' lang='lat'><strong>.</strong></span> <span class='ocrx_word' id='word_1_956' title='bbox 2656 5385 2711 5428; x_wconf 93' lang='lat' dir='ltr'><strong>ut</strong></span> <span class='ocrx_word' id='word_1_957' title='bbox 2752 5392 2856 5430; x_wconf 90' lang='lat' dir='ltr'><strong>non</strong></span> <span class='ocrx_word' id='word_1_958' title='bbox 2885 5385 2934 5429; x_wconf 84' lang='lat' dir='ltr'><strong>te</strong></span> <span class='ocrx_word' id='word_1_959' title='bbox 2969 5376 3223 5429; x_wconf 74' lang='lat' dir='ltr'><strong>existimes</strong></span> <span class='ocrx_word' id='word_1_960' title='bbox 3265 5375 3469 5429; x_wconf 87' lang='lat' dir='ltr'><strong>donum</strong></span> <span class='ocrx_word' id='word_1_961' title='bbox 3501 5373 3597 5428; x_wconf 81' lang='lat' dir='ltr'><strong>Dei</strong></span> <span class='ocrx_word' id='word_1_962' title='bbox 3615 5373 3730 5443; x_wconf 75' lang='lat' dir='ltr'><strong>jura</strong></span> 
     </span>
    </p>
   </div>
   <div class='ocr_carea' id='block_1_133' title="bbox 2143 5443 3726 5514">
    <p class='ocr_par' dir='ltr' id='par_1_133' title="bbox 2143 5443 3726 5514">
     <span class='ocr_line' id='line_1_133' title="bbox 2143 5443 3726 5514; baseline 0.001 -19"><span class='ocrx_word' id='word_1_963' title='bbox 2143 5443 2469 5498; x_wconf 73' lang='lat' dir='ltr'><strong>hwreditario</strong></span> <span class='ocrx_word' id='word_1_964' title='bbox 2529 5448 2786 5514; x_wconf 78' lang='lat' dir='ltr'><strong>possidere</strong></span> <span class='ocrx_word' id='word_1_965' title='bbox 2811 5489 2826 5511; x_wconf 98' lang='lat'><strong>,</strong></span> <span class='ocrx_word' id='word_1_966' title='bbox 2878 5447 2950 5500; x_wconf 90' lang='lat' dir='ltr'><strong>ita</strong></span> <span class='ocrx_word' id='word_1_967' title='bbox 3005 5445 3238 5500; x_wconf 82' lang='lat' dir='ltr'><strong>videlicet</strong></span> <span class='ocrx_word' id='word_1_968' title='bbox 3285 5461 3505 5500; x_wconf 86' lang='lat' dir='ltr'><strong>securus</strong></span> <span class='ocrx_word' id='word_1_969' title='bbox 3547 5446 3610 5498; x_wconf 83' lang='lat' dir='ltr'><strong>de</strong></span> <span class='ocrx_word' id='word_1_970' title='bbox 3651 5457 3726 5505; x_wconf 77' lang='lat' dir='ltr'><strong>eo,</strong></span> 
     </span>
    </p>
   </div>
   <div class='ocr_carea' id='block_1_134' title="bbox 2142 5515 3734 5588">
    <p class='ocr_par' dir='ltr' id='par_1_134' title="bbox 2142 5515 3734 5588">
     <span class='ocr_line' id='line_1_134' title="bbox 2142 5515 3734 5588; baseline 0 -20"><span class='ocrx_word' id='word_1_971' title='bbox 2142 5517 2290 5582; x_wconf 87' lang='lat' dir='ltr'><strong>quasi</strong></span> <span class='ocrx_word' id='word_1_972' title='bbox 2323 5533 2601 5586; x_wconf 86' lang='lat' dir='ltr'><strong>numquam</strong></span> <span class='ocrx_word' id='word_1_973' title='bbox 2628 5517 2838 5587; x_wconf 86' lang='lat' dir='ltr'><strong>perdere</strong></span> <span class='ocrx_word' id='word_1_974' title='bbox 2882 5519 3087 5588; x_wconf 84' lang='lat' dir='ltr'><strong>possis;</strong></span> <span class='ocrx_word' id='word_1_975' title='bbox 3137 5533 3200 5570; x_wconf 90' lang='lat' dir='ltr'><strong>ne</strong></span> <span class='ocrx_word' id='word_1_976' title='bbox 3240 5518 3416 5572; x_wconf 90' lang='lat' dir='ltr'><strong>subito</strong></span> <span class='ocrx_word' id='word_1_977' title='bbox 3457 5533 3574 5572; x_wconf 87' lang='lat' dir='ltr'><strong>cum</strong></span> <span class='ocrx_word' id='word_1_978' title='bbox 3603 5515 3734 5588; x_wconf 71' lang='lat' dir='ltr'><strong>forte</strong></span> 
     </span>
    </p>
   </div>
   <div class='ocr_carea' id='block_1_135' title="bbox 2145 5587 3732 5653">
    <p class='ocr_par' dir='ltr' id='par_1_135' title="bbox 2145 5587 3732 5653">
     <span class='ocr_line' id='line_1_135' title="bbox 2145 5587 3732 5653; baseline -0.002 -13"><span class='ocrx_word' id='word_1_979' title='bbox 2145 5591 2418 5643; x_wconf 70' lang='lat' dir='ltr'><strong>retraxerit</strong></span> <span class='ocrx_word' id='word_1_980' title='bbox 2457 5604 2668 5641; x_wconf 88' lang='lat' dir='ltr'><strong>manum</strong></span> <span class='ocrx_word' id='word_1_981' title='bbox 2691 5632 2704 5653; x_wconf 94' lang='lat'><strong>,</strong></span> <span class='ocrx_word' id='word_1_982' title='bbox 2746 5600 2794 5644; x_wconf 87' lang='lat' dir='ltr'><strong>et</strong></span> <span class='ocrx_word' id='word_1_983' title='bbox 2830 5587 3136 5643; x_wconf 71' lang='lat' dir='ltr'><strong>subtraxerit</strong></span> <span class='ocrx_word' id='word_1_984' title='bbox 3177 5588 3376 5643; x_wconf 87' lang='lat' dir='ltr'><strong>donum</strong></span> <span class='ocrx_word' id='word_1_985' title='bbox 3409 5632 3423 5653; x_wconf 95' lang='lat'><strong>,</strong></span> <span class='ocrx_word' id='word_1_986' title='bbox 3469 5598 3526 5643; x_wconf 89' lang='lat' dir='ltr'><strong>tu</strong></span> <span class='ocrx_word' id='word_1_987' title='bbox 3564 5587 3732 5640; x_wconf 83' lang='lat' dir='ltr'><strong>animo</strong></span> 
     </span>
    </p>
   </div>
   <div class='ocr_carea' id='block_1_136' title="bbox 2144 5655 3733 5734">
    <p class='ocr_par' dir='ltr' id='par_1_136' title="bbox 2144 5655 3733 5734">
     <span class='ocr_line' id='line_1_136' title="bbox 2144 5655 3733 5734; baseline 0.001 -22"><span class='ocrx_word' id='word_1_988' title='bbox 2144 5661 2384 5734; x_wconf 83' lang='lat' dir='ltr'><strong>concidas</strong></span> <span class='ocrx_word' id='word_1_989' title='bbox 2405 5701 2420 5724; x_wconf 95' lang='lat'><strong>,</strong></span> <span class='ocrx_word' id='word_1_990' title='bbox 2465 5671 2514 5715; x_wconf 83' lang='lat' dir='ltr'><strong>et</strong></span> <span class='ocrx_word' id='word_1_991' title='bbox 2549 5662 2742 5734; x_wconf 77' lang='lat' dir='ltr'><strong>tristior</strong></span> <span class='ocrx_word' id='word_1_992' title='bbox 2768 5676 2925 5734; x_wconf 71' lang='lat' dir='ltr'><strong>quam</strong></span> <span class='ocrx_word' id='word_1_993' title='bbox 2962 5668 3179 5734; x_wconf 80' lang='lat' dir='ltr'><strong>Oportet,</strong></span> <span class='ocrx_word' id='word_1_994' title='bbox 3212 5659 3331 5725; x_wconf 77' lang='lat' dir='ltr'><strong>ﬁas.</strong></span> <span class='ocrx_word' id='word_1_995' title='bbox 3374 5658 3532 5734; x_wconf 68' lang='lat' dir='ltr'><strong>Ergo</strong></span> <span class='ocrx_word' id='word_1_996' title='bbox 3575 5660 3625 5713; x_wconf 83' lang='lat' dir='ltr'><strong>iu</strong></span> <span class='ocrx_word' id='word_1_997' title='bbox 3652 5655 3733 5714; x_wconf 74' lang='lat' dir='ltr'><strong>die</strong></span> 
     </span>
    </p>
   </div>
   <div class='ocr_carea' id='block_1_137' title="bbox 2143 5730 3732 5798">
    <p class='ocr_par' dir='ltr' id='par_1_137' title="bbox 2143 5730 3732 5798">
     <span class='ocr_line' id='line_1_137' title="bbox 2143 5730 3732 5798; baseline -0.001 -15"><span class='ocrx_word' id='word_1_998' title='bbox 2143 5732 2345 5785; x_wconf 88' lang='lat' dir='ltr'><strong>virtutis</strong></span> <span class='ocrx_word' id='word_1_999' title='bbox 2385 5743 2489 5788; x_wconf 69' lang='lat' dir='ltr'><strong>tua</strong></span> <span class='ocrx_word' id='word_1_1000' title='bbox 2531 5733 2642 5786; x_wconf 90' lang='lat' dir='ltr'><strong>noli</strong></span> <span class='ocrx_word' id='word_1_1001' title='bbox 2669 5730 2790 5787; x_wconf 71' lang='lat' dir='ltr'><strong>esse</strong></span> <span class='ocrx_word' id='word_1_1002' title='bbox 2815 5730 3064 5798; x_wconf 80' lang='lat' dir='ltr'><strong>securus,</strong></span> <span class='ocrx_word' id='word_1_1003' title='bbox 3103 5733 3270 5786; x_wconf 85' lang='lat' dir='ltr'><strong>clama</strong></span> <span class='ocrx_word' id='word_1_1004' title='bbox 3310 5730 3384 5784; x_wconf 87' lang='lat' dir='ltr'><strong>ad</strong></span> <span class='ocrx_word' id='word_1_1005' title='bbox 3425 5730 3595 5784; x_wconf 81' lang='lat' dir='ltr'><strong>Deum</strong></span> <span class='ocrx_word' id='word_1_1006' title='bbox 3620 5742 3732 5782; x_wconf 76' lang='lat' dir='ltr'><strong>cum</strong></span> 
     </span>
    </p>
   </div>
   <div class='ocr_carea' id='block_1_138' title="bbox 2143 5800 3732 5875">
    <p class='ocr_par' dir='ltr' id='par_1_138' title="bbox 2143 5800 3732 5875">
     <span class='ocr_line' id='line_1_138' title="bbox 2143 5800 3732 5875; baseline 0.001 -20"><span class='ocrx_word' id='word_1_1007' title='bbox 2143 5800 2408 5875; x_wconf 75' lang='lat' dir='ltr'><strong>Propheta</strong></span> <span class='ocrx_word' id='word_1_1008' title='bbox 2433 5819 2454 5858; x_wconf 85' lang='lat'><strong><em>:</em></strong></span> <span class='ocrx_word' id='word_1_1009' title='bbox 2482 5800 2612 5875; x_wconf 87' lang='lat' dir='ltr'><strong>Cum</strong></span> <span class='ocrx_word' id='word_1_1010' title='bbox 2641 5805 2882 5875; x_wconf 78' lang='lat' dir='ltr'><strong>defecerit</strong></span> <span class='ocrx_word' id='word_1_1011' title='bbox 2909 5806 3075 5860; x_wconf 87' lang='lat' dir='ltr'><strong>virtus</strong></span> <span class='ocrx_word' id='word_1_1012' title='bbox 3120 5817 3252 5871; x_wconf 82' lang='lat' dir='ltr'><strong>mea,</strong></span> <span class='ocrx_word' id='word_1_1013' title='bbox 3293 5817 3361 5858; x_wconf 77' lang='lat' dir='ltr'><strong>ne</strong></span> <span class='ocrx_word' id='word_1_1014' title='bbox 3407 5800 3732 5871; x_wconf 69' lang='lat' dir='ltr'><strong>demitiqu</strong></span> 
     </span>
    </p>
   </div>
   <div class='ocr_carea' id='block_1_139' title="bbox 2144 5872 2597 5944">
    <p class='ocr_par' dir='ltr' id='par_1_139' title="bbox 2144 5872 2597 5944">
     <span class='ocr_line' id='line_1_139' title="bbox 2144 5872 2597 5944; baseline 0.013 -19"><span class='ocrx_word' id='word_1_1015' title='bbox 2144 5888 2223 5936; x_wconf 88' lang='lat' dir='ltr'><strong>me</strong></span> <span class='ocrx_word' id='word_1_1016' title='bbox 2252 5872 2407 5944; x_wconf 86' lang='lat' dir='ltr'><strong>(Psal</strong></span> <span class='ocrx_word' id='word_1_1017' title='bbox 2450 5874 2597 5940; x_wconf 68' lang='lat' dir='ltr'><strong>hu).</strong></span> 
     </span>
    </p>
   </div>
  </div>
