4012 6336
342 449 443 509 589

905 449 1245 514 COLLATIO
1283 451 1372 548 ιγ.
1402 482 1473 498 --
1501 453 1592 512 DE
1631 453 2224 517 CONCUPISCENTIA
2261 458 2514 522 GARNIS
2554 463 2641 522 ΕΤ
2679 465 3016 526 SPIRITUS.

342 565 438 636 lx).
469 565 602 635 Qua
625 566 796 638 gratia
823 583 1225 638 nonnumquam
1247 571 1551 626 econtrario
1582 573 1916 644 negligentes
1941 582 1997 643 Α
2025 575 2332 634 ﬁrmitatem
2376 582 2615 638 sentiens
2643 584 2818 640 dicam
2863 603 2876 638 :
2921 584 3122 640 Bonum
3148 584 3272 641 mihi
3295 587 3419 658 quia
3444 587 3617 646 humi-

340 676 400 717 ac
427 661 698 718 resolutos
722 661 1076 731 inspiratione
1105 664 1228 735 bac,
1260 680 1365 736 qua
1394 666 1598 732 dicitis,
1628 679 1834 734 sancta,
1865 677 1926 726 et

340 752 670 814 abundantia
713 755 1044 826 spiritalium
1092 756 1480 828 cogitationum
1538 759 1763 822 visitare
1814 774 1925 824 non

336 844 534 914 renuit,
560 845 662 904 sed
688 845 916 919 inspirat
943 849 1217 920 indignos,
1245 849 1543 912 exsuscitat
1569 850 1924 921 dormientes,

335 946 388 993 et
435 939 706 996 illuminat
745 939 1000 997 obsessos
1041 942 1358 1014 ignorantiae
1387 943 1653 1009 caecitate,
1683 943 1923 1000 clemen-

335 1039 524 1101 terque
572 1045 674 1087 nos
704 1033 882 1103 arguit
906 1042 1067 1104 atque
1093 1027 1363 1105 castigat,
1396 1035 1684 1092 infundens
1711 1052 1770 1092 se
1798 1051 1924 1092 cor-

335 1122 490 1178 dibus
519 1127 756 1198 nostris,
797 1136 855 1180 ut
880 1127 965 1181 vel
997 1127 1076 1182 sic
1105 1127 1173 1183 de
1200 1126 1410 1184 inertiae
1442 1143 1630 1185 somno
1657 1144 1923 1202 compun-

333 1215 513 1274 ctione
584 1219 754 1288 ipsius
828 1219 1066 1290 instigati
1145 1235 1474 1290 consurgere
1542 1207 1922 1292 provocemur.

334 1309 574 1378 Denique
617 1319 644 1349 ι
679 1307 989 1381 frequenter
1020 1314 1184 1367 etiam
1234 1311 1492 1368 odoribus
1522 1315 1660 1368 ultra
1705 1330 1923 1370 omnem

331 1400 664 1457 suavitatem
703 1403 1111 1472 compositionis
1147 1402 1398 1459 humana:
1419 1447 1435 1470 ,
1470 1404 1521 1460 iu
1553 1404 1638 1459 his
1669 1405 1798 1475 ipsis
1829 1419 1922 1461 su-

331 1491 444 1548 bito
481 1492 880 1551 visitationlbus
932 1494 1327 1567 adimplemur,
1380 1497 1450 1551 ita
1499 1501 1557 1552 ut
1621 1511 1774 1553 mens
1823 1497 1923 1553 bac

329 1584 701 1644 oblectatione
741 1589 980 1644 resoluta
1028 1590 1080 1644 in
1117 1590 1406 1660 quemdam
1437 1591 1657 1662 spiritus
1685 1593 1924 1662 rapiatur

329 1691 621 1735 excessum
645 1720 661 1748 ,
690 1694 857 1751 seque
885 1681 1213 1738 commorari
1240 1682 1593 1739 obliviscatur
1637 1686 1691 1740 in
1732 1699 1919 1742 carne.

948 1835 1179 1893 CAPUT
1219 1837 1307 1894 Vi.

2029 670 2167 724 liusti
2193 687 2272 725 me
2299 674 2317 740 (
2347 671 2492 730 Psal.
2521 690 2681 731 cxvnt
2703 674 2758 749 );
2789 679 2872 732 vel
2903 679 3223 735 exercitium
3249 697 3354 736 non
3386 681 3612 740 habeam

2029 764 2306 833 praeliandi
2329 781 2344 832 ,'
2379 769 2522 838 quod
2562 769 2680 825 sine
2725 769 2889 826 dubio
2933 771 3131 828 habere
3159 779 3265 829 non
3309 777 3496 845 potero
3521 820 3534 842 ,
3571 778 3616 833 si
3693 831 3698 838 ,

2026 857 2158 912 milii
2178 869 2398 928 semper
2418 870 2471 915 et
2496 861 2793 928 indisrupte
2815 857 3103 919 cohaeserit
3129 865 3390 935 protectio
3412 863 3615 921 divina.

2026 949 2312 1006 Snfl‘uitum
2333 967 2565 1025 namque
2589 970 2674 1011 me
2699 967 2785 1010 tua
2805 956 3116 1014 defensione
3137 967 3343 1014 tentare
3367 957 3616 1015 diabolus

2028 1055 2136 1094 non
2170 1043 2406 1110 audebit,
2431 1044 2565 1099 illud
2597 1047 2858 1114 objiciens
2883 1057 2940 1102 et
2963 1049 3321 1118 exprobrans,
3348 1052 3428 1104 vel
3458 1049 3616 1117 mihi,

2027 1134 2112 1189 vel
2142 1135 2268 1202 tibi,
2298 1137 2439 1207 quod
2471 1138 2736 1194 adversus
2766 1139 2996 1195 athletas
3027 1152 3147 1197 tuos
3183 1154 3205 1182 ο
3249 1145 3385 1197 solet
3413 1144 3618 1199 calum-

2028 1228 2178 1283 niosa
2201 1245 2335 1285 voce
2359 1230 2621 1300 proferre.
2648 1231 2914 1302 Numquid
2938 1235 3104 1304 gratis
3126 1232 3226 1290 Jo'b
3253 1235 3381 1290 colit
3403 1236 3572 1290 Deum
3600 1253 3614 1289 :

2029 1319 2219 1375 Nonne
2257 1332 2311 1376 tu
2349 1323 2555 1377 vallasti
2579 1341 2696 1378 eum
2720 1339 2778 1379 ac
2819 1325 3023 1380 domum
3063 1331 3195 1400 ejus,
3230 1328 3618 1398 universumque

2026 1415 2362 1468 substantiam
2410 1420 2524 1487 ejus
2561 1433 2651 1489 per
2689 1419 2961 1471 circuitum
2993 1417 3137 1486 (Job.
3170 1417 3250 1491 t)?
3297 1419 3404 1476 Sed
3451 1420 3618 1487 magis

2030 1515 2153 1574 peto
2180 1521 2247 1562 ne
2270 1522 2356 1560 me
2380 1521 2760 1578 usquequaque
2782 1509 3023 1576 deseras,
3053 1511 3193 1579 quod
3219 1512 3404 1567 Graece
3425 1510 3618 1566 dicitur

2027 1594 2052 1634 ί¹
2085 1603 2251 1674 μεχρὶ
2276 1602 2408 1676 πρὸς
2433 1603 2696 1675 ἁγαντιῑον
2715 1641 2732 1670 ,
2767 1601 2820 1657 id
2849 1612 2961 1666 est,
2993 1619 3149 1674 usque
3181 1603 3247 1658 ad
3275 1604 3616 1660 nimietatem.

2026 1690 2298 1758 Quantum
2330 1694 2476 1747 enim
2506 1695 2636 1749 mibi
2668 1695 2798 1749 utile
2823 1705 2907 1751 est
2933 1697 2976 1749 si
3005 1712 3091 1750 me
3125 1697 3401 1767 paululum
3430 1699 3618 1754 subre-

2030 1783 2239 1852 linquas
2265 1825 2280 1849 ,
2315 1794 2370 1839 ut
2407 1785 2662 1842 desiderii
2712 1788 2818 1842 mei
2863 1790 3166 1842 constantia
3208 1791 3615 1859 comprobatur,

2029 1884 2238 1930 tantum
2287 1877 2506 1932 noxium
2555 1888 2637 1932 est
2663 1879 2708 1932 si
2747 1893 2846 1948 pro
2889 1879 3099 1934 meritis
3137 1895 3198 1934 ac
3238 1880 3452 1937 delictis
3481 1883 3618 1938 meis

332 1945 484 2014 Quod
519 1947 649 2001 utile
683 1946 828 2004 nobis
863 1948 929 2004 sit
967 1949 1226 2006 interdum
1269 1967 1302 2006 tt
1342 1951 1564 2007 Domino
1613 1954 1918 2026 derclittqtti-
1953 1981 2002 2041 Β
2031 1968 2251 2021 nimium
2284 1984 2372 2024 me
2397 1969 2574 2025 deseri
2607 1945 2859 2038 patiaris;
2906 1972 3029 2040 quia
3060 1972 3203 2027 nulla
3227 1975 3398 2028 virtus
3430 1975 3619 2032 huma-

400 2061 457 2118 in
489 2071 698 2118 tantum
727 2073 858 2120 vero
888 2064 1069 2132 illum,
1099 2081 1259 2137 quem
1286 2066 1553 2135 diximus,
1584 2059 1918 2141 abscessum,

327 2165 402 2221 et,
431 2166 488 2211 ut
517 2155 594 2212 ita
624 2157 836 2226 loquar,
867 2156 1230 2214 desertionem
1257 2159 1370 2223 Dei,
1405 2160 1596 2216 beatus
1621 2161 1790 2216 David
1818 2164 1922 2218 uti-

332 2248 439 2302 lem
469 2262 596 2304 esse
623 2250 896 2318 cognovit,
931 2259 988 2304 ut
1015 2265 1354 2321 nequaquam
1388 2252 1636 2308 maluerit
1665 2269 1822 2310 orare
1849 2270 1918 2310 ne

325 2357 355 2395 a
384 2340 491 2398 Deo
521 2342 739 2412 penitus
767 2344 820 2398 in
843 2344 994 2398 nullo
1020 2345 1438 2415 relinqueretur.
1468 2345 1579 2401 Hoc
1606 2347 1746 2401 enim
1776 2347 1918 2402 scie-

325 2434 421 2489 bat
468 2435 831 2506 incongruum
876 2452 998 2494 esse
1024 2436 1109 2492 vel
1138 2436 1266 2503 sibi,
1298 2437 1383 2493 vel
1425 2437 1673 2496 humanae
1712 2449 1920 2498 natura:

322 2528 391 2584 ad
417 2530 721 2600 quamlibet
745 2531 1080 2600 pervenienti
1112 2531 1531 2602 perfectionem;
1577 2535 1673 2589 sed
1706 2543 1916 2606 tempe-

321 2622 432 2677 rari
475 2637 597 2676 eam
637 2623 813 2692 potius
849 2622 1175 2694 deprecatus
1209 2625 1310 2692 sit,
1338 2625 1526 2681 dicens
1569 2641 1583 2680 :
1615 2625 1641 2665 δ
1677 2625 1799 2682 Νοη
1839 2646 1918 2683 me

321 2716 654 2789 derelinquas
677 2735 1034 2790 usquequaque
1062 2717 1244 2790 (Psat.
1273 2721 1491 2789 cxvttt).
1537 2723 1615 2775 Ac
1644 2720 1690 2777 si
1715 2720 1918 2778 diceret

321 2809 443 2865 aliis
484 2810 666 2866 verbis
696 2828 710 2864 :
741 2809 871 2866 Scio
901 2811 1043 2882 quod
1083 2810 1460 2881 derelinquere
1491 2811 1674 2867 soleas
1709 2811 1917 2867 utiliter

323 2913 444 2960 tuos
470 2911 723 2969 sanctos,
752 2910 810 2958 ut
842 2917 936 2959 eos
980 2903 1199 2974 probes.
1245 2903 1419 2960 Aliter
1448 2907 1590 2959 enim
1621 2905 1689 2959 ab
1720 2905 1912 2959 adver-

320 2998 467 3053 sario
497 2997 697 3054 tentari
725 3013 834 3053 non
865 3008 1110 3068 possunt,
1141 2997 1244 3056 nisi
1270 3014 1300 3053 a
1333 3006 1384 3055 te
1404 3000 1682 3076 paulisper
1708 2997 1914 3055 fuerint

321 3089 602 3155 derelicti;
635 3099 691 3145 et
714 3089 838 3146 ideo
869 3104 975 3146 non
1001 3106 1134 3162 rogo
1164 3100 1220 3146 ut
1250 3107 1541 3162 numquam
1569 3107 1657 3147 me
1680 3092 1914 3148 derelin-

320 3197 477 3252 quas,
512 3181 635 3253 quia
662 3197 770 3238 non
800 3183 1025 3254 expedit
1049 3183 1216 3250 mihi,
1264 3193 1320 3240 ut
1359 3200 1463 3240 non
1510 3185 1592 3239 vel
1619 3200 1795 3240 meam
1826 3185 1911 3239 in.

2028 2074 2092 2114 na
2112 2059 2187 2122 ,si
2210 2060 2409 2115 diutius
2438 2062 2490 2115 in
2514 2063 2813 2118 tentatione
2844 2073 2935 2118 tuo
2959 2064 3240 2120 deseratur
3269 2067 3490 2135 auxilio,
3523 2068 3618 2122 sua”

2028 2155 2224 2220 poterit
2251 2155 2552 2210 constantia
2581 2156 2902 2225 perdurare,
2935 2165 2991 2214 et
3018 2174 3122 2214 non
3153 2161 3400 2230 protinus
3429 2161 3619 2218 adver-

2026 2249 2154 2303 sarii
2185 2249 2269 2303 vel
2311 2250 2545 2318 potentia
2588 2250 2675 2305 vel
2718 2249 2954 2306 factione
2997 2255 3391 2322 succumbere,
3426 2245 3528 2309 nisi
3563 2266 3620 2310 tu

2026 2341 2141 2412 ipse
2166 2385 2179 2408 ,
2221 2344 2310 2414 qui
2339 2358 2398 2399 es
2430 2344 2782 2399 humanarum
2813 2346 3007 2400 virium
3044 2348 3324 2417 conscius,
3355 2364 3417 2403 ac
3439 2349 3616 2403 lucta-

2026 2437 2230 2492 minum
2275 2438 2586 2494 moderator
2606 2479 2619 2503 ,
2647 2455 2749 2492 non
2780 2439 3073 2508 permiseris
3122 2443 3311 2496 tentari
3347 2460 3438 2496 nos
3467 2459 3617 2512 super

2020 2530 2076 2584 id
2097 2530 2233 2599 quod
2259 2546 2550 2601 possumus,
2577 2531 2665 2584 sed
2692 2532 2868 2602 feceris
2889 2549 3005 2586 cum
3031 2535 3310 2588 tentatione
3327 2536 3480 2589 etiam
3508 2536 3618 2588 etri-

2023 2632 2150 2684 tum,
2178 2630 2231 2674 ut
2262 2622 2514 2676 sustinere
2537 2625 2792 2693 possimus
2824 2622 2867 2694 (Ι
2891 2623 3008 2677 Cor.
3034 2623 3116 2694 x).
3163 2625 3294 2679 Tale
3324 2626 3449 2694 quid
3477 2631 3530 2680 et
3561 2627 3614 2682 in

2022 2715 2267 2770 Judicum
2296 2716 2456 2779 libro,
2484 2730 2602 2784 cap.
2634 2731 2690 2770 ιη
2715 2759 2729 2781 ,
2759 2731 2922 2784 super
2951 2718 3398 2772 exterminationc
3428 2727 3450 2755 ο
3482 2734 3615 2790 gen-

2024 2807 2154 2862 tium
2195 2807 2521 2876 spiritalium
2545 2847 2559 2871 ,
2587 2822 2704 2876 quae
2745 2805 3104 2863 adversantur
3135 2809 3353 2875 lsracli,
3385 2811 3614 2879 mystice

2021 2900 2249 2966 legimus
2278 2899 2615 2969 designatum
2651 2917 2663 2952 :
2703 2898 2721 2936 ί
2749 2899 2852 2954 Ha:
2875 2909 2995 2954 sunt
3014 2910 3184 2972 gentes
3209 2917 3337 2972 quas
3363 2903 3617 2959 Dominus

2021 2994 2312 3065 dereliquit,
2341 3003 2398 3048 ut
2423 2995 2648 3049 erudiret
2673 2994 2725 3048 in
2755 2993 2826 3049 eis
2856 2989 3126 3062 Israelem,
3152 3007 3199 3051 et
3222 2996 3461 3052 haberent
3494 3015 3616 3053 con-

2019 3089 2343 3142 suetudinem
2369 3103 2485 3141 cunt
2521 3086 2752 3142 hostibus
2790 3088 3088 3156 praliandi.
3136 3089 3202 3142 Et
3249 3090 3443 3146 iterum
3496 3100 3616 3159 post

2021 3195 2192 3250 pauca
2223 3198 2234 3233 :
2268 3189 2291 3228 β
2319 3178 2629 3251 Dimisitque
2652 3195 2737 3234 eos
2766 3178 2907 3234 Deus
2929 3221 2942 3244 ,
2983 3190 3038 3234 ut
3067 3181 3121 3234 in
3148 3182 3275 3249 ipsis
3301 3185 3615 3253 experiretur

1383 3298 1640 3354 ALARDI
1677 3295 1912 3356 GAZABI
1953 3293 2524 3358 COMMENTARIUS.

394 3400 425 3431 ⁸
467 3391 801 3448 Suavlssime
839 3391 890 3446 id
927 3391 1161 3461 explicat
1200 3391 1554 3445 suavissimus
1590 3391 1732 3445 idem
1777 3391 1912 3445 Ber-
1941 3393 1990 3456 C
2019 3390 2159 3457 apud
2211 3389 2530 3461 Dionysium
2584 3388 2699 3461 sola
2756 3387 3062 3453 habentur,
3120 3389 3326 3461 Graecis
3373 3392 3610 3446 omissis.

323 3461 529 3517 nardns
557 3475 812 3520 sermone
848 3462 944 3516 illo
973 3476 1115 3516 nono
1147 3469 1202 3516 et
1230 3462 1442 3516 decimo
1471 3464 1522 3515 in
1553 3461 1794 3526 Cantica,
1820 3462 1912 3515 ubi

321 3535 393 3589 de
423 3538 608 3589 osculo
635 3533 881 3604 spiritali,
907 3532 977 3588 de
1005 3531 1269 3604 uberibus
1291 3533 1471 3604 sponsi
1503 3540 1558 3586 et
1579 3547 1810 3604 sponsas,
1842 3533 1913 3589 de

321 3606 496 3677 odore
522 3601 914 3677 unguentorum
947 3601 1290 3677 spiritalium,
1320 3612 1375 3657 et
1403 3602 1729 3677 huiusmodi.

395 3675 428 3715 δ
465 3677 518 3731 id
541 3673 649 3748 esi,
678 3674 914 3748 penitus,
937 3674 1395 3748 omninmGrtcce
1422 3675 1518 3735 ἕως
1548 3673 1758 3748 σφόδρα,
1791 3689 1827 3728 t.
1855 3687 1907 3730 e.

319 3759 497 3814 usque
526 3741 704 3812 uimis',
734 3755 794 3800 ut
824 3745 962 3800 infra
990 3741 1116 3814 legit
1145 3744 1451 3800 Ciacooius.
1482 3741 1752 3812 Quantum
1781 3759 1914 3800 vero

317 3818 538 3873 differat
559 3818 788 3886 relinqui
817 3833 844 3868 a
875 3817 986 3870 Deo
1010 3859 1025 3882 ,
1051 3824 1124 3887 iet
1155 3816 1367 3887 penitus
1393 3829 1488 3870 seu
1529 3829 1910 3887 usquequaque

321 3889 650 3959 derelinqui,
676 3889 924 3959 apposite
951 3888 1017 3959 ad
1049 3886 1192 3959 hunc
1216 3887 1392 3959 locum
1421 3887 1658 3959 explicat
1686 3886 1749 3940 D.
1776 3887 1910 3942 Am-

316 3951 780 4016 brosius-Davidi's
806 3958 1055 4025 exemplo
1080 3971 1092 4008 ε
1129 3951 1287 4022 Quia,
1317 3951 1509 4027 inquit,
1541 3957 1718 4011 nullus
1746 3967 1913 4027 potest

319 4034 579 4100 perfectus
605 4047 714 4084 esse
742 4031 851 4083 sine
885 4029 1060 4098 {aven
1096 4029 1186 4082 Dei
1211 4069 1225 4088 ,
1268 4044 1430 4100 neque
1469 4037 1637 4100 tutus.
1679 4028 1794 4082 ideo
1818 4044 1907 4082 ro-

820 4102 986 4153 enitus
1032 4113 1149 4152 sum
1191 4099 1512 4168 derelinquat
1555 4097 1715 4153 Deus.
1771 4100 1910 4153 Nam

318 4118 448 4171 gare
491 4102 635 4156 debet
683 4118 746 4154 ne

811 4169 926 4224 avid
951 4186 1015 4222 ne
1059 4169 1515 4240 derelinqueretur,
1564 4170 1738 4223 dicens
1770 4186 1790 4224 :
1826 4169 1909 4224 Ne

319 4188 484 4242 supra
522 4173 722 4243 rogavit

317 4239 649 4315 derelinquas
704 4257 805 4308 me,
855 4240 1072 4294 Domine
1115 4239 1258 4315 Deus
1307 4256 1484 4304 meus;
1531 4239 1612 4315 hic
1653 4242 1727 4293 ait
1745 4257 1786 4315 _:
1827 4241 1912 4295 Ne

317 4311 644 4396 derelinquas
674 4329 753 4396 me
781 4325 1168 4396 usquequaque;
1206 4311 1310 4396 hoc
1334 4320 1427 4393 est,
1457 4312 1691 4394 multum.
1731 4311 1912 4396 Supra

317 4386 459 4454 forte
481 4383 631 4455 quasi
656 4384 827 4437 adhuc
860 4383 1185 4453 imperfectus
1211 4423 1236 4455 ,ν
1263 4391 1311 4434 et
1335 4383 1388 4455 in
1418 4383 1616 4455 magnis
1643 4385 1910 4449 perturba-

319 4453 544 4510 tionibus
573 4457 771 4526 positus
797 4470 850 4508 se
884 4455 1173 4526 derelinqui
1199 4453 1435 4515 timebat;
1475 4453 1557 4505 hic
1599 4463 1768 4526 autem
1790 4455 1909 4523 jam

318 4529 528 4598 fortior,
555 4524 659 4580 non
689 4528 829 4579 timet
852 4524 1154 4646 derelinzui,
1187 4534 1238 4576 ut
1266 4532 1514 4589 tentetur;
1551 4524 1642 4577 sed
1669 4536 1817 4594 rogat
1845 4541 1910 4577 ns

319 4600 525 4646 naritus
567 4598 978 4646 derelinauatur.
1087 4597 1350 4646 terumaue
1387 4603 1554 4646 autem
1599 4595 1909 4646 derelinauit

319 4595 525 4666 penitus
567 4598 978 4667 derelinquatur.
1039 4595 1350 4664 Plerumque
1387 4603 1554 4646 autem
1599 4595 1909 4667 derelinquit

321 4664 500 4733 Deus,
544 4685 670 4738 quos
697 4664 804 4720 uult
831 4669 1042 4738 probari
1078 4681 1095 4718 :
1134 4667 1531 4738 penitusautem
1575 4664 1903 4738 derelinquit,

317 4753 450 4811 quos
475 4735 680 4818 deserit.
705 4735 994 4818 _Deretiqttit
1023 4738 1224 4818 penitus
1248 4736 1441 4816 ludam
1463 4735 1910 4818 pnonderetiqus't

317 4806 492 4863 autem
539 4809 598 4865 S.
629 4806 749 4870 Job,
793 4810 846 4863 iu
887 4810 1036 4879 cujus
1075 4806 1438 4877 patrimonium
1478 4807 1568 4877 jus
1617 4806 1906 4879 tyrannidis

317 4882 616 4934 adversario
655 4879 853 4942 tribuit,
888 4875 1122 4948 in'cujus
1154 4891 1339 4948 corpus
1369 4875 1671 4948 potestatem
1694 4875 1906 4931 diabolo

316 4952 499 5017 dedit;
526 4955 580 5005 in
606 4953 834 5004 animam
853 4947 1151 5002 autemnon
1178 4947 1318 5001 dedit
1344 4947 1509 5001 {nam
1539 4947 1583 5001 si
1609 4948 1826 5002 dedisset
1851 4951 1907 5004 itt

317 5024 579 5088 animum,
605 5023 806 5090 penitus
835 5021 1182 5089 dereliquisset
1208 5035 1346 5079 eum,
1377 5028 1482 5072 etc.

398 5106 422 5133 ε
464 5092 616 5149 Unde
667 5104 722 5147 et
749 5091 1024 5155 diabolus,
1060 5092 1096 5143 i.
1129 5105 1179 5144 e.
1207 5091 1538 5154 criminator,
1570 5104 1666 5145 seu
1699 5091 1906 5146 calum-

314 5165 530 5231 uiator,
579 5165 778 5218 dicitur
826 5164 993 5232 Apoc.
1035 5176 1108 5216 xu
1156 5179 1167 5213 :
1219 5159 1492 5227 Proiectus
1521 5171 1594 5214 est
1638 5171 1910 5216 accusator

313 5240 541 5306 fratrum
563 5231 981 5300 nostrorum,’qui
1005 5232 1280 5306 accusabat
1299 5231 1418 5285 illos
1446 5243 1564 5285 ante
1581 5243 1909 5306 conspectum

315 5301 418 5362 Dei
469 5309 627 5361 nostri
657 5307 742 5360 die
784 5321 843 5358 ac
870 5314 1033 5357 nocte.
1069 5301 1134 5357 In
1167 5304 1250 5356 die
1279 5310 1522 5364 accusat,
1567 5303 1730 5357 verba
1781 5315 1908 5358 sunt

311 5377 375 5432 Β.
399 5377 648 5448 Gregorii
691 5373 909 5448 (Morel.
941 5389 992 5442 ι,
1031 5390 1144 5446 cap.
1175 5373 1268 5442 9),
1313 5390 1429 5427 cum
1471 5374 1908 5448 prosperis‘male

312 5465 408 5503 nos
438 5445 806 5513 uti'insinuat;
831 5447 884 5499 in
913 5454 1058 5499 nocte
1084 5445 1310 5508 accusat,
1342 5461 1458 5498 cum
1480 5448 1532 5499 in
1553 5445 1780 5499 adversis
1809 5461 1910 5500 nos

310 5535 416 5588 non
444 5520 632 5572 habere
673 5517 975 5588 patientiam
1006 5517 1337 5570 demonstrat.

383 5587 412 5627 ⁸
453 5587 743 5644 Giaconius
792 5598 848 5642 et
899 5588 1067 5642 nostri
1120 5587 1472 5655 manuscripti
1523 5587 1748 5656 legunt,
1801 5587 1903 5650 ἕως

304 5659 532 5736 σφόδρα.
559 5661 637 5714 Ex
664 5658 1022 5736 testu_Greco
1044 5658 1188 5736 illius
1212 5658 1483 5736 versiculi,
1513 5658 1653 5726 quod
1683 5657 1903 5736 propria

303 5728 487 5795 sonat,
517 5747 676 5799 usque
700 5731 871 5794 nimis,
907 5744 1001 5796 pro
1029 5743 1136 5798 quo
1158 5728 1378 5782 Latinus
1411 5730 1677 5796 interpres
1717 5728 1898 5799 vertit,

302 5798 694 5872 usquequaque.
732 5805 798 5854 At
824 5804 968 5866 prior
991 5799 1154 5872 lectio
1184 5799 1384 5854 Latinae
1411 5798 1757 5872 expositioni,
1780 5814 1902 5869 qua:

295 5869 678 5943 subiungitur,
715 5873 884 5943 magis
912 5869 1200 5943 respondet
1219 5909 1237 5943 ,
1249 5884 1424 5943 usque
1451 5869 1857 5943 administatem
1880 5885 1904 5937 ;

291 5938 428 6009 quae
478 5938 635 6003 verba
679 5944 736 5999 in
770 5938 1090 6012 quibusdam
1140 5939 1416 5997 codicibus
1464 5938 1816 6013 (Basileens.)
1845 5951 1940 6034 et‘

1938 4771 1988 4834 Ι)

2022 3461 2192 3515 Porro
2223 3474 2288 3513 ex
2321 3457 2424 3514 hoc
2453 3457 2614 3511 etiam
2647 3459 2764 3512 loco
2794 3474 2955 3513 nemo
2983 3474 3087 3513 non
3125 3460 3270 3514 videt
3314 3460 3408 3517 has
3448 3463 3612 3518 colla-

2021 3531 2194 3586 tiones
2221 3529 2430 3594 Latine,
2458 3545 2562 3582 non
2595 3529 2787 3584 Griece
2820 3529 2986 3584 fuisse
3016 3531 3267 3598 scriptas.

2095 3609 2118 3639 °
2155 3601 2357 3670 Gentes
2383 3600 2501 3653 illas
2531 3600 2794 3670 spiritales
2821 3611 3003 3663 vocat,
3049 3601 3188 3669 quod
3222 3617 3405 3656 carum
3437 3607 3611 3660 nomi-

2020 3673 2179 3727 nibus
2212 3673 2263 3724 in
2294 3669 2573 3738 Scriptura
2618 3671 2888 3737 expressis
2930 3671 3189 3738 Spiritalia
3223 3674 3381 3734 vitia,
3411 3675 3607 3743 quibus

2019 3743 2258 3810 ﬁdelium
2290 3751 2504 3811 mentes
2528 3743 2908 3808 impugnantur
2930 3783 2943 3804 ,
2979 3745 3202 3809 mystice
3231 3743 3309 3795 de.
3336 3743 3605 3811 igneutur.

2018 3811 2096 3869 De
2127 3813 2318 3879 quibus
2343 3812 2464 3866 vide
2495 3810 2559 3864 D.
2597 3811 3002 3882 Hieronymum,
3032 3820 3084 3865 et
3111 3813 3247 3867 alios
3275 3810 3467 3868 vocum
3498 3816 3605 3871 lle-

2016 3884 2318 3940 braicarum
2341 3884 2684 3952 interpretes.

2096 3955 2114 3996 ῐ
2162 3956 2222 4009 D.
2256 3955 2569 4023 Gregorius,
2605 3954 2787 4025 librtv
2819 3953 3099 4008 Moralium
3131 3969 3248 4022 cap.
3283 3956 3376 4017 ‘35,
3408 3959 3606 4025 produ-

2015 4036 2104 4082 cto
2131 4029 2232 4080 hoc
2259 4025 2565 4098 testimonio
2591 4023 2774 4078 subdit
2809 4043 2823 4078 :
2864 4025 2944 4080 Ad
2986 4025 3082 4078 hoc
3124 4043 3342 4092 namque
3368 4023 3608 4098 quaedam

2015 4099 2138 4153 vitis
2161 4107 2339 4151 nostra
2353 4097 2724 4157 retinentur,ut
2752 4112 2861 4149 sese
2887 4108 3065 4151 nostra
3093 4098 3306 4151 intentio
3331 4101 3607 4155 sollicitans

2015 4171 2069 4224 in
2098 4170 2372 4224 certamine
2396 4183 2594 4235 semper
2614 4177 2863 4230 exerceat,
2898 4177 2946 4220 et
2969 4184 3028 4221 eo
3054 4169 3117 4222 de
3145 4170 3358 4220 victoria
3388 4188 3488 4223 non
3518 4189 3608 4225 su-

2017 4243 2233 4312 perbiat,
2253 4254 2353 4310 quo
2372 4240 2538 4312 vivere
2554 4239 2608 4292 in
2621 4256 2683 4312 se
2703 4239 2870 4293 hostes
2890 4241 3158 4310 conspicit,
3182 4257 3211 4290 α
3235 4240 3414 4312 quibus
3436 4243 3608 4296 adhuc

2015 4307 2149 4366 vinci
2177 4307 2436 4380 formidat.
2462 4307 2630 4363 Israel
2657 4325 2775 4379 ergo
2798 4307 3065 4363 reservatis
3096 4310 3323 4362 hostibus
3350 4317 3604 4380 eruditur,

2014 4381 2223 4452 quando
2271 4384 2325 4434 in
2375 4381 2684 4451 quibusdam
2742 4381 2877 4452 vitiis
2932 4382 3154 4433 minimis
3200 4382 3353 4436 elatio
3405 4386 3606 4439 virtutis

2012 4451 2202 4508 nostra!
2226 4453 2604 4519 comprimitur,
2637 4460 2691 4502 ut
2733 4451 2784 4504 in
2816 4451 2985 4517 parsis
3013 4453 3109 4504 sibi
3136 4453 3486 4508 resistentibus
3525 4457 3607 4509 di-

2013 4533 2145 4586 scat,
2177 4524 2317 4595 quod
2332 4539 2398 4595 ex
2422 4538 2477 4595 se
2502 4523 2702 4595 majora
2735 4537 2844 4595 non
2873 4521 3092 4595 subiget.
3137 4523 3260 4576 Haec
3288 4523 3602 4595 Gregorius,

2012 4605 2069 4649 et
2093 4595 2176 4647 bis
2201 4593 2397 4648 similia
2427 4592 2520 4645 lib.
2549 4607 2604 4645 tu
2639 4591 2838 4658 itialog.
2868 4605 2988 4657 cap.
3019 4593 3107 4646 ivi.

2087 4674 2112 4712 s
2150 4663 2269 4717 Non
2299 4673 2358 4735 ut
2378 4663 2540 4735 sciret
2566 4662 2706 4715 Deus
2737 4662 2961 4715 omnium
2989 4663 3256 4735 cognitor,
3281 4667 3430 4718 etiam
3461 4669 3604 4735 [ατη-

2016 4750 2225 4799 rerum;
2269 4733 2359 4787 sed
2389 4743 2442 4807 ut
2470 4734 2656 4807 scirent
2685 4735 2814 4799 ipsi,
2847 4742 2892 4784 et
2922 4747 3014 4784 sua
3043 4734 3355 4807 conscientia
3383 4733 3467 4790 vel
3489 4741 3604 4807 glo-

2016 4807 2292 4868 riarentur,
2329 4801 2404 4856 vel
2431 4803 2866 4866 convincerentur,
2895 4813 3061 4854 utrum
3088 4803 3325 4858 audirent
3353 4801 3601 4864 mandata

2019 4873 2135 4941 Dei,
2159 4883 2288 4946 etc._,
2321 4874 2394 4927 ait
2419 4873 2480 4946 D.
2509 4873 2829 4943 Augustinus
2861 4874 3058 4946 (Q.i7,
3081 4890 3232 4940 super
3254 4873 3429 4946 Jud.).
3459 4878 3602 4935 Deus

2019 4948 2161 5001 enim
2194 4944 2287 5015 qui
2319 4945 2474 4998 novit
2498 4946 2699 5008 omnia,
2731 4959 2836 4998 non
2868 4952 2985 5011 eget
3017 4945 3196 5015 aliquo
3226 4944 3600 5013 experimento

2019 5027 2112 5072 aut
2139 5014 2454 5087 probatione
2478 5015 2561 5087 Aad
2607 5015 2807 5084 aliquid
2852 5014 3251 5084 praesidentium
3279 5029 3369 5071 aut
3400 5034 3598 5087 perno-

2019 5085 2314 5152 sceudum;
2344 5085 2438 5140 sed
2461 5085 2656 5140 dicitur
2680 5095 2903 5146 tentare.
2929 5087 3178 5155 probare,
3205 5085 3460 5155 experiri,
3489 5107 3602 5146 me-

2019 5160 2315 5230 taphorice,
2345 5157 2598 5230 nimirum
2631 5169 2684 5210 et
2719 5156 2891 5226 quoad
2930 5156 3175 5230 eifectum
3214 5175 3224 5208 :
3263 5159 3432 5230 primo
3476 5162 3600 5230 quia

2020 5227 2093 5285 ita
2123 5245 2181 5285 se
2208 5229 2368 5298 gerit,
2397 5227 2552 5298 quasi
2584 5238 2812 5282 tentaret
2842 5236 2933 5282 aut
2959 5229 3259 5296 exploraret
3287 5227 3601 5298 aliquid'in-

2017 5304 2324 5372 cognitum;
2355 5299 2591 5354 secundo
2615 5301 2736 5372 quia
2765 5300 2905 5372 quod
2935 5313 3033 5366 per
3059 5313 3117 5372 se
3144 5298 3314 5372 ipsum
3339 5304 3596 5372 novit,id,

2019 5368 2241 5426 ut'aliis
2286 5371 2603 5434 innotescat,
2635 5369 2802 5424 efticit
2843 5387 2856 5420 :
2892 5368 3339 5437 quemadmodum
3368 5368 3600 5429 Abrahae

2015 5444 2156 5498 dixit
2186 5461 2197 5495 :
2231 5442 2387 5496 Nunc
2426 5442 2638 5510 cognovi
2672 5440 2808 5510 quod
2837 5440 3018 5492 timeas
3052 5437 3330 5493 Dominum
3385 5442 3596 5508 (Gencs.

2017 5514 2140 5584 xu),
2171 5513 2224 5567 id
2253 5523 2353 5584 est,
2383 5526 2714 5584 cognoscere
2740 5522 2805 5584 te
2822 5511 2944 5584 feci.
2971 5511 3142 5584 Porrp
3170 5513 3308 5584 quod
3333 5515 3397 5565 atl
3423 5515 3601 5571 locum

2017 5580 2161 5662 nunc
2186 5583 2394 5662 attinet,
2425 5583 2602 5662 simile
2627 5580 2898 5662 quidpiam
2921 5580 2979 5662 in
3007 5580 3245 5662 profanis
3269 5583 3506 5662 historiis
3532 5587 3602 5662 de

2015 5655 2270 5724 Scipione
2317 5652 2508 5708 Nasica
2557 5651 2772 5724 legitur,
2806 5653 2896 5721 qui
2941 5651 3319 5724 Carthaginem
3371 5655 3599 5712 Romani

2008 5723 2225 5796 imperii
2258 5726 2505 5796 amulum
2537 5723 2754 5778 uolebat
2785 5723 2980 5786 everti,
3009 5737 3077 5796 ne
3104 5725 3353 5796 populus
3402 5726 3600 5782 Roma-

2008 5793 2114 5850 nus
2148 5797 2240 5851 tali
2272 5796 2426 5851 hoste
2449 5794 2706 5848 liberatus
2729 5835 2743 5857 ,
2776 5795 2891 5847 otio
2915 5808 2980 5847 ac
3005 5793 3214 5848 desidia
3243 5805 3597 5864 torpesceret.

2009 5868 2125 5935 Qua
2168 5867 2236 5922 de
2282 5881 2342 5920 re
2389 5865 2453 5918 D.
2500 5864 2828 5934 Augustinus
2871 5863 3014 5918 libro
3051 5865 3225 5932 primo
3269 5863 3341 5920 de
3375 5869 3598 5924 Civitate

2010 5939 2106 5994 Dei
2135 5952 2251 6010 cap.
2281 5935 2350 5994 50
2371 5975 2387 6006 ,
2414 5935 2674 5993 adversus
2715 5935 2985 5993 Romanos
3015 5935 3242 6005 gentiles
3270 5936 3550 6003 disputans
3578 5952 3596 5994 ε
