4012 6336
1466 284 1747 345 JOANNIS
1783 284 2101 348 CASSIANI
2135 287 2611 349 COLLATIONES

3549 301 3646 362 592

398 399 680 470 lsraelem,
708 409 887 456 utrum
912 403 1154 459 audirent
1185 403 1431 458 mandata
1460 402 1693 470 Domini,
1718 421 1833 474 qua
1859 421 1992 476 prte-
2019 407 2072 468 Α
2099 408 2381 474 insertam,
2408 402 2572 463 etiam
2607 407 2660 463 in
2682 401 2946 479 Apostol‘o
2967 408 3043 466 ita
3069 408 3295 480 legimus
3318 413 3406 484 (ad
3425 413 3538 472 Gal.
3557 418 3606 489 v)
3631 437 3645 450 -

396 507 598 566 ceperat
637 499 868 570 patribus
897 516 1074 555 eorum
1103 516 1192 570 per
1229 517 1441 554 manum
1485 500 1714 572 Mogsis,
1758 518 1824 555 an
1859 518 1982 556 non.

395 588 566 657 Quam
621 591 807 661 utique
865 607 1096 662 pugnam
1159 607 1263 646 non
1323 591 1575 648 invidens
1623 593 1765 648 Deus
1819 593 1985 664 quieti

392 685 643 752 lsraelis,
675 701 778 743 nec
810 688 952 743 male
973 686 1148 742 eidem
1179 687 1470 742 consulens
1495 730 1509 754 ,
1549 688 1644 743 sed
1671 689 1848 743 sciens
1867 702 1988 744 esse

391 775 759 843 utilissimam,
811 778 1135 841 reservavit,
1194 788 1252 832 ut
1297 778 1423 833 dum
1477 780 1716 850 gentium
1764 793 1986 849 semper

390 868 616 923 istarum
661 869 1067 938 impugnatione
1103 870 1537 940 deprimeretur,
1584 885 1875 942 numquam
1925 886 1986 926 se

389 961 619 1015 sentiret
653 961 856 1015 auxilio
886 961 1099 1016 Domini
1133 978 1239 1017 non
1275 977 1437 1032 egere
1458 1007 1472 1032 ,
1503 972 1558 1019 et
1585 963 1656 1018 ob
1685 963 1737 1018 id
1766 977 1984 1032 semper

389 1053 444 1108 in
476 1053 592 1123 ejus
633 1053 987 1112 meditatione
1035 1065 1090 1111 et
1136 1055 1476 1112 invocatione
1517 1059 1848 1127 persistens,
1881 1072 1983 1114 nec

389 1145 581 1200 inertia
633 1147 976 1218 solveretur,
1017 1162 1118 1203 nec
1166 1149 1404 1203 bellandi
1438 1163 1592 1204 usum
1622 1159 1679 1204 et
1723 1150 1978 1206 exercitia

385 1237 601 1292 virtutis
631 1239 928 1295 amitteret.
990 1239 1323 1310 Frequenter
1369 1242 1513 1296 enim
1543 1256 1681 1313 quos
1719 1257 1982 1313 superare

383 1344 492 1384 non
519 1339 811 1400 potuerunt
839 1331 1101 1398 adversa,
1133 1335 1396 1388 securitas
1425 1343 1481 1388 et
1511 1335 1840 1403 prosperitas
1883 1335 1980 1390 de-

383 1422 649 1493 iecerunt.

992 1494 1220 1552 CAPUT
1262 1494 1374 1552 VII.

384 1563 464 1618 De
491 1564 715 1619 utilitate
739 1565 852 1638 ejus
881 1580 1068 1638 pugnte
1095 1583 1246 1636 quam
1281 1566 1559 1638 Apostolus
1601 1568 1744 1638 ponit
1782 1568 1836 1622 in
1869 1568 1978 1623 col-

779 1636 1061 1690 luctatione
1091 1638 1263 1691 carnis
1285 1636 1337 1690 et
1362 1639 1594 1710 spiritus.

452 1735 479 1764 ι
516 1725 668 1783 Hanc
697 1742 933 1798 pugnam
967 1727 1174 1784 utiliter
1219 1731 1425 1785 nostris
1469 1745 1685 1801 quoque
1714 1729 1973 1785 membris

2090 508 2119 547 δ
2142 510 2274 564 Caro
2300 511 2436 564 enim
2450 511 2762 582 concupiscit
2782 512 3028 566 adversus
3057 512 3291 580 spiritum
3308 553 3322 579 ,
3347 515 3544 584 spiritus
3559 535 3648 572 au-

2090 622 2192 667 tem
2220 615 2466 668 adversus
2490 629 2718 668 carnem.
2753 613 2882 669 Ha’c
2908 624 3082 668 autem
3111 615 3318 670 invicem
3338 618 3651 675 adversantur

2087 716 2206 785 sibi,
2221 722 2276 768 ut
2289 731 2392 770 non
2418 731 2750 786 quacumque
2767 715 2949 782 vultis,
2973 714 3065 768 illa
3079 716 3300 785 faciatis.
3316 717 3487 773 Habes
3502 729 3557 774 et
3572 719 3653 776 hic

2087 833 2318 889 pugnam
2353 827 2376 857 ο
2400 817 2778 872 invisceratam
2802 816 3200 888 quodammodo
3218 820 3429 888 corpori
3459 830 3650 890 nostro,

2084 918 2488 989 dispensatione
2540 917 2756 974 Domini
2805 929 3151 988 procurante.
3207 919 3473 990 Quidquid
3517 922 3649 976 enim

2083 1019 2408 1090 generaliter
2445 1026 2502 1074 et
2520 1019 2639 1074 sine
2677 1017 2906 1088 alicujus
2937 1019 3266 1090 exceptione
3299 1020 3544 1075 omnibus
3571 1021 3648 1075 in-

2082 1127 2192 1186 est,
2223 1120 2348 1190 quid
2389 1119 2532 1175 aliud
2578 1119 2814 1190 judicari
2862 1127 3063 1190 potest,
3118 1120 3218 1174 nisi
3269 1120 3372 1190 ipsi
3425 1121 3658 1177 humana:

2082 1221 2397 1277 substantia:
2443 1230 2566 1291 post
2600 1222 2813 1276 ruinam
2847 1221 3007 1291 primi
3037 1220 3294 1288 hominis,
3331 1221 3477 1276 velut
3515 1231 3660 1276 natu-

2083 1322 2279 1378 raliter
2328 1322 2667 1391 attributum,
2719 1331 2776 1377 et
2825 1321 2966 1392 quod
3009 1321 3280 1377 universis
3328 1325 3661 1391 congenitum

2081 1429 2502 1490 concretumque
2531 1420 2981 1492 deprehenditur,
3006 1420 3282 1490 quomodo
3313 1436 3420 1477 non
3443 1423 3660 1480 creden-

2081 1525 2208 1581 dum
2238 1527 2310 1581 sit
2351 1525 2576 1581 arbitrio
2619 1525 2832 1580 Domini
2872 1541 2979 1579 non
3017 1523 3288 1591 nocentis,
3336 1525 3431 1579 sed
3479 1539 3663 1581 consu-

2079 1625 2244 1681 lentis
2276 1625 2576 1682 insertum?
2615 1624 2846 1682 Causam
2887 1639 3018 1680 vero
3059 1623 3221 1694 hujus
3268 1624 3418 1692 belli,
3467 1625 3520 1681 id
3559 1637 3657 1697 est,

2081 1727 2261 1782 carnis
2291 1735 2348 1782 et
2373 1726 2620 1796 spiritus,
2671 1727 2809 1780 hanc
2856 1740 2980 1781 esse
3032 1724 3342 1780 describit:
3375 1724 3402 1762 ἀ
3439 1725 3507 1781 Ut
3546 1745 3662 1795 non,

1453 1821 1714 1878 ALARDI
1755 1819 1992 1878 GAZA‘II
2029 1817 2607 1875 COMMENTARIUS.

381 1911 508 1968 Non
535 1921 826 1983 propterea,
858 1911 1052 1981 inquit,
1081 1911 1269 1981 cupitis
1298 1913 1483 1966 habere
1517 1930 1716 1980 pacem,
1755 1923 1804 1966 et
1838 1913 1977 1966 omni

379 1999 559 2055 genere
603 1985 868 2054 copiarum
903 1983 1175 2055 abundare
1199 1991 1254 2055 ut
1302 1983 1382 2037 his
1423 1983 1567 2038 bonis
1615 1983 1826 2037 honeste
1861 1992 1979 2055 utae

380 2051 547 2124 mini,
569 2051 757 2109 hoc'est
776 2095 790 2117 ,
820 2053 1069 2119 modeste,
1098 2051 1288 2119 sobrie,
1321 2061 1666 2124 temperanter
1685 2097 1698 2116 ,
1732 2055 1855 2124 pie;
1886 2054 1976 2108 sed

377 2134 434 2177 ut
459 2123 664 2194 inﬁnita
692 2125 910 2178 varietas
944 2125 1263 2192 voluptatum
1301 2122 1496 2179 insanis
1522 2122 1856 2190 eﬂ'usionibus
1887 2140 1976 2178 ea:-

377 2197 634 2264 quiratur,
663 2195 996 2263 secundisque
1024 2195 1196 2260 rebus,
1221 2210 1282 2248 ea
1309 2194 1450 2248 mala
1477 2197 1714 2249 oriantur
1735 2196 1788 2248 in
1819 2196 1977 2248 mori-

375 2268 489 2330 bus,
518 2281 630 2332 qute
647 2265 968 2336 stevientibus
989 2265 1173 2336 pejora
1189 2267 1295 2336 sint
1315 2264 1571 2319 hostibus.
1597 2267 1661 2319 At
1684 2266 1773 2319 ille
1796 2265 1974 2336 Scipio

2081 1908 2380 1975 desiderat,
2407 1917 2463 1964 et
2503 1908 2570 1965 ad
2616 1923 2679 1964 ea
2705 1907 3058 1964 vehementer
3095 1907 3450 1972 accenditur;
3486 1918 3666 1967 contra

2081 1995 2216 2034 vero
2245 1981 2493 2050 spiritus,
2527 1995 2646 2050 quae
2676 1979 2940 2049 spiritalia
2972 1987 3121 2050 sunt,
3151 1988 3206 2034 et
3238 1979 3458 2035 veritati
3486 1994 3548 2035 ac
3577 1984 3667 2036 Ιιο-

2081 2049 2287 2105 nestati
2322 2049 2706 2116 consentanea,
2763 2051 2984 2117 expetit.
3035 2049 3236 2104 Verum
3269 2050 3444 2120 quaeri
3497 2063 3668 2119 potest

2080 2121 2352 2190 quomodo
2400 2123 2548 2176 carni
2600 2123 2868 2175 tribuatur
2914 2129 3066 2192 actus
3095 2122 3542 2192 eoncupiscendi,
3577 2126 3663 2192 qui

2081 2194 2333 2262 pmprius
2360 2202 2442 2246 est
2471 2192 2699 2246 animus?
2755 2191 3067 2256 llespontlct
3109 2191 3172 2244 D.
3223 2192 3466 2246 Thomas
3500 2191 3669 2260 (Coni—

2078 2273 2234 2334 ment.
2267 2264 2378 2334 ejus
2403 2265 2500 2316 loci
2538 2274 2584 2316 et
2620 2262 2732 2328 1-2,
2777 2262 2948 2334 φἹΟ,
2979 2272 3081 2316 art.
3123 2263 3241 2330 st),
3278 2264 3578 2318 secundum
3607 2264 3671 2322 D.

373 2326 612 2408 pontifex
640 2335 896 2408 maximus
924 2326 1110 2408 vester,
1135 2333 1226 2388 ille
1255 2337 1410 2389 totius
1426 2347 1638 2408 senatus
1665 2336 1868 2408 judicio
1889 2326 1974 2389 'vir
2004 2326 2052 2386 Β
2078 2326 2461 2408 Augustinum,
2486 2334 2622 2408 quod
2645 2326 2766 2387 caro
2788 2326 2989 2386 dicitur
2994 2326 3404 2408 _concupiscere,
3438 2336 3490 2408 in
3517 2352 3670 2402 quan-

374 2405 594 2478 optimus
617 2450 632 2473 ,
675 2407 830 2478 istam
857 2405 1003 2478 vobis
1021 2447 1037 2471 ,
1055 2405 1695 2478 _metueus_calamitatem
1721 2407 1974 2478 ,rnolebat

373 2475 614 2532 temulam
640 2486 762 2531 tunc
795 2477 1005 2549 imperii
1045 2475 1272 2530 Romani
1312 2475 1681 2549 Carthaginem
1721 2477 1896 2544 dirui,
1929 2487 1975 2532 et

374 2549 663 2604 decernenti
688 2556 744 2602 ut
769 2547 1060 2601 dirueretur
1083 2588 1100 2614 ,
1133 2544 1761 2612 contradicebat'Catoni,
1793 2550 1976 2602 timens

372 2619 595 2687 infirmis
617 2618 802 2673 animis
822 2617 1020 2671 hostem
1037 2617 1385 2683 securitatem,
1408 2628 1454 2671 et
1476 2627 1737 2688 tamquam
1762 2619 1976 2687 pupillis

371 2688 564 2742 civibus
589 2688 831 2743 idoneum
857 2697 1096 2752 tutorem,
1116 2690 1455 2742 necessarium
1477 2691 1651 2744 videns
1678 2707 1786 2743 esse
1815 2700 1977 2744 terro-

372 2776 503 2814 rem.
543 2757 656 2813 Nec
685 2761 1080 2840 eumsententia
1119 2758 1354 2829 fefellit:
1385 2761 1556 2830 reipsa
1595 2761 1864 2829 probatum
1904 2769 1976 2814 est

378 2846 536 2901 quam
564 2845 736 2884 verum
765 2829 980 2892 diceret,
1010 2838 1115 2882 etc.
1466 2829 1471 2830 “

441 2909 470 2971 ξι
509 2899 654 2970 Lege
677 2909 883 2954 sextam
897 2898 1463 2971 annotat.D.Cuychii
1493 2901 1559 2955 ad
1577 2901 1735 2956 linem
1765 2901 1970 2971 operis.

441 2969 469 3008 δ
510 2969 655 3026 Idem
692 2971 812 3025 aliis
839 2970 1020 3025 verbis
1063 2969 1358 3037 Apostolus
1399 2971 1466 3025 ad
1495 2971 1655 3027 Rom.
1690 2987 1762 3027 vn
1795 2969 1814 3026 ί
1839 2970 1976 3026 Con-

372 3041 601 3096 delector
637 3041 745 3112 legi
770 3041 867 3095 Dei
888 3042 1193 3112 _secnndum
1222 3042 1517 3097 interiorem
1560 3043 1822 3097 hominem
1853 3059 1871 3097 :
1901 3045 1977 3096 vi-

371 3115 467 3185 deo
496 3122 668 3185 autem
684 3109 855 3165 'aliam
879 3109 1043 3182 legem
1083 3113 1138 3185 in
1169 3114 1409 3167 membris
1446 3114 1572 3168 meis
1599 3125 1974 3185 repugnantem

372 3184 475 3254 legi
502 3184 686 3256 mentis
714 3199 861 3256 mete,
893 3192 941 3256 et
971 3183 1314 3256 captivontem
1359 3200 1438 3239 me
1484 3185 1538 3239 in
1589 3186 1701 3256 lege
1734 3183 1970 3254 peccati,

371 3253 498 3325 quae
517 3263 591 3308 est
620 3254 675 3307 in
703 3255 941 3307 membris
1149 3253 1354 3310 Eodem
1405 3263 1616 3323 spectat
1641 3253 1787 3311 illud
1831 3253 1971 3311 Mat;

375 3324 507 3380 thaai
537 3340 668 3397 xxvi
698 3343 711 3377 :
739 3325 972 3397 Spiritus
1000 3324 1207 3397 quidem
1221 3335 1493 3397 promptus
1521 3337 1630 3391 est;
1657 3344 1782 3381 caro
1802 3335 1975 3381 autem

372 3397 604 3469 inﬁrma:
637 3395 790 3469 Quod
818 3403 876 3450 et
897 3394 1103 3469 ethnici
1139 3394 1238 3469 suo
1269 3394 1431 3452 modo
1458 3397 1712 3453 videntur
1734 3398 1969 3469 experti.

375 3465 533 3524 unde
564 3465 789 3522 Ovidius
813 3481 888 3521 vn
927 3465 1284 3536 Metamorpb.
1319 3485 1330 3519 :

499 3581 640 3647 gens
657 3581 787 3647 aliud
811 3580 988 3631 suadet
1015 3595 1029 3631 :
1054 3581 1202 3633 video
1222 3581 1448 3645 meliora,
1465 3582 1744 3647 proboque;

499 3643 762 3694 Deteriora
795 3656 998 3707 sequor.

371 3752 511 3820 Quid
541 3768 704 3823 porro
731 3767 827 3823 per
859 3766 1079 3808 carnem
1111 3759 1168 3808 et
1188 3752 1462 3824 spiritum,
1507 3752 1623 3809 sive
1663 3768 1760 3824 per
1788 3753 1963 3824 legem

371 3824 739 3880 membrorum
779 3831 835 3878 et
863 3824 1034 3894 legem
1065 3823 1261 3879 mentis
1291 3823 1651 3894 intelligatur,
1666 3823 1880 3881 diserte
1910 3835 1966 3882 et

371 3839 739 3880 membrorum
779 3839 835 3878 et
863 3839 1034 3894 regem
1065 3839 1261 3879 mentis
1291 3839 1464 3879 mtetu
1506 3839 1651 3889 atur,
1678 3839 1880 3881 uiserte
1910 3839 1959 3882 et

369 3895 652 3968 enucleate
671 3894 978 3968 explicatur
1007 3895 1059 3968 in
1096 3895 1448 3968 sequentibus
1469 3839 1630 3966 ἷϐαρ.
1661 3895 1730 3951 10
1760 3905 1815 3968 et
1849 3899 1959 3968 II).

368 3963 507 4020 Tota
532 3980 662 4021 vero
691 3965 852 4035 hujus
879 3966 982 4019 loci
1009 3965 1302 4034 disputatio
1324 3980 1391 4021 eo
1413 3963 1646 4035 spectat,
1675 3975 1734 4020 ut
1756 3963 1962 4022 intelli-

367 4050 559 4106 gamus
587 4037 690 4090 hoc
717 4035 915 4090 bellum
947 4037 1280 4100 intestinum,
1316 4052 1412 4090 seu
1457 4038 1960 4103 concupiscentiam

369 4106 549 4161 carnis
580 4107 844 4162 adversus
885 4107 1155 4176 spiritum,
1203 4117 1257 4161 et
1283 4107 1505 4176 spiritus
1548 4108 1815 4162 adversus
1841 4123 1962 4164 car-

366 4192 494 4231 nem
523 4178 667 4248 (quae
697 4177 820 4232 huic
846 4177 1130 4232 Collationi
1160 4185 1221 4231 ut
1250 4179 1580 4247 praecipuum
1611 4177 1842 4247 praebuit
1867 4193 1958 4235 ar-

367 4257 708 4316 gmneutum,
744 4249 814 4302 ita
858 4255 914 4302 et
940 4248 1180 4312 titulum)
1222 4249 1379 4302 nobis
1404 4264 1528 4304 esse
1563 4250 1752 4304 utilem
1781 4264 1844 4304 ac
1870 4265 1961 4305 sa-

365 4318 624 4386 lutarem,
649 4319 880 4387 ideoque
910 4318 1088 4372 divina
1117 4318 1524 4388 diepensatione
1547 4335 1641 4374 seu
1666 4320 1956 4388 providen-

365 4390 438 4443 tia
472 4390 524 4443 in
550 4391 706 4445 nobis
728 4404 852 4445 esse
874 4390 1115 4444 relictam
1145 4399 1200 4445 et
1227 4390 1630 4460 quodammodo
1659 4391 1954 4447 inviscera-

368 4461 676 4530 tam.Quod
705 4471 882 4516 tamen
924 4460 1334 4527 intelligendum
1373 4461 1442 4517 de
1482 4476 1666 4525 carne,
1719 4477 1825 4517 non
1868 4477 1954 4519 se-

365 4532 602 4587 cundum
627 4533 934 4602 primaevam
958 4531 1345 4600 conditionem,
1372 4532 1549 4602 inqua
1571 4532 1742 4588 Adam
1765 4543 1820 4588 et
1840 4534 1950 4590 Eva

364 4602 570 4674 conditi
599 4611 746 4669 sunt,
776 4603 877 4674 sed
897 4602 965 4657 de
989 4617 1152 4674 carne
1177 4611 1398 4672 peccato
1437 4604 1642 4673 vitiata,
1685 4603 1812 4659 licet
1855 4621 1952 4674 per

358 4673 685 4743 baptismum
718 4672 972 4728 mundata
997 4692 1008 4726 :
1030 4671 1246 4744 Manere
1283 4675 1418 4726 enim
1445 4674 1499 4727 in
1528 4671 1798 4744 baptisatis
1823 4671 1950 4730 con-

357 4746 747 4815 eupiscentiam,
777 4761 864 4799 seu
911 4743 1169 4815 fomitem,
1193 4752 1248 4815 ut
1275 4753 1477 4809 vocant,
1506 4743 1684 4815 sancta
1722 4747 1950 4815 synodus

358 4813 594 4869 Trident.
613 4815 778 4887 (Sess.
796 4813 919 4878 5,in
928 4815 1124 4887 decreto
1136 4813 1199 4867 de
1214 4813 1430 4868 Peccato
1444 4814 1657 4887 origin.)
1669 4813 1950 4870 secundum

355 4885 651 4958 sanctorum
703 4885 920 4941 Patrum
956 4886 1244 4958 doctrinam
1258 4887 1489 4958 definivit
1520 4885 1539 4941 ὲ
1578 4885 1691 4954 qua:
1717 4887 1946 4958 quidem,

352 4955 527 5027 inquit
547 4958 814 5029 (August,
845 4957 934 5011 lib.
974 4957 1038 5011 de
1055 4956 1206 5010 Pecc.
1247 4955 1423 5011 Merit.
1466 4973 1581 5026 cap.
1621 4955 1780 5029 ult.),
1831 4975 1948 5012 cum

353 5029 442 5098 ad,
474 5027 692 5097 agonem
740 5027 921 5098 relicta
965 5029 1051 5094 sit,
1093 5043 1275 5098 nocere
1317 5043 1416 5080 non
1474 5028 1900 5082 consentientibus
1926 5075 1940 5098 ,

2078 2416 2188 2458 tum
2212 2406 2384 2457 anima
2405 2405 2684 2458 secundum
2703 2419 2906 2458 carnem
2945 2402 3130 2470 affecta
3157 2402 3480 2471 concupiscit
3507 2420 3524 2456 :
3549 2407 3672 2458 sicut

2077 2474 2258 2531 oculus
2288 2475 2476 2528 dicitur
2504 2475 2696 2540 videre,
2723 2491 2838 2528 cum
2866 2475 3039 2545 potius
3065 2477 3246 2528 anima
3278 2477 3356 2529 vel
3386 2478 3498 2541 ipse
3531 2475 3674 2532 hanno

2076 2564 2167 2616 per
2193 2545 2366 2600 oculos
2388 2545 2575 2600 videat.
2606 2545 2696 2600 Sic
2724 2562 2845 2616 ergo
2874 2548 3049 2599 anima
3072 2562 3161 2613 per
3187 2562 3402 2600 carnem
3430 2550 3673 2614 concupi-

2077 2619 2192 2683 scit,
2235 2617 2442 2687 quando
2473 2635 2530 2687 ea
2560 2633 2676 2687 qua:
2713 2617 3036 2670 delectabilia
3075 2625 3194 2671 sunt
3240 2620 3530 2671 secundum
3558 2635 3672 2671 car-

2075 2705 2192 2760 nem
2219 2686 2428 2758 ea'petit.
2463 2686 2580 2760 ‘Per
2603 2705 2657 2741 se
2694 2704 2810 2741 vero
2846 2689 3043 2760 anima,
3066 2689 3427 2759 concupiscit,
3472 2691 3678 2760 quando

2076 2757 2356 2831 delectatur
2379 2761 2432 2812 in
2452 2757 2532 2812 his
2557 2775 2672 2828 qua:
2705 2768 2823 2831 sunt
2851 2758 3134 2831 secundum
3173 2757 3451 2831 spiritum,
3480 2757 3534 2814 ut
3560 2769 3676 2814 sunt

2076 2846 2234 2900 opera
2259 2830 2526 2896 virtutum,
2557 2828 2921 2899 contemplatio
2963 2828 3292 2900 divinorum,
3326 2841 3378 2884 et
3420 2831 3679 2886 meditatio

2077 2898 2373 2970 sapientiae,
2400 2902 2561 2965 juxta
2597 2901 2732 2954 illud
2762 2898 2908 2971 ’Sap.
2943 2915 2993 2953 vr
3037 2918 3049 2952 :
3093 2898 3543 2970 Concupiscentia
3583 2904 3680 2956 ita-

2077 2987 2174 3042 que
2207 2973 2474 3044 sapientite
2511 2970 2728 3026 deducet
2760 2973 2837 3044 ad
2856 2970 3067 3042 regnum
3115 2984 3458 3042 perpetuum.
3502 2976 3570 3027 At
3599 2973 3680 3027 di-

2075 3057 2206 3098 ces:
2259 3043 2318 3097 Si
2359 3043 2869 3114 caroconcupiscit
2910 3058 3018 3114 per
3061 3045 3351 3114 spiritum,
3407 3044 3683 3114 quomodo

2075 3114 2409 3181 concupiscit
2447 3112 2720 3186 adversus
2759 3113 2923 3186 eum?
2957 3112 3287 3186 Respondet,
3336 3116 3394 3168 in
3426 3112 3513 3180 co,
3543 3117 3681 3186 quod

2076 3185 2492 3254 concupiscentia
2515 3186 2686 3238 carnis
2704 3185 2913 3256 impedit
2930 3185 3411 3252 concupiscentiam
3434 3187 3679 3256 spiritus;

2076 3270 2192 3308 cum
2213 3257 2349 3309 enim
2379 3256 2551 3309 anima
2581 3258 2717 3310 circa
2746 3255 3009 3328 sensibilia
3033 3265 3081 3308 et
3102 3256 3395 3328 inferiora,
3429 3255 3550 3328 qut:
3566 3268 3683 3311 sunt

2075 3329 2270 3397 carnis,
2301 3337 2583 3396 occupatur
2611 3337 2658 3382 et
2697 3326 2936 3397 afﬂigitur,
2977 3323 3268 3380 retrahitur
3315 3345 3351 3380 a
3395 3323 3676 3397 superiori-

2077 3396 2190 3466 bus,
2220 3413 2334 3470 qute
2353 3395 2473 3452 sunt
2496 3399 2711 3481 spiritus
2732 3395 2753 3468 t
2773 3395 2896 3452 Vide
2925 3406 3104 3450 notata
3135 3398 3288 3522 infra
3317 3399 3392 3453 ad
3419 3395 3544 3472 cap.
3571 3398 3682 3470 13).

2151 3480 2173 3506 ο
2214 3469 2496 3522 Onomodo
2526 3469 2786 3522 tntellnrat
2827 3468 2993 3522 abbas
3020 3467 3193 3522 Dante
3262 3469 3414 3522 hanc
3448 3485 3682 3522 nuanam

2151 3480 2173 3506 ο
2214 3466 2496 3541 Quomodo
2524 3466 2786 3541 intelligat
2827 3468 2993 3541 abbas
3011 3466 3217 3541 Daniel
3262 3469 3414 3527 hanc
3448 3466 3684 3541 pugnam

2073 3538 2192 3596 sive
2233 3539 2721 3610 concupiscentiam
2753 3539 2928 3594 carnis
2958 3539 3226 3610 adversus
3271 3538 3564 3610 spiritum,
3596 3542 3678 3596 in-

2075 3620 2274 3665 sertam
2313 3619 2369 3664 et
2406 3609 2782 3666 invisceratam
2820 3609 3076 3665 membris
3118 3609 3337 3666 nostris
3374 3623 3433 3667 et
3463 3613 3684 3668 corpori

1993 3709 2040 3772 C
2077 3680 3508 3772 PP???9'999'3‘3‘39‘1“ibi???,qgﬁl‘i.efpll9?‘99r
3544 3680 3687 3772 ΨΥ·

2072 3753 2225 3808 chius
2257 3753 2309 3806 in
2349 3768 2443 3807 sua
2475 3768 2724 3824 censura,
2750 3767 2912 3824 quam
2946 3752 3127 3807 videre
3158 3752 3353 3824 lector
3381 3769 3512 3810 meo
3555 3752 3686 3810 coit-

2069 3823 2190 3878 silio
2220 3839 2326 3878 non
2383 3824 2618 3879 omittet.
2677 3823 2948 3878 Videudus
2996 3837 3160 3889 porro
3191 3823 3376 3880 etiam
3435 3827 3595 3882 locus
3623 3828 3684 3883 Ι).

2068 3894 2350 3964 Augustini
2387 3894 2456 3950 ab
2485 3909 2551 3948 eo
2579 3895 2776 3950 citatus
2803 3893 2899 3949 lib.
2930 3909 2965 3948 v
2993 3902 3187 3948 contra
3217 3894 3538 3963 Julianum,
3584 3897 3679 3953 sed

2065 3965 2336 4036 praecipue
2362 3966 2540 4036 (ται).λῦ
2569 3966 2687 4035 ejus
2716 3965 2865 4030 libri,
2897 3964 2989 4036 ubi
3020 3965 3162 4019 inter
3203 3967 3323 4022 alia
3365 3969 3546 4024 relert
3572 3969 3687 4024 Au-

2064 4034 2333 4105 gustinus,
2363 4034 2636 4091 exstitisse
2660 4036 2921 4106 quosdam
2954 4035 3278 4106 haereticos,
3315 4038 3688 4095 Paterniauos

2063 4116 2118 4179 et
2149 4105 2508 4179 Venustianos
2547 4105 2756 4179 dictos,
2779 4105 3090 4179 Manicltteis
3119 4108 3371 4179 similes,
3401 4113 3502 4179 qui
3534 4111 3684 4166 dice-

2061 4176 2214 4254 bant,
2241 4195 2275 4254 ᾳ
2299 4176 2486 4232 lumbis
2508 4194 2664 4254 usque
2689 4178 2759 4230 ad
2780 4177 2932 4245 pedes
2962 4175 3236 4254 diabolum
3263 4175 3466 4254 fecisse
3498 4198 3690 4254 corpus

2062 4249 2319 4315 hominis;
2365 4245 2652 4320 superiores
2696 4265 2812 4303 vero
2857 4259 3048 4320 partes,
3080 4245 3298 4320 Deum',
3331 4251 3481 4304 velut
3526 4245 3689 4320 supra

2060 4319 2225 4373 basim
2253 4318 2482 4391 aliquam
2517 4320 2828 4391 collocasse;
2858 4318 3088 4391 nihilque
3123 4321 3192 4372 ab
3221 4319 3473 4377 hominis
3504 4318 3690 4378 studio

2057 4391 2268 4461 requiri,
2297 4390 2453 4461 quam
2473 4401 2527 4443 ut
2555 4390 2728 4444 anima
2753 4393 2927 4460 (quam
2955 4390 3008 4442 in
3038 4405 3268 4456 corpore
3321 4403 3373 4446 et
3409 4396 3691 4449 stomacho

2056 4459 2288 4515 habitare
2311 4459 2567 4530 dicebant)
2599 4459 2794 4514 munda
2817 4470 3072 4523 servetur;
3099 4461 3304 4528 pubem
3339 4477 3469 4518 vero
3494 4467 3543 4520 si
3572 4482 3688 4519 om-

2055 4533 2201 4606 nibus
2224 4533 2543 4606 ﬂagitiorum
2566 4531 2825 4586 oblinatur
2848 4531 3215 4606 sordibus,_ad
3246 4550 3417 4606 suam
3439 4552 3556 4590 non
3583 4554 3692 4606 per-

2056 4600 2425 4678 ti_nere'_curam
2451 4619 2469 4654 :
2498 4603 2571 4678 ita
2597 4611 2652 4656 ut
2685 4618 2886 4678 semper
2913 4603 3009 4669 ipsi
3039 4600 3260 4678 libidini
3303 4609 3542 4678 turpiter
3573 4600 3692 4661 ser-

2050 4673 2188 4745 viat,
2221 4673 2428 4727 titulum
2469 4674 2517 4728 ei
2561 4674 2787 4745 propriw
2826 4673 3089 4745 potestatis
3139 4673 3508 4744 uﬁingebant.
3558 4679 3690 4734 llaec

2052 4743 2132 4797 illi
2176 4744 2498 4819 impuritatis
2541 4743 2881 4819 defensores;
2931 4743 3126 4819 quibus
3183 4743 3384 4819 ipsum
3421 4751 3694 4819 Augusti-

2053 4829 2179 4869 num
2213 4814 2393 4869 favere
2423 4829 2485 4868 ac
2515 4813 2836 4882 patrocinari
2867 4814 2980 4868 suis
3007 4813 3241 4882 scriptis
3272 4813 3553 4875 Julianus
3589 4822 3684 4876 ille

2053 4886 2394 4956 impudenter
2437 4885 2748 4956 objiciebat.
2803 4886 2972 4951 Quam
3007 4887 3379 4956 calumniam
3429 4891 3692 4947 refutans

2053 4955 2380 5032 Augustinus
2403 4973 2418 5010 :
2451 4955 2584 5028 Ego,
2609 4955 3105 5032 inquit,_s_ecundum
3126 4958 3479 5014 catholicam
3497 4964 3689 5032 fidem,

2052 5026 2212 5081 totum
2235 5026 2512 5100 hominem,
2539 5037 2694 5080 totam
2737 5027 2924 5080 scilicet
2942 5026 3221 5100 animum,
3256 5026 3553 5100 totumque
3573 5026 3688 5088 coré

351 5097 444 5149 sed
484 5089 695 5170 viriliter
723 5116 813 5170 per
855 5089 1068 5170 Christi,
1092 5097 1217 5170 Jesu
1265 5100 1486 5168 gratiam
1529 5089 1941 5170 repugnantibus
1967 5089 2024 5150 D
2050 5115 2146 5168 pus
2175 5102 2288 5170 ejus
2318 5098 2425 5152 Deo
2452 5089 2649 5152 summo
2669 5107 2713 5152 et
2743 5115 2858 5152 vero
2887 5097 3052 5150 tribuo
3078 5089 3341 5154 Creatori
3360 5143 3378 5168 ,
3405 5089 3692 5160 diabolum

357 5184 462 5222 non
487 5169 655 5240 valet;
681 5169 961 5240 quinimmo
985 5169 1072 5238 qui
1096 5169 1319 5238 legitime
1343 5171 1631 5234 certaverit,
1657 5169 1928 5225 Coranabi-

351 5247 460 5313 tur.
477 5239 556 5313 {It
576 5239 708 5293 hanc
735 5239 1212 5313 concupiscentiam,
1235 5255 1390 5309 quam
1412 5241 1689 5313 aliquando
1710 5241 1931 5313 Aposto-

349 5309 433 5382 lus
465 5309 643 5380 (Rom.
673 5326 724 5365 v1
754 5322 800 5382 et
841 5310 955 5379 vtu)
988 5321 1260 5382 peccatum,
1290 5311 1538 5379 appellat,
1571 5309 1929 5382 eadem'syno-

351 5379 448 5450 dus
476 5379 721 5435 declarat
751 5380 1040 5436 Ecclesium
1090 5379 1395 5435 catholicam
1453 5397 1730 5450 numquam
1775 5379 1927 5436 intel-

347 5449 535 5524 lexisse
578 5461 844 5521 peccatum
877 5452 1155 5524 appellari,
1190 5451 1328 5521 quod
1376 5468 1490 5508 vere
1530 5449 1595 5507 et,
1625 5455 1830 5524 proprie
1867 5455 1924 5507 in

347 5522 542 5573 renatis
558 5525 932 5601 peecatunipit,
958 5524 1048 5601 sed
1070 5522 1192 5601 quia
1211 5535 1502 5601 ecpeccato
1523 5522 1633 5601 est,
1648 5533 1696 5577 et
1717 5526 1922 5601 ttd_pec-

346 5601 525 5665 catum
551 5592 780 5647 inclinat.
811 5595 940 5650 Haec
970 5594 1063 5648 ibi.
1085 5594 1158 5647 Ex
1187 5593 1381 5665 quibus
1409 5595 1755 5665 intelligimus
1784 5595 1924 5652 hanc

343 5660 527 5716 carnis
555 5672 611 5715 et
649 5666 868 5732 spiritus
895 5663 1305 5734 repugnantiam
1335 5660 1618 5733 provenire
1643 5682 1709 5721 ex
1738 5668 1922 5722 relicta

339 5742 466 5803 post
495 5742 771 5810 peccatum
800 5735 1184 5810 propensione_
1214 5735 1282 5789 ad
1309 5749 1372 5790 ea
1401 5750 1522 5807 quae
1563 5738 1756 5810 cuique
1783 5739 1922 5810 parti

342 5813 439 5866 unt
470 5807 759 5866 commoda
791 5803 847 5866 et
891 5803 1090 5866 amica.
1140 5803 1274 5866 Nam
1302 5803 1434 5865 caro
1486 5822 1610 5884 quas
1651 5803 1747 5870 sua
1783 5803 1922 5874 sunt

2036 5169 2208 5225 autem
2229 5171 2346 5224 dico
2367 5171 2667 5233 humanam,
2700 5171 2773 5222 uel
2793 5169 2988 5237 aliquid
3016 5169 3126 5236 ejus
3156 5185 3280 5241 non
3317 5189 3566 5241 creasse,
3599 5179 3694 5232 sed

2036 5241 2240 5318 vitiass_e
2264 5249 2828 5318 natu_rur_n:_contraque
2850 5241 3017 5318 ipsam
3055 5239 3404 5318 diabolicam
3438 5239 3689 5318 plagam,

2034 5329 2150 5388 qua:
2180 5313 2274 5367 Dei
2307 5312 2642 5388 cpitulatione
2667 5312 2902 5364 sanando
2930 5319 3026 5388 est,
3060 5311 3244 5388 donec
3272 5311 3449 5388 abea'
3473 5311 3694 5388 penitus

2032 5378 2349 5458 liberemur,‘
2365 5384 2508 5436 nobis
2558 5399 2666 5458 esse
2702 5382 3068 5458 pugnandume
3094 5378 3231 5458 Nec
3267 5378 3551 5454 animuin,
3587 5408 3690 5458 qua

2031 5470 2218 5523 corpus
2241 5454 2381 5517 vivit,
2411 5452 2677 5517 mundam,
2705 5462 2951 5522 quantum
2973 5452 3025 5505 in
3048 5451 3145 5504 hac
3173 5455 3298 5506 vita
3323 5451 3576 5515 murtdus
3593 5451 3693 5516 ho-

2031 5541 2121 5604 m_o_
2143 5535 2237 5588 est,
2267 5541 2409 5592 posse
2433 5524 2645 5604 serpari,
2677 5525 2718 5578 si
2747 5523 3414 5604 concupiscentitecarnis
3464 5535 3542 5584 ad
3580 5537 3691 5604 ﬂa-

2031 5598 2157 5666 gitia
2214 5596 2553 5667 perpetranda
2599 5606 2647 5649 et
2699 5610 2930 5667 quicque
2962 5595 3249 5667 immunda
3314 5595 3690 5659 consenserit.

2034 5664 2162 5723 Ηωο
2188 5664 2540 5738 Augustinus,
2587 5664 2718 5735 quas
2740 5666 2845 5738 Inc,
2869 5664 3186 5721 adscribere
3223 5668 3409 5727 libuit
3443 5674 3520 5730 ad
3567 5691 3695 5734 am.

2033 5735 2304 5812 pliandam
2333 5737 2566 5812 Cuychii
2595 5735 3036 5792 elucidationem.

2105 5809 2130 5848 ἀ
2175 5809 2262 5880 υι,
2292 5809 2628 5884 conjunctio,
2657 5821 2803 5882 saepe
2832 5823 2940 5870 non
2961 5821 3218 5884 causam,
3257 5813 3372 5873 sed
3405 5827 3690 5884 eventum
