4012 6336
2054 192 2106 203 ’“’
2150 202 2217 228 κά
2281 189 2374 219 ’ἀίῖτ

481 298 589 371 sps

1511 296 1799 369 ωΑΝΝιε
1836 292 2152 367 οΑεεςιΑΜ
2184 293 2688 365 GOLLATIONES.

3626 297 3720 357 596

476 419 620 487 mia
646 417 877 491 tegimus
904 414 1173 491 puluinari
1196 434 1211 472 :
1407 428 1816 489 nonnumquam
1856 410 2068 486 signiﬁ-
2090 410 2373 495 Acutior.
2403 408 2499 495 δρα
2549 408 2875 489 naualibus.
2908 421 3028 487 «ιιιφ
3074 407 3129 481 in
3171 418 3281 465 υυο
3309 405 3595 495 eodemque
3635 411 3724 495 llo-

476 521 571 573 cst
598 512 874 593 homingm
907 510 1199 583 integrum,
1231 511 1284 583 id
1315 517 1421 579 est,
1440 511 1537 582 qui
1575 524 1647 564 ex
1675 521 1910 579 corpore
1937 520 2069 562 con-

478 612 591 671 stat
614 613 675 689 et
698 604 908 671 anitna;
952 611 1013 673 ut
1046 602 1122 673 ibi
1165 600 1347 689 (Iona.
1379 601 1460 675 t):
1501 600 1568 673 Et
1593 600 1802 663 sorbum
1832 614 1957 655 caro
1988 598 2071 669 {a-

480 684 621 754 ctum
662 706 771 762 est;
797 704 854 765 et
892 693 1079 768 (Isaite
1112 711 1187 759 xl.
1212 684 1270 753 et
1298 694 1577 768 Lactant)
1607 712 1623 751 :
1672 692 1876 755 Videbit
1905 690 2071 747 omnis

475 806 600 846 caro
621 790 847 849 salutare
868 787 963 861 Dei
978 789 1161 847 nostri.
1175 787 1588 860 Nonnumquam
1606 784 1855 845 homines
1878 797 2072 855 pecca-

477 889 629 953 tores
656 889 819 950 atque
841 880 1119 947 carnales;
1159 887 1223 936 ut
1267 879 1342 939 ibi
1374 877 1585 951 (Gentes.
1619 882 1700 951 vr)
1733 896 1748 933 :
1780 876 1911 936 Non
1949 894 2069 951 pcr-

476 976 704 1035 manebit
728 976 943 1046 spiritus
966 990 1111 1031 meus
1135 974 1189 1029 in
1212 973 1509 1045 hominibus
1530 973 1669 1042 istis,
1696 987 1759 1028 eo
1786 973 1924 1043 quod
1961 973 2069 1031 sint

479 1082 623 1121 caro.
669 1064 948 1122 Interdum
993 1079 1091 1135 pro
1133 1064 1267 1139 ipsis
1306 1064 1548 1141 peccatis
1596 1063 1847 1139 ponitur;
1894 1073 1955 1139 ut
1991 1064 2068 1119 ibi

477 1158 663 1231 (Rom.
689 1157 809 1229 vnt)
843 1175 859 1211 :
897 1155 1005 1213 Vos
1048 1166 1222 1215 autem
1264 1172 1369 1213 non
1394 1156 1519 1227 estis
1566 1155 1621 1211 in
1670 1170 1844 1229 carne,
1893 1155 1983 1223 sed
2008 1155 2067 1209 in

475 1251 687 1327 spiritu.
734 1250 802 1306 Et
833 1250 1026 1307 iterum
1060 1249 1104 1319 (l
1145 1248 1268 1307 Cor.
1298 1247 1430 1322 xv):
1481 1244 1618 1304 Casa
1655 1257 1704 1317 et
1751 1247 1963 1321 sanguis
1984 1263 2067 1302 re-

476 1363 638 1418 gnum
665 1345 762 1403 Dei
788 1364 892 1404 non
916 1346 1273 1420 possidebunt.
1298 1347 1543 1415 Denique
1570 1343 1848 1415 sequitur:
1884 1343 2067 1413 Neque

476 1440 740 1519 corruptio
765 1440 1177 1511 incorruptelam
1205 1440 1507 1513 possidebit.
1528 1438 1945 1513 Nonnumquam
1968 1452 2067 1506 pro

479 1534 807 1604 cognatione
836 1542 893 1589 et
918 1533 1353 1607 propinquitate;
1383 1540 1442 1589 ut
1468 1530 1544 1589 ibi
1573 1530 1640 1604 (ll
1670 1529 1801 1601 Reg.
1827 1531 1914 1602 v):
1935 1528 2066 1584 Ecce

475 1639 570 1679 nos
609 1642 667 1678 os
709 1632 877 1691 tuum,
900 1634 949 1680 et
972 1633 1202 1681 carotua
1227 1641 1427 1682 unius.
1469 1624 1537 1685 Et
1558 1625 1848 1695 Apostolus
1885 1621 2060 1695 (Rom.

476 1717 595 1789 xl):
639 1720 700 1775 Si
728 1719 981 1788 quomodo
1029 1720 1085 1775 in
1119 1717 1506 1775 cumulationem
1555 1718 1806 1773 inducam
1856 1732 2065 1772 carnem

2166 488 2316 577 ruins
2346 488 2436 559 vel
2465 500 2667 573 pariter
2697 500 2780 579 vel
2809 500 3088 575 sigillatim
3116 514 3241 579 cum
3269 498 3490 579 quadam
3530 488 3720 579 iampe-

2170 592 2247 667 ris
2269 591 2640 669 vicissitudine
2667 601 2724 651 et
2748 590 3046 671 cititatione
3078 590 3371 665 luctantur.

2784 705 3016 767 CAPUT
3053 704 3148 763 XI.

2170 798 2314 867 Quid
2332 799 2388 855 in
2414 799 2513 857 hoc
2549 800 2809 883 (σείσατο
2837 796 3176 883 ηῡβροξςοιο
3213 797 3518 879 nominetur,
3545 808 3591 854 ct
3617 800 3725 870 quid

2610 880 2676 926 δίε
2706 880 3117 943 concupiscentia
3138 884 3325 953 carnis.

2239 962 2609 1037 Quamobrem
2640 965 2696 1020 in
2723 964 2827 1023 hoc
2854 964 2979 1041 loco
3009 972 3036 1000 ι
3060 977 3284 1041 carnem
3309 976 3415 1041 non
3438 960 3694 1043 hominem
3711 1004 3726 1032 ,

2167 1054 2221 1111 id
2243 1066 2349 1123 est,
2383 1057 2624 1114 hominis
2655 1058 3016 1115 substantiam
3038 1100 3054 1125 ,
3084 1057 3181 1115 sed
3207 1056 3532 1113 voluntatem
3568 1059 3729 1115 carnis

2166 1158 2223 1206 et
2248 1148 2521 1206 desideria
2568 1149 2831 1225 debemus
2879 1150 3115 1221 pessima
3163 1148 3413 1218 accipere
3440 1166 3453 1203 :
3484 1149 3618 1205 sicut
3643 1164 3732 1208 nec

2162 1241 2416 1327 spiritum
2463 1241 2680 1311 quidem
2726 1232 2965 1327 aliquam’
3018 1256 3132 1298 rem
3180 1238 3601 1307 substantialem,
3644 1241 3730 1298 sed

2168 1324 2365 1392 animae
2394 1334 2667 1393 desideria
2697 1324 2839 1390 bona
2860 1342 2915 1390 et
2938 1331 3206 1409 spiritalis
3234 1331 3537 1404 designare.
3574 1330 3730 1403 Quem

2166 1446 2387 1488 sensum
2425 1430 2571 1488 idem
2604 1430 2798 1485 beatus
2826 1418 3121 1498 Apostolus
3166 1426 3431 1497 superius
3470 1426 3732 1484 evidenter

2163 1525 2461 1596 expressit,
2493 1526 2569 1580 ita
2596 1522 2786 1580 dicens
2816 1539 2830 1577 :
2863 1522 2997 1578 Dico
3023 1530 3218 1587 autent,
3246 1520 3438 1591 spirits
3462 1519 3731 1590 ambulate,

2162 1628 2216 1674 et
2243 1620 2507 1676 desideria
2547 1620 2722 1675 carnis
2766 1633 2870 1673 non
2907 1618 3205 1689 perﬁcietis.
3245 1613 3379 1672 Caro
3404 1617 3539 1670 enim
3563 1631 3733 1671 concu-

2164 1714 2316 1785 piscit
2342 1714 2582 1768 adversus
2618 1712 2893 1785 spiritum,
2935 1711 3151 1780 spiritu
3192 1725 3314 1764 vero
3355 1708 3596 1765 adeum
3632 1723 3734 1763 cer-

477 1825 669 1877 meam,
711 1820 761 1866 et
782 1812 954 1869 salvos
992 1812 1183 1883 faciam
1225 1810 1424 1882 aliquos
1451 1826 1517 1867 ea:
1543 1810 1674 1866 illis.
1704 1808 2067 1879 Quaerendum
2096 1801 2145 1862 B
2170 1823 2303 1864 nent.
2337 1805 2365 1846 δ
2394 1805 2524 1862 Hac
2559 1814 2732 1861 autem
2769 1805 2986 1859 inuicem
3024 1804 3364 1859 adversusttar
3390 1801 3516 1867 sibi,
3557 1810 3611 1855 ut
3642 1815 3735 1855 non

474 1918 609 1974 ergo
653 1905 809 1961 nobis
835 1915 942 1973 est,
980 1906 1281 1971 secundum
1313 1920 1472 1975 quam
1503 1906 1954 1977 signiﬁcationem
1998 1918 2069 1961 ex

475 1993 563 2050 his
584 2006 837 2066 quatuor,
878 2012 1099 2054 carnem
1129 1997 1222 2054 hic
1262 1997 1560 2054 debeamus
1585 1997 1854 2069 accipere.
1889 1997 2066 2057 Mani-

474 2084 674 2142 lestum
707 2103 940 2159 namque
970 2100 1053 2145 est
1103 2089 1403 2147 secundum
1452 2090 1586 2146 illud
1628 2090 1773 2161 quod
1826 2090 2067 2161 positum

475 2188 584 2246 est,
616 2178 688 2237 Et
710 2182 917 2237 uerbum
941 2198 1067 2237 caro
1088 2185 1287 2253 factum
1309 2192 1425 2251 est;
1453 2182 1539 2240 vel
1582 2182 1738 2253 illud,
1770 2181 1838 2238 Et
1879 2182 2069 2239 uidebit

477 2274 646 2329 omnis
681 2290 805 2329 caro
856 2276 1089 2331 salutare
1138 2275 1259 2343 Dei,
1309 2278 1530 2348 penitus
1556 2286 1704 2334 stare
1733 2292 1841 2334 non
1872 2291 2064 2347 posse;

474 2365 574 2421 sed
600 2380 778 2437 neque
816 2368 1112 2433 secundum
1163 2368 1303 2424 illud
1350 2369 1495 2439 quod
1534 2369 1750 2437 dicitur,
1800 2368 1926 2424 Non
1956 2384 2071 2435 per-

475 2459 697 2513 manebit
723 2460 937 2528 spiritus
966 2478 1107 2516 meus
1139 2462 1192 2516 in
1219 2459 1517 2518 hominibus
1536 2463 1670 2530 istis,
1698 2479 1760 2518 eo
1786 2462 1924 2534 quod
1948 2468 2070 2516 sunt

474 2564 634 2614 caro;
657 2549 781 2620 quia
824 2568 952 2616 non,
987 2552 1125 2607 sicut
1157 2552 1232 2607 ibi
1260 2553 1490 2624 abrupte
1520 2553 1588 2609 de
1618 2553 1838 2609 homine
1878 2567 2072 2623 pecca-

476 2650 617 2711 tore,
649 2644 719 2698 ita
748 2653 803 2700 et
829 2645 918 2700 hic
948 2647 1169 2715 ponitur
1193 2661 1345 2716 caro,
1386 2664 1511 2705 cum
1539 2647 1740 2704 dicitur
1778 2646 1922 2720 (Gal.
1950 2649 2024 2719 tv)
2050 2664 2067 2703 :

477 2736 608 2791 Caro
638 2739 949 2809 concupiscit
976 2739 1221 2795 adversus
1263 2741 1523 2811 spiritum,
1562 2749 1609 2795 et
1637 2741 1852 2811 spiritus
1880 2740 2068 2794 aduer-

473 2844 564 2883 sus
589 2844 818 2888 carnem.
840 2828 1027 2901 Neque
1047 2830 1195 2888 enim
1219 2830 1288 2893 de
1318 2831 1486 2889 rebus
1512 2832 1965 2889 substantialibus
1987 2831 2068 2887 ιο.

2171 1914 2500 1971 dumcumque
2523 1898 2699 1964 sultis,
2726 1895 2820 1953 illa
2870 1896 3078 1967 faciatis
3120 1893 3271 1968 (Gal.
3320 1895 3398 1965 v).
3449 1893 3578 1962 Qum
3624 1907 3735 1949 cum

2172 2000 2405 2062 utraque
2434 1989 2730 2054 desideria,
2764 1988 2817 2043 id
2848 1996 2934 2044 est
2955 2024 2974 2054 ,
3005 1985 3187 2042 carnis
3224 1994 3284 2042 et
3311 1984 3533 2057 spiritus
3560 1984 3613 2041 in
3639 1999 3737 2040 uno

2174 2084 2480 2155 eodemque
2521 2082 2633 2138 sint
2676 2079 2929 2148 homine,
2962 2077 3285 2135 intestinum
3327 2075 3569 2149 quotidie
3613 2075 3738 2131 intra

2172 2182 2278 2233 nos
2302 2176 2513 2248 geritur
2536 2173 2761 2240 bellum,
2804 2172 2935 2228 dum
2962 2170 3410 2241 concupiscentia
3438 2168 3610 2225 carnis
3634 2180 3740 2240 quae

2174 2269 2577 2341 praecipitanter
2613 2268 2784 2323 fertur
2806 2264 2875 2320 ad
2904 2262 3060 2330 vitia,
3093 2262 3179 2319 bis
3203 2277 3332 2334 quin
3351 2261 3418 2318 ad
3442 2268 3740 2332 prasentem

2177 2363 2421 2435 requiem
2452 2360 2748 2431 pertinent,
2789 2356 3005 2415 deliciis
3033 2357 3253 2428 gaudet.
3312 2356 3518 2425 Quibus
3539 2360 3742 2411 econtra

2168 2453 2615 2526 concupiscentia
2645 2452 2873 2525 spiritus
2900 2448 3208 2517 adversata,
3244 2449 3323 2507 ita
3351 2448 3619 2506 desiderat
3643 2453 3743 2501 tota

2172 2551 2513 2624 spiritalibus
2539 2551 2736 2606 studiis
2761 2549 3032 2608 inhaerere
3054 2589 3071 2617 ,
3118 2557 3182 2605 ut
3215 2549 3387 2606 etiam
3425 2546 3744 2603 necessarios

2171 2644 2353 2701 carnis
2390 2657 2522 2698 usus
2557 2650 2709 2713 optet
2751 2643 3070 2711 excludere,
3114 2642 3195 2698 sic
3221 2642 3339 2698 illis
3364 2641 3564 2713 iugiter
3597 2654 3745 2696 occu-

2171 2737 2291 2815 pari
2318 2736 2566 2809 cupiens,
2599 2744 2659 2793 ut
2695 2736 2903 2792 nullam
2940 2736 3154 2808 penitus
3193 2733 3483 2807 iragilitati
3509 2732 3623 2803 ejus
3662 2744 3746 2785 cu‘

2170 2844 2288 2907 ram
2317 2829 2502 2903 cupiat
2525 2829 2818 2899 impartiri.
2840 2827 2987 2899 Caro
3012 2826 3246 2885 luxuriis
3276 2843 3343 2889 ac
3368 2825 3587 2883 libidine
3611 2821 3746 2880 dele-

1543 2968 1802 3025 ALARDI
1838 2967 2073 3027 GAZEI
2106 2967 2678 3027 COMMENTARIUS.

475 3091 783 3182 quandoque
800 3092 973 3182 aenim
1013 3091 1092 3182 ,ἀς
1118 3098 1327 3182 matura
1368 3088 2067 3182 intelligiturmqunttdoque
2090 3114 2137 3182 ρ
2166 3105 2239 3148 ex
2266 3090 2509 3176 pondere
2537 3084 3383 3182 verojcarnal‘is'consuetp‘dini‘s
3430 3086 3558 3182 vulg.
3589 3085 3747 3170 adhuc

475 3161 646 3219 autem
672 3161 735 3218 de
761 3161 953 3230 aﬁectu
982 3170 1028 3216 et
1059 3162 1192 3218 labe.
1225 3161 1426 3216 Prioris
1463 3161 1863 3234 signiﬁcationis
1891 3161 2060 3218 exem-

476 3234 623 3307 plum
653 3235 751 3307 hoc
773 3245 847 3289 est
872 3250 891 3307 ς
914 3234 1141 3307 Spiritus
1156 3250 1364 3307 carnem
1390 3232 1584 3307 et_ossa
1610 3248 1719 3307 non
1740 3232 1912 3307 habet,
1935 3234 2065 3289 sicut

476 3301 558 3361 me
585 3305 765 3359 videtis
793 3301 991 3377 habere
1021 3304 1175 3377 (Luc.
1209 3303 1386 3377 xxiv).
1431 3301 1745 3377 Posterioris
1790 3320 1809 3360 :
1855 3303 1988 3359 Caro
2018 3316 2067 3359 et

476 3377 690 3451 sanguis
714 3393 929 3451 regnum
951 3373 1051 3451 Dei
1077 3373 1382 3451 hereditate
1408 3374 1797 3451 possiderenon
1827 3385 2063 3451 possunt.

474 3447 557 3504 Ita
578 3446 696 3503 ille.
725 3446 795 3503 At
828 3448 1039 3517 plenior
1066 3456 1121 3502 et
1144 3446 1445 3502 accuratior
1476 3455 1557 3500 est
1582 3446 1771 3500 divisio
1788 3461 1852 3501 ac
1873 3446 2067 3502 distin-

477 3530 590 3632 ωε
609 3516 1292 3644 ἓὲῗιιὲιῖὲιὲιξῖξιέἓοειοιί
1327 3606 1340 3641 :
1372 3586 1505 3643 Caro
1536 3568 1577 3641 ci

552 3600 581 3632 ι
609 3586 688 3645 Ex
717 3590 821 3645 illis
850 3588 1030 3646 verbis
1051 3589 1292 3661 Apostoli
1327 3586 1505 3661 :‘Caro
1536 3589 1852 3661 concupiscit
1882 3589 2066 3645 adver-

478 3677 569 3717 sus
611 3663 882 3734 spiritum,
934 3669 1039 3716 etc.
1089 3659 1368 3734 Manichzei
1412 3657 1541 3734 olim
1595 3657 1836 3734 statuere
1870 3663 2064 3734 conati

478 3742 604 3787 sunt
630 3730 765 3788 duas
797 3747 916 3788 esse
939 3740 1156 3787 naturas
1185 3732 1240 3787 in
1281 3730 1499 3785 homine
1528 3747 1540 3783 :
1595 3730 1823 3785 alterum
1867 3732 2062 3789 bonam

477 3818 509 3859 a
536 3804 647 3859 Deo
677 3804 949 3860 conditam
972 3843 987 3868 ,
1017 3803 1242 3858 alteram
1276 3801 1479 3856 malam‘
1505 3817 1531 3855 a
1556 3801 1803 3857 daemone
1838 3815 2063 3860 auctore

478 3876 813 3945 proiectam,
869 3891 987 3944 qua:
1016 3875 1068 3929 in
1118 3888 1282 3929 carne
1337 3870 1645 3929 inhabitans
1694 3886 1793 3943 per
1842 3887 2060 3930 carnem

478 3947 811 4016 concupiscit
856 3946 1114 4000 adversus
1162 3945 1435 4014 spiritum.
1498 3947 1567 3999 At
1619 3945 1671 3999 id
1721 3956 1828 3998 non
1885 3947 2060 4016 solum

476 4010 679 4086 impie,
711 4018 806 4072 sed
848 4018 1009 4071 etiam
1040 4010 1286 4083 imperite
1314 4016 1383 4070 ab
1411 4016 1492 4070 eis
1519 4016 1904 4085 excogitatum.
1960 4010 2062 4071 Ea-

479 4086 603 4142 dem
656 4102 887 4153 namque
934 4101 1155 4157 prorsus
1184 4097 1268 4141 est
1314 4087 1492 4141 anima
1539 4101 1657 4154 quae
1699 4100 1793 4153 per
1840 4100 2059 4142 carnem

476 4160 843 4226 concupiscit,
878 4157 1174 4213 secundum
1205 4157 1480 4212 carnalem
1504 4157 1799 4227 appetitum
1822 4197 1836 4219 ,
1867 4167 2062 4227 etquae

475 4243 575 4355 ger
596 4230 843 4301 spiritum
865 4229 1201 4298 concupiscit
1223 4231 1376 4297 juxta
1399 4229 1693 4295 appetitum
1718 4229 2059 4282 rationalem.

523 4308 701 4355 onstat
731 4304 875 4355 enim
905 4300 957 4354 in
987 4301 1165 4353 anima
1211 4296 1445 4352 hominis
1494 4297 1758 4355 duplicem
1804 4312 1924 4354 esse
1953 4300 2059 4355 vim

523 4296 701 4355 onstat
731 4304 875 4355 enim
905 4300 957 4354 in
987 4296 1165 4353 anima
1211 4296 1445 4352 hominis
1494 4297 1758 4367 duplicem
1804 4312 1924 4354 esse
1953 4300 2059 4355 vim

475 4374 825 4440 appetitivam
849 4391 860 4424 :
883 4370 1109 4425 alteram
1129 4368 1354 4425 rationis
1370 4378 1675 4441 expertem,
1695 4383 1853 4438 quam
1876 4372 2062 4440 appel-

473 4442 649 4496 lamus
696 4446 996 4513 appetitum
1044 4443 1401 4507 sensitivum,
1433 4441 1557 4510 quia
1611 4450 1860 4495 versatur
1915 4445 2058 4498 circa

2171 3156 2403 3219 terrenis
2452 3162 2753 3220 commodis
2779 3169 2834 3217 et
2861 3158 3320 3216 delectationibus
3352 3156 3476 3214 frui.
3508 3159 3592 3215 Sic
3617 3158 3746 3212 enim

2166 3233 2286 3306 ipse
2315 3249 2448 3306 quas
2471 3234 2628 3289 initio
2644 3244 2767 3306 sum
2807 3232 3175 3306 conversionis
3204 3239 3494 3306 pateretur
3538 3227 3748 3306 difﬁcul-

2171 3299 2307 3362 tates
2334 3299 2392 3361 et
2420 3304 2798 3375 ambiguitates
2824 3302 3044 3375 exponit
3068 3299 3316 3375 libr—vnn
3344 3299 3743 3375 Confessionunt

2168 3389 2288 3449 cap.
2318 3377 2389 3432 5:
2428 3369 2773 3433 Velle'meum
2817 3369 3017 3449 tenebat
3058 3374 3339 3449 inimicus.
3370 3383 3442 3449 Aet
3492 3370 3605 3425 inde
3633 3369 3747 3449 ini/ti

2167 3440 2401 3503 calenam
2428 3451 2640 3519 fecerat,
2674 3454 2721 3500 et
2753 3447 3128 3519 constrinxerat
3146 3460 3248 3519 me.
3279 3443 3482 3519 Quippe
3501 3440 3750 3519 eruunt-un-

2168 3528 2273 3591 tate
2298 3513 2533 3590 perversa
2554 3519 2693 3591 facta
2712 3527 2785 3591 est
2817 3515 3016 3591 libido;
3045 3527 3090 3569 et
3122 3515 3242 3568 dum
3275 3513 3498 3591 serpitur
3536 3513 3743 3591 libidini,

2169 3583 2308 3662 factu
2330 3599 2403 3645 est
2436 3583 2794 3654 consuetudo;
2826 3598 2871 3662 ct
2898 3586 3023 3662 dum
3068 3586 3440 3662 consuetudini
3484 3601 3601 3662 non
3631 3583 3748 3662 resi-

2164 3655 2354 3734 'stitur,
2388 3663 2526 3734 facta
2556 3670 2629 3716 est
2652 3661 2939 3734 necessitas,
2977 3657 3195 3734 Quibus,
3248 3658 3405 3727 quasi
3431 3655 3626 3734 ansulis
3648 3655 3749 3734 qui-

2168 3727 2400 3788 busdam'
2419 3732 2617 3787 sibimet
2665 3732 2865 3784 innexis
2920 3727 3102 3801 (unde
3152 3738 3388 3782 catenam
3436 3727 3744 3799 appellavi),

2166 3805 2366 3858 tenebat
2400 3816 2479 3857 me
2508 3806 2642 3858 dura
2671 3802 2906 3856 servitus.
2928 3796 3209 3854 'Voluntas
3240 3811 3415 3855 autem
3459 3796 3621 3865 nava,
3647 3811 3749 3867 qua:

2168 3876 2295 3928 mihi
2342 3891 2449 3946 esse
2478 3882 2719 3946 coeperat,
2776 3882 2830 3925 ut
2864 3879 2910 3925 te
2939 3866 3100 3946 gratis
3150 3871 3412 3946 colerem,
3465 3866 3664 3946 fruique
3707 3877 3749 3921 te

2164 3947 2368 4014 pellem,
2405 3941 2567 4012 Deus,
2626 3945 2739 3999 sola
2790 3941 3309 4014 ccrta‘jucunditas,
3373 3942 3603 3997 nondum
3650 3945 3750 4014 erat

2162 4008 2440 4089 idoneaad
2460 4008 2806 4089 superandam
2824 4008 3043 4086 priorEm
3062 4022 3313 4089 vetustate
3336 4014 3653 4089 roboratam.
3679 4008 3751 4063 Ita

2165 4087 2286 4141 diue
2314 4080 2598 4142 valtmta'tes
2639 4102 2764 4141 mea:
2792 4127 2805 4142 .
2824 4080 2835 4086 ’
2856 4101 2958 4137 una
2985 4095 3124 4139 vetus
3144 4128 3159 4147 ,
3191 4085 3301 4139 alia
3328 4101 3494 4153 nova,
3536 4080 3628 4139 illa
3648 4098 3749 4135 car.

2164 4161 2339 4220 nalis.
2394 4162 2490 4213 ista
2534 4157 2841 4226 spiritualis,
2898 4155 3247 4226 conﬂigebant
3299 4157 3437 4210 inter
3487 4170 3559 4221 se,
3611 4163 3752 4226 atque

2165 4228 2507 4284 discordando
2532 4228 2850 4301 dissipabunt
2881 4228 3109 4301 animum
3134 4244 3325 4301 meam.
3364 4226 3459 4284 Sic
3502 4225 3752 4295 intellige-

2165 4302 2279 4354 bam
2307 4317 2415 4354 meo
2447 4301 2605 4372 ipsius
2634 4298 2982 4372 elrperimcnto
3013 4300 3067 4351 id
3110 4298 3249 4372 quod
3305 4299 3535 4370 legeram
3564 4339 3577 4360 ,
3618 4310 3751 4372 qut)-

2164 4374 2316 4425 rnodo
2337 4366 3133 4441 caroconcupisceretadversus
3154 4366 3403 4440 spiritum
3432 4416 3445 4437 ,
3478 4374 3524 4441 et
3548 4366 3753 4441 spiritus

2163 4444 2406 4497 adversus
2437 4435 2662 4497 carnem:
2699 4442 2824 4496 llmc
2855 4435 3221 4512 Augustinus,
3256 4435 3461 4511 quibus
3507 4435 3752 4512 illustrari

473 4506 863 4569 delectationes
914 4528 1209 4579 sensuum;
1258 4506 1649 4585 alteram__qua2
1696 4520 1784 4585 est
1828 4506 2418 4580 rationistnterunt
2470 4528 2590 4585 qmc
2643 4513 2887 4583 sequenti
2941 4506 3122 4579 capite
3168 4510 3237 4585 de
3277 4506 3476 4585 'metlia
3532 4506 3751 4585 quadam

473 4586 746 4653 particeps
763 4627 778 4647 .
812 4586 1334 4656 quam_voluntatem
1357 4582 1692 4656 appellamus
1713 4584 1731 4653 (
1750 4581 1969 4656 August.
1988 4586 2057 4638 ad

474 4652 919 4721 Quodvultdeu'm;
960 4654 1175 4726 Gregor.
1205 4668 1355 4710 nm
1398 4652 1591 4709 Horat.
1619 4652 1895 4726 capto).
1930 4654 2059 4713 Haec

470 4741 569 4796 per
596 4728 824 4797 gratiam
847 4736 1038 4797 sanata
1062 4723 1123 4780 et
1148 4723 1779 4797 renovata_co_ncupiscit
1806 4723 1875 4779 es
1914 4725 2060 4782 dire-

470 4794 651 4852 ctione
679 4798 902 4867 Spiritus
929 4796 1190 4867 spiritalia
1218 4796 1377 4851 bona.
1403 4794 1798 4867 Eademigitur
1825 4806 1909 4852 eet
1936 4796 2055 4852 ani-

468 4884 557 4923 ma
587 4866 719 4937 quae
738 4866 1032 4924 secundum
1064 4868 1308 4923 diversas
1337 4869 1484 4937 vires
1511 4866 1772 4923 adversus
1818 4867 2055 4937 seipsam

468 4934 690 5009 pugnat.
720 4937 951 4994 Proinde
972 4950 1092 4994 eum
1120 4938 1209 4994 hic
1226 4939 1355 5009 dicit
1376 4934 1542 4994 abbas
1567 4950 1786 4994 carnem
1810 4947 1868 4995 et
1894 4934 2056 5006 Spiri-

468 5008 583 5065 tum
639 5025 745 5065 non
791 5010 1097 5079 signiﬁcare
1139 5008 1372 5079 hominis
1402 5009 1782 5077 substantiam,
1813 5008 2057 5079 intellige

468 5090 736 5149 quatenus
766 5076 1066 5138 substantia
1093 5094 1173 5136 εει
1200 5126 1214 5150 ,
1242 5076 1338 5137 sed
1370 5088 1636 5151 quatenus
1676 5082 1932 5148 carnalis,
1968 5076 2053 5138 vel

466 5152 748 5225 spiritalis,
795 5152 859 5225 id
911 5163 1324 5225 est,quatenus
1379 5150 1637 5225 appetitui
1696 5153 1958 5207 sensitivo
1999 5162 2057 5209 et

466 5222 696 5293 carnali,
725 5222 809 5277 vel
840 5222 1099 5293 spiritali,
1132 5225 1184 5275 id
1218 5231 1333 5288 est,
1366 5224 1616 5278 ratiunali
1649 5225 2051 5291 obtemperans.

464 5291 613 5348 ltlem
654 5295 797 5349 enim
831 5291 942 5355 eet,
977 5295 1091 5348 sive
1118 5294 1329 5348 dicatur
1358 5308 1491 5347 caro
1512 5334 1527 5359 ,
1556 5295 1670 5347 sive
1721 5297 1930 5361 anima,
1965 5294 2054 5348 vel

467 5363 636 5419 homo
686 5376 947 5432 quatenus
998 5366 1249 5420 carnalis.
1282 5365 1549 5418 Caeterum
1598 5363 1660 5419 D.
1720 5363 2053 5434 Augustinus

466 5449 574 5488 non
599 5437 761 5489 modo
783 5436 1026 5491 eamdem
1053 5438 1283 5490 animam
1302 5436 1529 5489 diversis
1558 5434 1788 5488 motibus
1818 5447 2051 5489 mstuan~

468 5514 577 5559 tem
604 5506 901 5561 secundum
933 5506 1177 5562 diversos
1206 5515 1263 5562 et
1290 5505 1595 5561 contrarios
1632 5505 1902 5573 appetitus
1948 5507 2049 5561 hoc

468 5574 750 5630 dissidium
779 5579 981 5631 sentire
1008 5577 1227 5645 scribit,
1259 5591 1445 5632 verum
1478 5576 1639 5631 etiam
1667 5579 1774 5630 vim
1815 5579 2049 5632 rationa-

466 5645 594 5702 lem.
628 5646 795 5701 Docet
823 5649 963 5702 enim
991 5649 1235 5704 eamdem
1290 5647 1526 5702 hominis
1577 5648 1908 5704 voluntatem
1940 5644 2051 5702 liti-

466 5733 635 5790 gare,
662 5718 854 5790 rixari,
889 5732 951 5790 ac
996 5734 1233 5790 pugnare
1268 5718 1656 5790 secum,dom
1706 5732 1775 5774 ex
1812 5719 2048 5790 Spiritus

466 5789 640 5845 sancti
690 5788 1045 5857 inspiratione
1063 5788 1172 5846 tota
1192 5789 1310 5847 vult
1328 5789 1549 5846 aeternis
1570 5792 1724 5847 bonis
1751 5788 2040 5859 inhaerere,

2120 4588 2129 4593 “
2160 4585 2439 4640 Voluntate
2471 4580 2613 4640 inter
2654 4580 2939 4654 utramque
2964 4581 3469 4654 concupiscentiam
3501 4580 3677 4637 carnis
3705 4586 3753 4632 et

2162 4657 2383 4727 spiritus
2412 4656 2771 4711 disseruntur.

2234 4724 2261 4765 δ
2302 4722 2433 4795 Quia
2464 4736 2642 4781 motus
2671 4726 2889 4795 spiritus
2916 4722 3171 4779 contrarii
3196 4733 3339 4795 sunt
3355 4721 3599 4779 motibus
3642 4735 3752 4777 car-

2161 4797 2265 4862 nis,
2299 4792 2357 4850 u't
2398 4792 2596 4852 dictum
2640 4792 2743 4852 est.
2788 4792 2927 4850 Caro
2974 4796 3118 4849 enim
3162 4792 3432 4851 sollicitat
3462 4795 3529 4849 ad
3558 4797 3751 4862 turpia,

2162 4868 2386 4937 spiritus
2414 4882 2543 4937 vero
2574 4870 2763 4923 invitat
2796 4867 2860 4921 ad
2908 4866 3171 4937 honesta,
3206 4867 3353 4937 quod
3408 4866 3749 4937 postmodum

2162 4934 2321 5009 longa
2353 4949 2406 4993 et
2433 4934 2634 4994 diserta
2668 4934 2935 5009 antithesi
2951 4934 3289 5009 explicatur;
3327 4934 3431 4993 nec
3453 4935 3756 5009 reiertgsive

2156 5007 2384 5081 spiritus
2414 5010 2709 5081 accipiatur
2799 5024 2860 5064 ro
2915 5007 3121 5077 Spiritu
3168 5016 3401 5075 sancto,
3460 5017 3523 5062 ut
3551 5007 3757 5062 videtur

2158 5073 2472 5135 Apostolico
2505 5026 2796 5135 contextui)
2811 5082 2981 5135 maris
3021 5077 3330 5135 unadrare:
3363 5082 3486 5133 sive
3518 5091 3616 5135 pro
3646 5077 3754 5135 sui-

2158 5073 2472 5151 Kpustolico
2505 5073 2783 5136 contextui
2811 5073 2981 5151 magis
3021 5077 3330 5151 quadrare;
3363 5073 3486 5133 sive
3518 5091 3616 5148 pro
3646 5077 3754 5145 Spi-

2157 5148 2264 5205 ritu
2288 5152 2525 5208 huniano
2548 5194 2564 5220 ,
2595 5161 2857 5222 quatenus
2886 5148 3064 5205 tamen
3093 5165 3120 5203 a
3146 5148 3365 5222 Spiritu
3382 5162 3586 5222 _sanc1_o
3609 5162 3756 5222 sana-

2158 5230 2245 5277 tus
2274 5224 2341 5278 ab
2366 5218 2559 5279 eodem
2600 5218 2803 5291 regitur
2850 5231 2905 5277 et
2954 5218 3306 5291 gubernatur.
3340 5218 3489 5291 Nam
3518 5219 3755 5291 Spiritus

2156 5304 2397 5359 sanctus,
2448 5297 2523 5348 ait
2555 5294 2613 5348 D.
2648 5288 2889 5363 Thomas
2920 5288 3076 5363 (1-2,
3106 5309 3160 5363 q.
3184 5289 3287 5355 70,
3318 5302 3428 5347 art.
3462 5288 3754 5363 “(movet

2158 5363 2434 5418 humanam
2461 5375 2675 5421 mentem
2702 5366 2771 5418 ad
2799 5360 2853 5417 id
2875 5360 3014 5435 quod
3044 5360 3437 5435 est’secundum
3465 5360 3714 5435 rationem
3738 5399 3753 5422 ,

2155 5435 2233 5489 vel
2282 5438 2452 5508 potius
2482 5438 2551 5519 ad
2582 5438 2634 5491 id
2679 5437 2819 5519 quod
2840 5432 2911 5489 est
2936 5448 3096 5518 supra
3132 5434 3439 5517 ration-em;
3497 5432 3754 5519 appetitus

2150 5499 2319 5578 autem
2352 5508 2521 5561 carnis
2546 5549 2561 5572 ,
2612 5499 2701 5578 qui
2743 5516 2816 5561 est
2845 5499 3100 5576 appetitus
3128 5499 3435 5578 sensitivus,
3491 5499 3754 5578 trahitad

2151 5577 2283 5632 bona
2303 5579 2586 5644 sensibilt’a,
2614 5574 2728 5650 quia
2766 5588 2882 5631 sunt
2916 5574 3065 5645 infra
3110 5575 3378 5650 hominem
3414 5592 3434 5632 :
3464 5574 3754 5650 undesicut

2148 5658 2317 5707 Italus
2339 5666 2541 5703 sursum
2562 5658 2610 5703 et
2625 5644 2870 5703 deorsum
2898 5644 3285 5702 contrariantur
3313 5644 3372 5701 in
3399 5644 3752 5708 naturalibus;

2149 5723 2223 5775 ita
2261 5725 2315 5775 t‘n
2354 5721 2593 5791 operibus
2639 5719 2900 5784 humanis,
2930 5720 3323 5775 contrariantur
3368 5732 3533 5776 onera
3580 5715 3752 5772 carnis

2148 5791 2400 5862 fructibus
2428 5793 2531 5846 sive
2552 5791 2786 5863 aperibus
2807 5791 3042 5864 spiritus.
