4012 6336
331 421 454 461 rats.

1706 210 1775 226 δ’..

517 299 624 358 599

575 413 793 470 Laarnis
821 413 876 468 in

513 426 793 497 munis
821 426 1398 518 tngwutsque
1436 426 1536 462 nos
1560 426 1710 461 vrtus
1747 426 1803 461 et
1834 426 2100 474 passwnt-

513 508 620 563 bus
643 499 975 572 sauciant“,
1010 515 1345 574 nequaquam
1378 500 1430 553 in
1462 499 1572 563 illa,
1606 514 1709 568 qua
1741 497 2100 563 delectamur,

514 598 768 669 puritatis
802 596 1063 666 qualitate
1102 603 1251 648 stare
1296 591 1634 662 permittunt,
1667 599 1827 661 atque
1854 589 1922 645 ad
1954 591 2100 645 illam

513 706 675 761 quam
725 692 1013 744 horremus
1060 686 1310 756 frigidam
1367 685 1723 754 voluptatem,
1777 685 2101 754 plenamque

512 782 764 838 sentibus
788 779 1109 851 pertrahunt
1139 777 1304 833 viam.
1333 777 1540 833 Rursus
1570 776 1615 830 si
1637 774 1862 844 Spiritus
1891 773 2102 830 fervore

513 873 795 941 succensi,
835 885 1001 942 opera
1037 869 1221 924 carnis
1264 870 1511 924 volentes
1567 866 1914 934 exstinguere
1936 907 1951 931 ,
1983 865 2100 920 sine

514 967 626 1022 ullo
656 974 908 1034 respectu
940 962 1252 1034 fragilitatis
1276 961 1704 1025 humanas,totos
1731 957 2099 1027 nosmetipsos

514 1055 906 1112 tentaverimus
932 1054 997 1108 ad
1031 1052 1388 1108 immoderata
1416 1051 1679 1106 virtutum
1708 1048 1885 1103 studia
1916 1047 2099 1103 cordis

511 1148 752 1204 elatione
787 1146 1061 1208 conferre,
1110 1143 1468 1212 interpellans
1521 1139 1866 1196 imbecillitas
1918 1140 2098 1195 carnis

512 1243 581 1297 ab
611 1241 702 1296 illa
752 1237 1174 1310 reprehensibili
1219 1237 1494 1291 nimietate
1525 1234 1748 1304 spiritus
1783 1242 2005 1289 revocat
2034 1247 2098 1288 ac

510 1336 788 1398 retardat;
831 1343 886 1388 et
916 1333 989 1387 ita
1018 1331 1075 1385 fit
1113 1340 1203 1400 ut,
1249 1340 1478 1398 utraque
1517 1326 1959 1397 concupiscentia
2004 1326 2098 1381 tali

510 1427 908 1483 colluctatione
932 1425 1139 1480 alterna
1168 1423 1390 1477 sibimet
1419 1421 1981 1488 repugnante,animae
2001 1433 2096 1474 vo-

509 1521 712 1585 luntas,
737 1534 857 1588 qua:
897 1533 996 1572 nec
1027 1526 1197 1572 totam
1222 1529 1281 1570 se
1317 1513 1626 1569 carnalibus
1664 1512 1954 1567 desideriis
1995 1511 2094 1566 de-

509 1613 669 1682 dere,
687 1626 786 1668 nec
800 1612 1063 1666 virtutum
1093 1609 1206 1662 vult
1224 1605 1504 1662 laboribus
1516 1605 1806 1669 desudare,
1827 1603 2095 1674 quodam-

506 1708 675 1762 modo
699 1707 849 1776 justo
875 1702 1244 1760 moderamine
1270 1709 1626 1770 temperetur,
1654 1699 1778 1754 dum
1811 1698 1927 1752 haec
1953 1698 2095 1751 inter

1548 290 1836 349 JOANNIS
1875 287 2192 347 CASSIANI
2230 288 2720 345 COLLATIONES.

1207 394 1398 480 hisque
1436 421 1536 462 nos
1560 405 1710 461 vitiis
1747 414 1803 461 et
1834 405 2101 474 passioni-
2125 411 2182 469 Α
2204 418 2384 474 neque
2408 405 2475 460 ad
2505 404 2765 460 effrenata
2797 405 2928 461 vitia
2970 414 3208 462 mentem
3249 407 3480 476 pertrahi
3524 394 3755 484 concupi.

3661 299 3752 358 600

2205 497 2411 551 scentia
2431 497 2655 567 spiritus
2677 497 2842 565 sinat,
2877 513 2980 554 nec
3021 513 3236 553 rursum
3259 499 3327 554 ad
3350 501 3596 559 virtutum
3627 505 3749 563 irra-

2205 573 2498 645 tionabiles
2528 591 2806 660 appetitus
2845 590 3108 662 fragilitas
3132 591 3311 646 carnis
3335 593 3573 663 spiritum
3604 601 3754 668 patia-

2207 689 2295 735 tur
2315 681 2536 748 extolli;
2557 698 2624 738 ne
2644 683 2731 738 vel
2758 682 2884 738 inde
2910 682 3261 754 omnigenum
3289 684 3544 754 pullulent
3563 687 3753 748 fomites

2204 772 2484 837 vitiorum.
2535 773 2620 830 vel
2677 773 2803 830 hinc
2850 775 3016 830 elatio
3043 775 3222 830 morbi
3261 777 3564 847 principalis
3600 796 3755 837 emer-

2200 879 2356 936 gens,
2411 865 2523 922 telo
2573 881 2674 922 nos
2726 867 3001 938 superbia:
3049 869 3301 938 graviore
3344 869 3754 931 confodiat:sed

2201 972 2393 1028 pugna
2421 959 2614 1014 horum
2634 959 2780 1029 justa
2804 960 3168 1030 aequilibratio
3189 963 3484 1019 succedens
3508 979 3681 1020 sanam
3709 977 3756 1024 et

2200 1049 2535 1105 moderatam
2567 1052 2710 1106 inter
2740 1059 3026 1122 utramque
3056 1054 3312 1108 virtutem
3338 1066 3572 1111 reservet
3597 1057 3751 1125 viam,

2197 1140 2401 1197 itinere
2445 1141 2594 1213 regio
2625 1142 2831 1198 docens
2873 1143 3101 1199 militem
3142 1143 3341 1199 Christi
3373 1160 3583 1214 semper
3625 1149 3756 1204 ince-

2199 1232 2351 1289 dere.
2380 1234 2558 1304 Atque
2581 1234 2654 1289 ita
2682 1235 2765 1300 fit,
2802 1244 2861 1290 ut
2888 1250 3012 1290 cum
3038 1251 3138 1306 pro
3166 1245 3354 1305 tepore
3395 1237 3573 1307 hujus,
3614 1255 3753 1306 quam

2199 1325 2476 1392 diximus,
2509 1326 2873 1396 ignavissima:
2920 1328 3216 1383 voluntatis
3258 1331 3572 1399 propensius
3617 1346 3757 1388 mens

2199 1418 2265 1472 ad
2296 1417 2566 1473 desideria
2597 1420 2778 1473 carnis
2808 1419 2972 1475 fuerit
3012 1421 3293 1486 devoluta,
3331 1422 3549 1490 spiritus
3577 1438 3758 1478 cuneu-

2198 1509 2467 1579 piscentia
2517 1509 2858 1578 refrenetur,
2904 1527 3243 1582 nequaquam
3285 1527 3352 1569 eo
3379 1514 3522 1569 vitiis
3567 1519 3759 1586 acquie-

2197 1610 2384 1658 scente
2425 1603 2684 1669 terrenis;
2720 1619 3048 1676 rursumque
3076 1606 3122 1662 si
3165 1605 3526 1662 immoderato
3571 1608 3761 1667 fervore

2199 1711 2296 1764 per
2326 1711 2610 1753 excessum
2641 1699 2824 1754 cordis
2856 1701 2921 1754 atl
2954 1699 3318 1770 impossibilia
3363 1701 3524 1758 fuerit
3562 1703 3762 1774 spiritus

510 1809 740 1870 utraque
777 1798 1076 1861 contentio,
1122 1795 1273 1849 illam
1313 1792 1761 1863 perniciosiorem
1799 1788 2096 1845 excludens
2127 1795 2174 1853 Β
2202 1799 2387 1844 noster
2413 1799 2468 1846 et
2501 1791 2897 1846 inconsiderata
2926 1802 3232 1862 praereptus
3259 1834 3274 1861 ,
3307 1793 3616 1852 inﬁrmitate
3657 1813 3762 1852 car-

506 1895 702 1947 animae
727 1891 1084 1952 voluntatem,
1115 1897 1173 1941 ut
1193 1886 1481 1957 quamdam
1507 1881 1779 1953 aquilatis
1807 1882 1995 1937 libram
2036 1881 2088 1935 iu

507 1994 712 2040 statera
745 1985 917 2039 nostri
965 1980 1212 2052 corporis
1241 1979 1514 2044 collocat,
1556 1994 1675 2049 qua:
1705 1976 1930 2046 spiritus
1969 1989 2090 2029 car-

507 2081 702 2150 nisque
717 2078 1108 2147 confiniajusto
1130 2075 1398 2131 discernit
1421 2075 1694 2140 examine,
1711 2086 1808 2127 nec
1833 2087 1862 2124 a
1885 2071 2093 2125 dextris

507 2180 744 2224 mentem
777 2170 1001 2238 spiritus
1028 2168 1221 2222 ardore
1251 2181 1592 2231 suecensam,
1616 2178 1718 2220 nec
1749 2179 1776 2216 a
1811 2163 1948 2218 laeva
1968 2176 2092 2216 car-

509 2280 630 2317 nem
661 2264 919 2317 vitiorum
951 2261 1155 2316 aculeis
1187 2257 1610 2330 praeponderare
1641 2257 1923 2326 permittit.
1958 2257 2089 2310 Dum

506 2357 626 2411 haec
654 2371 832 2426 pugna
860 2353 1196 2424 quotidianis
1235 2353 1426 2407 diebus
1455 2351 1661 2406 utiliter
1697 2352 1999 2420 exagitatur
2036 2350 2092 2404 in

505 2449 685 2514 nobis,
729 2449 796 2501 ad
842 2447 973 2502 illud
1014 2456 1264 2517 quartum
1313 2444 1457 2515 quod
1501 2445 1756 2498 nolumus
1803 2443 2096 2498 salubriter

504 2545 694 2598 venire
744 2542 1142 2613 compellimur,
1194 2549 1253 2596 ut
1300 2541 1588 2609 puritatem
1633 2538 1812 2593 cordis
1846 2551 1953 2592 non
1981 2536 2094 2592 otio

503 2654 607 2693 nec
632 2640 946 2701 securitate,
986 2636 1080 2690 sed
1108 2635 1221 2705 jugi
1253 2634 1452 2690 sudore
1479 2644 1533 2688 et
1566 2633 1897 2688 contritione
1929 2631 2093 2700 spiri-

506 2739 594 2783 tus
623 2729 988 2798 acquiramus,
1014 2727 1432 2796 castitatemque
1457 2726 1638 2780 carnis
1661 2725 1926 2780 districtis
1951 2723 2095 2794 jeju-

505 2821 632 2883 niis,
650 2818 815 2887 fame,
847 2820 936 2874 siti
959 2835 1023 2873 ac
1046 2819 1326 2889 vigilantia
1346 2820 1709 2883 retineamus;
1738 2817 2090 2873 directionem

506 2913 668 2967 ctiam
704 2911 885 2967 cordis
912 2954 926 2979 ,
960 2913 1190 2966 lectione
1213 2954 1226 2976 ,
1263 2913 1493 2982 vigiliis,
1523 2914 1772 2969 oratione
1801 2913 2089 2976 continua,

505 3019 560 3061 et
596 3008 910 3063 solitudinis
955 3008 1213 3076 squalore
1234 3009 1544 3076 capiamus;
1579 3007 1896 3076 patientiam
1923 3007 2094 3061 tribu-

504 3099 769 3154 lationum
792 3099 1068 3154 exercitiis
1098 3107 1457 3167 retentemus,
1499 3115 1621 3154 cum
1649 3099 1999 3169 blasphemiis
2038 3107 2094 3154 et

2195 1880 2281 1934 nis
2305 1880 2373 1936 ad
2397 1883 2604 1951 justum
2648 1883 2958 1938 retrahatur
2992 1899 3221 1939 examen
3242 1925 3259 1951 ,
3293 1895 3348 1939 et
3393 1889 3762 1944 transcendens

2193 1973 2486 2029 voluntatis
2499 1984 2696 2030 nostra:
2709 1976 3101 2045 tepidissimum
3121 1988 3322 2032 statum
3347 1980 3761 2035 commodissima

2197 2067 2462 2136 temperie
2509 2068 2775 2138 planoque
2825 2069 3041 2123 tramite
3076 2084 3199 2123 cum
3257 2070 3479 2125 sudoris
3525 2071 3764 2128 industria

2195 2159 2335 2213 viam
2380 2159 2727 2228 perfectionis
2757 2161 2991 2215 incedat.
3031 2162 3221 2217 Simile
3248 2163 3378 2232 quid
3420 2165 3576 2218 etiam
3621 2165 3669 2219 in
3713 2167 3766 2219 il-

2198 2250 2301 2306 lius
2346 2253 2512 2307 turris
2539 2255 2911 2309 exstructione
2939 2254 3168 2325 legimus
3193 2272 3222 2310 a
3245 2256 3484 2310 Domino
3512 2257 3767 2326 dispensa-

2199 2352 2308 2398 tum
2376 2343 2430 2398 in
2503 2345 2641 2399 libro
2705 2346 3022 2412 Getteseos,
3080 2347 3168 2402 ubi
3223 2348 3530 2420 linguarum
3593 2351 3765 2404 oborta

2196 2445 2420 2505 repente
2464 2437 2712 2492 confusio
2755 2440 3052 2510 sacrilegos
3080 2456 3244 2495 ausus
3278 2440 3558 2497 hominum
3599 2443 3767 2496 nefan-

2196 2531 2403 2602 dosque
2429 2533 2765 2604 compescuit
2793 2533 3000 2604 (Gener.
3029 2533 3133 2605 xi).
3162 2544 3188 2572 ι
3216 2535 3613 2591 Permansisset
3637 2537 3768 2591 enim

2196 2627 2356 2680 etiam
2385 2626 2455 2681 ibi
2471 2625 2730 2682 adversus
2753 2628 3122 2692 Deum,immo
3143 2628 3412 2685 adversus
3427 2646 3526 2686 eos
3545 2632 3629 2699 qui
3646 2629 3770 2684 divi-

2198 2732 2319 2770 nam
2349 2717 2467 2786 ejus
2486 2727 2757 2774 attentare
2783 2729 3068 2788 coaperant
3097 2720 3467 2790 majestatem,
3493 2736 3769 2777 consensus

2197 2809 2424 2874 noxius,
2468 2809 2570 2863 nisi
2602 2824 2694 2864 eos
2741 2811 3146 2878 dispensatione
3173 2812 3267 2866 Dei
3303 2826 3605 2882 repugnans
3644 2814 3769 2866 inter

2196 2917 2256 2958 se
2288 2902 2570 2957 diversitas
2615 2903 2809 2973 lingua:
2848 2919 2944 2973 per
2976 2903 3373 2959 dissonantiam
3405 2905 3553 2959 vocis
3583 2905 3634 2958 in
3666 2919 3769 2958 me-

2197 2994 2386 3049 liorem
2441 3003 2643 3050 statum
2702 2996 2968 3064 proficere
3012 2997 3396 3064 compulisset,
3453 3005 3508 3051 et
3549 3011 3676 3065 quos
3707 2993 3766 3049 atl

2197 3086 2467 3141 excidium
2511 3087 2595 3140 sui
2638 3087 2973 3142 animaverat
3004 3088 3314 3156 perniciosa
3345 3089 3666 3150 consensio,
3710 3087 3769 3142 ad

508 3191 931 3259 opproltrioruut
961 3194 1247 3245 saturitate
1287 3202 1474 3247 nostro
1514 3194 1817 3247 serviamus
1837 3192 2090 3258 Auctori;

2197 3179 2426 3236 salutem
2461 3190 2776 3236 revocasset
2817 3181 2954 3234 bona
3005 3182 3262 3251 utilisque
3311 3183 3604 3248 discordia,
3644 3181 3770 3237 inci-

508 3283 788 3338 vcritatem
823 3299 944 3338 cum
973 3284 1174 3338 invidia
1206 3285 1387 3338 mundi
1420 3285 1581 3338 istius
1611 3293 1666 3338 et
1697 3285 2020 3353 inimicitiis,
2047 3285 2095 3341 si

507 3391 736 3431 necesse
766 3376 948 3444 fuerit,
978 3392 1376 3446 exsequamur;
1407 3385 1463 3431 et
1508 3378 1596 3432 tali
1627 3377 2008 3432 colluctatione
2041 3379 2092 3432 in

508 3476 697 3522 nostro
729 3483 962 3535 corpore
1007 3469 1306 3531 militante,
1343 3471 1630 3535 protractis
1682 3469 1838 3523 nobis
1876 3468 1946 3522 ab
1992 3469 2098 3525 hac

507 3562 703 3630 ignava
728 3564 1043 3626 securitate,
1075 3570 1236 3631 atque
1265 3563 1331 3616 ad
1352 3563 1512 3616 istum
1544 3577 1703 3633 quem
1731 3562 1986 3617 volumus
2013 3563 2096 3618 la-

506 3656 696 3709 borem
710 3670 774 3708 ac
796 3655 1055 3708 virtutum
1081 3654 1257 3708 studia
1281 3656 1604 3721 provocatis,
1639 3656 1866 3724 mqnitas
1893 3655 2098 3724 optime

508 3747 689 3802 media
718 3749 1040 3813 retineatur,
1072 3757 1126 3801 et
1157 3748 1396 3816 tepidum
1440 3759 1638 3803 nostra:
1687 3750 1982 3806 voluntatis
2009 3767 2100 3806 ar-

509 3840 754 3906 bitrium,
795 3839 924 3893 hinc
953 3840 1176 3908 spiritus
1204 3840 1412 3906 fervor,
1447 3842 1600 3897 illinc
1626 3844 1804 3899 carnis
1829 3843 2100 3914 gelidissi-

509 3946 630 3986 mus
654 3932 798 4002 rigor
831 3931 1272 3987 moderatissimo
1301 3933 1490 3988 calore
1539 3943 1980 4005 contemperent,
2032 3952 2098 3993 ac

2199 3273 2408 3341 pientes
2435 3273 2645 3329 scilicet
2694 3273 2980 3328 humanam
3029 3273 3382 3344 fragilitatem
3416 3276 3772 3331 intercedente

2197 3364 2464 3420 divisione
2494 3367 2722 3432 sentire,
2763 3381 2926 3436 quam
2954 3381 3051 3438 per
3077 3367 3302 3423 noxiam
3331 3369 3772 3439 conspirationem

2198 3458 2326 3514 elati
2350 3466 2508 3514 antea
2536 3459 2874 3516 nesciebant.

2787 3593 3014 3653 CAPUT
3051 3595 3191 3651 XIII.

2330 3729 2410 3786 De
2436 3731 2661 3785 utilitate
2687 3731 3028 3784 cunctationis
3054 3746 3171 3802 qua:
3199 3747 3265 3785 ea:
3295 3731 3657 3786 colluctatione

2645 3803 2808 3857 oritur
2837 3803 3006 3857 carnis
3031 3809 3078 3856 et
3105 3803 3350 3872 spiritus.

2272 3939 2327 3994 In
2359 3949 2565 3995 tantum
2595 3955 2727 3997 vero
2755 3939 2785 3980 δ
2816 3941 2964 3997 utilis
2989 3941 3146 3997 nobis
3183 3955 3251 3997 ex
3283 3942 3448 4013 hujus
3491 3956 3674 4014 pugna:
3701 3937 3774 3994 di-

1577 4057 1842 4113 ALARDI
1875 4058 2110 4116 GAZEI
2147 4058 2696 4117 COMMENTARIUS

597 4146 833 4202 “Cenes.
866 4163 918 4202 χι
944 4165 958 4200 :
992 4149 1267 4204 Descendit
1305 4151 1551 4206 Dominus
1570 4195 1583 4216 ,
1610 4161 1663 4204 ut
1694 4153 1886 4206 videret
1913 4153 2095 4207 civita-e

511 4230 611 4273 tem
639 4227 686 4270 et
719 4220 901 4271 turrim
929 4237 1082 4289 quam
1119 4222 1444 4286 wdi/icabant
1475 4223 1573 4288 ﬁlii
1604 4225 1799 4289 Adam,
1835 4232 1881 4276 et
1917 4223 2046 4276 dixit
2069 4238 2089 4276 :

512 4289 645 4342 Ecce
668 4304 800 4341 unus
827 4299 911 4360 est
934 4291 1185 4360 pOpulus,
1215 4301 1261 4346 et
1294 4310 1455 4346 unum
1490 4303 1562 4346 est
1598 4293 1790 4346 labium
1824 4294 2086 4356 omnibus,

510 4369 865 4434 coeperuntque
893 4359 990 4413 hoc
1016 4363 1219 4431 facere;
1247 4380 1336 4417 nec
1364 4363 1608 4434 desistent
1637 4381 1666 4414 (ι
1697 4364 2091 4434 cogitationibus

513 4429 856 4505 suis,_donec
892 4448 976 4486 eas
1010 4429 1161 4502 opere
1208 4433 1518 4505 compleant.
1570 4429 1962 4505 Venite'igitur,
2001 4436 2091 4488 de-

514 4501 845 4575 scendanius,
892 4512 939 4555 et
985 4501 1363 4571 confundantur—3
1402 4506 1471 4559 ibi
1509 4504 1741 4575 linguam
1789 4501 1984 4566 eorum,
2036 4515 2094 4559 ut

511 4588 616 4646 non
645 4572 1202 4646 audiat_unusquisque
1230 4592 1400 4629 vocem
1440 4572 1660 4646 proximi
1698 4576 1798 4630 sui.
1829 4578 1992 4646 Atque
2019 4578 2091 4630 ita

509 4643 679 4694 divisit
708 4658 790 4694 eos
821 4643 1069 4698 Dominus
1099 4643 1162 4699 ex
1192 4647 1282 4700 illo
1310 4648 1422 4701 loco
1440 4643 1504 4700 in
1530 4649 1793 4700 universas
1824 4643 2015 4710 terras,
2048 4657 2096 4701 et

510 4723 829 4786 cessaverunt
849 4716 1121 4786 gredi/icore
1147 4717 1420 4773 civitatem.
1463 4718 1551 4772 Sic
1590 4718 1749 4786 igitur
1790 4719 2089 4786 linguarum

510 4784 699 4838 oborta
732 4785 1009 4850 confusio,
1041 4796 1098 4841 et
1128 4802 1318 4842 vocum
1346 4784 1628 4842 discordia
1651 4784 1969 4842 temerarios
1996 4805 2093 4843 au-

510 4854 929 4928 sus_hominum
973 4857 1317 4927 nefariosque
1360 4860 1715 4928 compescuit.
1763 4860 1881 4923 Quo
1923 4861 2086 4916 etiam

510 4925 673 4979 modo
700 4927 856 4980 nobis
885 4928 1102 4994 prodest
1135 4925 1344 4984 interna
1379 4925 1605 4997 partium
1640 4941 1944 4983 noSIrarum
1974 4931 2087 4986 dis-

509 4997 726 5058 cordia,
764 5005 874 5051 tum
906 4998 970 5051 ad
1005 4999 1413 5068 deprimendum
1441 4998 1638 5053 mentis
1670 5011 1867 5056 nostrae
1895 5003 2088 5056 elatio-

508 5081 631 5141 nem
653 5075 816 5141 ,_tum
838 5068 912 5141 ad
943 5069 1080 5141 alios
1109 5070 1333 5125 effectus
1361 5087 1518 5140 supra
1553 5072 1813 5141 signatos.

579 5136 606 5174 ιι
654 5137 877 5213 Colligit
913 5154 979 5193 ex
1020 5140 1180 5213 dictis
1217 5136 1739 5213 aliquot'utilitates,
1773 5158 1894 5213 qua:
1926 5143 2084 5199 nobis

507 5222 574 5262 ex
604 5209 989 5284 colluctatione
1027 5227 1093 5284 ac
1131 5209 1354 5268 dissidio
1394 5213 1571 5267 carnis
1613 5222 1668 5268 et
1704 5209 1926 5283 spiritus
1957 5229 2085 5284 pro-

505 5282 746 5332 veniunt.
779 5279 959 5334 Prima
991 5281 1192 5337 utilitas
1220 5291 1304 5338 est
1331 5283 1579 5338 salutaris
1605 5279 1882 5339 cunctatio
1917 5279 1973 5340 et
2000 5286 2082 5339 di-

505 5348 635 5402 latio
665 5366 766 5420 qua
801 5351 857 5404 fit
888 5359 948 5405 ut
977 5354 1114 5406 mala
1143 5369 1262 5423 qua:
1291 5358 1473 5408 animo
1501 5354 1848 5422 concepimus
1881 5356 2084 5410 tardius

505 5433 885 5492 exsequamur,
931 5425 1177 5492 corporis
1219 5424 1360 5478 mole
1407 5425 1732 5492 praepediti,
1777 5439 1832 5480 et
1873 5427 2083 5482 facilius

504 5489 574 5541 ab
600 5493 678 5544 eis
713 5489 1374 5564 revocemur‘pmnitentia
1401 5489 1568 5550 ducti.
1605 5496 1735 5550 Hinc
1767 5497 1931 5552 Poeta
1959 5514 1972 5549 :

634 5588 806 5650 Differ,
832 5593 1018 5643 habent
1045 5607 1205 5655 parvae
1230 5595 1480 5644 commoda
1505 5609 1676 5656 magna
1702 5608 1867 5646 morte.

505 5692 792 5768 SeCnndu_,
847 5697 1056 5751 facilior
1094 5700 1234 5768 apud
1285 5702 1451 5754 Deum
1495 5703 1772 5754 excusatio
1814 5711 1866 5755 et
1909 5705 2079 5758 venia:

502 5766 840 5824 consecutio.
874 5771 1082 5824 ratione
1113 5766 1442 5825 infirmitatis
1471 5781 1526 5826 et
1553 5774 1859 5837 fragilitatis
1886 5773 2077 5829 huma-

2196 4168 2310 4218 nae,
2343 4154 2498 4223 cujus
2524 4155 2746 4210 obtentu
2777 4158 2938 4212 toties
2968 4157 3251 4212 Psalmista
3287 4160 3534 4214 divinam
3568 4155 3772 4211 miseri-

2196 4224 2433 4278 cordiam
2475 4236 2780 4281 commovet
2821 4236 2876 4281 et
2914 4229 3197 4292 implorat,
3233 4230 3432 4286 dicens
3482 4247 3495 4284 :
3546 4229 3776 4283 Miserere

2196 4293 2629 4370 mei,_fD_o_mine,
2675 4299 2922 4370 quoniam
2965 4300 3204 4363 inﬁrmus
3231 4318 3388 4360 sum.
3440 4310 3550 4356 etc.
3580 4342 3594 4364 ,
3641 4295 3772 4367 quod

2195 4365 2370 4439 angeli
2402 4367 2587 4439 dicere
2616 4365 2722 4422 non
2755 4381 3016 4436 possunt,
3050 4371 3244 4439 quibus
3267 4415 3282 4430 .
3319 4387 3445 4426 cum
3480 4372 3590 4426 sint
3615 4365 3779 4424 incor-

2196 4438 2345 4510 porei
2368 4475 2382 4496 ,
2422 4438 2843 4510 nullasuppetit
2879 4438 3156 4495 excusatio
3195 4443 3535 4497 infirmitatis
3565 4485 3580 4508 ,
3615 4450 3669 4494 ut
3699 4439 3778 4510 hic

2199 4505 2411 4578 dicitur.
2452 4508 2630 4563 Tertia
2653 4505 2686 4573 ,’
2708 4505 2882 4578 iuajor
2916 4512 3122 4567 cautela
3161 4522 3215 4567 et
3244 4505 3605 4572 sollicitutlo’.
3635 4519 3690 4564 ut
3715 4509 3778 4564 de

2197 4577 2380 4650 hoste,
2415 4581 2714 4650 praesertim
2743 4577 3060 4644 domestico.
3095 4599 3391 4650 numquam
3421 4584 3632 4646 secuti,
3661 4597 3780 4634 cau-

2201 4648 2305 4722 tius
2343 4649 2495 4702 nobis
2535 4651 2874 4720 invigilemus
2911 4661 2963 4708 et
2996 4648 3418 4722 prospiciatnus.
3457 4655 3590 4721 Quis
3618 4651 3774 4714 enim,

2199 4717 2354 4772 hoste
2398 4717 2703 4789 praesente,
2746 4738 2915 4792 coque
2963 4717 3354 4791 infestissimo,
3398 4717 3509 4780 non
3553 4722 3656 4778 sibi
3691 4736 3777 4778 ca-

2196 4799 2314 4842 veat
2345 4831 2358 4850 ,
2410 4805 2637 4857 seseque
2686 4793 2935 4847 muniat?
2982 4795 3224 4859 Quarta,
3279 4795 3624 4857 humiliatio,
3678 4808 3775 4860 qua

2193 4860 2357 4913 etiam
2389 4861 2487 4914 viri
2517 4862 2788 4929 spiritales
2829 4874 2884 4919 et
2915 4865 3136 4931 perfecti
3176 4867 3247 4919 ob
3285 4868 3474 4922 carnis
3502 4865 3777 4920 infirmita-

2193 4939 2301 5005 tem
2330 4931 2844 5005 etimmnnditiam,
2887 4951 3046 5002 quam
3089 4939 3371 5005 patiuntur
3414 4938 3608 4996 inviti.
3645 4935 3777 4992 salu-

2191 5000 2362 5055 briter
2392 5002 2762 5067 humiliantur,
2798 5021 2864 5060 ne
2893 5000 2960 5060 de
2991 5000 3102 5060 suis
3144 5008 3445 5062 virtutibus
3486 5023 3551 5061 ac
3587 5007 3778 5061 divinis

2188 5071 2466 5146 beneficiis
2504 5073 2850 5130 extollantur.
2887 5076 2942 5130 Si
2983 5077 3125 5130 enim
3157 5077 3431 5146 Apostolo
3473 5078 3674 5138 Paulo,
3715 5085 3777 5131 ne

2189 5143 2506 5217 magnitudo
2541 5146 2928 5217 revelationum
2970 5162 3092 5202 eum
3129 5143 3469 5217 extolleret,
3514 5149 3671 5202 datus
3698 5151 3774 5202 cst

2187 5213 2440 5288 stimulus
2463 5214 2642 5288 carnis
2671 5231 2816 5288 suae,
2847 5218 3071 5288 angelus
3103 5218 3320 5273 Satame
3342 5263 3358 5284 ,
3394 5213 3487 5288 qui
3531 5235 3653 5275 eum
3691 5232 3774 5288 co-

2186 5281 2490 5359 laphizaret
2509 5286 2528 5355 (
2545 5283 2669 5359 Vide
2689 5286 2846 5359 Joau.
2873 5285 3152 5342 Climacum
3174 5281 3354 5358 gradu,
3370 5281 3499 5359 1‘3);
3526 5289 3651 5359 quid
3680 5287 3778 5359 mi:

2186 5369 2303 5406 rum
2333 5355 2376 5405 si
2406 5353 2566 5430 aliis?
2594 5355 2700 5430 Has
2728 5357 2864 5430 duas
2895 5359 3151 5430 utilitates
3175 5353 3677 5430 prosequitur-cap.
3697 5353 3780 5430 l5

2185 5427 2604 5500 etsequentibus
2632 5427 2701 5499 (ll
2721 5427 2840 5482 Cor.
2869 5425 3290 5496 12).Caaterum,
3318 5425 3576 5500 quamvis
3604 5425 3670 5484 ex
3696 5425 3779 5500 his

2199 5505 2346 5550 recte
2375 5496 2680 5572 colligatur,
2730 5507 2788 5551 ut
2813 5499 3018 5572 colligit
3062 5501 3282 5563 Auctor.
3335 5496 3634 5572 utcumque
3677 5496 3781 5553 sal-

2199 5574 2304 5620 tem
2337 5576 2393 5620 et
2422 5569 2712 5622 secundum
2745 5570 2906 5637 quid,
2951 5570 3064 5624 sive
3102 5569 3560 5630 occasionaliter,
3587 5574 3773 5624 bonam

2194 5651 2314 5709 eSse
2340 5648 2393 5689 et
2420 5640 2484 5689 ad
2518 5640 2680 5692 multa
2717 5641 2869 5693 nobis
2901 5641 3082 5694 utilem
3111 5641 3292 5694 carnis
3325 5653 3384 5695 et
3421 5644 3644 5709 spiritus
3673 5639 3780 5692 eol-

2191 5705 2537 5761 luctationem
2560 5749 2574 5770 ,
2620 5710 2849 5777 ideoque
2877 5711 3060 5764 divina
3089 5705 3511 5778 diSpeusatione
3553 5728 3646 5766 seu
3674 5709 3781 5764 dis-

2187 5777 2456 5840 positione
2479 5778 2532 5833 in
2563 5779 2720 5835 nobis
2749 5781 2910 5837 etiam
2949 5791 3076 5849 post
3113 5777 3454 5850 baptismum
3503 5791 3782 5839 remanere
