4012 6336
221 345 304 409 501
773 349 1112 406 COLLATIO
1152 346 1239 404 IV.
1269 378 1336 389 —
1369 346 1459 405 DE
1497 341 2084 405 CONCUPISCENTIA
2123 341 2374 399 CARNIS
2420 340 2508 397 ET
2549 339 2884 398 SPllll'l'US.

3373 342 3478 401 602

220 467 462 526 versitate
486 463 769 522 cunctatio
795 466 1053 529 nascitur,
1080 473 1135 519 et
1161 463 1416 519 salutaris
1439 478 1506 518 ex
1536 470 1636 516 hac
1660 476 1791 517 con-
1815 463 1872 524 Α
1895 467 1978 514 est
2013 459 2226 512 animus
2262 473 2450 513 eorum
2495 461 2650 512 velox
2687 458 2755 511 ad
2797 455 3207 527 excogitandum
3233 499 3248 523 ,
3291 459 3369 514 sic
3410 457 3479 515 ad

221 561 503 620 certatione
526 558 740 624 dilatio,
767 567 862 625 ut,
888 557 1182 612 resistente
1207 555 1482 611 soliditate
1503 569 1786 625 corporea,

224 659 332 712 dum
364 657 433 711 ab
461 669 654 710 eorum
684 651 880 708 eﬂectu
911 666 1033 722 qua:
1066 651 1316 720 nequiter
1344 660 1524 706 mente
1547 648 1791 718 concipi-

226 763 330 802 mus
356 745 714 812 retrahimur,
741 757 1147 813 nonnumquam
1177 741 1231 796 in
1259 742 1541 797 meliorem
1567 750 1790 806 statum,

226 857 303 896 seu
331 837 678 910 pmnitudine
707 836 1096 906 subsequente,
1127 849 1224 890 seu
1253 835 1638 890 emendatione
1665 847 1797 903 qua-

228 934 333 989 dam
355 975 370 999 ,
398 947 521 1002 quae
549 930 694 985 solet
725 929 1215 1000 procrastinatione
1245 929 1425 998 operis
1451 935 1507 982 et
1532 927 1798 997 recogita-
1882 937 1891 951 '

232 1026 360 1079 tione
403 1021 807 1077 interveniente
836 1019 1207 1086 descendere,
1241 1020 1598 1089 corrigamur.
1633 1018 1797 1074 Denio

231 1134 317 1190 que
361 1118 462 1172 hos
502 1132 640 1188 quos
682 1116 1039 1188 intelligimus
1084 1115 1150 1171 ad
1194 1116 1529 1170 voluntatum
1573 1129 1797 1170 suarum

233 1212 480 1268 desideria
515 1211 844 1282 perﬁcienda
887 1211 1036 1264 nullo
1075 1211 1255 1265 carnis
1294 1209 1579 1266 obstaculo
1620 1219 1797 1265 retar-

233 1308 365 1370 dari,
409 1307 689 1360 daemones
730 1306 942 1360 scilicet
984 1320 1048 1360 ac
1091 1305 1364 1374 spiritales
1407 1304 1712 1372 nequitias,
1743 1313 1801 1360 et

233 1398 433 1469 quidem
461 1413 587 1452 cum
616 1397 723 1451 sint
749 1397 817 1452 de
845 1396 1207 1451 eminentiore
1251 1397 1569 1466 angelorum
1606 1396 1799 1452 ordine

234 1490 491 1556 devoluti,
537 1477 979 1544 detestabiliores
1023 1504 1148 1544 esse
1196 1489 1508 1545 hominibus
1553 1499 1802 1544 contem-

237 1585 448 1654 plamur,
504 1597 571 1638 eo
620 1576 803 1653 quod,
865 1582 1225 1648 possibilitate
1275 1597 1464 1637 eorum
1511 1582 1800 1638 desideriis

237 1675 531 1745 adiacente,
572 1683 598 1711 ⁸
639 1675 690 1729 id
737 1675 878 1746 quod
934 1675 1182 1744 nequiter
1230 1675 1399 1730 semel
1445 1676 1800 1743 conceperint

238 1770 557 1827 irrevocabili
583 1771 724 1826 malo
749 1771 1006 1842 perlicere
1031 1784 1136 1825 non
1163 1780 1476 1826 morentur:
1506 1772 1633 1840 quia
1662 1772 1801 1826 sicut

1898 552 2288 624 perliciendum
2319 553 2513 622 pernix
2540 562 2594 606 et
2621 551 2862 612 absoluta
2892 551 3195 606 substantia
3222 569 3236 616 ;
3271 561 3325 607 et
3350 551 3476 608 dum

1897 644 2215 715 suppeditat
2248 643 2328 698 eis
2356 658 2523 712 prona
2552 642 2782 697 facilitas
2823 657 2887 699 ea
2913 658 3034 713 quae
3059 643 3331 697 voluerint
3357 658 3482 711 per-
3515 663 3520 669 ι

1898 733 2114 806 agendi,
2147 743 2470 804 conceptum
2500 733 2702 790 malum
2731 733 2878 790 nulla
2907 733 3252 792 intercedens
3274 733 3480 792 delibe-

1898 827 2037 885 ratio
2065 826 2320 883 salutaris
2348 825 2622 884 emendat.

2478 963 2708 1022 CAPUT
2747 964 2889 1021 XIV.

1971 1078 2050 1134 De
2074 1075 2433 1133 inemendabili
2461 1075 2664 1131 malitia
2690 1078 3008 1148 spiritalium
3036 1079 3405 1151 nequitiarum.

1972 1211 1999 1251 δ
2038 1212 2310 1282 Spiritalis
2357 1227 2589 1282 namque
2631 1213 2966 1281 substantia,
3013 1228 3112 1269 nec
3152 1214 3264 1269 ulla
3303 1215 3484 1270 carnis

1901 1304 2177 1360 soliditate
2211 1304 2455 1361 devincta
2482 1345 2497 1371 ,
2540 1313 2598 1359 ut
2637 1306 3044 1361 excusationem
3083 1315 3287 1362 exortae
3327 1307 3380 1360 in
3419 1321 3480 1364 se

1903 1414 2083 1468 pravas
2111 1414 2216 1454 non
2245 1400 2445 1468 recipit
2471 1399 2765 1454 voluntatis
2788 1442 2802 1466 ,
2831 1398 2904 1454 ita
2935 1400 3145 1455 veniam
3179 1400 3484 1470 malignita-

1905 1493 1972 1547 tis
2001 1493 2276 1557 excludit,
2308 1494 2432 1562 quia
2464 1493 2612 1547 nulla
2639 1492 3096 1561 quemadmodum
3132 1507 3230 1548 nos
3260 1492 3328 1546 ad
3359 1507 3484 1562 pec-

1902 1586 2136 1641 candqu
2186 1587 2590 1657 impugnatione
2619 1585 2800 1640 carnis
2849 1586 3186 1642 extrinsecus
3233 1587 3481 1642 lacessita

1903 1690 2015 1747 est,
2062 1680 2156 1735 sed
2196 1682 2326 1735 vitio
2363 1680 2530 1735 solius
2566 1680 2723 1734 mala:
2749 1679 3046 1734 voluntatis
3071 1694 3296 1734 accensa
3321 1722 3336 1746 ,
3369 1688 3424 1734 et
3458 1689 3481 1718 ο

1904 1773 1973 1828 ob
2001 1774 2105 1829 hoc
2127 1774 2244 1829 sine
2271 1775 2426 1829 venia
2457 1782 2736 1844 peccatum
2764 1781 2819 1829 et
2849 1773 3076 1843 languor
3099 1773 3216 1829 sine
3245 1771 3488 1832 remedio

1291 1903 1546 1959 ALARDI
1587 1902 1819 1959 GAZIEI
1858 1904 2404 1962 COMMENTARIUS

241 2024 293 2078 ad
319 2035 540 2092 agonem
565 2061 578 2083 ,
610 2029 667 2074 nt
696 2020 899 2092 dictum
934 2028 1051 2073 est:
1085 2017 1362 2092 latendum
1399 2027 1575 2072 tamen
1609 2032 1807 2092 coneu-
1838 2021 1885 2080 B
1913 2037 2071 2092 neque
2118 2032 2228 2090 post
2278 2032 2490 2076 mortem
2538 2024 2849 2078 hominibus.
2895 2024 3048 2092 Quod
3096 2040 3202 2080 non
3233 2026 3312 2079 sic
3347 2027 3492 2082 acci-

243 2089 538 2162 piscéntiam
577 2092 756 2145 carnis
796 2091 1054 2145 adversus
1103 2091 1349 2160 spiritum
1392 2105 1459 2162 ex
1499 2105 1557 2162 se
1593 2089 1800 2162 simpli-5

243 2160 356 2220 citer
385 2178 507 2218 esse
549 2164 744 2216 malam
776 2171 830 2215 et
855 2163 1142 2224 vitiosam;
1187 2177 1292 2214 non
1333 2161 1455 2230 quia
1497 2160 1567 2214 sit
1603 2160 1806 2227 preprii

246 2237 459 2291 nominis
511 2245 789 2300 peccatum
821 2275 835 2296 ,
876 2232 971 2287 sed
1012 2233 1136 2300 quia
1176 2233 1402 2294 vitium,
1458 2240 1514 2286 et
1559 2231 1807 2286 delectus

248 2318 435 2362 natura:
457 2348 470 2366 .
504 2306 680 2359 ordini
715 2315 768 2359 et
798 2304 1033 2372 mqttitati
1067 2304 1295 2357 naturali
1331 2317 1668 2372 repugnans,
1702 2319 1805 2370 qua

247 2395 324 2446 par
348 2389 430 2432 est
465 2375 722 2431 inleriora
763 2375 1129 2444 superioribus
1169 2376 1426 2434 subesse:
1469 2388 1615 2446 cum,
1643 2388 1807 2427 econ-

248 2444 393 2503 trario
423 2464 520 2518 per
549 2447 1047 2515 concupiscentiam
1082 2462 1203 2515 pars
1237 2447 1430 2518 animae
1467 2444 1690 2518 inferior
1718 2461 1809 2498 su-

249 2516 462 2590 periori,
506 2519 559 2573 id
601 2530 717 2582 est,
756 2519 949 2590 rationi
988 2528 1284 2586 repugnet,
1329 2517 1430 2590 legi
1470 2516 1666 2590 tuentis
1701 2530 1806 2590 non

251 2586 452 2660 pareat,
492 2590 708 2660 spiritui
749 2588 1077 2660 obluctetur,
1107 2597 1192 2648 et.
1224 2587 1365 2658 quod
1409 2586 1560 2654 pejus
1597 2596 1712 2653 est,
1742 2587 1809 2641 ad

253 2659 508 2729 peccatum
543 2665 744 2716 trahat.
778 2659 929 2716 Unde
965 2667 1019 2713 et
1059 2661 1348 2728 Apostolus
1389 2673 1654 2729 expresse
1695 2673 1809 2711 rna-

251 2728 340 2787 lnm
382 2735 663 2796 nominat.
711 2733 865 2786 Rom.
896 2747 1006 2795 vn,
1051 2745 1172 2784 cum
1214 2731 1288 2783 ait
1322 2746 1335 2782 :
1373 2728 1575 2782 Malum
1609 2729 1812 2798 adjacet

252 2807 357 2858 mihi
384 2847 398 2864 .
453 2805 698 2873 perﬁcere
742 2812 908 2855 autem
959 2802 1148 2873 bonum
1196 2818 1296 2873 non
1342 2800 1558 2859 invenio.
1596 2799 1684 2873 ubi
1719 2813 1814 2868 per

255 2877 432 2929 malum
454 2871 714 2937 adiacens
736 2874 865 2927 nihil
893 2872 1034 2926 aliud
1066 2871 1285 2941 intelligi
1324 2880 1530 2936 potest,
1563 2872 1661 2924 nisi
1691 2886 1814 2924 cou-

253 2949 563 3013 rnpiscentia
612 2947 827 3010 carnis,
871 2959 1030 3012 quam
1078 2943 1278 2998 ibidem
1320 2949 1477 2995 voc:it
1527 2944 1813 3010 Apostolus

253 3019 406 3085 legem
444 3017 845 3078 membrorum,
879 3027 931 3067 et
968 3016 1138 3082 legem
1179 3013 1384 3084 peccati
1427 3021 1812 3085 repugnantem

256 3084 342 3158 legi
369 3091 567 3143 mentis
611 3088 629 3158 (
659 3087 788 3140 Vide
820 3087 1067 3158 Bellarin.
1094 3086 1156 3158 de
1184 3087 1370 3139 Amiss.
1409 3086 1592 3153 gratia:
1626 3084 1717 3158 lib.
1762 3098 1814 3138 VI

254 3156 352 3231 cap.
387 3159 500 3230 Η).
543 3156 698 3224 Quod
733 3168 787 3212 et
815 3166 1012 3231 contra
1032 3156 1349 3231 Pelagianos
1379 3164 1629 3209 accurate
1656 3157 1815 3231 docet

259 3228 705 3298 D.Augustinus.
761 3239 814 3284 et
863 3229 1048 3284 multis
1097 3228 1392 3281 rationibus
1433 3236 1487 3280 et
1527 3229 1818 3281 auctorita-

255 3304 381 3356 tibus
419 3297 764 3372 antiqnorum
811 3301 1024 3353 Patrum
1063 3301 1387 3372 conlirmat,
1433 3299 1528 3351 lib.
1567 3313 1615 3372 tt
1642 3298 1693 3351 in
1725 3297 1818 3352 Ju-

257 3373 478 3440 lianum,
531 3370 675 3428 inter
722 3373 824 3425 alia
873 3371 1148 3435 scribens,
1199 3370 1370 3437 legem
1417 3371 1651 3441 peccati,
1698 3385 1817 3436 quae

257 3445 376 3498 inest
406 3443 647 3498 hominis
679 3442 938 3497 membris
968 3457 1273 3510 repugnans
1308 3441 1408 3510 legi
1452 3443 1680 3502 mentis,
1712 3456 1816 3510 qua

255 3531 367 3570 caro
387 3515 729 3584 concupiscit
751 3514 1010 3567 adversus
1033 3508 1317 3584 spirituum,
1342 3508 1504 3566 etiam
1529 3508 1818 3578 baptizatis

259 3587 490 3654 ingerere
523 3581 797 3654 pugnandi
830 3586 1230 3639 necessitatem.
1262 3581 1325 3635 Et
1347 3593 1526 3635 contra
1549 3583 1703 3654 quid,
1731 3584 1817 3633 in.

256 3658 390 3726 quit,
419 3653 532 3711 nisi
553 3653 958 3726 contraimalum
982 3695 996 3717 ,
1037 3672 1140 3708 non
1175 3653 1510 3708 substantiam
1535 3693 1549 3716 ,
1579 3653 1670 3705 sed
1695 3655 1817 3726 Il,de

257 3725 449 3784 stantitL'
478 3731 657 3782 vitium
678 3770 692 3789 ,
733 3725 824 3780 Dei
854 3727 1022 3798 gratia
1052 3743 1144 3780 nos
1183 3735 1536 3798 regenerante,
1583 3739 1685 3777 non
1722 3725 1820 3779 im‘

257 3801 534 3867 putandum
557 3841 570 3862 ,
607 3799 696 3852 Dei
729 3795 896 3867 gratia
917 3800 1152 3868 juvante,
1185 3795 1536 3865 lrenandum?

318 3881 341 3908 ι
371 3872 488 3926 Non
518 3870 664 3940 quod
693 3870 898 3938 judicio
919 3867 1014 3940 ac
1040 3870 1316 3922 voluntate
1349 3867 1818 3940 prorsus_iiillexi-

260 3943 339 4013 bili
367 3938 820 4013 atqueimmobili
856 3939 1062 4013 υμετόίιὶ
1093 3940 1204 4013 sint
1227 3979 1239 3998 .
1269 3947 1328 4013 ut
1354 3938 1595 4013 nonnulli
1627 3940 1822 4013 volunt

260 4011 339 4082 (S.
359 4009 540 4067 Thom.
563 4028 578 4067 ι
600 4020 762 4084 part.,
782 4029 832 4078 q.
849 4010 939 4076 64,
964 4021 1064 4084 art:
1085 4009 1141 4084 2)
1162 4027 1176 4072 ς
1201 4010 1296 4064 sed
1319 4011 1443 4079 quia
1470 4009 1620 4084 nullo
1640 4012 1821 4084 carnis

258 4080 636 4153 impedimento
667 4093 760 4136 ant
792 4097 1002 4137 remora
1031 4080 1364 4146 detinentur,
1388 4082 1680 4150 quominus
1705 4083 1823 4136 ani-

260 4169 337 4207 mo
365 4162 630 4224 concepta
659 4154 918 4224 continuo
949 4161 1337 4224 exsequantur.

317 4225 343 4264 δ
365 4218 600 4296 Angelos
626 4225 740 4278 sive
767 4218 955 4287 bbnos,
980 4218 1308 4296 sive'malos,
1326 4222 1645 4296 spirituales
1667 4225 1822 4296 e_tin-

258 4293 534 4363 corporéas
572 4311 700 4351 esse
729 4296 1061 4350 substantias
1090 4295 1286 4348 docent
1326 4293 1515 4364 Patres
1557 4294 1651 4364 (S.
1680 4293 1775 4347 Th.
1805 4313 1823 4351 t

260 4379 406 4435 part.,
425 4389 478 4440 q.
501 4369 619 4440 5i),
637 4367 929 4440 Dionysius
943 4364 1382 4440 {ire0p.0m_l_est.
1407 4363 1618 4417 Hierar.
1641 4381 1762 4434 cap.
1787 4367 1822 4440 Sf.

257 4441 379 4494 etde
393 4434 494 4495 Div
509 4483 520 4496 .
539 4434 699 4494 Nom.
718 4453 776 4492 ca
789 4453 840 4505 p.
861 4438 916 4499 4.
935 4436 1228 4505 Gregorius
1246 4434 1614 4490 Nazianzenus
1630 4448 1768 4490 orat.
1787 4437 1823 4491 2

258 4510 317 4564 de
338 4511 661 4579 Theologia.
686 4509 1108 4579 Cltrysostomns
1136 4507 1326 4579 liomil.
1352 4507 1423 4559 ‘22
1451 4507 1502 4559 in
1529 4505 1782 4579 Genesim
1803 4549 1819 4572 ,

261 4576 615 4638 Damascenus
637 4580 732 4634 lib.
759 4576 883 4633 inde
906 4578 1038 4632 Fide
1059 4578 1288 4633 Orthod.
1311 4592 1430 4646 cap.
1456 4579 1509 4634 ὖ.
1537 4589 1590 4630 et
1613 4576 1821 4646 Grego-

259 4651 362 4705 rius
387 4653 612 4724 Magnns
639 4666 729 4724 vui
755 4651 943 4724 Μιιιδίιιἶ
968 4665 1087 4724 cap.
1105 4648 1159 4724 ξ).
1182 4649 1256 4724 _Et
1278 4649 1330 4701 in
1353 4646 1580 4724 concilio
1601 4647 1824 4724 Latera-

260 4724 437 4789 nensi,
472 4718 597 4792 cap.
637 4720 900 4782 Firmiter,
933 4721 1004 4773 ita
1034 4719 1314 4792 deﬁnitum
1347 4736 1358 4770 :
1403 4718 1542 4771 Deus
1576 4719 1637 4770 ab
1671 4719 1824 4792 initio

1841 3404 1890 3468 (Ξ

1917 2091 2168 2165 piendum
2199 2104 2302 2155 est,
2333 2101 2602 2164 tamquam
2633 2106 2820 2149 natura
2848 2091 3092 2164 angelica
3130 2112 3236 2165 pra!
3264 2095 3492 2152 humana

1916 2161 2080 2235 luerit
2126 2161 2482 2219 restitutionis
2536 2166 2794 2235 incapax,
2845 2161 2946 2220 aui
2982 2161 3352 2234 irreparabilis
3397 2183 3496 2223 suo

1913 2233 2232 2295 Contlitori.
2264 2237 2358 2290 sed
2400 2235 2522 2305 quia
2562 2233 2921 2305 justissimum
2965 2239 3062 2291 luit
3102 2233 3162 2292 ut
3201 2240 3358 2292 sicuti
3399 2239 3497 2293 ho-

1914 2306 2117 2380 minum
2152 2307 2264 2369 via,
2297 2323 2399 2373 qua
2433 2311 2629 2380 mereri
2662 2324 2724 2362 ac
2756 2309 3016 2377 prolicere
3047 2319 3140 2361 aut
3171 2311 3492 2380 resipiscere

1916 2377 2158 2448 possint,
2205 2389 2376 2430 morte
2417 2379 2759 2442 terminatur,
2814 2380 2885 2432 ita
2932 2389 2984 2432 et
3022 2377 3330 2448 angelorum
3369 2381 3494 2446 via,

1915 2461 1981 2501 ex
2007 2447 2353 2502 ordinatione
2373 2448 2684 2504 Conditoris
2705 2494 2717 2515 ,
2745 2451 2894 2518 lapsu
2925 2447 3204 2515 liniretitr;
3233 2465 3338 2504 non
3367 2467 3499 2520 ergo

1918 2527 2024 2590 tam
2055 2529 2274 2588 propter
2306 2531 2614 2574 naturarum
2655 2522 3036 2577 diversitatem
3066 2536 3225 2590 quam
3268 2532 3494 2590 propter

1911 2586 2264 2656 ju~tissimam
2308 2591 2399 2644 Dei
2430 2592 2825 2647 ordinationem
2861 2592 2913 2646 id
2941 2586 3160 2657 evenit,
3187 2601 3245 2645 ut
3270 2586 3496 2661 angelus

1921 2668 2041 2728 post
2072 2661 2282 2728 lapsum
2313 2664 2552 2731 reparari
2586 2679 2688 2717 nou
2724 2664 2910 2731 possit.
2948 2662 3116 2732 llujus
3147 2675 3324 2716 autem
3353 2663 3500 2716 ordi-

1918 2733 2155 2784 nationis
2185 2732 2403 2796 divinm,
2435 2749 2529 2788 cur
2558 2735 2759 2790 scilicet
2795 2744 2915 2803 post
2943 2734 3148 2802 lapsum
3181 2743 3235 2788 et
3265 2736 3498 2804 primum

1920 2813 2198 2870 peccatum
2227 2804 2475 2858 diabolus
2506 2807 2688 2860 statim
2722 2807 3009 2860 damnatus
3037 2807 3128 2873 sit,
3154 2817 3205 2858 et
3235 2805 3381 2858 omni
3401 2819 3500 2874 spe

1919 2888 1982 2946 ac
2013 2873 2256 2946 remedio
2285 2879 2682 2945 consequemla:
2715 2877 2888 2930 venia:
2928 2885 2984 2930 et
3021 2875 3379 2946 reparationis
3405 2877 3499 2931 de-

1920 2943 2161 3017 stitutus,
2182 2945 2378 3013 duplex
2397 2943 2557 3000 causa
2575 2948 2660 3002 bic
2679 2948 2936 3017 tangitur,
2957 2943 3118 3013 quam
3138 2957 3192 3001 et
3219 2948 3278 3001 υ.
3299 2947 3502 3012 Grego-

1921 3015 2032 3088 rius
2065 3019 2331 3084 expressit
2361 3033 2411 3070 tv
2444 3019 2723 3073 Moralium
2756 3015 2876 3086 cap.
2908 3019 2971 3083 9,
3003 3034 3071 3072 ex
3103 3033 3211 3088 quo
3244 3029 3386 3071 totus
3415 3018 3503 3072 hic

1921 3086 2072 3139 locus
2103 3089 2379 3156 aptissime
2407 3091 2728 3145 illustretur.
2764 3090 2902 3144 Duas
2923 3132 2937 3156 ,
2972 3086 3181 3159 inquit,
3211 3090 3278 3143 ad
3304 3090 3503 3142 intelli-

1919 3160 2143 3234 gendum
2169 3175 2223 3212 se
2251 3171 2510 3214 creaturas
2541 3162 2729 3231 fecerat
2758 3161 2895 3216 Deus
2919 3204 2932 3225 ,
2958 3162 3245 3234 angelicam
3260 3161 3504 3234 uidelicet

1920 3236 1969 3281 et
1999 3231 2274 3304 humanam
2300 3246 2319 3304 ξ
2349 3240 2618 3302 utramque
2645 3249 2766 3287 vero
2804 3231 3044 3304 superbia
3075 3233 3314 3304 perculit,
3356 3241 3504 3300 atque

1923 3316 1953 3351 a
1982 3311 2119 3352 statu
2149 3302 2390 3375 ingenita:
2430 3305 2750 3375 rectitudinis
2777 3302 2925 3375 fregit
2953 3308 2971 3371 (
3003 3303 3134 3357 Vide
3157 3303 3216 3375 Si.
3249 3303 3503 3375 Thomam

1924 3379 2137 3444 tparl.,_
2153 3389 2205 3444 q.
2233 3372 2324 3436 66,
2352 3390 2404 3425 a.
2425 3374 2505 3442 Ξ).
2527 3375 2632 3429 Sed
2652 3391 2750 3428 una
2776 3372 2972 3444 tegmen
2990 3377 3161 3427 carnis
3180 3374 3378 3435 habuit,
3398 3373 3505 3425 alia

1922 3456 2036 3517 vero
2066 3442 2486 3517 nihil‘in/irmum
2512 3446 2576 3498 de
2603 3463 2756 3498 carne
2777 3442 3007 3517 gestavit.
3034 3445 3260 3514 Angelus
3286 3459 3504 3514 namque

1920 3511 2240 3585 solummodo
2269 3515 2480 3585 spiritus
2501 3555 2516 3578 ,
2549 3518 2700 3569 homo
2725 3511 2842 3569 vero
2865 3526 2912 3569 et
2940 3511 3157 3584 spiritus
3183 3524 3254 3568 est
3285 3525 3332 3567 ct
3361 3511 3502 3566 caro.

1923 3581 2166 3636 Misertus
2193 3581 2312 3654 ergo
2341 3583 2551 3640 Creator
2577 3598 2630 3638 ut
2657 3589 2922 3641 redimeret
2944 3581 3132 3648 {illam
3159 3585 3226 3637 ad
3254 3602 3305 3637 se
3331 3585 3503 3637 debuit

1919 3654 2181 3728 reducere,
2209 3672 2362 3724 quam
2388 3659 2439 3710 in
2480 3659 2855 3728 perpetratione
2895 3658 3059 3722 culpte
3100 3655 3503 3728 exrinﬁrtnitatc

1921 3726 2122 3791 aliquid
2171 3736 2370 3798 constat
2407 3726 2685 3791 habuisse;
2725 3740 2773 3782 et
2805 3743 2862 3781 eo
2898 3729 3119 3798 amplius
3161 3726 3335 3798 debuit
3374 3741 3502 3798 apo-

1921 3804 2106 3849 statum
2137 3797 2379 3866 angelum
2403 3800 2664 3869 repellere,
2693 3815 2794 3870 quo
2824 3815 2940 3852 cum
2969 3795 3001 3850 tt
3024 3797 3332 3867 persistentli
3351 3795 3505 3919 {orti-

1923 3867 2100 3919 tudine
2129 3871 2352 3919 corruit-
2376 3870 2506 3919 nihil
2532 3871 2796 3919 inﬁrmum
2823 3885 2887 3919 ea:
2915 3885 3066 3919 carne
3091 3868 3320 3919 aestarit.
3375 3865 3504 3919 Inde

1923 3865 2320 3940 tudineicorruit
2337 3911 2352 3935 ,
2376 3865 2506 3923 nihil
2532 3865 2796 3936 inﬁrmum
2823 3885 2887 3922 ea:
2915 3865 3066 3921 carne
3091 3868 3320 3940 gestavit.
3351 3865 3504 3940 Unde

1923 3950 2057 4010 recte
2097 3939 2371 3993 Psalmista
2400 3957 2515 3994 cum
2549 3943 2811 3995 misertum
2848 3937 3239 4010 Redemptorem
3280 3937 3506 4010 homini-

1923 4009 2017 4062 bus
2047 4009 2270 4074 diceret,
2314 4013 2477 4081 ipsam
2518 4029 2717 4081 quoque
2764 4028 2972 4066 causam
3015 4008 3384 4063 misericordia
3411 4023 3504 4062 ex-

1924 4081 2103 4148 pressit
2135 4083 2307 4135 dicens
2332 4099 2350 4136 :
2382 4081 2448 4136 Et
2491 4094 2798 4138 memoratus
2831 4094 2905 4137 est
2942 4083 3062 4150 quia
3089 4097 3211 4135 caro
3257 4090 3418 4144 sunt;
3444 4096 3506 4133 ac

1923 4152 1968 4207 si
1997 4154 2229 4206 diceret:
2261 4153 2376 4219 Quo
2404 4171 2578 4209 eorum
2603 4156 2808 4223 inﬁrma
2838 4153 2964 4208 vidit
2986 4193 3002 4217 ,
3035 4169 3092 4206 co
3131 4152 3359 4205 districta
3396 4151 3506 4223 cul-

1924 4241 2017 4294 pas
2057 4225 2239 4292 punire
2281 4224 2465 4279 noluit.
2518 4225 2612 4280 Est
2649 4222 2823 4280 adhuc
2864 4223 3010 4278 aliud
3048 4240 3148 4293 quo
3188 4233 3233 4276 et
3280 4222 3506 4294 perditus

1927 4292 2077 4348 homo
2107 4297 2339 4361 reparari
2369 4296 2572 4361 debuit,
2605 4308 2650 4350 et
2679 4298 2976 4367 superbiens
3013 4292 3223 4364 spiritus
3263 4292 3499 4367 reparari

1925 4383 2027 4421 non
2054 4367 2250 4434 possit,
2283 4368 2400 4433 quia
2428 4369 2673 4421 nimirum
2714 4363 2927 4437 angelus
2966 4363 3061 4419 sua
3085 4365 3338 4437 superbia
3377 4363 3509 4437 ceci-

1925 4440 2000 4491 dit
2026 4479 2041 4501 ,
2071 4437 2326 4509 hominem
2356 4453 2470 4491 vero
2509 4438 2680 4490 aliena
2720 4433 3028 4509 prpetrat-it._
3057 4435 3320 4509 Tertiam”
3341 4433 3507 4487 ratio-

1927 4524 2050 4562 nem
2099 4506 2257 4561 atTert
2304 4507 2364 4562 D.
2398 4506 2729 4577 Augustinus
2774 4507 3054 4561 Encbirid.
3106 4520 3226 4574 cap.
3258 4506 3366 4568 29,
3414 4519 3510 4558 cur

1926 4579 2134 4634 scilicet
2160 4578 2298 4631 Deus
2327 4592 2430 4630 nou
2459 4578 2790 4646 angelicam,
2819 4578 2911 4632 sed
2941 4577 3235 4630 humanam
3260 4585 3508 4629 naturain

1929 4663 2183 4717 reparare
2222 4647 2488 4712 voluerit,
2529 4649 2673 4718 quod
2720 4663 2828 4702 nno
2868 4658 3128 4716 peccante
3157 4646 3395 4709 homine,
3425 4655 3508 4698 to-

1928 4729 2039 4774 tum
2073 4720 2127 4772 in
2154 4733 2220 4773 eo
2250 4720 2483 4788 perierat.
2510 4734 2679 4788 genus
2705 4719 2996 4773 humanum
3015 4758 3031 4781 ,
3061 4733 3165 4771 non
3192 4725 3369 4788 autem
3399 4729 3510 4788 uno

260 4783 492 4861 temporis
524 4783 794 4862 utramque
823 4792 887 4844 de
912 4791 1074 4844 nihilo
1104 4790 1331 4844 condidit
1363 4799 1651 4843 creaturam
1671 4830 1686 4852 ,
1714 4791 1822 4861 spi-
1850 4785 1901 4844 D
1927 4789 2173 4862 cadente
2199 4783 2409 4859 angelo.
2436 4783 2619 4844 cmieri
2671 4804 2861 4844 omnes
2909 4789 3244 4862 ceciderunt.
3299 4783 3507 4862 Placuit

261 4865 488 4919 ritualem
517 4875 566 4920 et
595 4879 928 4934 corpoream,
954 4863 1242 4932 angelicam
1264 4862 1497 4934 uidelicet
1526 4870 1574 4914 et
1603 4863 1823 4934 munda-

262 4950 387 4988 nam.
412 4936 517 4992 Ubi
537 4932 797 5003 spiritalis
820 4945 1065 4986 creatura
1089 4932 1381 5000 opponitur
1401 4946 1694 5000 corporeae.
1715 4933 1828 4984 Ali-

262 5015 333 5058 ter
365 5017 543 5061 tamen
584 5007 744 5061 docet
784 5005 950 5057 abbas
991 5003 1228 5058 Serenus
1265 5005 1557 5056 collatione
1592 5006 1824 5070 septima

260 5092 365 5142 cap.
402 5079 496 5142 15,
534 5079 623 5133 ubi
651 5078 877 5146 angelos
917 5075 1114 5129 fatetur
1152 5074 1407 5142 spiritalis
1444 5073 1662 5146 quidem
1704 5088 1827 5146 esse

259 5159 451 5203 naturae
472 5191 488 5213 ,
515 5165 620 5201 non
647 5143 824 5201 tamen
847 5147 1072 5199 omnino
1095 5147 1451 5210 incorporezn.
1477 5143 1630 5208 Quod
1659 5145 1825 5198 etiam

258 5221 480 5274 sensisse
508 5219 724 5272 videtur
751 5218 812 5271 ι).
837 5219 1172 5285 Augustinus
1203 5215 1446 5283 pluribus
1475 5215 1524 5266 in
1554 5213 1706 5275 locis,
1731 5215 1824 5268 ubi

260 5289 510 5351 spiritalia
555 5291 797 5358 quaedam
825 5329 836 5349 .
870 5287 921 5341 id
960 5295 1044 5341 est
1065 5328 1079 5349 ,
1110 5301 1269 5342 aerea
1301 5301 1558 5358 corpora,
1596 5297 1701 5337 tam
1729 5301 1828 5340 an-

261 5361 381 5424 gelis
424 5356 590 5428 quam
639 5359 979 5414 daemonibus
1030 5358 1253 5420 tribuit,
1305 5371 1369 5411 ex
1420 5356 1824 5412 Platomcorum

261 5443 337 5482 seu
348 5443 392 5483 te
401 5433 508 5486 ntia
519 5472 533 5486 .

321 5514 340 5538 ε
388 5502 801 5564 Damascenus,
857 5501 978 5555 loco
1027 5514 1189 5569 supra
1237 5501 1399 5554 citato
1439 5517 1449 5550 ε
1495 5497 1832 5567 Inadeptivus

261 5575 557 5642 panitentia:
595 5583 668 5626 est
707 5573 920 5641 angelus
947 5613 960 5634 ,
1002 5573 1125 5642 quia
1164 5569 1507 5640 incarporalis
1554 5579 1648 5623 est.
1693 5571 1832 5626 Nam

260 5641 391 5696 (ionio
442 5653 654 5713 propter
708 5641 1022 5696 substantia!
1061 5643 1409 5711 inﬁrmitatem
1474 5643 1830 5710 paenitentiam

260 5724 550 5767 consecutus
581 5726 676 5772 est.
710 5716 778 5768 Et
805 5730 925 5783 cap.
955 5714 1202 5782 sequenti
1228 5732 1239 5765 :
1288 5715 1432 5768 Scire
1471 5723 1669 5780 oportet
1698 5730 1830 5782 quo-

261 5787 379 5855 niam
408 5787 553 5855 quod
588 5786 873 5838 hominibus
902 5795 976 5837 est
1007 5801 1160 5845 mors,
1188 5784 1284 5836 hoc
1307 5785 1504 5852 angelis
1528 5794 1599 5837 est
1629 5785 1823 5853 lapsus.

263 5853 375 5908 Post
404 5853 612 5911 (ausum
640 5859 771 5911 enim
814 5873 915 5910 non
953 5865 1026 5911 est
1069 5857 1173 5910 illis
1211 5855 1519 5919 pwrtitentitt
1563 5855 1704 5908 locus
1729 5895 1744 5922 ,
1776 5864 1830 5908 ut

1931 4862 2132 4931 itaque,
2166 4855 2370 4929 inquit,
2405 4863 2756 4915 universitatis
2807 4859 3038 4931 creatori,
3073 4866 3228 4931 atque
3269 4855 3508 4931 modera-

1932 4928 2034 4984 tori
2070 4931 2172 4984 Deo
2194 4972 2208 4993 ,
2241 4928 2297 4983 ut
2325 4933 2565 4997 quoniam
2607 4948 2706 4985 non
2747 4942 2853 4984 tota
2894 4930 3171 4981 multitudo
3207 4928 3509 4996 angelorum

1937 5002 2099 5055 Deum
2125 5006 2401 5056 deserendo
2431 5006 2683 5068 perierat,
2717 5019 2773 5055 ea
2801 5016 2913 5070 qute
2939 5002 3158 5072 perierat
3184 5000 3237 5051 iu
3254 5009 3511 5072 perpetua

1932 5074 2217 5145 perditione
2243 5066 2568 5138 remaneret;
2598 5090 2711 5141 qute
2737 5066 2904 5126 autem
2936 5066 3052 5145 cum
3085 5069 3213 5145 Deo,
3245 5066 3338 5122 illa
3359 5066 3510 5120 des-v-

1936 5141 2074 5198 i'ente
2097 5185 2112 5207 ,
2152 5146 2474 5212 perstiterat,
2515 5148 2577 5197 de
2615 5161 2708 5197 sua
2745 5144 3027 5213 certissime
3060 5141 3266 5213 aagnita
3307 5155 3509 5207 semper

1936 5218 2115 5280 futura
2151 5215 2394 5283 felicitate
2429 5231 2605 5267 secura
2645 5215 2933 5283 gauderet;
2973 5212 3077 5265 alia
3119 5212 3235 5264 ivero
3275 5218 3516 5262 creatura

1934 5288 2233 5348 rationalis.
2266 5301 2382 5355 qua:
2422 5289 2472 5338 in
2511 5286 2803 5338 hominibus
2834 5292 2972 5343 erat,
3010 5286 3252 5351 quoniam
3295 5285 3515 5355 peccatis

1931 5368 2081 5424 atque
2105 5353 2396 5424 suppliciis.
2425 5367 2472 5410 et
2503 5356 2835 5428 originalibus
2862 5366 2909 5409 et
2937 5355 3186 5429 propriis,
3210 5361 3314 5404 tota
3343 5353 3516 5429 peric--

1938 5438 2058 5493 rat,
2089 5445 2150 5482 ea:
2174 5431 2284 5498 ejus
2326 5439 2468 5492 parte
2510 5424 2783 5496 reparata,
2824 5426 2958 5498 quod
3002 5424 3248 5498 angelicae
3282 5424 3516 5498 societati

1937 5501 2088 5553 ruina
2117 5494 2208 5552 illa
2235 5499 2491 5551 diabolica
2519 5494 2768 5551 minuerat
2795 5494 3084 5565 suppleret.
3111 5494 3236 5565 Hzec
3268 5494 3517 5565 Augusti-

1941 5586 2061 5624 nus.
2098 5571 2291 5624 Vernm
2330 5570 2586 5622 adversus
2630 5562 2867 5635 primam
2895 5562 3047 5618 illam
3092 5564 3356 5618 rationem
3389 5578 3418 5616 a
3451 5562 3516 5616 D.

1941 5643 2201 5710 Gregorio
2228 5642 2442 5694 allatam
2466 5639 2683 5707 objiciet
2707 5637 2932 5710 fortasse
2955 5636 3218 5710 quispiam
3247 5637 3518 5710 hominem

1940 5714 1991 5764 in
2023 5706 2163 5765 siatu
2212 5706 2546 5764 innocentite
2582 5723 2799 5761 carnem
2843 5706 3098 5761 habuisse
3137 5707 3292 5775 plane
3333 5707 3520 5771 subje-

1937 5795 2076 5836 etam
2110 5793 2163 5836 et
2194 5783 2578 5846 obsequentem
2612 5778 2849 5846 spiritui,
2880 5780 3042 5832 immo
3072 5789 3178 5831 tum
3211 5793 3316 5830 non
3342 5777 3519 5829 minus

1937 5868 2258 5922 propensam
2303 5853 2371 5907 ad
2414 5853 2614 5908 bonum
2655 5865 2814 5920 quam
2858 5851 3018 5906 modo
3060 5859 3145 5907 est
3185 5849 3252 5906 ad
3293 5847 3518 5904 malum.
