4012 6336
2143 232 2148 244 ι
2171 245 2176 251 ,
2197 243 2200 246 ,
2218 235 2237 248 ,ι
2259 242 2264 246 .
2282 229 2329 256 ...ξ
2344 219 2374 255 ..ρ

584 332 692 394 603

1648 332 1928 392 ιοΑΝΝιε
1965 329 2284 392 CASSIANI
2321 326 2812 393 GOLLATIONBS.

3756 325 3855 391 σοι

585 463 686 510 est.
731 453 884 510 Sicut
921 466 1068 510 enim
1109 454 1256 511 nulla
1298 453 1625 512 sollicitante
1668 465 1886 512 terrena
1937 454 2161 510 materia
2191 459 2238 515 Α
2268 451 2623 507 declinantem
2654 465 2684 506 a
2719 450 2948 507 Domino
2979 449 3310 522 perdidisse,
3355 463 3457 506 nec
3497 461 3662 521 posse
3692 448 3853 519 huius

583 547 824 613 corruit,
876 547 952 604 ita
999 563 1100 604 nec
1144 547 1531 619 Indulgentiam
1579 549 1798 618 quidem
1845 560 1940 603 aut
1985 549 2163 603 locum

584 638 940 710 paenitudinis
979 641 1232 696 obtinere
1268 650 1470 710 potest.
1512 641 1719 710 Quibus
1756 656 1822 696 ex
1861 641 2026 697 rebus
2053 641 2168 696 evi-

584 729 776 786 denter
805 731 1081 802 colligitur
1110 732 1253 802 quod
1283 748 1392 788 non
1418 735 1590 788 solum
1622 735 1778 788 noxia
1813 751 1918 788 non
1950 735 2026 788 sit
2050 735 2164 788 haec

581 842 701 897 quae
752 836 940 882 contra
987 843 1046 883 se
1092 828 1323 883 invicem
1363 829 1654 883 suscitatur
1693 828 1746 882 itt
1790 829 1946 883 nobis
1985 828 2163 884 carnis

579 919 915 990 spiritusque
959 920 1269 988 contentio,
1311 935 1497 976 verum
1537 920 1700 976 etiam
1742 921 1965 976 multam
2005 919 2164 976 nobis

493 999 518 1072 it
581 1014 823 1070 conferat
854 1015 1166 1071 utilitatem.

1177 1109 1406 1166 CAPUT
1443 1109 1561 1166 XV.

749 1203 886 1269 Quid
917 1206 1064 1260 nobis
1095 1207 1254 1276 prosit
1285 1207 1454 1260 carnis
1483 1207 1726 1260 adversus
1757 1206 1998 1278 spiritum

1151 1279 1587 1346 concupiscentia.

711 1389 890 1444 Primo
911 1389 1054 1459 quod
1077 1389 1314 1445 desidias
1333 1405 1395 1445 ac
1419 1390 1778 1461 negligentias
1804 1400 2021 1446 nostras
2052 1398 2160 1444 sta-

579 1481 674 1535 tim
715 1481 921 1550 arguit,
961 1491 1050 1548 et,
1087 1489 1150 1534 ut
1183 1481 1400 1551 quidam
1433 1482 1883 1552 diligentissimus
1913 1482 2162 1552 paadago-

575 1587 710 1644 gus,
755 1588 784 1627 a
823 1573 1185 1628 districtionis
1224 1584 1279 1628 et
1317 1575 1624 1644 disciplinae
1670 1576 1812 1630 linea
1867 1591 2158 1646 numquam

578 1682 677 1722 nos
708 1666 925 1722 deviare
953 1667 1264 1722 concedens
1288 1709 1302 1734 ,
1335 1668 1380 1722 si
1413 1668 1684 1738 paululum
1725 1668 1851 1738 quid
1893 1669 2160 1724 securitas

575 1769 764 1814 nostra
817 1774 1126 1814 mensuram
1170 1775 1424 1829 congrua:
1465 1761 1772 1816 severitatis
1821 1761 2154 1827 excesserit,

2272 544 2664 615 purificationis
2714 546 2915 601 donum
2969 545 3072 602 nisi
3125 560 3220 616 per
3268 543 3437 601 solius
3486 543 3584 600 Dei
3625 543 3851 614 gratiam

2272 638 2567 709 possideri,
2608 639 2930 696 docentibus
2978 654 3078 694 nos
3129 637 3530 709 quodammodo
3567 637 3740 708 ipsius
3777 638 3852 692 rei

2267 731 2685 801 experimentis,
2739 740 2797 786 ut
2847 733 2893 785 si
2943 729 3305 800 integritatem
3349 730 3530 787 cordis
3583 739 3850 800 perpetuo

2268 827 2524 894 consequi
2567 825 2927 890 delectamur,
2971 825 3290 880 humilitatis
3327 823 3644 894 studeamus
3685 825 3852 879 virtu-

2267 923 2375 972 tem
2401 916 2603 987 iugiter
2632 917 2902 974 obtinere.

2853 1008 3081 1066 CAPUT
3120 1009 3260 1070 XVI.

2266 1100 2347 1154 De
2377 1100 2648 1155 inccntivis
2678 1100 3110 1183 carnishquibus,
3153 1103 3255 1156 nisi
3281 1102 3696 1170 humiliaremur,
3723 1119 3848 1175 gra-

2848 1188 2963 1226 vius
2993 1189 3277 1228 ruerentus.

2335 1285 2509 1356 Hujus
2555 1286 2719 1356 igitur
2762 1287 3014 1356 puritatis
3061 1287 3353 1342 elationem
3403 1286 3848 1358 perniciosiorem

2265 1377 2500 1433 futuram
2558 1379 2768 1433 cunctis
2819 1379 3117 1434 sceleribus
3168 1388 3330 1450 atque
3386 1379 3624 1451 flagitiis,
3680 1392 3739 1438 et
3783 1383 3852 1436 ob

2264 1471 2404 1526 hanc
2443 1471 2580 1526 nihil
2625 1485 2723 1526 nos
2759 1473 3113 1528 emolumenti
3152 1482 3540 1528 consecuturos
3580 1489 3676 1544 pro
3715 1489 3850 1544 qua-

2264 1563 2394 1620 libet
2427 1565 2693 1619 castitatis
2731 1564 3062 1634 integritate,
3106 1564 3133 1603 ι)
3175 1575 3437 1620 testantur
3475 1565 3583 1622 illa:
3622 1567 3852 1622 virtutes

2263 1674 2494 1727 quarum
2523 1661 2775 1730 superius
2800 1659 3028 1715 fecimus
3055 1660 3410 1726 mentionem,
3435 1675 3559 1730 qua:
3578 1675 3699 1716 cum
3726 1661 3848 1714 nul-

2264 1751 2346 1806 las
2383 1751 2690 1816 huiusmodi
2728 1751 3068 1807 titillationes
3112 1752 3294 1806 carnis
3333 1752 3588 1807 habuisse
3623 1751 3853 1807 credan-

575 1851 805 1921 flagellis
844 1852 1238 1907 incentivorum
1275 1852 1518 1907 stimulat
1555 1853 1847 1909 confestim
1882 1864 1938 1910 et
1981 1856 2159 1911 incrc-
2189 1846 2234 1906 Β
2264 1853 2370 1911 tur,
2413 1845 2485 1899 οἱ)
2528 1847 2697 1900 50‘3"l
2738 1845 2919 1900 cordis
2955 1845 3246 1900 elationem
3287 1855 3546 1915 perpelli-'1
3586 1847 3740 1900 milia
3787 1845 3850 1900 de

575 1952 664 2013 pat
687 1987 700 2010 ,
735 1953 895 2013 atque
924 1943 992 1998 ad
1022 1952 1420 2015 competentem
1451 1955 1668 2002 revocat
1697 1948 2036 2016 parcitatem.
2071 1947 2159 2004 Se-

573 2035 750 2089 cundo
776 2035 920 2105 quod
953 2051 1050 2105 pro
1076 2037 1408 2092 castimonia:
1437 2053 1502 2092 ac
1532 2039 1779 2108 puritatis
1809 2038 2153 2109 integritate,

573 2140 694 2179 cum
730 2126 822 2181 Dei
854 2127 1026 2196 gratia
1065 2127 1428 2194 concedente,
1472 2129 1543 2184 ita
1583 2144 1684 2184 nos
1723 2129 1883 2202 longo
1913 2141 2160 2200 tempore

572 2231 603 2270 a
628 2219 846 2287 genitali
874 2219 1175 2288 pollutione
1199 2221 1496 2277 viderimus
1525 2224 1825 2290 immunes,
1857 2233 1913 2278 ut
1943 2237 2011 2278 ne
2041 2225 2158 2294 ipsa

575 2311 796 2381 quidem
855 2313 1087 2382 simplici
1135 2317 1504 2371 commotione
1557 2316 1734 2371 carnis
1779 2317 2006 2372 ulterius
2061 2333 2162 2374 nos

572 2405 947 2476 inquietandos
1003 2422 1126 2464 esse
1177 2409 1496 2476 credamus,
1554 2419 1609 2466 et
1667 2426 1763 2480 per
1820 2411 1960 2480 hoc,
2014 2413 2161 2469 velut

569 2499 662 2567 qui
704 2516 808 2553 non
849 2509 1128 2570 gestemus
1171 2504 1536 2572 corruptelam
1581 2503 1794 2568 carnis,
1839 2505 1892 2557 in
1931 2505 2160 2558 secretis

571 2591 922 2646 conscientiae
953 2600 1154 2647 nostra
1181 2593 1444 2649 fuerimus
1473 2594 1622 2660 elati,
1664 2609 1764 2648 suo
1793 2609 1890 2650 nos
1918 2611 2156 2662 rursum,

571 2683 818 2753 quamvis
849 2685 1034 2754 quieto
1063 2699 1127 2739 ac
1171 2685 1402 2756 simplici
1431 2727 1445 2752 ,
1478 2688 1701 2741 visitans
1729 2685 1878 2741 fluxu
1909 2687 2161 2742 humiliat

568 2790 633 2830 ac
661 2775 931 2841 retundit,
963 2792 1169 2848 nosque
1197 2778 1454 2834 homines
1479 2795 1603 2835 esse
1643 2779 1878 2834 stimulis
1915 2782 2030 2836 suis
2057 2780 2160 2835 ad-

570 2877 777 2922 monet.
811 2869 1226 2935 Quodammodo
1254 2873 1396 2926 enim
1428 2887 1549 2926 cum
1591 2874 1645 2926 in
1684 2875 1900 2928 caeteris
1939 2875 2156 2944 generi-

571 2958 673 3015 bus
699 2960 956 3016 vitiorum
983 2970 1041 3018 et
1067 2963 1284 3032 quidem
1311 2965 1653 3034 gravioribus
1682 2967 1958 3036 magisque
1985 2969 2160 3023 noxiis

571 3051 964 3109 indifferentius
995 3054 1268 3109 soleamus
1297 3058 1577 3113 incurrere
1599 3100 1615 3125 ,
1647 3073 1746 3113 nec
1777 3067 1885 3112 tam
1916 3060 2073 3114 facile
2106 3061 2160 3114 in

569 3158 754 3199 eorum
797 3159 1226 3216 compungamur
1267 3147 1545 3216 admissu,
1583 3149 1643 3203 in
1687 3149 1790 3204 hoc
1828 3151 2158 3218 peculiarius

2263 1939 2480 1994 sublimi
2517 1939 2838 2010 cmlestique
2878 1940 3113 1995 statione
3143 1939 3372 2008 deiectae
3410 1950 3556 1994 sunt.
3595 1940 3852 1994 Essemus

2263 2033 2444 2103 itaque
2491 2035 2706 2102 penitus
2760 2032 2964 2104 absque
3001 2033 3244 2088 remedio
3288 2031 3475 2103 tepidi,
3520 2041 3704 2102 utpote
3745 2047 3850 2086 non

2263 2126 2526 2182 habentes
2552 2125 2785 2182 indicem
2811 2125 3153 2195 negligentiae
3185 2136 3406 2191 nostrae,
3436 2125 3518 2178 vel
3543 2125 3594 2179 iii
3621 2139 3853 2194 corpore

2261 2228 2448 2272 nostro
2485 2226 2579 2271 aut
2619 2218 2672 2271 in
2708 2216 3055 2272 conscientiis
3097 2216 3333 2286 propriis
3368 2215 3717 2281 insidentem,
3754 2229 3853 2269 nec

2261 2312 2603 2367 studeremus
2633 2311 2699 2365 ad
2734 2309 3090 2380 perfectionis
3131 2325 3387 2379 umquam
3426 2309 3710 2381 pervenire
3745 2310 3854 2364 fer-

2260 2421 2484 2471 vorem;
2531 2405 2628 2461 sed
2671 2420 2771 2460 nec
2817 2402 3144 2472 frugalitatis
3193 2402 3408 2472 quidem
3452 2400 3851 2454 districtionem

2263 2497 2350 2553 vel
2395 2497 2744 2552 continentia:
2789 2505 3121 2559 teneremus,
3167 2492 3269 2548 nisi
3310 2506 3412 2548 nos
3447 2492 3563 2548 bzec
3609 2491 3855 2548 titillatio

2261 2591 2442 2646 carnis
2481 2590 2794 2644 increscens
2840 2588 3152 2642 humiliaret
3196 2595 3361 2656 atque
3407 2584 3752 2650 retunderet,
3805 2592 3854 2639 et

2263 2684 2526 2738 adversus
2567 2681 2892 2753 Spiritalium
2934 2694 3149 2750 quoque
3179 2678 3433 2732 vitiorum
3477 2678 3854 2748 purgationem

2261 2778 2531 2834 sollicitos
2560 2776 2814 2832 redderet
2838 2785 2894 2830 et
2924 2775 3181 2829 intentos.

2837 2866 3064 2922 CAPUT
3106 2864 3270 2920 XVII.

2717 2959 2790 3013 De
2817 2959 3171 3014 cunuchorum
3201 2965 3374 3025 tepore

2335 3057 2574 3125 Denique
2605 3055 2656 3110 in
2687 3053 2770 3109 his
2804 3063 2826 3092 ο
2859 3058 2951 3124 qui
2989 3052 3260 3122 spadones
3306 3060 3431 3104 sunt
3466 3065 3722 3121 corpore,
3775 3050 3855 3105 id-

2260 3149 2407 3205 circo
2435 3147 2580 3202 hunc
2611 3146 2776 3201 animi
2810 3154 3052 3215 teporem
3090 3143 3408 3213 plerumque
3446 3142 3626 3197 inesse
3657 3142 3858 3214 depre-

571 3239 887 3296 bumiliatur
915 3242 1246 3297 conscientia
1281 3252 1464 3297 nostra
1490 3284 1505 3309 ,
1539 3259 1742 3313 perque
1774 3247 1910 3299 hanc
1939 3245 2151 3300 illusio-
2184 3223 2232 3293 C
2266 3243 2572 3311 hendimus,
2611 3239 2736 3310 quia
2773 3241 2921 3294 velut
2951 3238 3113 3294 soluti
3144 3237 3211 3291 ab
3243 3237 3340 3291 hac
3371 3238 3697 3293 necessitate
3728 3254 3859 3294 car-

571 3348 692 3388 nem
736 3334 1102 3405 neglectarum
1148 3351 1363 3406 quoque
1414 3337 1725 3406 passionum
1769 3338 2162 3394 recordatione

571 3427 868 3493 mordetur,
910 3429 1194 3484 evidenter
1243 3411 1554 3500 intelligens
1599 3430 1932 3486 immundam
1975 3447 2035 3487 se
2081 3433 2129 3487 fa

567 3529 710 3574 ctam
741 3521 1079 3576 naturalibus
1109 3521 1424 3588 incentivis,
1456 3538 1576 3592 qua:
1603 3538 1722 3578 cum
1757 3533 1902 3579 esset
1929 3525 2161 3580 immun-

570 3611 692 3667 dior
720 3612 1056 3682 spiritalibus
1080 3615 1258 3680 vitiis,
1289 3615 1605 3684 ignorabat;
1633 3625 1686 3670 et
1713 3630 2002 3671 recurrens
2036 3633 2163 3687 pro-

571 3705 717 3758 tinus
767 3705 834 3759 ad
885 3707 1324 3762 emendationem
1370 3707 1659 3763 anterioris
1705 3707 1962 3778 ignavite,
2007 3723 2160 3764 com-

573 3808 822 3851 monetur
862 3814 960 3851 nec
1001 3814 1166 3869 super
1205 3800 1549 3854 successibus
1580 3800 1868 3868 prateritae
1909 3801 2158 3868 puritatis

572 3889 771 3945 debere
809 3891 1120 3961 confidere,
1155 3909 1313 3964 quam
1346 3909 1405 3949 se
1437 3893 1699 3963 perspicit
1731 3893 1990 3964 pusillum
2029 3894 2158 3965 quid

2259 3338 2394 3406 nali,
2433 3350 2532 3391 nec
2563 3335 2750 3390 labore
2784 3331 3135 3387 continentiae
3166 3331 3485 3398 corporalis,
3520 3345 3618 3385 nec
3648 3333 3862 3388 contri-

2259 3434 2408 3488 tione
2436 3430 2617 3484 cordis
2642 3443 2702 3484 se
2727 3428 2998 3482 aestimant
3032 3425 3308 3495 indigere;
3346 3434 3401 3480 et
3429 3423 3531 3478 hac
3557 3426 3860 3483 securitate

2259 3527 2510 3592 resoluti,
2565 3537 2860 3592 numquam
2920 3517 3309 3591 perfectionem
3353 3519 3553 3584 cordis,
3605 3519 3710 3574 sed
3760 3536 3861 3575 nec

2261 3615 2588 3688 spiritalium
2627 3613 2849 3685 quidem
2878 3613 3132 3666 vitiorum
3171 3611 3545 3681 purgationem
3584 3610 3671 3665 vel
3712 3626 3860 3681 quae-

2265 3724 2388 3766 rere
2419 3709 2470 3762 in
2499 3706 2749 3770 veritate,
2780 3705 2864 3759 vel
2896 3703 3176 3768 possidere
3206 3701 3483 3758 festinant.
3513 3701 3618 3770 Qui
3651 3712 3860 3771 status,

2266 3818 2295 3856 a
2339 3800 2545 3856 carnali
2591 3799 2848 3868 qualitate
2892 3793 3251 3861 descendens,
3301 3793 3540 3848 efficitur
3575 3793 3860 3860 animalis,

2266 3894 2355 3964 qui
2387 3901 2471 3948 est
2502 3889 2855 3962 proculdubio
2886 3887 3124 3942 deterior
3152 3883 3383 3958 gradus;
3428 3884 3544 3956 ipse
3581 3894 3671 3940 est
3711 3885 3862 3942 enim

1641 4072 1894 4127 ALARDI
1933 4073 2170 4130 ΟΑΖᾸΞΙ
2210 4071 2774 4130 COMMENTARIUS.

575 4205 712 4274 Quid
740 4219 868 4270 ergo
894 4216 977 4261 est
1007 4206 1147 4275 quod
1194 4205 1495 4261 infirmitati
1536 4207 1716 4261 carnis
1752 4206 2005 4262 tribuitur
2043 4209 2137 4264 bo-

577 4277 738 4331 minis
767 4278 975 4343 lapsus,
1007 4287 1061 4331 et
1091 4277 1480 4331 misericordia:
1507 4281 1643 4330 ratio
1671 4294 1794 4344 erga
1821 4296 1941 4332 eum
1972 4281 2151 4346 potius

575 4363 737 4418 quam
770 4364 896 4416 erga
927 4351 1146 4417 angelos
1177 4347 1494 4402 exercenda:
1520 4364 1549 4399 a
1575 4349 1637 4400 D.
1663 4349 1925 4414 Gregorio
1951 4361 2004 4404 et
2028 4353 2152 4406 aliis

579 4421 828 4474 Patrihus
857 4420 956 4472 hac
985 4419 1423 4474 consideratione
1449 4420 1789 4486 assignatur?
1813 4421 1876 4473 Ii.
1905 4423 2152 4490 quamvis

577 4491 632 4544 in
671 4498 815 4542 statu
854 4491 1178 4564 innocentiae
1217 4491 1360 4564 nulla
1397 4499 1543 4544 esset
1578 4491 1806 4564 rebellio
1843 4493 2021 4546 carnis
2049 4493 2153 4547 add

577 4575 769 4616 versus
800 4562 1045 4634 spiritum
1079 4565 1130 4615 in
1163 4561 1406 4621 homine.
1439 4575 1566 4616 caro
1599 4561 1806 4625 tamen,
1840 4565 1957 4617 sive
1982 4579 2147 4634 appe-

579 4634 705 4686 titus
731 4633 1049 4695 sensitivus,
1081 4642 1270 4698 suapte
1301 4642 1486 4685 natura
1511 4647 1604 4686 seu
1636 4644 1782 4686 motu
1811 4633 2040 4688 naturali
2074 4636 2151 4689 fe.

577 4703 798 4757 rebatur
831 4705 882 4756 in
907 4717 1063 4756 suum
1099 4704 1371 4771 obiectum
1415 4703 1675 4757 sensibile
1707 4714 1762 4758 et
1791 4719 2111 4772 corporeum
2141 4721 2156 4762 :

577 4772 804 4841 proinde
829 4774 1105 4843 indigebat
1127 4774 1356 4842 imperio
1387 4790 1448 4827 ac
1473 4771 1626 4827 freno
1653 4771 1910 4842 rationis,
1941 4791 2152 4831 necnon

577 4843 821 4898 subsidio
849 4847 1035 4914 gratim
1064 4846 1288 4908 divinat,
1322 4859 1428 4912 quo
1459 4843 1513 4898 in
1553 4843 1734 4899 ofﬁcio
1762 4855 1814 4898 et
1854 4848 1966 4899 suis
2013 4848 2154 4901 limi-

575 4915 719 4985 tibus
747 4918 1136 4969 contineretur.
1169 4917 1346 4982 Quare
1389 4918 1488 4969 hac
1527 4931 1590 4969 ex
1632 4924 1782 4982 parte
1824 4916 2064 4985 fragilior
2103 4927 2160 4973 et

573 4984 641 5058 ad
677 4986 1005 5058 peccandum
1060 4987 1369 5058 proclivior,
1399 4985 1719 5058 acproinde
1749 4984 2156 5058 venia’dignior

569 5055 670 5109 fuit
696 5055 860 5110 homo
880 5058 1092 5128 (utpote
1110 5057 1320 5128 duabus
1343 5056 1588 5124 partibus
1610 5059 1966 5128 compositus)
1993 5055 2154 5128 quam

573 5128 820 5197 angelus,
845 5126 936 5197 qui
968 5128 1170 5182 nullum
1204 5126 1392 5182 habuit
1423 5128 1729 5195 huiusmodi
1753 5126 2025 5197 obiectum
2057 5146 2150 5184 an-

571 5212 798 5270 samque
840 5198 1125 5267 peccandi,
1169 5198 1267 5252 nisi
1312 5199 1584 5266 propriam
1624 5199 1983 5270 voluntatem,
2025 5216 2150 5255 cum

569 5269 642 5322 sit
671 5269 896 5324 omnino
937 5271 1290 5336 incorporeus
1329 5277 1384 5323 et
1420 5269 1706 5337 spiritalis.
1749 5269 1884 5324 Vide
1924 5271 1985 5324 D.
2022 5271 2152 5324 Pro-

569 5353 792 5407 sperum
836 5340 928 5393 lib.
963 5355 979 5394 ι
1010 5339 1078 5393 de
1109 5341 1226 5392 Vita
1255 5341 1682 5408 (lontentplativa
1714 5355 1836 5409 cap.
1870 5342 1997 5408 5,et
2025 5342 2155 5396 Fulo

564 5413 806 5478 gentium
835 5411 930 5464 lib.
964 5409 1032 5464 de
1062 5409 1192 5464 Fide
1221 5425 1340 5478 cap.
1369 5412 1424 5466 ὅ.
1742 5451 1755 5465 .

641 5491 668 5518 λ
697 5483 801 5536 llas
831 5482 966 5536 duas
991 5482 1251 5535 utilitates
1279 5498 1401 5536 cum
1426 5481 1548 5536 aliis
1576 5484 1700 5536 item
1728 5483 1961 5547 duabus,
1991 5498 2152 5552 supe-

570 5551 682 5606 rius
711 5554 1097 5621 expressimus.
1132 5553 1263 5606 V'ide
1304 5552 1620 5607 Cassianum
1664 5553 1756 5605 lib.
1799 5569 1869 5606 xu
1912 5551 2146 5610 Instit'ut.

567 5635 686 5694 cap.
703 5622 810 5694 _20,
835 5622 899 5676 21
930 5625 1095 5687 et23,
1127 5631 1182 5678 et
1208 5623 1405 5678 ibidem
1435 5633 1617 5677 notata
1645 5623 1797 5693 (Cap.
1835 5623 1943 5694 13).

543 5709 554 5724 ο
588 5763 603 5767 _
641 5692 670 5731 ιι
703 5691 1248 5767 Virtutesangelicre,
1288 5695 1340 5748 id
1371 5703 1478 5767 est,
1522 5696 1621 5764 ipsi
1648 5691 1823 5760 angeli
1858 5691 2002 5759 mali,
2035 5698 2150 5752 sive

572 5763 868 5835 daemones,
909 5766 978 5820 ob
1015 5763 1186 5821 solam
1235 5763 1554 5835 superbiam
1584 5781 1614 5820 e
1652 5768 1792 5820 caelo
1826 5767 2044 5833 deiecti,
2083 5769 2149 5824 de

573 5833 770 5900 quibus
799 5848 962 5906 supra
987 5851 1105 5908 cap.
1132 5836 1217 5894 ιι.
1251 5833 1495 5893 sumitur
1521 5845 1700 5892 autem
1729 5837 2016 5905 dupliciter
2048 5840 2148 5896 hoc

2255 4209 2571 4263 vocabulum
2602 4223 2725 4262 cum
2765 4206 2972 4276 angelis
3012 4205 3264 4261 tribuitur
3307 4224 3318 4258 :
3365 4203 3418 4257 I°
3447 4209 3762 4272 generatim
3809 4219 3864 4263 et

2253 4281 2557 4353 promiscue
2597 4295 2695 4353 pro
2739 4279 2932 4353 quovis
2981 4277 3171 4353 ordine
3213 4277 3560 4353 angelorum,
3612 4288 3676 4332 ut
3737 4281 3860 4345 hic;

2254 4349 2378 4407 nam
2408 4351 2626 4420 angelos
2667 4351 2732 4404 de
2775 4349 2963 4416 quovis
3004 4349 3194 4420 ordine
3230 4349 3498 4420 cecidisse
3537 4354 3863 4406 communis

2255 4434 2336 4478 est
2357 4417 2645 4478 sententia.
2673 4421 2763 4477 Sic
2787 4419 3022 4475 Matthaei
3053 4435 3177 4473 xxiv
3202 4436 3216 4473 :
3246 4417 3309 4471 Et
3337 4418 3570 4472 Virtutes
3597 4422 3864 4474 caelorum

2249 4493 2726 4557 commovebuntur,
2758 4493 2860 4556 vel,
2882 4498 2939 4544 ut
2965 4491 3128 4543 habet
3148 4491 3357 4545 Marcus
3378 4505 3498 4557 cap.
3523 4489 3620 4548 ηε
3660 4491 3858 4545 Virtu-

2259 4574 2329 4620 tes
2355 4580 2470 4633 qua:
2504 4565 2559 4618 in
2590 4564 2729 4618 cwlis
2758 4569 2901 4622 sunt.
2936 4561 3312 4633 movebuntur,
3333 4561 3431 4633 libi
3467 4560 3699 4633 angelos
3744 4578 3861 4618 cas-

2259 4629 2434 4689 Iorum
2489 4636 2716 4688 virtutes
2747 4633 3005 4702 appellari
3048 4633 3242 4704 docent
3279 4629 3568 4704 Origenes,
3603 4629 3863 4704 Chryso-

2256 4716 2485 4768 stomus,
2523 4705 2657 4760 Beda
2697 4713 2752 4759 et
2793 4704 2915 4766 alii;
2961 4702 3410 4770 quemadmodum
3437 4703 3486 4758 in
3520 4702 3860 4770 praefatione

2258 4778 2432 4830 Missae
2459 4761 2713 4830 dicuntur
2735 4776 2867 4838 cali,
2894 4761 3241 4843 crebrumque
3266 4774 3496 4828 uirtutes.
3523 4761 3584 4824 ξ’
3610 4773 3856 4842 Specia-

2258 4850 2351 4900 tim
2385 4863 2481 4915 pro
2510 4857 2660 4902 certo
2690 4845 2880 4899 ordine
2918 4861 3012 4900 seu
3049 4846 3216 4898 choro
3254 4845 3562 4915 angelorum
3608 4845 3683 4899 ab
3729 4848 3862 4902 aliis

2257 4913 2533 4982 distincto,
2579 4919 2666 4986 qui
2711 4915 2980 4970 secundus
3007 4925 3061 4970 et
3099 4916 3306 4970 medius
3336 4913 3592 4970 'seCundte
3625 4916 3862 4972 hierar-

2257 4989 2413 5052 cliire,
2449 4989 2738 5043 secundum
2772 4987 3082 5057 Dionysium
3118 4990 3341 5057 uireopq
3369 4987 3452 5039 vel
3491 4991 3706 5057 primus
3743 4998 3864 5042 ter-

2259 5061 2384 5136 [ξας.-
2407 5061 2700 5136 secundum
2741 5055 3058 5136 Gregorium
3092 5055 3254 5136 (Vi-de
3291 5057 3466 5110 collat.
3499 5055 3682 5136 8_cap.
3734 5058 3860 5127 15).

2255 5131 2344 5186 Sic
2371 5131 2385 5183 I
2413 5131 2596 5185 Corin.
2619 5145 2686 5184 xv
2709 5147 2720 5182 :
2746 5129 2875 5183 Cum
2897 5128 3215 5182 evacuauerit
3241 5143 3442 5181 omnem
3466 5127 3860 5197 principatum,

2255 5211 2300 5254 et
2335 5211 2660 5271 potestatem,
2706 5210 2754 5254 et
2789 5200 3044 5271 virtutem.
3091 5197 3155 5254 Et
3191 5198 3215 5271 I
3259 5197 3405 5271 Petr.
3438 5196 3490 5252 tv
3523 5213 3537 5248 :
3572 5196 3868 5270 Subjectis

2250 5269 2348 5326 sibi
2371 5273 2590 5341 angelis,
2619 5282 2666 5324 et
2693 5269 3052 5342 potestatibus.
3078 5277 3126 5322 et
3150 5269 3443 5342 virtutibus.

2329 5354 2350 5382 ε
2385 5337 2662 5410 spadones
2689 5337 2914 5408 corpore
2939 5348 3084 5404 sunt,
3112 5340 3200 5408 qui
3233 5341 3374 5404 apud
3409 5337 3733 5410 Matthmum
3774 5341 3866 5395 di-

2253 5409 2446 5467 cuntur
2484 5413 2699 5465 eunuchi
2739 5413 2801 5463 de
2835 5411 3013 5463 matris
3040 5421 3182 5463 utero
3215 5411 3286 5462 sic
3317 5410 3444 5481 nati,
3481 5409 3560 5464 vel
3595 5411 3688 5477 qui
3727 5412 3870 5481 {acti

2249 5496 2369 5539 sunt
2395 5486 2456 5538 ab
2484 5482 2806 5546 flaminibus;
2840 5482 3104 5552 spadones
3135 5495 3261 5534 vero
3291 5480 3402 5533 sive
3425 5483 3640 5534 eunuchi
3681 5480 3867 5550 spii-i-

2259 5567 2338 5622 tu,
2370 5573 2473 5610 non
2504 5569 2750 5620 corpore,
2777 5554 3048 5626 deunlur,
3071 5554 3155 5626 qui
3177 5567 3230 5605 se
3249 5561 3601 5626 castraverunt
3629 5564 3868 5626 propter

2260 5643 2472 5696 regnum
2499 5626 2762 5685 caelorum.
2783 5623 3009 5693 spiritali
3042 5623 3610 5696 scilicetcastratione,
3631 5624 3708 5696 id
3746 5623 3866 5692 ρει,

2262 5692 2388 5752 voto
2423 5706 2692 5764 perpetuat
2716 5692 3078 5749 continentiae.
3113 5694 3261 5758 Quod
3288 5702 3467 5764 autem
3499 5692 3584 5747 Iiic
3613 5693 3688 5747 de
3721 5710 3866 5763 spa-

2258 5769 2488 5824 donibus
2516 5763 2808 5834 eoruinque
2839 5765 3255 5834 proprietatibus
3289 5763 3506 5825 dicitur,
3536 5764 3761 5834 clarius
3797 5767 3868 5820 it-

2258 5839 2401 5895 idem
2432 5837 2692 5906 repetitur
2716 5831 2770 5892 ἐι
2795 5831 3100 5906 explicatur
3125 5835 3312 5890 collat.
3341 5835 3371 5887 7
3400 5849 3517 5905 cap.
3557 5831 3646 5887 η.
