4012 6336
217 317 302 378 605
759 315 1101 375 COLLATIO
1139 317 1230 379 IV.
1256 347 1324 361 —
1351 313 1443 376 DE
1479 313 2064 378 CONCUPISCENTIA
2103 316 2356 381 CARNIS
2397 321 2482 379 ΕΤ
2521 320 2859 382 SPIRITUS.

3345 323 3449 382 606

213 439 306 508 qui,
339 436 403 492 de
449 434 643 506 frigido
686 435 752 491 ad
785 430 1023 506 tepidum
1052 436 1344 503 transiens,
1382 435 1760 492 detestabilior
1787 437 1837 497 Α
1864 435 2060 492 demur
2099 445 2122 475 ι
2166 435 2462 492 secundum
2503 435 2838 492 exteriorem
2880 434 3152 491 hominem
3194 433 3322 491 huic
3363 451 3450 492 re-

214 527 397 587 Domini
426 541 555 583 voce
583 526 849 599 signatur.

741 614 966 673 CAPUT
1005 616 1192 674 XVIII.

212 707 524 782 Interrogatio
549 709 678 792 quid
703 710 909 764 intersit
937 709 1073 765 inter
1095 707 1356 765 carnalem
1383 715 1432 765 et
1458 710 1756 768 animalem.

263 797 554 860 Certumne
587 817 602 855 :
635 798 711 858 De
753 800 981 858 utilitate
1019 799 1424 859 colluctationis
1462 817 1582 874 qute
1619 805 1760 860 lnter

207 909 396 953 carnem
419 901 478 950 et
513 892 765 964 spiritum
796 893 1109 963 suscitatur,
1138 903 1396 966 quantum
1429 894 1639 951 videtur
1666 903 1762 950 no-

204 987 273 1044 bis
296 985 567 1042 evidenter
595 999 914 1056 expressum
945 997 1048 1052 est,
1089 987 1161 1042 ita
1203 998 1261 1042 ut
1298 1002 1418 1044 eam
1462 988 1594 1059 ipsis
1623 1001 1759 1059 quo-

204 1077 465 1137 dummodo
509 1077 759 1136 manibus
794 1083 996 1137 nostris
1034 1080 1357 1154 palpabilem
1403 1081 1597 1137 factam
1639 1091 1759 1138 esse

203 1165 482 1230 credamus.
525 1171 594 1229 Et
627 1171 830 1230 idcirco
867 1173 1006 1230 hanc
1044 1181 1258 1244 quoque
1298 1175 1560 1229 rationem
1602 1174 1759 1228 nobis

203 1259 424 1324 similiter
452 1265 705 1337 cupimus
740 1266 962 1336 aperiri,
993 1267 1118 1336 quid
1152 1265 1364 1321 intersit
1396 1267 1536 1321 inter
1566 1277 1758 1320 carna-

202 1355 288 1415 lem
319 1367 369 1414 et
395 1357 686 1414 animalem
716 1359 919 1425 virum,
957 1359 1040 1414 vel
1074 1357 1526 1430 quemadmodum
1555 1357 1760 1414 anima-

201 1447 258 1508 lis
281 1447 476 1506 carnali
511 1449 684 1521 possit
711 1463 832 1506 esse
861 1450 1121 1506 deterior.

755 1543 980 1602 CAPUT
1021 1543 1164 1600 XIX.

565 1633 642 1692 De
671 1639 864 1708 triplici
893 1641 1184 1691 animarum
1209 1646 1362 1691 statu.

259 1729 430 1786 Daniel
461 1748 475 1784 :
517 1725 825 1785 Secundum
869 1729 1240 1784 definitionem
1272 1727 1564 1798 Scriptum
1593 1737 1618 1768 ι
1651 1737 1760 1786 tres

1863 523 2145 584 nuntiasse
2166 528 2388 593 mundo,
2417 528 2502 584 vel
2528 528 2822 583 carnalium
2848 527 3261 583 fornicatiouum
3289 527 3448 584 dese-

1859 620 2037 676 ruisse
2069 620 2342 690 contagia,
2379 629 2652 691 tamquam
2679 621 2772 690 qui
2804 635 3070 680 summam
3100 619 3450 690 perfectionis

1861 724 1963 783 per
1985 710 2086 766 hoc
2105 711 2648 782 apprehenderimus,
2678 712 3019 768 remissiores
3042 712 3299 782 deinceps
3321 727 3447 784 erga

1860 803 2299 860 emendationem
2346 813 2668 860 caaterarum
2721 804 3032 873 passionum
3080 805 3450 875 lentioresqne

1861 896 2173 962 reddamur,
2196 905 2256 952 et
2282 896 2423 951 inter
2448 907 2672 967 utraque
2697 896 2899 953 detenti
2924 896 3151 966 gradum
3194 898 3451 968 spiritalis

1863 990 2136 1062 profectus
2170 992 2385 1060 assequi
2418 1005 2770 1061 nequeamus,
2813 991 3182 1048 existimantes
3219 992 3284 1047 ad
3324 1008 3448 1062 per.

1862 1080 2151 1139 lectionem
2206 1082 2363 1137 nobis
2419 1081 2630 1137 abunde
2681 1082 2929 1138 sufficere
2978 1083 3120 1152 quod
3171 1083 3443 1139 exteriore

1863 1175 2083 1230 homine
2115 1173 2397 1229 videamur
2423 1173 2491 1227 de
2523 1175 2946 1230 conversatione
2974 1173 3161 1230 mundi
3195 1174 3356 1244 hujus
3385 1190 3449 1230 ac

1861 1268 2230 1338 voluptatibus
2269 1269 2562 1336 segregari,
2601 1268 2686 1324 vel
2724 1267 2864 1337 quod
2905 1267 3174 1324 immunes
3216 1267 3386 1323 simus
3418 1285 3447 1321 a

1861 1361 2171 1431 corruptela
2213 1370 2267 1416 et
2309 1363 2696 1416 commixtione
2725 1362 2951 1425 carnali,
2978 1372 3032 1416 et
3057 1363 3132 1416 ita
3163 1363 3361 1417 inventi
3397 1364 3449 1417 in

1862 1455 1960 1509 illo
1990 1455 2170 1524 tepido
2202 1464 2368 1518 statu,
2401 1455 2492 1525 qui
2524 1453 3169 1523 deterrimusjudicatur,
3196 1470 3452 1512 evomen-

1862 1547 1962 1603 dos
1999 1563 2098 1603 nos
2136 1563 2202 1603 ex
2241 1562 2336 1602 ore
2379 1546 2597 1601 Domini
2643 1546 2940 1602 secundum
2977 1546 3092 1616 ejus
3129 1548 3447 1602 sententiam

1862 1640 2195 1702 noverimus,
2238 1639 2310 1693 ita
2353 1639 2582 1694 dicentis
2629 1655 2642 1692 :
2695 1637 2905 1692 Utinam
2947 1639 3147 1693 calidus
3186 1656 3318 1695 esses
3360 1650 3451 1693 aut

1864 1735 2119 1806 frigidus;
2154 1750 2290 1788 nunc
2327 1745 2497 1788 autem
2528 1733 2732 1800 tepidus
2761 1749 2837 1799 es,
2861 1733 3106 1802 incipiam
3145 1739 3190 1786 te
3221 1748 3450 1788 evomere

199 1833 302 1880 sunt
343 1823 644 1877 animarum
691 1831 884 1877 status.
930 1821 1141 1877 Primus
1186 1822 1442 1888 carnalis,
1491 1821 1758 1878 secundus
1789 1820 1837 1880 B
1863 1842 1927 1882 ea:
1966 1839 2054 1880 ore
2096 1840 2206 1879 meo
2246 1824 2428 1896 (Apoc.
2469 1824 2576 1895 ιιι).
2614 1822 2725 1878 Nec
2765 1823 3039 1878 immerito
3067 1836 3162 1878 eos
3193 1823 3452 1878 Dominus

198 1915 438 1982 animalis,
494 1913 688 1970 tertius
740 1913 998 1982 spiritalis
1049 1911 1229 1984 (Vide
1273 1914 1611 1984 Augustinum
1667 1915 1756 1970 lib.

198 2023 392 2077 txxxm,
419 2016 602 2076 quaest.
636 2005 692 2073 4,
727 2005 840 2078 67).
873 2006 1020 2074 Quos
1049 2005 1104 2060 in
1139 2006 1402 2075 Apostolo
1435 2006 1504 2060 ita
1532 2001 1760 2077 legimus

196 2099 464 2170 designari.
500 2097 634 2153 Nam
663 2097 730 2154 de
768 2093 972 2154 carnali
1003 2099 1200 2152 dicitur
1233 2116 1244 2150 :
1279 2098 1384 2152 Lac
1414 2099 1552 2153 vobis
1585 2110 1760 2169 potum

197 2193 313 2263 dedi,
330 2208 423 2246 non
447 2207 642 2257 eseam,
666 2191 883 2245 necdum
905 2191 1041 2245 enim
1069 2191 1344 2258 poteratis;
1371 2191 1458 2244 sed
1480 2205 1569 2246 nec
1590 2191 1761 2245 adhuc

195 2286 371 2356 quidem
401 2286 640 2355 potestis,
673 2285 842 2338 adhuc
872 2283 1006 2337 enim
1029 2284 1147 2338 estis
1167 2285 1400 2337 carnales
1425 2283 1466 2352 (l
1499 2282 1619 2339 Cor.
1654 2284 1758 2354 ιιι).

196 2376 249 2432 Et
276 2379 466 2432 iterum
516 2395 529 2429 :
573 2374 672 2431 Ubi
707 2377 843 2429 enim
872 2383 944 2429 est
972 2374 1102 2428 inter
1127 2389 1212 2428 ras
1241 2374 1380 2428 zelus
1407 2382 1452 2426 et
1481 2375 1758 2442 contentio,

195 2485 339 2522 nonne
359 2468 601 2521 carnales
623 2467 745 2521 estis
769 2464 994 2538 (Mitt)!
1015 2465 1088 2520 De
1108 2465 1326 2520 animali
1351 2479 1561 2536 quoque
1581 2467 1761 2521 taliter

193 2570 631 2616 commemoratur
661 2579 674 2613 :
707 2557 735 2598 δ
771 2559 1016 2614 Animalis
1043 2569 1214 2613 autem
1240 2559 1392 2612 homo
1418 2573 1518 2613 non
1548 2561 1761 2630 percipit

195 2671 243 2709 ea
267 2673 371 2726 qua:
395 2667 519 2710 sunt
543 2657 755 2726 spiritus
785 2651 916 2711 Dei:
947 2655 1168 2710 stultitia
1193 2659 1326 2710 enim
1355 2665 1429 2709 est
1455 2655 1534 2709 illi
1565 2655 1608 2727 (Ι
1635 2655 1756 2711 Cor.

192 2745 263 2815 ιι).
283 2746 350 2802 De
370 2745 606 2817 spiritali
623 2762 748 2802 vero
765 2766 776 2800 :
795 2739 1063 2815 Spiritalis
1084 2759 1253 2802 autem
1275 2749 1533 2802 examinat
1551 2747 1759 2813 omnia;

191 2837 282 2906 ipse
313 2848 478 2892 autem
530 2854 562 2892 a
603 2838 802 2892 nemine
827 2839 1104 2908 judicatur
1143 2835 1354 2908 (Ibid.).
1397 2836 1464 2893 Et
1508 2839 1701 2894 iterum
1742 2857 1754 2891 :

199 2929 283 2983 Vos
307 2931 388 2999 qui
409 2929 679 3001 spiritales
703 2931 837 2993 estis,
866 2930 1105 2984 instruite
1129 2944 1215 2984 eos
1234 2931 1320 3000 qui
1340 2931 1592 3000 ejusmodi
1612 2943 1753 2997 sunt,

189 3022 232 3075 in
268 3021 446 3094 spiritu
499 3022 730 3076 lenitatis
763 3021 970 3094 (Galat.
1015 3027 1132 3091 γι).
1165 3021 1352 3093 Itaque
1390 3022 1756 3078 festinandum

186 3123 256 3170 est
282 3115 455 3184 nobis,
497 3123 560 3170 ut
587 3130 710 3170 cum
742 3116 1116 3171 renuntiantes
1147 3115 1469 3171 desierimus
1489 3130 1610 3172 esse
1639 3130 1758 3171 car-

1863 1931 2001 1990 quos
2037 1918 2146 1988 jam
2196 1917 2248 1972 in
2290 1917 2588 1974 visceribus
2628 1925 2909 1986 receperat
2952 1915 3251 1982 cbaritatis,
3292 1917 3452 1971 noxie

1866 2009 2181 2079 tepefactus,
2231 2025 2354 2063 cum
2401 2009 2633 2079 quadam
2680 2009 3038 2063 convulsione
3083 2009 3318 2077 pectoris
3368 2009 3450 2062 sui

1863 2101 2196 2156 evomendos
2222 2116 2345 2156 esse
2373 2101 2715 2169 pronuntiat;
2747 2101 2984 2169 quicum
3010 2099 3296 2154 salutarem
3319 2114 3451 2168 quo-

1863 2194 2153 2249 dammodo
2185 2195 2236 2250 ei
2271 2194 2574 2263 potuissent
2604 2193 2847 2264 praebere
2877 2193 3253 2258 substantiam,
3288 2193 3451 2248 avelli

1863 2288 1934 2344 ab
1958 2288 2074 2355 ejus
2096 2285 2396 2340 visceribus
2417 2285 2740 2348 maluerunt,
2773 2294 2926 2339 tanto
2948 2285 3247 2340 deteriores
3275 2283 3452 2340 effecti

1864 2378 1972 2432 illis
2019 2379 2110 2447 qui
2153 2392 2442 2447 numquam
2487 2377 2570 2432 ori
2612 2377 2893 2431 Dominico
2937 2377 3069 2430 illati
3113 2385 3242 2431 sunt
3287 2377 3444 2443 cibis,

1863 2481 2062 2541 quanto
2093 2471 2142 2525 id
2172 2471 2316 2541 quod
2344 2485 2544 2526 nausea
2569 2470 2928 2538 compellente
2952 2469 3290 2538 projieimus,
3321 2469 3447 2523 odi-

1863 2564 2024 2619 bilius
2045 2565 2398 2618 detestamur.
2427 2561 2694 2630 Quidquid
2715 2560 2856 2615 enim
2883 2558 3135 2630 frigidum
3157 2568 3260 2628 est,
3286 2561 3446 2615 etiam

1863 2669 1959 2710 ore
1991 2665 2175 2709 nostro
2202 2661 2511 2722 susceptum
2543 2653 2771 2707 vertitur
2807 2653 2859 2707 in
2891 2653 3149 2717 calorem,
3183 2661 3236 2707 et
3261 2653 3448 2707 saluti—

1863 2748 1977 2803 fera
2016 2748 2285 2801 suavitate
2331 2746 2659 2815 percipitur;
2701 2745 2848 2816 quod
2888 2754 3067 2800 autent
3113 2746 3282 2801 semel
3318 2746 3448 2800 vitio

1861 2840 2154 2911 perniciosi
2198 2841 2402 2908 teporis
2446 2839 2715 2907 abiectum
2764 2844 2866 2902 est,
2913 2851 3019 2892 non
3067 2837 3244 2893 dicam
3295 2837 3450 2891 labiis

1862 2929 2176 2996 admovere,
2224 2931 2320 2986 sed
2364 2932 2526 2986 etiam
2580 2930 2789 2985 eminus
2837 2930 3034 2984 intueri
3083 2930 3200 2983 sine
3243 2927 3448 2998 ingenti

1863 3025 2089 3080 horrore
2126 3039 2236 3078 non
2267 3037 2575 3092 possumus.
2612 3021 2936 3078 Rectissime
2963 3035 3091 3089 ergo
3124 3021 3444 3090 pronuntia-

1863 3127 1949 3172 tur
1979 3131 2098 3172 esse
2126 3116 2388 3178 deterior,
2419 3114 2542 3184 quia
2575 3111 2794 3168 facilius
2813 3111 2880 3168 ad
2907 3113 3196 3168 salutarem
3224 3127 3448 3168 convcr-

188 3211 335 3276 nales,
362 3210 414 3265 id
436 3221 552 3275 est,
576 3224 606 3265 a
628 3209 967 3265 szecularium
993 3209 1320 3279 coeperimus
1341 3211 1759 3268 conversatione
1786 3202 1834 3267 C
1863 3213 2127 3267 sationem
2164 3225 2226 3264 ac
2264 3207 2611 3278 perfectionis
2648 3208 2919 3278 fastigium
2949 3208 3185 3263 carnalis
3219 3206 3364 3278 quis,
3399 3210 3449 3264 id

185 3305 390 3376 seiungi,
435 3314 492 3360 et
533 3303 603 3359 ab
640 3303 730 3358 illa
767 3300 1050 3359 manifesta
1087 3305 1264 3358 carnis
1305 3303 1596 3374 pollutione
1635 3318 1754 3360 ces-

185 3412 307 3461 sare,
345 3397 653 3469 spiritalem
687 3406 884 3452 statum
918 3395 1160 3468 protinus
1197 3395 1605 3466 apprchendere
1646 3401 1753 3452 tota

183 3490 356 3549 virtute
382 3495 647 3558 nitamur,
683 3508 749 3547 ne
777 3492 918 3549 forte
943 3491 1286 3547 blandientes
1317 3492 1472 3546 nobis
1502 3492 1643 3562 quod
1676 3492 1754 3546 vi-

1861 3313 1968 3368 est,
2001 3303 2278 3357 saecularis
2305 3303 2390 3357 vel
2417 3300 2656 3372 gentilis,
2689 3300 2919 3365 accedit,
2950 3315 3108 3370 quam
3137 3300 3182 3355 is
3208 3303 3296 3369 qui
3331 3318 3450 3371 ιιι-οη

1863 3397 2037 3451 fessus
2068 3393 2414 3457 monachum,
2444 3408 2544 3447 nec
2574 3402 2751 3446 tamen
2775 3393 2916 3446 viam
2944 3393 3287 3463 perfectionis
3316 3396 3450 3446 arri-

1862 3490 2016 3559 piens
2060 3485 2350 3542 secundum
2394 3483 2639 3554 regulam
2673 3483 2996 3554 discipline,
3039 3484 3106 3539 ab
3145 3483 3239 3538 illo
3280 3488 3447 3541 semel

1231 3604 1485 3662 ALARDI
1527 3601 1760 3661 ΟΑΖᾸΞΙ
1799 3597 2372 3661 COMMENTARIUS.

288 3705 420 3761 'I'res
443 3705 650 3760 animm
677 3711 846 3760 status
867 3701 1161 3773 distinguit,
1187 3717 1307 3756 cum
1341 3712 1516 3755 tamen
1549 3715 1746 3773 carna-

180 3773 234 3827 lis
261 3785 310 3830 et
340 3773 599 3831 animalis
631 3773 923 3829 secundum
960 3767 1072 3829 rem
1101 3767 1154 3828 et
1182 3785 1520 3826 communem
1552 3767 1750 3825 intelli-

178 3849 388 3913 gentiam
422 3856 623 3918 parum
655 3855 746 3899 aut
771 3845 903 3898 nihil
932 3846 1153 3918 interse
1179 3844 1449 3918 differant.
1480 3842 1598 3918 Ipse
1620 3855 1749 3896 vero

179 3914 439 3972 carnalem
462 3918 666 3972 animat
690 3925 886 3971 statum
927 3915 1194 3984 praecipue
1223 3917 1272 3967 in
1302 3914 1480 3968 carnis
1513 3916 1746 3968 intmnn-

179 3985 290 4041 ditia
327 4000 380 4043 et
423 3989 753 4057 pollutione,
791 3986 951 4040 etiam
992 3983 1369 4048 involantaria,
1410 3983 1745 4040 constituere

179 4059 386 4125 videtur,
421 4068 479 4114 ut
512 4074 578 4113 ex
611 4058 955 4128 sequentibus
987 4057 1176 4125 liquet.

237 4128 259 4165 ι’
293 4130 403 4185 Vox
458 4133 584 4183 haec
629 4125 701 4181 ab
745 4128 917 4182 anima
962 4129 1196 4192 ducitur,
1244 4139 1350 4180 non
1398 4125 1466 4178 ab
1509 4125 1748 4181 animali.

176 4199 344 4272 Graece
370 4201 528 4258 enim
558 4200 809 4272 ψυχικὸς,
841 4200 892 4253 id
927 4208 1028 4262 est,
1060 4196 1518 4272 alti_t‘tt:tlis,_tl_mxi
1547 4196 1748 4272 anima.

177 4271 292 4326 Hinc
322 4264 701 4328 Tertullian'tis
732 4272 1049 4330 Montanista
1086 4269 1309 4324 effectus
1344 4264 1535 4322 librum
1563 4265 1631 4321 de
1656 4264 1750 4323 Je-

176 4341 303 4406 iuuio
324 4340 615 4411 inscripsit
645 4341 900 4395 adversus
923 4339 1232 4410 Psycbicos,
1258 4335 1309 4392 id
1333 4337 1750 4411 est,_auimales;

177 4415 260 4468 hoc
298 4408 526 4469 nomine
561 4411 859 4466 catholicos
895 4408 1225 4465 calumniose
1260 4408 1574 4478 suggillatus,
1600 4409 1752 4478 quod

1855 3693 2122 3750 Canonica
2161 3691 2313 3748 Judre
2349 3710 2362 3746 :
2410 3690 2485 3746 Hi
2524 3699 2638 3747 sunt
2675 3692 2765 3762 qui
2805 3700 3076 3763 segregant
3110 3692 3442 3763 semetipsos,

1853 3768 2123 3829 animales,
2154 3765 2399 3836 spiritum
2438 3779 2544 3836 non
2576 3763 2840 3817 habentes.
2881 3763 3128 3818 Secundo
3157 3773 3336 3836 autem
3369 3769 3445 3818 vi-

1851 3838 2092 3894 dendum
2133 3833 2218 3891 est
2260 3850 2430 3904 quare
2476 3833 2612 3888 tales
2660 3849 2765 3904 non
2809 3844 3032 3902 possunt
3069 3834 3346 3904 percipere
3380 3852 3440 3890 ea

1853 3925 1973 3988 qua:
2000 3915 2126 3988 sunt
2147 3903 2371 3988 spiritus
2404 3903 2696 3988 D'ei,‘quod
2722 3904 2937 3973 quidem
2966 3905 3305 3988 tnanifesuun
3334 3917 3437 3988 est.

1854 3976 1910 4036 ét
1949 3976 2319 4050 quantun‘tgad
2361 3976 2648 4050 animalem
2697 3989 2962 4050 sensuut,‘
2988 3987 3040 4030 et
3078 3985 3334 4050 (pluuium
3375 3979 3441 4032 ad

1851 4047 2144 4108 animalem
2191 4048 2381 4104 vitam.
2434 4048 2509 4102 Ea
2548 4048 2692 4102 enim
2741 4047 2808 4100 de
2857 4047 3050 4116 quibus
3095 4047 3334 4115 Spit-itus
3378 4050 3438 4104 S.

1853 4123 2096 4178 illustrat
2140 4131 2378 4177 mentem
2425 4130 2552 4174 sunt
2599 4133 2762 4188 supra
2809 4132 3028 4173 St'usuttt
3076 4129 3130 4173 et
3181 4120 3440 4174 rationem

1855 4194 2172 4258 humanam,
2199 4191 2495 4246 secundum
2533 4191 2656 4245 illud
2695 4191 2905 4245 Eccles.
2940 4206 2994 4244 ιιι
3031 4207 3042 4242 :
3089 4189 3326 4242 Plurima
3356 4208 3440 4243 su-

1857 4281 1953 4334 pra
1980 4280 2188 4319 sensum
2217 4263 2437 4316 hominis
2467 4271 2668 4316 ostensa
2707 4272 2823 4315 sunt
2864 4262 2990 4327 tibi;
3029 4269 3100 4334 et,
3123 4259 3240 4314 ideo
3264 4261 3339 4334 ab
3376 4279 3441 4312 eu

1854 4333 1975 4406 Capi
2003 4353 2109 4389 non
2142 4343 2367 4401 possunt
2393 4335 2484 4402 qui
2515 4335 2610 4385 soli
2635 4334 2929 4398 cognitioni
2959 4333 3230 4406 settsitivm
3261 4333 3441 4406 inniti-

1857 4404 1968 4473 tur.
2006 4406 2240 4473 Spiritus
2271 4407 2432 4458 etiam
2464 4412 2680 4457 sanctus
2709 4407 2952 4456 accendit
2980 4404 3227 4456 affectum
3267 4404 3330 4454 ad
3359 4406 3439 4454 tli-

177 4492 267 4539 tres
293 4485 761 4554 Quatlragesimas
789 4483 1230 4554 Montanistarum
1256 4471 1750 4554 ntoreltoqob'ser-
1775 4489 1831 4551 D
1858 4471 2134 4554 ligendum
2178 4476 2471 4554 spiritualia
2519 4475 2679 4554 bona,
2725 4474 3067 4554 sensiliilibns
3115 4473 3265 4525 Iutttis
3309 4489 3438 4525 cnti—

176 4548 363 4609 varetil.
405 4548 592 4611 Porro
635 4553 881 4608 animalis
925 4552 1089 4606 homo
1128 4550 1260 4622 quis
1286 4552 1376 4622 sit,
1414 4549 1482 4604 Ι).
1513 4548 1749 4606 ‘l‘bomas

174 4623 214 4677 in
234 4625 644 4680 Commentario
672 4623 981 4691 planissime
1005 4620 1225 4692 exponit
1246 4620 1335 4676 his
1354 4621 1534 4692 verbis
1559 4637 1573 4674 :
1594 4622 1745 4692 Cott-

172 4695 502 4750 sideraudum
554 4689 696 4763 quod
747 4697 923 4748 anima
963 4704 1047 4748 est
1080 4689 1254 4748 forma
1291 4691 1556 4761 corporis.
1594 4689 1749 4748 Unde

171 4769 384 4834 propria:
431 4768 637 4821 animm
687 4764 1059 4834 intelliguntur
1102 4763 1212 4820 illae
1257 4763 1406 4818 vires
1453 4776 1573 4831 quae
1619 4771 1750 4816 sunt

171 4845 306 4891 actus
345 4837 724 4906 Corporalium
764 4845 1112 4906 organorum,
1156 4834 1365 4906 scilicet
1399 4834 1750 4906 vires-sensi-

170 4908 294 4962 tivte.
326 4903 603 4963 Dicuntur
629 4919 758 4976 ergo
788 4903 1036 4962 homines
1058 4905 1322 4961 animales
1354 4905 1442 4975 qui
1471 4903 1748 4976 huiusmo-

169 4977 212 5031 di
247 4981 382 5036 vires
423 4973 757 5046 sequuntur,
795 4977 937 5032 inter
962 4989 1094 5047 quas
1122 4984 1206 5032 est
1242 4977 1324 5047 vis
1354 4973 1747 5047 apprehensiva

168 5059 211 5101 et
250 5045 580 5118 appetitiva;
625 5056 680 5103 et
725 5047 848 5102 ideo
887 5045 1064 5116 potest
1103 5047 1206 5118 dici
1250 5045 1416 5100 homo
1443 5045 1749 5118 dupliciter

170 5115 422 5174 animalis.
455 5136 576 5172 uno
601 5118 762 5173 modo
783 5115 1039 5185 quantum
1062 5117 1127 5171 ad
1144 5117 1253 5172 vim
1271 5115 1742 5185 apprehensivam,

169 5201 209 5242 et
247 5190 330 5246 hic
371 5195 586 5247 dicitur
625 5187 874 5242 animalis
911 5201 1097 5254 sensu,
1139 5188 1231 5258 qui
1263 5187 1437 5258 (sicut
1464 5187 1662 5258 dicitur
1691 5190 1745 5258 in

168 5260 349 5333 glossa)
377 5261 452 5316 de
487 5261 604 5333 D_eo
623 5259 774 5333 juxta
801 5272 1088 5333 corporum
1119 5257 1478 5333 phantasiam,
1500 5258 1582 5311 vel
1611 5257 1747 5326 legis

171 5328 404 5398 litteram,
450 5331 547 5387 vel
587 5328 852 5385 rationem
892 5329 1318 5398 philosophicam
1357 5329 1580 5398 judicat,
1629 5343 1747 5396 qute

170 5405 449 5458 secundum
498 5403 648 5456 vires
691 5400 976 5454 sensitivas
1016 5401 1368 5469 accipiuntur.
1423 5401 1541 5452 Alio
1588 5399 1747 5452 modo

168 5472 342 5528 dicitur
382 5474 515 5545 quis
557 5471 803 5545 animalis
833 5481 1092 5545 quantum
1134 5472 1200 5524 ad
1233 5474 1336 5522 vim
1378 5472 1743 5545 appetitivatn,

169 5545 241 5612 qui
269 5541 484 5601 scilicet
517 5542 754 5596 efﬁcitur
775 5541 948 5595 solum
979 5541 1045 5595 ad
1072 5557 1132 5597 ea
1159 5555 1276 5610 quae
1299 5551 1417 5594 sunt
1451 5542 1745 5594 secundum

168 5620 448 5698 appetitum
480 5613 806 5698 sensitivttm
827 5627 850 5698 ;¹
878 5622 933 5668 et
957 5612 1084 5698 talis
1113 5613 1313 5694 dicitur
1336 5613 1582 5698 animalis
1617 5613 1742 5698 vita,

168 5682 244 5753 qui
276 5688 452 5754 (sicut
485 5684 690 5755 dicitur
719 5683 771 5737 in
804 5682 1014 5755 glossa)
1042 5685 1280 5754 sequitur
1317 5682 1744 5755 dissolulatrtla-

167 5752 367 5813 sciviam
431 5754 638 5811 animas
691 5752 825 5821 suae,
859 5752 1018 5824 quam
1051 5752 1189 5809 int—ra
1236 5755 1496 5808 naturalis
1540 5752 1745 5824 ordinis

167 5837 319 5884 metas
355 5828 598 5900 spiritus
630 5834 812 5882 rector
851 5821 958 5882 non
990 5829 1250 5882 continet.
1287 5824 1435 5880 Unde
1464 5824 1658 5877 dicitur
1687 5821 1742 5882 in

1856 4545 2101 4616 temptis;
2127 4557 2179 4599 et
2205 4545 2326 4599 ideo
2356 4546 2445 4596 ille
2467 4545 2556 4616 qui
2588 4552 2674 4616 est
2698 4547 2946 4616 animalis
2967 4545 3095 4616 ivitm
3121 4559 3227 4616 non
3257 4557 3434 4616 potest

1852 4614 2046 4688 capere
2079 4616 2381 4684 bujusutodt
2407 4614 2733 4688 spirituaiigt,
2769 4615 2891 4681 quia
2921 4615 3281 4682 Philosophus
3307 4615 3437 4688 dicit

1851 4685 1986 4742 in'tv
2019 4688 2358 4748 Etbicorum,
2402 4686 2542 4752 quod
2573 4685 2748 4750 qualis
2779 4688 3145 4752 unusquisque
3177 4697 3280 4746 est,
3317 4686 3436 4739 talis

1847 4760 1973 4813 fluis
1998 4758 2216 4812 videtur
2242 4760 2310 4809 ei.
2348 4754 2602 4808 Provetb'.
2652 4765 2779 4806 xvnt
2811 4769 2826 4806 :
2864 4753 2985 4806 Non
3024 4755 3202 4824 recipit
3247 4755 3435 4807 stultus

1850 4829 2000 4882 verba
2023 4829 2328 4896 prudentitr,
2361 4827 2459 4877 nisi
2490 4826 2534 4877 ei
2564 4824 3180 4896 dixerisqutet-ersautur
3206 4828 3259 4878 in
3285 4825 3437 4878 corde

1851 4903 1982 4971 ejus.
2023 4891 2093 4953 Et
2133 4899 2336 4951 Ecclus.
2374 4911 2487 4950 xxtt
2514 4913 2534 4971 _:
2573 4891 2703 4971 (Iunt
2741 4891 3307 4971 dormienteJoquitm,
3349 4902 3433 4965 qui

1851 4965 2059 5024 enarrat
2083 4972 2387 5037 sapientiam
2417 4967 2599 5019 stulto.
2631 4970 2898 5037 Hactenus
2925 4965 2988 5021 ι).
3018 4966 3252 5020 Thomas
3282 4981 3431 5019 more

1850 5052 1970 5107 suo,
2015 5035 2215 5093 nou—in
2252 5038 2581 5091 sublimitate
2616 5035 2911 5107 sermonis,
2953 5038 3046 5090 sed
3091 5039 3140 5088 iu
3183 5038 3429 5090 doctrina

1850 5106 2075 5181 spiritus
2113 5108 2479 5180 spiritualibus
2517 5106 2813 5176 spiritualia
2857 5122 3174 5175 comparans
3205 5107 3254 5173 tl
3299 5107 3416 5160 Cor.

1852 5195 1948 5237 VIII
1967 5195 2004 5237 ἱ.

1929 5186 2312 5320 ἔ’)ξὶιιςιτιιιιιὶιιιιε
2339 5250 2433 5304 lib.
2461 5265 2553 5304 χιιι
2576 5247 2643 5302 de
2663 5247 2821 5302 Civil.
2846 5261 2966 5316 cap.
2997 5247 3064 5302 24
3092 5264 3104 5301 :
3132 5246 3428 5310 Scriptura,

1852 5324 2046 5393 inquit,
2074 5319 2269 5386 diuina,
2303 5337 2421 5376 cum
2454 5322 2558 5374 duo
2581 5321 2693 5393 ista
2724 5324 2953 5386 (corpus
2984 5332 3035 5372 et
3062 5319 3274 5393 anima)
3303 5335 3429 5393 con-

1840 5391 2025 5466 juncta
2053 5397 2153 5449 sint
2192 5410 2254 5447 ea:
2278 5395 2462 5465 quibus
2490 5392 2608 5466 ririt
2639 5394 2808 5453 homo,
2844 5391 3191 5466 tatnenAetiaut
3229 5391 3433 5466 singula

1848 5461 2071 5520 hominis
2101 5461 2348 5520 vocabulo
2373 5465 2626 5532 appellat.
2659 5465 2884 5513 animum
2915 5462 3105 5514 scilicet
3138 5461 3432 5513 interiorem

1850 5535 2128 5598 ltontiuem,
2179 5553 2362 5606 corpus
2416 5532 3180 5606 veroexteriorem_horninem
3225 5545 3431 5606 rectius,

1850 5615 2112 5676 tamquam
2148 5609 2248 5660 duo
2268 5603 2384 5659 sint
2425 5605 2677 5676 lintitittes,
2715 5619 2828 5676 cum
2867 5603 3024 5676 simul
3068 5612 3331 5676 utrumque
3368 5605 3436 5676 sit

1850 5671 1982 5730 unus
2014 5679 2186 5732 homo.
2225 5677 2356 5731 Vide
2385 5675 2549 5730 etiam
2591 5673 2840 5728 eumdem
2872 5673 2963 5727 lib.
3007 5687 3081 5727 xtt
3119 5673 3188 5727 de
3231 5671 3428 5726 'l‘rinit.

1849 5764 1968 5816 cap.
2005 5750 2054 5805 l.
