4012 6336
585 272 693 334 607

586 480 788 537 ralibus
818 478 1009 535 saltem
1040 477 1187 533 vitiis
1216 476 1550 541 humiliatus,
1573 483 1736 544 atque
1761 470 2099 528 immundum
2121 485 2183 527 se

585 574 829 629 sentiens
860 572 1187 643 contagione
1222 569 1449 636 carnali,
1482 568 1551 623 ad
1580 567 1791 624 fontem
1818 582 1966 624 vera:
1995 565 2182 638 purifi-

584 666 816 721 cationis
857 680 921 722 ac
967 664 1320 735 perfectionis
1364 663 1609 728 culmen,
1661 660 1984 733 quandoque
2032 674 2182 716 com-

590 769 841 830 punctus,
880 762 1136 826 accurrit,
1175 767 1232 814 et
1270 757 1593 814 horrescens
1623 755 1799 822 illum,
1843 755 1898 811 in
1938 769 2047 825 quo
2072 762 2176 824 est,

587 855 637 906 in
649 852 919 907 lidelitatis
938 852 1330 923 gelidissimum
1352 859 1573 916 statum,
1601 848 1826 921 spiritus
1844 847 2039 903 ardore
2057 860 2181 903 suc-

585 961 802 1008 census,
855 945 920 1000 ad
964 944 1358 1015 perfectionem
1409 943 1617 999 facilius
1667 940 1997 998 convolahit.
2044 940 2179 995 Nam

585 1037 674 1104 qui
706 1037 895 1103 semel,
922 1046 975 1091 ut
1006 1037 1269 1104 diximus,
1299 1035 1481 1106 tepido
1501 1048 1729 1092 exorsus
1751 1035 1905 1090 initio
1927 1033 2181 1090 monachi

582 1129 746 1198 coepit
777 1128 927 1184 abuti
957 1130 1245 1197 vocabulo,
1282 1144 1382 1185 nec
1418 1138 1598 1184 tamen
1632 1127 1938 1183 humilitate
1970 1142 2035 1183 ac
2072 1127 2180 1183 fer-

584 1235 718 1275 vore
745 1235 851 1291 quo
883 1219 1072 1275 debuit
1102 1220 1209 1276 iter
1238 1220 1399 1290 hujus
1426 1219 1785 1291 professionis
1814 1220 2065 1291 arripuit,
2097 1220 2180 1275 in-

585 1311 757 1367 fectus
782 1312 952 1368 semel
982 1311 1084 1367 hac
1110 1312 1412 1369 miserabili
1441 1312 1552 1378 lue,
1580 1319 1638 1367 et
1660 1312 1709 1365 in
1737 1326 1798 1366 ea
1827 1310 2181 1380 quodammo-

582 1405 653 1460 do
684 1405 978 1471 resolutus,
1010 1419 1110 1461 nec
1136 1420 1203 1460 ex
1230 1419 1291 1461 se
1319 1405 1545 1460 ulterius
1573 1402 1811 1474 perfecta
1833 1417 2047 1473 sapere,
2077 1416 2178 1459 nec

581 1497 803 1553 alterius
841 1498 1046 1568 poterit
1084 1500 1305 1553 monitis
1338 1499 1559 1555 erudiri.
1592 1498 1735 1551 Dicit
1758 1497 1903 1552 enim
1932 1498 1985 1551 in
2012 1498 2180 1553 corde

581 1606 704 1658 suo,
733 1590 1030 1646 secundum
1069 1591 1219 1646 illam
1261 1591 1474 1645 Domini
1506 1591 1855 1655 sententiam,
1886 1590 2011 1659 quia
2037 1591 2177 1644 dives

580 1697 697 1733 sum
734 1690 782 1735 et
830 1682 1082 1753 locuples,
1131 1691 1177 1736 et
1227 1683 1423 1736 nullius
1462 1698 1603 1753 egeo.
1650 1680 1753 1736 Cui
1789 1680 1918 1735 illud
1958 1696 2175 1751 quoque

2252 164 2363 177 ,αδδ--

1638 265 1921 327 ιοΑΝΝιδ
1958 262 2278 322 CASSIANI
2312 261 2814 323 COLLATIONES.

586 384 847 459 spiritalis
876 384 1107 442 fervoris
1141 385 1265 457 igne
1288 382 1565 439 discessit.
1592 380 1690 437 llle
1718 393 1952 449 namque
1979 392 2179 448 corpo-
2204 379 2264 441 Δ

3758 275 3852 331 ωε

2876 376 3107 434 CAPUT
3148 376 3270 433 XX.

2706 510 2787 567 De
2814 509 2952 566 male
2978 510 3481 569 abrenuntiantibus.

2356 648 2631 719 Denique,
2655 648 2802 719 quod
2834 647 2999 719 pudet
3039 648 3247 719 dicere,
3275 649 3351 705 ita
3394 649 3679 722 plerosque
3711 651 3852 709 abre-

2285 741 2564 797 nuntiasse
2589 741 2975 811 conspicimus,
3002 750 3062 796 ut
3080 739 3109 779 δ
3138 741 3272 797 nihil
3300 742 3536 813 amplius
3559 743 3855 801 immutasse

2283 833 2353 889 de
2380 834 2748 890 anterioribus
2769 834 2917 890 vitiis
2943 849 3006 891 ac
3033 834 3277 892 moribus
3305 836 3747 907 comprobentur,
3760 839 3855 894 nisi

2282 926 2531 982 ordinem
2602 926 2977 982 tantummodo
3024 934 3189 997 atque
3237 927 3483 983 habitum
3555 930 3853 986 secularem

2285 1017 2457 1091 (Vide
2483 1019 2666 1075 collat.
2692 1020 2746 1085 ὅ,
2778 1035 2894 1086 cap.
2930 1020 2985 1083 ὅ,
3008 1017 3043 1074 6
3064 1028 3112 1074 ει
3132 1035 3241 1089 seq.
3259 1020 3299 1089 ).
3330 1017 3464 1074 Nam
3502 1028 3559 1075 et
3587 1018 3857 1090 acquirere

2283 1112 2538 1182 pecunias
2568 1112 2830 1183 gestiunt,
2863 1126 3000 1183 quas
3042 1126 3144 1167 nec
3194 1122 3321 1167 ante
3364 1110 3855 1181 possederunt;vel

2282 1214 2453 1272 certe,
2485 1220 2619 1276 quas
2663 1204 2986 1271 habuerant,
3018 1205 3258 1260 retinere
3288 1218 3393 1260 non
3426 1203 3717 1272 desinunt;
3751 1215 3854 1275 aut,

2282 1296 2425 1366 quod
2469 1305 2553 1351 est
2592 1296 2910 1367 lugubrius,
2941 1297 3105 1352 etiam
3158 1296 3492 1367 amplificare
3533 1296 3855 1367 desiderant,

2282 1387 2384 1442 sub
2428 1388 2532 1443 hoc
2575 1398 2841 1458 praetextu
2886 1388 3030 1459 quod
3068 1387 3153 1443 vel
3195 1388 3422 1445 famulos
3476 1402 3605 1444 suos
3659 1404 3857 1461 semper

2282 1479 2477 1535 exinde
2503 1481 2591 1535 vel
2631 1480 2826 1536 fratres
2866 1480 3016 1536 alere
3041 1496 3101 1536 se
3130 1480 3334 1536 debere
3354 1480 3560 1550 justum
3592 1494 3716 1537 esse
3741 1497 3857 1538 con-

2284 1572 2536 1639 tendunt,
2568 1571 2652 1627 vel
2681 1582 2831 1627 certe
2866 1583 2888 1611 ο
2922 1572 3023 1627 sub
3054 1572 3282 1627 obtentu
3307 1573 3677 1644 congregaudi
3698 1584 3857 1631 canus

2282 1672 2589 1732 reservant,
2622 1679 2785 1733 quem
2826 1663 2977 1719 velut
3019 1663 3267 1731 abbates,
3303 1664 3589 1721 instituere
3618 1680 3684 1722 se
3714 1681 3857 1737 posse

582 1772 726 1842 quod
758 1750 1127 1843 subsequitur,
1154 1750 1553 1843 consequenter
1576 1774 1847 1845 aptabitur
1867 1792 1878 1827 :
1897 1750 1987 1828 Tui
2002 1783 2172 1829 autem

2281 1766 2634 1828 praesumunt.
2669 1756 2773 1825 Qui
2817 1758 2863 1811 si
2908 1757 2962 1811 in
2988 1757 3217 1812 veritate
3238 1758 3377 1811 viam
3402 1757 3753 1827 perfectionis
3778 1761 3851 1815 in-

579 1879 631 1916 es
670 1864 821 1917 miser
861 1873 908 1917 et
950 1864 1282 1932 miserabilis,
1314 1876 1363 1920 et
1396 1882 1594 1938 pauper
1628 1876 1676 1920 et
1712 1881 1877 1920 ctecus
1913 1874 1960 1919 et
2002 1866 2174 1920 nudus

582 1956 768 2027 (Apoc.
791 1956 873 2028 tn)
898 1976 910 2010 :
934 1957 988 2012 in
1006 1974 1071 2014 eo
1094 1959 1266 2015 factus
1289 1961 1453 2015 etiam
1480 1959 1727 2014 smculari
1750 1959 2009 2026 deterior,
2029 1959 2173 2030 quod

579 2064 679 2103 nec
710 2052 966 2106 miserum
1009 2067 1068 2107 se
1106 2066 1205 2107 nec
1232 2067 1434 2108 caecum
1466 2066 1529 2106 ac
1554 2051 1756 2106 nudum
1796 2060 1891 2107 aut
1914 2051 2175 2109 emenda-

580 2138 728 2195 tione
757 2142 999 2211 dignum,
1028 2144 1111 2199 vel
1138 2159 1298 2215 egere
1326 2145 1549 2199 monitis
1573 2144 1802 2213 alicujus
1832 2154 1929 2200 aut
1957 2145 2173 2201 institu-

582 2230 749 2299 tione,
784 2235 1086 2303 cognoscit,
1118 2245 1173 2291 et
1200 2237 1269 2291 ob
1301 2235 1405 2292 hoc
1435 2251 1536 2292 nec
1577 2237 2012 2292 exhortationem
2054 2236 2174 2307 qui-

578 2323 701 2379 dem
734 2325 897 2380 ullam
935 2327 1085 2383 verbi
1136 2327 1390 2383 salutaris
1432 2328 1693 2396 admittit,
1724 2343 1829 2384 non
1862 2328 2173 2399 intelligens

579 2414 695 2483 ipso
725 2417 976 2472 monachi
1013 2433 1072 2474 se
1102 2420 1320 2475 nomine
1352 2421 1675 2492 prtegravari
1708 2434 1772 2476 ac
1798 2420 2025 2490 deprimi
2055 2420 2173 2490 opi-

577 2509 738 2564 nione
784 2521 1130 2577 cunctorum,
1181 2531 1285 2584 qua
1336 2514 1462 2569 dum
1512 2515 1755 2571 creditur
1802 2516 1871 2570 ab
1919 2515 2171 2572 omnibus

576 2612 813 2668 sanctus,
848 2612 903 2657 et
932 2605 1078 2660 velut
1112 2606 1203 2661 Dei
1236 2606 1468 2662 famulus
1498 2607 1719 2675 colitur,
1750 2622 1971 2663 necesse
2000 2616 2085 2663 est
2113 2615 2173 2663 ut

579 2693 632 2744 in
678 2691 857 2747 futuro
886 2694 1282 2751 vehementiori
1324 2697 1530 2766 judicio
1573 2713 1850 2769 pmnaeqne
1884 2699 2166 2753 subdatur.

578 2784 860 2841 Postremo
886 2788 1015 2856 quid
1049 2787 1249 2842 diutius
1280 2788 1634 2845 immoramur
1662 2791 1716 2845 in
1750 2790 1835 2846 his
1866 2806 1984 2861 quae
2013 2791 2172 2847 nobis

576 2879 946 2945 experimento
983 2881 1115 2935 satis
1151 2891 1428 2951 comperta
1470 2892 1597 2938 sunt
1635 2897 1697 2937 ac
1740 2882 2003 2953 probata?
2040 2883 2171 2937 Fre-

575 2979 805 3038 quenter
844 2972 990 3026 enim
1016 2972 1253 3028 vidimus
1284 2975 1351 3029 de
1383 2975 1593 3045 frigidis
1628 2986 1791 3046 atque
1836 2975 2166 3041 carnalibus,

577 3060 627 3114 id
657 3069 761 3127 est,
784 3061 852 3116 de
880 3063 1237 3120 saecularibus
1262 3080 1325 3120 ac
1356 3068 1599 3137 paganis,
1624 3067 1690 3122 ad
1718 3068 2017 3138 spiritalem
2047 3083 2169 3139 per-

2279 1850 2585 1917 quirerent,
2609 1849 2712 1904 hoc
2743 1850 2922 1920 potius
2954 1858 3066 1904 tota
3110 1851 3313 1905 virtute
3338 1851 3605 1921 perlicere
3630 1854 3857 1909 nitereno

2281 1951 2387 2007 tur,
2419 1951 2477 1997 ut
2502 1943 2713 1998 scilicet
2755 1943 2903 1997 exuti
2936 1956 3041 1998 non
3073 1943 3249 1998 solum
3278 1945 3540 2014 pecuniis,
3571 1947 3671 2001 sed
3702 1948 3848 2003 etiam

2278 2034 2654 2090 affectionibus
2709 2034 2951 2105 pristinis
2992 2043 3047 2091 et
3083 2035 3513 2093 distentionibus
3564 2040 3845 2105 universis,

2277 2126 2605 2196 semetipsos
2650 2126 2953 2197 singulares
2998 2142 3063 2183 ac
3116 2129 3291 2184 nudos
3321 2129 3397 2184 ita
3441 2130 3544 2185 sub
3588 2131 3855 2187 seniorum

2278 2221 2505 2290 imperio
2552 2220 2906 2291 collocarent,
2932 2231 2991 2276 ut
3022 2236 3213 2277 curam
3264 2238 3373 2278 non
3425 2224 3588 2280 modo
3632 2225 3855 2281 aliorum

2277 2313 2504 2381 nullam,
2536 2313 2631 2369 sed
2658 2329 2724 2369 ne
2755 2313 2838 2369 sui
2861 2313 3075 2384 quidem
3112 2326 3384 2385 gererent.
3420 2317 3751 2373 Econtrario
3769 2332 3857 2373 au-

2277 2412 2384 2459 tem
2406 2405 2588 2460 evenit
2610 2415 2669 2459 ut
2697 2405 2824 2459 dum
2850 2404 3111 2461 fratribus
3132 2421 3366 2476 praeesse
3395 2407 3683 2474 festinant,
3712 2425 3855 2464 num-

2274 2512 2436 2568 quam
2464 2498 2771 2553 senioribus
2794 2498 2897 2569 ipsi
2923 2498 3307 2568 suhjiciantur,
3339 2510 3393 2556 et
3427 2516 3455 2554 a
3488 2502 3745 2572 superbia
3774 2504 3851 2557 in-

2273 2591 2560 2656 choantes,
2595 2589 2725 2645 dum
2755 2590 2898 2645 alios
2926 2590 3210 2648 instituere
3252 2593 3499 2662 cupiunt,
3530 2609 3631 2649 nec
3662 2594 3856 2651 discere

2275 2680 2405 2751 ipsi,
2429 2695 2530 2737 nec
2556 2695 2718 2751 agere
2754 2697 2820 2737 ea
2850 2698 2969 2753 quae
2992 2692 3118 2737 sunt
3147 2683 3260 2738 Deo
3286 2686 3497 2755 agenda
3526 2696 3848 2742 mereantur.

2273 2774 2481 2842 Quibus
2510 2790 2735 2832 necesse
2759 2786 2845 2832 est
2874 2786 2951 2843 ut,
2983 2776 3281 2832 secundum
3306 2778 3610 2835 Salvatoris
3645 2788 3852 2836 senten-

2275 2869 2425 2937 tiam,
2452 2870 2583 2925 caeci
2616 2870 2781 2927 duces
2811 2885 3080 2926 caecorum
3109 2870 3311 2941 effecti,
3343 2874 3544 2942 pariter
3571 2874 3629 2929 in
3660 2874 3855 2933 foveant

2272 2961 2469 3016 cadant
2494 2960 2714 3032 (Matth.
2749 2960 3047 3032 xv).Cujus
3093 2962 3364 3033 superbiae
3411 2964 3536 3019 licet
3583 2980 3749 3020 unum
3791 2966 3855 3021 sit

2270 3068 2461 3123 genus,
2496 3053 2693 3123 duplex
2729 3062 2911 3109 tamen
2944 3054 3059 3122 ejus
3089 3062 3175 3110 est
3210 3055 3420 3124 species
3449 3072 3465 3110 :
3496 3070 3605 3110 una
3626 3072 3747 3127 quae
3771 3072 3852 3113 se-

575 3156 793 3239 venisse
821 3156 1110 3226 fervorem,
1151 3160 1218 3214 de
1260 3160 1453 3230 tepidis
1493 3170 1653 3231 atque
1689 3161 2015 3216 animalibus
2052 3178 2169 3217 om-

2278 3146 2520 3200 rietatem
2547 3147 2976 3216 gravitatemque
3001 3145 3171 3219 (Lips.
3205 3148 3259 3200 in
3290 3164 3453 3217 marg.
3485 3148 3849 3212 severitatem,

576 3248 706 3303 nino
751 3266 857 3305 non
903 3252 1159 3307 vidimus.
1205 3253 1352 3321 Quos
1396 3256 1559 3309 etiam
1602 3270 1700 3324 per
1744 3255 2062 3324 pr0phetam
2096 3257 2168 3311 ita
2206 3258 2216 3268 '

578 3340 805 3411 legimus
860 3343 1146 3399 Dominum
1198 3345 1481 3413 detestari,
1542 3354 1600 3400 ut
1656 3346 1993 3415 spiritalibus
2035 3346 2167 3401 viris

576 3444 741 3504 atque
779 3434 1093 3492 doctoribus
1130 3439 1499 3508 praecipiatur,
1552 3447 1611 3493 ut
1647 3440 1715 3493 ab
1761 3438 1841 3494 eis
1881 3440 2165 3494 monendis

578 3527 946 3600 docendisque
977 3530 1276 3595 discedant,
1309 3540 1363 3587 et
1395 3546 1733 3603 nequaquam
1768 3531 1918 3586 velut
1958 3531 2013 3586 in
2050 3538 2163 3586 ste-

581 3622 665 3676 rili
694 3632 855 3691 atque
885 3621 1222 3678 infructuosa
1251 3633 1391 3679 terra
1427 3624 1709 3695 noxiisque
1736 3624 1980 3680 sentibus
2003 3638 2166 3679 occu-

578 3720 699 3779 pata
731 3725 918 3767 semen
946 3713 1097 3767 verbi
1130 3712 1387 3768 salutaris
1417 3713 1760 3783 expendant;
1800 3713 1897 3769 sed
1933 3722 1993 3767 ut
2030 3727 2166 3768 con-

580 3810 886 3858 temnentes
927 3817 1067 3869 eam,
1103 3819 1295 3858 novam
1338 3806 1515 3873 potius
1552 3804 1805 3859 excolant
1848 3814 2068 3869 terram,
2112 3802 2167 3859 id

578 3903 684 3958 est,
712 3908 836 3964 erga
868 3909 1104 3964 paganos
1128 3910 1191 3949 ac
1217 3896 1507 3951 saeculares
1529 3910 1744 3951 omnem
1767 3894 2029 3950 doctrinae
2051 3894 2170 3949 cul-

576 3995 752 4040 turam
808 4001 873 4040 ac
929 3986 1079 4042 verbi
1136 3986 1469 4042 transferant
1524 3987 1777 4043 salutaris
1830 3988 2165 4056 instantiam,

577 4077 720 4146 quod
753 4078 824 4131 ita
859 4078 1052 4146 legitur
1093 4095 1105 4131 :
1147 4078 1278 4132 Haec
1331 4080 1455 4132 dicit
1498 4078 1759 4133 Dominus
1802 4080 1911 4133 viro
1946 4077 2088 4133 Juda
2122 4088 2171 4134 et

579 4168 957 4222 habitatoribus
997 4167 1291 4223 Jerusalem
1320 4188 1339 4223 :
1382 4178 1408 4206 ἰ
1452 4169 1657 4224 Novate
1697 4171 1841 4224 vobis
1886 4173 2088 4239 novale,
2123 4180 2172 4227 et

578 4261 740 4316 nolite
760 4277 929 4317 serere
951 4279 1109 4333 super
1135 4264 1311 4334 spinas
1346 4261 1561 4334 (Jerem.
1586 4264 1689 4335 tv).

2272 3238 2644 3305 serenitatem,
2689 3240 2767 3293 vel
2819 3236 3127 3309 veritatem]
3156 3238 3358 3309 jugiter
3399 3240 3725 3305 ementitur;
3756 3240 3853 3295 alia

2271 3344 2393 3398 quae
2420 3327 2682 3385 effrenata
2709 3329 2957 3385 libertate
2998 3330 3051 3383 in
3078 3328 3375 3384 cachinnos
3401 3329 3581 3385 fatuos
3609 3333 3850 3401 risusque

2270 3418 2602 3473 dissolvitur.
2636 3419 2703 3474 Et
2740 3420 2827 3473 illa
2857 3420 3071 3489 quidem
3113 3421 3483 3476 taciturnitate
3524 3423 3849 3493 congaudct,

2271 3511 2388 3568 haec
2413 3526 2545 3568 vero
2568 3511 2890 3583 dedignatur
2918 3512 3134 3568 silentio
3160 3514 3456 3580 coarctari;
3498 3530 3603 3570 nec
3632 3515 3848 3571 confun-

2271 3607 2417 3662 ditur
2444 3606 2645 3678 passim
2700 3607 2977 3677 proloqui,
3009 3607 3168 3661 etiam
3208 3621 3298 3662 res
3339 3607 3669 3677 incongruas
3703 3615 3757 3664 et
3776 3608 3849 3661 in-

2272 3711 2447 3773 eptas,
2479 3702 2609 3757 dum
2641 3702 2918 3758 erubescit
2944 3702 3029 3757 vel
3068 3700 3299 3757 inferior
3332 3703 3547 3757 caeteris
3595 3706 3682 3759 vel
3714 3705 3854 3759 indo-

2272 3796 2685 3865 ctiorjudicari.
2719 3796 2838 3851 Alia
2882 3796 2954 3850 ob
2994 3796 3312 3861 elationem,
3352 3795 3649 3853 clericatus
3696 3798 3855 3854 ambit

2271 3891 2535 3959 officium,
2575 3892 2747 3946 altera
2789 3890 3043 3960 despicit,
3070 3898 3255 3958 utpote
3288 3890 3542 3960 judicans
3589 3892 3731 3947 illud
3771 3903 3856 3947 aut

2274 3984 2525 4056 dignitati
2558 3983 2826 4055 pristinae,
2854 3994 2946 4039 aut
2965 3985 3090 4039 vitae
3111 3998 3175 4040 ac
3203 3984 3463 4039 natalium
3501 4001 3730 4042 suorum
3753 4001 3856 4040 tne-

2275 4078 2394 4132 ritis
2441 4078 2800 4147 incongruum
2844 4076 2931 4131 vel
2978 4075 3277 4145 indignum.
3315 4074 3557 4143 Quarum
3606 4093 3729 4146 qua:
3769 4076 3859 4131 de-

2275 4172 2444 4227 terior
2470 4169 2875 4241 pronuntianda
2902 4171 2995 4235 sit,
3026 4169 3458 4238 uniuscujusque
3496 4169 3756 4225 discutiat
3798 4184 3857 4223 ac

2274 4264 2577 4337 perpendat
2597 4278 2849 4319 examen.
2885 4261 3061 4319 Unum
3091 4276 3224 4319 sane
3249 4272 3411 4334 atque
3439 4261 3466 4299 ἀ
3496 4263 3646 4320 idem
3678 4264 3857 4320 inobc—

1650 4398 1905 4455 ALARDI
1945 4399 2181 4457 GAZEI
2217 4398 2781 4455 COMMENTARIUS.

651 4507 676 4533 ﬂ
706 4494 1076 4549 Tertullianus
1108 4494 1201 4549 lib.
1233 4493 1491 4547 adversus
1521 4492 1740 4547 Judmos
1772 4494 1900 4562 legit
1944 4512 1956 4546 :
2001 4493 2168 4547 Inno—
2192 4494 2247 4555 D
2271 4492 2465 4547 similes
2524 4493 2811 4565 procedunt
2836 4494 2890 4546 in
2918 4492 3203 4563 publicum,
3241 4502 3295 4547 ut
3328 4498 3571 4548 caninam
3594 4504 3858 4550 exerceant

581 4578 692 4621 rate
719 4567 857 4620 vobis
880 4568 1175 4628 novitatem,
1205 4572 1253 4616 et
1283 4565 1441 4618 nolite
1460 4565 1709 4617 seminare
1734 4565 1784 4617 in
1813 4566 1993 4635 spinis.
2023 4565 2164 4619 Alibi

576 4654 707 4693 vero
746 4654 759 4689 ε
811 4636 1069 4690 Renovate
1108 4635 1247 4689 vobis
1291 4651 1559 4700 novamen,
1601 4644 1709 4689 etc.
1754 4635 1819 4688 D.
1862 4636 2166 4705 Cyprianus

578 4710 673 4763 lib.
705 4725 721 4763 ι
751 4708 974 4762 Testim.
1008 4706 1268 4761 adversus
1296 4705 1516 4761 Iudaeos
1562 4723 1574 4759 :
1621 4706 1881 4759 Renovato
1918 4707 2052 4761 inter
2078 4721 2166 4759 vos

576 4781 872 4840 novitatem,
898 4786 943 4831 et
974 4794 1037 4831 ne
1060 4776 1431 4831 seminaveritis
1456 4777 1510 4829 in
1532 4777 1717 4844 spinis.

647 4849 856 4904 b'l‘ales
904 4848 1065 4901 etiam
1117 4849 1199 4901 sui
1246 4847 1507 4914 temporis
1554 4846 1851 4901 monachos
1902 4845 2165 4915 quosdam

577 4921 687 4975 suis
705 4920 978 4975 colorilms
1009 4918 1251 4987 depingit
1280 4933 1344 4971 ac
1376 4917 1690 4987 perstringit
1715 4918 1774 4970 D.
1802 4918 2164 4988 Hieronymus

576 4994 732 5061 epist.
770 4992 847 5044 4:
896 4989 1031 5056 Vidi,
1065 4990 1255 5057 inquit,
1301 4989 1576 5061 quosdam,
1619 4989 1708 5058 qui
1756 4999 2025 5059 postquam
2072 5004 2157 5041 re-
2240 5010 2249 5019 η

576 5060 879 5116 nuntiavere
905 5062 1116 5125 smculo,
1142 5060 1453 5114 vestimentis
1483 5060 1755 5112 dumtaxat
1792 5069 1840 5113 et
1870 5062 2007 5113 vocis
2040 5076 2160 5123 pro-

576 5136 816 5199 fessione,
866 5148 970 5185 non
1000 5132 1178 5195 rebus,
1215 5131 1349 5183 nihil
1393 5132 1454 5183 de
1504 5131 1723 5196 pristina
1777 5130 2163 5184 conversatione

576 5211 844 5257 mutarunt
873 5218 889 5255 :
922 5219 1002 5255 res
1033 5203 1309 5271 familiaris
1338 5202 1502 5269 magis
1527 5209 1705 5267 aucta,
1737 5219 1891 5271 quam
1918 5203 2165 5253 imminu-

576 5286 659 5340 ta;
683 5274 861 5327 cadent
893 5273 1180 5327 ministeria
1206 5274 1546 5338 servulorum,
1566 5274 1703 5327 idem
1729 5281 2015 5341 apparatus
2041 5286 2165 5324 con-

577 5346 696 5399 vivii
712 5362 729 5410 ;
757 5345 810 5396 in
836 5347 964 5397 vitro
1010 5353 1056 5397 et
1101 5343 1293 5407 patella
1326 5343 1475 5411 ﬁctili
1504 5347 1522 5366 ‘
1550 5359 1736 5397 aurum
1767 5343 2085 5409 comeditur;
2110 5349 2159 5395 et

579 5418 707 5469 inter
734 5415 908 5467 turbas
940 5423 985 5467 et
1016 5416 1255 5469 examina
1278 5415 1635 5467 ministrorum
1658 5431 1841 5467 nomen
1862 5413 1959 5466 sibi
1996 5413 2168 5465 vindi—

579 5496 697 5539 cant
750 5484 972 5539 solitarii
1000 5501 1018 5537 :
1049 5487 1135 5555 qui
1168 5502 1284 5539 vero
1327 5502 1576 5555 pauperes
1621 5494 1761 5548 sunt,
1785 5495 1833 5539 et
1875 5485 2015 5539 tenui
2044 5483 2169 5555 sub-

578 5557 845 5621 stantiola,
877 5553 1211 5626 videnturque
1253 5556 1350 5610 sibi
1392 5553 1564 5621 scioli,
1592 5572 1901 5626 pomparum
1949 5553 2170 5625 ferculis

579 5771 619 5819 r.
643 5711 660 5727 ‘
689 5712 877 5761 Aurum
898 5718 1124 5764 vocatres
1146 5724 1266 5762 auro
1301 5716 1345 5763 et
1368 5723 1543 5777 magno
1565 5708 1723 5776 pretio
1743 5716 1946 5776 emptas,
1975 5714 2043 5764 ait
2068 5712 2171 5764 lia-

606 5784 764 5819 ianus.

606 5784 764 5822 ianus.

2276 4563 2596 4638 facundiam.
2639 4563 2881 4633 Plerique
2916 4565 3112 4617 artibus
3140 4573 3187 4638 et
3220 4566 3657 4634 negotiationibus
3686 4567 3859 4638 pristi-

2273 4635 2351 4688 nis
2381 4651 2556 4688 carerc
2584 4650 2687 4688 non
2728 4644 2965 4703 possunt,
2991 4637 3301 4703 mutatisque
3328 4638 3625 4692 nominibus
3654 4635 3857 4692 instito-

2273 4722 2409 4767 rum,
2442 4706 2619 4758 eadem
2650 4715 2885 4759 exercent
2908 4706 3252 4771 commercia;
3278 4722 3381 4760 non
3422 4708 3616 4761 victum
3648 4718 3698 4761 et
3728 4710 3855 4761 ami-

2271 4787 2407 4829 ctum
2432 4776 2590 4848 (quod
2611 4774 2892 4853 Apostolus
2916 4775 3148 4853 prwcipit
3172 4775 3213 4847 [Ι
3237 4776 3374 4830 Tim.
3395 4776 3526 4848 vd),
3544 4778 3641 4833 sed
3652 4784 3858 4853 majora

2268 4845 2647 4916 quam'swculi
2686 4845 2915 4900 homines
2944 4845 3291 4901 emolumenta
3337 4845 3613 4904 sectantes.
3652 4845 3778 4907 ΙΙωά
3804 4857 3857 4905 et

2270 4916 2372 4970 alia
2406 4916 2469 4970 D.
2506 4917 2862 4987 Hieronymus
2895 4916 3018 4971 huic
3043 4917 3163 4972 loco
3190 4929 3569 4974 consentanea.

2338 4998 2360 5025 °
2398 4987 2547 5041 Hunc.
2580 4988 2756 5040 locum
2806 4989 2967 5041 etiam
3008 4988 3059 5041 in
3100 4988 3341 5043 editione
3381 4989 3725 5047 Plantiniana
3776 4992 3855 5046 vi—

2267 5061 2479 5133 tiatum,
2506 5058 2703 5112 additis
2734 5058 3375 5133 quihusdamsuperlluis
3394 5060 3559 5131 (quod
3590 5062 3644 5114 in
3684 5064 3849 5133 priori

2266 5130 2503 5184 editione
2554 5144 2657 5183 non
2720 5129 3113 5200 animadverti)
3162 5129 3449 5186 Ciaconius
3511 5129 3857 5199 paucioribus

2268 5201 2448 5254 verbis
2486 5201 2555 5254 ita
2594 5202 2847 5267 restituit,
2894 5199 3311 5269 suffragantibus
3357 5204 3516 5256 etiam
3550 5202 3856 5259 Basileensi

2268 5286 2475 5327 excuso
2504 5280 2556 5325 et
2580 5271 2853 5325 nonnullis
2881 5286 3039 5336 mss.,
3070 5268 3134 5325 in
3166 5272 3361 5340 quibus
3395 5282 3567 5329 tamen
3602 5286 3691 5329 est
3722 5291 3857 5329 nan-

2272 5342 2415 5395 nulla
2451 5342 2761 5396 diversitas.
2796 5342 2926 5395 Nam
2971 5342 3061 5395 alii
3103 5343 3302 5398 habent
3336 5358 3351 5391 :
3380 5346 3473 5396 sub
3502 5346 3717 5399 obtentu
3741 5362 3859 5399 con-

2275 5414 2524 5483 gregandi
2552 5422 2705 5467 castus
2735 5421 3018 5477 reservant,
3053 5429 3191 5475 cum,
3220 5412 3358 5467 velut
3381 5414 3585 5469 abbates
3605 5458 3621 5477 ,
3656 5416 3859 5469 institui

2274 5500 2506 5557 sejposse
2550 5495 2886 5557 prwsumunt.
2920 5484 3241 5539 Basileensis
3287 5500 3413 5538 vero
3456 5494 3509 5539 et
3533 5485 3632 5541 alii
3664 5504 3681 5540 :
3709 5503 3856 5557 quos,

2276 5555 2413 5624 velut
2443 5556 2671 5611 abbates.
2701 5555 2968 5609 instituere
2995 5570 3047 5607 se
3076 5571 3222 5623 posse
3250 5567 3589 5624 prtesumunt.

2349 5622 2375 5662 ἀ
2411 5626 2693 5706 Sciendum
2747 5626 2901 5706 enim,
2940 5627 3009 5679 ait
3065 5628 3122 5679 υ.
3172 5622 3462 5706 Cregnrins
3513 5624 3671 5706 (Lib.
3721 5643 3859 5706 xxxv

2280 5696 2423 5750 Mor.
2457 5712 2505 5749 ι’.
2548 5698 2652 5764 i5),
2682 5696 2818 5758 quod
2849 5712 3126 5765 numquam
3154 5713 3246 5766 per
3280 5696 3623 5750 obedientiam
3667 5702 3860 5752 malum

2279 5768 2414 5835 ﬁeri,
2447 5767 2729 5835 aliquando
2778 5775 2951 5822 autem
2980 5766 3122 5823 debet
3161 5784 3250 5837 per
3279 5768 3617 5823 obedientiam
3681 5770 3860 5825 bonum
