4012 6336
191 333 266 395 θω
920 323 1264 384 COLLATIO
1300 325 1366 383 ν.
1389 355 1461 370 -
1489 326 1580 385 DE
1617 326 1792 387 OCTO
1829 328 2349 390 PRINCIPALIBUS
2391 329 2614 389 VITIIS.
3295 335 3399 394 6l0

187 445 356 507 dientia
390 453 559 514 genus
593 447 696 506 est,
724 437 810 496 vel
850 447 1072 510 propter
1118 440 1455 510 operationis
1501 441 1710 497 instan-
1737 444 1788 504 Α
1813 443 2060 498 avaritiae
2099 446 2240 515 quod
2280 461 2405 517 erga
2447 446 2660 516 species
2704 445 2971 516 pretiosas
3000 460 3262 505 exercere
3289 465 3398 506 non

190 545 301 601 tiam,
327 534 397 590 vel
440 541 661 603 propter
689 532 785 587 otli
837 531 1194 599 desiderium,
1229 533 1463 589 senioris
1508 535 1717 592 violare
1819 548 2064 608 possunt,
2096 541 2239 595 circa
2268 540 2484 596 viliores
2511 541 2768 596 materias
2805 544 3127 609 retinentes,
3161 559 3268 598 non
3300 544 3400 598 ab-

188 627 472 691 mandatum,
521 633 740 692 tamque
780 623 1189 694 dispendiosum
1237 634 1324 681 est
1379 642 1477 696 pro
1525 642 1717 683 somno
1817 631 2066 698 scidisse,
2113 631 2208 687 sed
2231 643 2594 688 commutasse
2621 649 2682 689 se
2709 634 2942 704 probant
2973 637 3251 704 pristinam
3278 651 3401 705 pas-

188 735 310 793 quam
348 732 439 788 pro
493 715 770 787 vigilantia
814 717 1128 773 monasterii
1154 726 1356 773 statuta
1386 719 1710 775 convellere.
1819 725 2052 780 sionem.
2081 724 2214 780 Nam
2246 726 2409 782 nimia
2455 726 2687 782 devincti
2725 727 3003 798 diligentia
3042 743 3169 801 erga
3209 745 3397 785 curam

185 815 366 870 Tantum
395 807 627 878 denique
666 816 750 864 est
775 808 982 864 abbatis
1018 810 1248 866 transire
1277 822 1610 880 praeceptum
1657 819 1721 866 ιιι.
1818 816 2061 888 psiathii,
2083 818 2378 887 sportellae,
2405 819 2890 886 saccelli,codicis,
2919 827 3122 890 mattzn,
3144 819 3400 876 aliarum-

187 910 317 977 legas,
340 909 590 973 quantum
621 899 667 956 si
691 909 1039 968 contemnas,
1065 911 1123 956 ut
1153 901 1430 969 dormias;
1460 918 1561 959 nec
1581 904 1720 959 alius
1818 924 1924 979 que
1969 910 2228 965 similium
2256 925 2460 973 rerum,
2487 909 2736 979 quamvis
2759 911 3175 975 vilissimarum,
3210 912 3401 967 eadem

186 992 403 1065 superbia
431 991 607 1046 fomes
647 1001 730 1045 est
761 1005 859 1061 pro
897 992 1105 1062 jejunio
1145 992 1368 1048 fratrem
1419 1009 1578 1063 quam
1619 1008 1720 1064 pro
1818 1008 1999 1057 tamen
2052 1015 2157 1069 qua
2210 1010 2366 1056 antea
2411 1001 2636 1056 libidine
2689 1001 3022 1058 detinentur.
3063 1003 3199 1070 Quae
3236 1003 3402 1059 etiam

186 1087 430 1143 refectione
458 1093 832 1150 contemnere,
867 1083 967 1138 nisi
999 1083 1141 1153 quod
1178 1083 1568 1154 perniciosiora
1596 1095 1654 1141 et
1687 1100 1719 1141 a
1819 1099 1971 1147 tanta
2018 1092 2364 1147 aemulatione
2408 1093 2718 1147 custodiunt
2767 1103 2930 1164 atque
2983 1094 3305 1163 defendunt,
3341 1105 3398 1149 ut

183 1177 390 1234 remediis
439 1175 820 1245 longinquiora
875 1183 1001 1230 sunt
1044 1175 1178 1230 vitia
1221 1192 1341 1246 quae
1387 1177 1490 1232 sub
1535 1176 1719 1247 specie
1822 1191 1849 1220 ι
1879 1197 1977 1253 pro
2022 1183 2155 1253 ipsis
2213 1183 2471 1239 adversus
2520 1183 2744 1239 fratrem
2792 1187 3123 1242 commoveri
3175 1201 3294 1252 eos,
3328 1196 3403 1252 et,

186 1271 399 1323 virtutum
463 1275 520 1322 et
570 1266 803 1336 imagine
851 1266 1175 1336 spiritalium
1234 1282 1416 1322 rerum
1470 1266 1720 1323 videntur
1820 1273 1966 1346 quod
2004 1286 2086 1330 est
2117 1277 2332 1345 turpius
2362 1275 2549 1338 etiam,
2577 1277 2790 1346 litigare
2813 1293 2919 1332 non
2954 1278 3254 1348 pudeat.ln
3288 1279 3406 1348 qui-

182 1373 430 1428 θωεΐὲθΐθν
459 1372 628 1426 quam
655 1356 744 1411 illa
776 1371 897 1424 (ιιιω
925 1372 991 1411 εἰ
1024 1365 1214 1428 εροτιο
1243 1372 1344 1428 PFO
1372 1358 1578 1412 carnali
1621 1373 1717 1411 νου
1821 1366 1921 1422 bus
1944 1365 2119 1421 adhuc
2137 1367 2454 1435 aegritudine
2475 1367 2781 1437 cupiditatis
2804 1370 3049 1439 pristinae
3071 1371 3401 1436 laborantes,

185 1452 346 1520 luptate
372 1447 538 1520 [Lips.
588 1450 641 1502 in
699 1463 866 1518 marg.
905 1446 1208 1520 voluntate]
1233 1449 1545 1519 gignuntur.
1593 1449 1720 1506 Hac
1822 1457 1938 1514 haec
1961 1459 2150 1513 eadem
2177 1473 2301 1528 qua:
2332 1475 2460 1515 usus
2490 1461 2736 1529 corporis
2768 1463 3048 1532 possidere
3076 1464 3400 1520 monachum

183 1543 292 1596 enim
338 1540 474 1594 velut
522 1539 703 1608 palam
743 1537 987 1609 expositi
1019 1553 1084 1594 ac
1115 1539 1391 1594 manifesti
1433 1539 1720 1611 Iangnores

1848 1552 1906 1607 'el
1931 1553 2226 1607 necessitas
2255 1553 2730 1622 cogit,secundum
2754 1569 3037 1610 numerum
3061 1571 3403 1612 mensuram-

185 1633 314 1706 [Lips.
337 1633 388 1686 in
411 1647 584 1701 marg.
608 1630 927 1701 languoris],
951 1638 1007 1686 et
1032 1641 1333 1700 arguuntur
1362 1632 1634 1697 cominus,
1665 1639 1721 1686 et

1848 1659 1928 1714 [ne
1952 1659 2291 1700 communem
2324 1661 2432 1700 non
2483 1655 2608 1700 sunt
2658 1647 2858 1702 habere
2906 1651 3166 1715 contenti,
3203 1651 3253 1704 in
3303 1650 3405 1704 hoc

182 1736 426 1790 sanantur;
461 1724 557 1780 illa
583 1738 742 1789 vero,
767 1723 893 1778 dum
936 1732 1200 1793 prtetextu
1230 1723 1496 1779 virtutum
1530 1731 1720 1794 tegun-

1848 1752 2039 1807 [uoque
2074 1738 2156 1793 sui
2196 1738 2376 1794 cordis
2415 1739 2699 1794 avaritiam
2747 1741 3117 1810 designantes,
3150 1757 3272 1798 cum
3312 1744 3400 1798 vel

183 1829 262 1883 tur,
289 1819 521 1872 incurata
548 1816 868 1886 perdurant,
891 1827 946 1870 et
966 1815 1225 1885 deceptos
1251 1830 1494 1886 quosque
1515 1816 1716 1886 pericu-
1747 1816 1797 1880 B

1848 1844 1885 1884 ca
1926 1829 2124 1900 quibus
2171 1829 2246 1884 uti
2299 1845 2523 1886 necesse
2575 1839 2681 1898 est,
2709 1834 3037 1903 propensius
3069 1833 3287 1889 student
3312 1835 3406 1889 ba-

184 1911 316 1966 Iasius
342 1910 544 1965 faciunt
563 1923 627 1964 ac
651 1907 991 1978 desperatius
1018 1919 1298 1980 aegretare.

1848 1936 1950 1977 iere
1975 1936 2132 1991 quam
2160 1923 2367 1990 caeteri,
2385 1923 2470 1978 vel
2497 1923 2824 1979 excedentes
2845 1924 3138 1994 diligentiae
3163 1927 3402 1994 modum,

725 2041 951 2098 CAPUT
990 2042 1132 2100 χχι,
1824 2012 2156 2082 peculiarius
2183 2027 2246 2068 ea
2294 2015 2673 2086 attentinsque
2699 2017 3038 2084 custodiunt,
3072 2027 3127 2072 et
3156 2018 3224 2071 ab
3269 2020 3408 2073 alio-

297 2158 329 2184 ε,
359 2158 442 2184 ___,
500 2159 805 2184 ,ΛΑΜ-ὼ
840 2157 1044 2184 _____,_
1100 2165 1417 2184 ,ψη-Λη-
1438 2159 1491 2184 _.__
1524 2161 1696 2184 μη,-
1821 2126 1941 2166 rum
1974 2111 2406 2169 contrectatione
2435 2110 2754 2176 defendunt,
2780 2129 2899 2184 quae
2927 2115 3193 2169 universis
3225 2113 3410 2169 fratri-

181 2156 239 2212 οε
259 2157 330 2213 ἀει
353 2158 464 2230 συί»
495 2159 805 2229 contemne
840 2157 1065 2228 πιααηίε»
1437 2159 1493 2214 in
1522 2161 1719 2230 ρατυεε·
1821 2156 1941 2259 iii;
1969 2156 2899 2272 signa;";.:.:;.;.:.:.;:'an;
2926 2156 3412 2261 ;;;;,".;;;..'.:;.;;;.

1828 2296 2202 2352 tantummodo
2231 2297 2598 2364 metallorum,
2628 2306 2683 2352 et
2715 2314 2820 2352 non
2850 2298 2962 2367 ipsa
2996 2298 3176 2368 passio
3205 2297 3403 2367 cupidi-

1827 2390 1953 2444 tatis
2001 2389 2263 2444 habeatur
2312 2389 2554 2459 innoxia,
2581 2399 2636 2445 et
2679 2405 2799 2444 cum
2832 2406 2932 2460 pro
2985 2389 3144 2444 rebus
3187 2390 3408 2458 quidem

1828 2484 2041 2555 magnis
2085 2483 2244 2538 irasci
2298 2498 2402 2539 non
2451 2484 2634 2549 liceat,
2684 2498 2779 2552 pro
2814 2483 3098 2539 vilioribus
3141 2498 3270 2538 vero
3313 2485 3415 2539 hoc

1830 2578 2004 2650 ipsum
2053 2577 2248 2633 fecisse
2279 2577 2396 2633 sine
2428 2578 2585 2647 culpa
2624 2577 2727 2644 sit;
2759 2586 2814 2633 et
2840 2592 2946 2632 non
2979 2577 3184 2632 idcirco
3216 2578 3414 2647 pretio-

1831 2675 2004 2729 siores
2029 2671 2387 2741 abjecerimus
2425 2672 2706 2735 materias,
2737 2681 2792 2726 ut
2831 2670 3042 2726 facilius
3079 2671 3416 2726 disceremus

178 2763 388 2817 abscindi
420 2778 535 2818 non
574 2772 820 2832 possunt,
853 2770 908 2817 et
934 2775 1054 2832 quae
1082 2769 1359 2832 nequeunt
1383 2761 1436 2816 in
1467 2761 1567 2816 hoc
1594 2760 1736 2815 ordi-
1832 2753 2026 2820 viliora
2075 2773 2446 2820 contemnere.
2476 2762 2612 2830 Quid
2655 2763 2799 2818 enim
2855 2762 3056 2832 differt,
3087 2772 3268 2817 utrum
3298 2761 3420 2832 quis

177 2867 231 2907 ne
270 2868 364 2908 non
413 2853 631 2920 haberi,
663 2853 911 2924 quamvis
961 2867 1120 2922 parva
1170 2853 1406 2923 viliaque
1446 2853 1576 2918 sint,
1609 2868 1734 2910 esse
1833 2856 2296 2928 perturbationem
2326 2855 2641 2926 cupiditatis
2679 2869 2809 2925 erga
2847 2870 2978 2924 opes
3017 2855 3224 2924 amplas
3251 2861 3419 2922 atque

176 2945 440 3015 devinctos,
477 2958 544 3002 ut
573 2946 766 3002 horum
811 2960 940 3001 cura
973 2946 1328 3017 pristinarum
1361 2947 1607 3001 omnium
1650 2945 1732 3001 fa-
1838 2949 2178 3019 magnificas,
2205 2962 2272 3002 an
2304 2962 2431 3017 erga
2472 2947 2697 3002 viliores
2737 2955 2998 3002 exerceat
3034 2945 3282 3016 species?
3317 2945 3421 2999 nisi

176 3037 398 3094 cultatum
425 3050 659 3111 superet
697 3041 1004 3109 passionem
1028 3038 1242 3112 (Collat.
1268 3042 1303 3097 '5
1332 3057 1448 3112 cap.
1485 3039 1564 3110 5).
1605 3040 1737 3109 Qui-
1839 3039 1982 3111 quod
2036 3040 2090 3094 in
2135 3054 2202 3094 eo
2243 3037 2731 3108 reprehensibilior
2769 3036 3092 3107 judicandus
3132 3047 3238 3100 est,
3280 3034 3424 3106 quod

176 3130 256 3185 bus
300 3132 548 3203 profecto
595 3147 702 3188 non
746 3133 921 3202 magni
955 3133 1197 3204 proderit
1230 3133 1464 3202 majores
1503 3148 1636 3204 opes
1671 3148 1737 3189 ac
1773 3195 1810 3205 _
1838 3135 1928 3205 qui
1980 3133 2215 3188 maxima
2271 3131 2558 3201 spreverit,
2589 3130 2827 3185 minimis
2867 3129 3157 3199 obligetur.
3191 3128 3426 3194 Ideoque

176 3226 471 3283 substantias
523 3227 950 3299 contempsisse,
992 3228 1120 3298 quia
1167 3226 1395 3283 aﬂ‘ectus
1432 3241 1641 3296 earum,
1667 3227 1737 3282 ob
1764 3195 1810 3259 Ο
1843 3225 2230 3299 perfectionem
2260 3222 2441 3279 cordis
2471 3222 2875 3278 abrenuntiatio
2907 3222 3005 3275 ista
3047 3237 3153 3275 non
3176 3219 3381 3274 obtinet
3407 3234 3422 3282 ;

172 3333 282 3388 quos
319 3321 422 3376 illa:
458 3319 887 3378 contemnendae
932 3329 1080 3387 sunt,
1112 3319 1164 3374 in
1223 3333 1309 3375 res
1339 3334 1532 3390 parvas
1575 3328 1737 3392 atque
1843 3319 1968 3391 quia
1990 3332 2112 3372 cum
2141 3329 2366 3373 censum
2391 3315 2586 3371 habeat
2613 3315 3012 3386 pauperis,non
3035 3312 3220 3382 abjicit
3241 3309 3423 3366 divitis

175 3411 362 3481 exiguas
406 3412 826 3468 transtulerunt.
879 3410 1014 3466 Nam
1068 3411 1257 3466 vitium
1311 3412 1629 3482 cupiditatis
1680 3421 1738 3469 et
1846 3411 2200 3466 voluntatem.

1221 3525 1481 3583 ALARDI
1516 3525 1750 3584 GAZIEI
1785 3522 2360 3584 COMMENTARIUS.

173 3615 286 3689 quod
312 3617 483 3687 agitur
510 3617 813 3689 intermitti.
835 3615 1014 3689 Neque
1043 3616 1190 3689 enim
1225 3615 1368 3671 mala
1397 3618 1452 3671 in
1486 3617 1734 3689 paradiso
1842 3615 1998 3689 (Cap.
2019 3617 2054 3671 5
2080 3614 2342 3686 Regula),
2364 3613 2452 3689 qui
2470 3613 2811 3689 relinquentes
2837 3611 3006 3666 statim
3028 3625 3142 3681 qua:
3169 3627 3264 3665 sua
3289 3617 3430 3689 sunt,

172 3682 300 3758 arbor
318 3682 535 3754 ἀταξίη,
565 3704 716 3758 quam
744 3685 882 3742 Deus
911 3682 1112 3741 homini
1138 3703 1202 3740 ne
1225 3682 1537 3758 contingeret
1560 3687 1726 3742 inter-
1837 3682 1884 3742 et
1911 3682 2229 3742 uoluntatem
2270 3685 2533 3758 prppriant
2575 3685 2891 3758 deserentes,
2923 3697 3043 3736 mox
3087 3682 3429 3758 egocoupatis

174 3757 282 3829 dixit
307 3775 324 3811 :
354 3759 444 3813 sed
476 3751 538 3813 ut
577 3751 680 3829 per
721 3759 905 3812 melius
949 3759 1253 3814 obedientia:
1298 3751 1538 3814 meritum
1579 3759 1731 3814 homo
1839 3758 2094 3824 manibus,
2127 3751 2338 3829 etquod
2369 3751 3428 3829 agebantimperfectum-relinquentes,

173 3826 275 3901 bene
304 3831 551 3884 conditus
577 3823 845 3894 cresceret,
877 3830 1094 3901 dignum
1116 3831 1288 3900 fuerat
1324 3839 1378 3883 ut
1403 3830 1538 3901 hunc
1576 3833 1732 3885 etiam
1835 3831 2006 3883 vicino
2049 3823 2354 3882 oledientiw
2385 3823 2513 3894 pede
2534 3824 2770 3896 jubentis
2797 3823 2969 3878 uocem
3010 3823 3163 3893 factis
3208 3837 3434 3890 sequnnu

171 3913 195 3948 α
227 3899 343 3953 bono
390 3901 708 3968 prohiberet,
741 3899 992 3970 quatenus
1040 3910 1184 3953 tanto
1235 3901 1404 3954 verius
1454 3900 1550 3954 hoc
1593 3901 1732 3969 quod
1845 3909 1948 3967 tur,
1977 3908 2086 3970 etc.

173 3979 314 4036 egeret
353 3973 523 4025 uirtus
570 3980 721 4037 esset,
755 3980 951 4040 quanto
993 3978 1042 4024 et
1070 3987 1103 4024 a
1141 3970 1272 4025 bono
1302 3987 1503 4026 cessans
1535 3973 1734 4025 auctori

169 4053 244 4112 suo
263 4058 314 4095 se
338 4042 611 4096 subditum
641 4043 889 4095 humilius
927 4041 1203 4096 exhiberet.
1237 4041 1364 4097 Haec
1408 4041 1728 4112 Gregorius.

172 4108 284 4165 llinc
319 4115 434 4169 veri
472 4113 800 4168 obedientes
837 4129 867 4167 a
911 4113 975 4168 D.
1018 4112 1309 4168 Benedicto
1355 4108 1735 4168 describuntur

233 2297 330 2354 iam
365 2297 497 2353 illud
546 2296 831 2352 ridiculum
879 2297 1112 2367 qualiter
1164 2297 1531 2368 exprimatur,
1579 2297 1723 2370 quod

184 2390 429 2445 nonnullos
453 2401 584 2461 post
607 2389 754 2443 illum
787 2389 974 2458 prima:
1007 2389 1425 2445 renuntiationis
1450 2391 1722 2458 ardorem,

179 2499 261 2554 quo
287 2486 359 2540 vel
383 2501 468 2540 res
500 2483 798 2539 familiares
827 2485 907 2538 vel
941 2497 1072 2554 opes
1101 2483 1360 2553 plurimas
1387 2499 1450 2539 ac
1480 2481 1726 2540 militiam

178 2575 325 2630 seculi
355 2576 753 2646 relinquentes,
786 2575 1108 2644 semetipsos
1145 2575 1212 2630 ad
1244 2578 1572 2630 monasteria
1595 2591 1728 2631 con-

179 2667 398 2736 tulerunt,
431 2676 595 2724 tanto
634 2668 910 2722 cernimus
952 2666 1132 2723 studio
1168 2667 1222 2722 iu
1256 2667 1341 2722 bis
1371 2682 1490 2738 qua:
1520 2668 1732 2737 penitus

1915 3964 1943 4007 ί
1980 3969 2118 4025 Vide
2175 3968 2269 4024 lib.
2322 3983 2394 4022 vn
2450 3965 2847 4022 [natitutiouum
2899 3981 3022 4036 cap.
3075 3966 3167 4020 Η.
3219 3964 3433 4019 Ctetern

1839 4041 1990 4166 (ἵζει-ιι
2027 4050 2175 4110 sunt,
2205 4048 2261 4096 et
2300 4054 2408 4094 non
2444 4048 2549 4093 tatu
2601 4036 2944 4108 expositione
2993 4052 3152 4107 quam
3200 4036 3436 4091 lectione

1882 4127 2024 4182 tgna.

1026 4334 1820 4446 COLLATIO
1905 4336 2004 4462 Q
2025 4333 2570 4441 ΠΙΝΤΑ

1279 4523 1436 4598 Quae
1487 4525 1584 4583 est
1628 4520 1877 4583 abbatis
1932 4519 2322 4598 Serapionis.

1277 4664 1364 4716 DE
1396 4664 1560 4716 OCTO
1596 4659 2078 4715 PRINCIPALIBUS
2111 4658 2322 4710 VlTllS.

1569 4785 1976 4803 ψ

1774 4889 2008 4961 Dcujus
2039 4887 2391 4946 collationem
2432 4901 2614 4959 operae
2654 4887 2890 4958 pretium
2931 4901 3058 4943 reor
3098 4879 3443 4944 litteris‘lral

1862 4981 2013 5037 dere.
2044 4979 2421 5035 Ambientibns
2450 4981 2594 5035 enim
2637 4975 2795 5036 nobis
2832 4991 2887 5035 ut
2923 4979 2990 5036 de
3037 4980 3439 5052 impugnationc

220 5091 270 5148 ln
299 5093 392 5148 illo
419 5098 582 5148 cmtn
611 5084 1115 5156 antiquissimorum
1145 5095 1334 5135 senum
1367 5076 1466 5132 fuit
1499 5084 1525 5113 α
1544 5075 1626 5129 vir
1656 5087 1755 5128 nn-
1864 5075 2117 5130 vitiorum
2141 5073 2318 5144 aliqua
2340 5073 2661 5144 disputaret,
2691 5074 2888 5145 quibus
2909 5074 3147 5144 origines
3175 5088 3360 5128 eorum
3383 5087 3439 5129 ct

164 5187 282 5242 mine
312 5184 626 5256 Serapion,
659 5180 908 5252 apprime
936 5177 1108 5248 gratia
1140 5173 1484 5231 discretionis
1505 5179 1751 5236 ornatus,
1863 5185 2042 5226 causae
2069 5168 2408 5224 manifestius
2439 5167 2828 5238 panderentur,
2859 5170 2929 5223 ita
2957 5181 3182 5222 exorsus
3204 5174 3305 5222 est.

1232 5291 1487 5348 ALARDI
1527 5289 1756 5346 GAZIEI
1795 5287 2371 5347 COMMENTARIUS.

222 5409 243 5436 ⁸
272 5400 368 5456 Ille
400 5397 676 5454 nimirum
703 5392 1040 5458 Arsenoites,
1071 5390 1282 5455 decem,
1316 5397 1374 5441 ut
1400 5385 1593 5450 fertur,
1624 5387 1744 5458 mil-
1852 5394 1898 5441 et
1923 5387 2133 5458 reliqua;
2152 5386 2513 5458 columnarum
2543 5381 2976 5458 Chrristi‘nomina‘
3000 5381 3092 5452 (In
3119 5381 3324 5458 Catulo.
3348 5383 3437 5458 lib.

686 4904 920 4962 CAPUT
957 4900 1246 4961 PRIMUM.

164 5469 276 5525 lium
319 5471 735 5526 monachorum
774 5464 940 5518 abbas
969 5457 1353 5531 etpresbyter,
1383 5458 1540 5526 cujus
1562 5457 1747 5531 adhuc

159 5541 524 5598 adolescentis
553 5534 865 5603 exemplum
897 5527 1107 5601 insigne
1131 5527 1462 5603 memoratur
1491 5527 1678 5603 collat.
1708 5529 1744 5603 2

158 5626 259 5682 cap.
287 5614 543 5668 decimo.
589 5607 661 5661 De
683 5598 792 5675 quo
816 5614 879 5682 _et
915 5598 1190 5682 Palladius
1228 5601 1483 5682 Lausiaca
1533 5598 1622 5682 “l6,
1655 5599 1743 5666 qui

159 5670 647 5738 et'anuumeratus
692 5670 776 5752 est
809 5677 956 5752 _inte_r
985 5673 1290 5752 praecipuos
1329 5683 1380 5725 et
1425 5670 1747 5752 illustriores

156 5756 307 5810 eremi
361 5753 648 5810 cultores.
708 5745 861 5804 Unde
907 5741 1386 5814 DCHierOnymns
1425 5741 1599 5814 epist.
1628 5741 1746 5795 27:

1853 5473 1912 5512 ιιι
1942 5474 1989 5512 c.
2023 5455 2140 5523 l7)?
2170 5455 2322 5510 Hunc
2367 5454 2562 5510 Petrus
2606 5453 2888 5523 Equilinus
2930 5455 3004 5508 ait
3034 5454 3349 5510 vendidisse
3377 5456 3435 5508 li~

1854 5529 2009 5583 brum
2066 5527 2364 5597 Evangelii,
2394 5542 2551 5597 quem
2593 5525 2766 5578 solum
2826 5525 3082 5592 habebat,
3112 5538 3170 5597 ut
3219 5526 3441 5595 pauperi

1855 5598 2191 5662 subveniret,
2219 5596 2360 5668 quod
2393 5596 2592 5650 factum
2619 5604 2803 5649 narrat
2835 5597 3088 5668 Socrates
3114 5596 3209 5668 lib.
3241 5612 3291 5650 tv
3315 5612 3436 5664 cap.

1859 5669 1948 5724 18.
1984 5669 2184 5724 Verum
2209 5666 2309 5724 hoc
2333 5668 2422 5723 alii
2449 5668 2690 5721 tribuunt
2713 5666 2870 5722 alteri
2898 5666 3206 5736 Serapioni,
3245 5668 3444 5724 Simiu-

1855 5742 1972 5815 ιιίοᾷ
1991 5741 2262 5815 videlicet,
2293 5750 2349 5797 ut
2377 5737 2569 5798 videre
2611 5744 2696 5796 est
2738 5739 2792 5795 in
2825 5736 2965 5796 Vilis
2994 5737 3217 5798 Patrum
3246 5736 3392 5815 (Lib.
3421 5751 3444 5800 ι

159 5823 307 5902 Quid,
333 5825 555 5902 inquit,
584 5834 791 5880 narrem
813 5816 1100 5892 Macarius,
1122 5810 1385 5882 Arrenius.
1412 5810 1754 5900 Serapionis,
1856 5828 1906 5876 ο.
1943 5811 2065 5887 22).

2844 5989 2969 6020 vs"
