4012 6336
585 309 693 379 ΘΗ

1208 431 1435 490 CAPUT
1472 432 1538 490 Il.

583 523 837 580 Narratio
906 525 1100 581 abbatis
1148 526 1450 612 Serapionis
1501 530 1564 586 de
1604 541 1719 586 octo
1781 534 2162 606 principalibus

1288 611 1446 656 υτιιιε.

649 717 678 748 ι
701 709 838 765 Octo
890 720 1015 767 sunt
1051 712 1368 783 principalia
1401 713 1550 781 vitia,
1585 729 1704 785 qua:
1741 717 2034 773 humanum
2078 719 2162 774 in-

578 801 780 858 festant
806 819 994 872 genus,
1026 805 1078 858 id
1125 813 1228 870 est,
1275 807 1506 874 primum
1562 809 1958 880 gastrimargia,
2007 814 2154 882 quod

573 901 732 948 sonat
772 896 974 950 ventris
1006 896 1301 966 ingluvies;
1332 899 1630 954 secundum
1669 900 1996 966 fornicatio;
2047 914 2156 960 ter-

575 987 703 1041 tium
731 988 1080 1060 philargyria,
1099 990 1150 1045 id
1179 1002 1286 1057 est,
1307 993 1674 1060 avaritia,sive
1700 1010 1852 1050 amor
1876 999 2151 1065 pecunim;

569 1089 820 1147 quartum
863 1080 975 1147 ira;
1024 1082 1265 1152 quintum
1310 1084 1564 1150 tristitia;
1595 1093 1804 1140 sextum
1859 1087 2066 1152 acedia,
2096 1085 2152 1144 id

566 1179 670 1236 est,
697 1173 967 1241 anxietas,
999 1173 1114 1228 sive
1159 1175 1380 1229 taedium
1425 1175 1634 1241 cordis;
1673 1178 1958 1244 septimum
1990 1191 2152 1233 ceno-

563 1262 744 1330 doxia,
775 1265 828 1320 id
875 1273 976 1332 est,
1015 1266 1296 1336 jactantia,
1331 1282 1429 1323 seu
1473 1283 1610 1324 vana
1647 1270 1854 1340 gloria;
1897 1280 2148 1327 octavum

562 1357 837 1427 superbia.

1165 1451 1395 1510 CAPUT
1435 1453 1530 1508 ΙΙΙ.

561 1539 638 1596 De
681 1541 884 1597 duobus
922 1543 1168 1598 vitiorum
1213 1545 1502 1617 generibus,
1545 1553 1592 1600 et
1651 1547 1918 1617 elﬁcientia
1967 1563 2142 1602 eorum

1143 1615 1542 1686 quadripartito.

627 1725 884 1783 l>Horum
932 1728 1095 1799 igitur
1131 1729 1382 1784 vitiorum
1424 1743 1622 1801 genera
1673 1740 1798 1786 sunt
1851 1733 1979 1787 duo.
2033 1733 2138 1788 Aut

1633 319 1906 381 JOANNIS
1944 322 2257 382 CASSIANI
2299 323 2794 385 COLLATIONES.

2191 441 2407 504 Acatio
2461 455 2581 496 eum
2635 441 2956 499 naturaliter
3008 443 3163 501 nobis
3203 437 3515 520 insederint,
3560 469 3792 518 nonnum.

3705 331 3792 399 8η

2267 531 2428 602 quam
2455 535 2618 588 etiam
2653 535 2770 590 sine
2803 535 2912 591 ullo
2942 537 3135 592 anima:
3168 539 3527 610 incitamento,
3551 548 3698 603 solius
3720 552 3792 610 in-

2264 623 2552 694 stigatione
2582 641 2644 681 ac
2673 629 2879 696 pruritu
2924 631 3126 703 carnis,
3159 633 3435 702 oriuntur;
3481 642 3682 696 materia
3721 655 3789 702 ta-

2261 733 2384 772 men
2416 728 2474 773 ut
2507 731 2952 776 consummentur
2981 733 3141 794 egent
3166 725 3518 794 extrinsecus,
3541 741 3594 786 et
3617 733 3683 788 ita
3709 745 3729 774 ε
3748 737 3794 794 in

2262 810 2514 866 effectum
2545 813 2818 884 corporali
2855 817 3066 872 actione
3105 819 3440 886 perveniunt.
3475 819 3795 898 Unusquisque

2259 904 2392 956 enim
2431 914 2653 959 tentatur
2697 923 2729 959 a
2771 910 2979 979 propria
3009 912 3449 980 concupiscentia;
3479 914 3649 970 deinde
3689 937 3794 974 con-

2256 995 2568 1065 cupiscentia
2598 1013 2714 1049 cum
2740 999 2895 1068 fuerit
2921 987 3182 1074 concepta,
3229 1004 3361 1071 parit
3391 1018 3668 1077 peccatum;
3696 1027 3795 1080 pec-

2257 1096 2428 1140 catum
2453 1105 2568 1142 vero
2608 1107 2719 1143 cum
2747 1090 2903 1159 fuerit
2932 1104 3358 1158 consummatum,
3386 1108 3581 1166 generat
3611 1111 3792 1156 mortem

2253 1175 2460 1251 (Iacob.
2493 1179 2570 1250 ι).
2598 1180 2731 1236 Nam
2769 1179 2788 1220 τ
2819 1200 2920 1238 nec
2952 1185 3157 1254 primus
3180 1185 3352 1242 Adam
3386 1186 3589 1259 (Cenes.
3623 1195 3694 1262 tu)
3717 1209 3794 1263 per

2251 1273 2684 1343 gastrimargiani
2710 1273 2882 1344 decipi
2911 1278 3105 1345 potuit,
3132 1277 3232 1332 nisi
3257 1294 3396 1334 escas
3427 1285 3683 1338 materiam
3709 1287 3788 1340 lia-

2249 1361 2385 1418 bens
2427 1365 2479 1417 in
2505 1375 2754 1436 promptu
2783 1366 2983 1422 abusus
3013 1385 3072 1423 ea
3108 1370 3293 1425 fuisset
3325 1371 3533 1440 illicite;
3565 1383 3588 1422 ε
3609 1391 3698 1432 nec
3721 1392 3793 1434 se-

2249 1455 2460 1511 cundus
2492 1457 2610 1512 sine
2660 1459 2937 1527 cujusdam
2967 1457 2995 1496 ¹ι
3023 1463 3263 1517 materia:
3295 1463 3619 1522 illicitatione
3648 1467 3790 1539 [Lips.

2247 1547 2300 1600 in
2327 1565 2490 1619 marg.
2519 1547 2868 1622 illectatione]
2895 1562 3148 1621 tentatur,
3171 1570 3294 1609 cum
3317 1555 3512 1612 dicitur
3539 1559 3606 1617 ei.
3634 1559 3688 1614 Si
3711 1557 3795 1614 Fi-

2246 1639 2349 1694 lius
2375 1639 2472 1695 Dei
2498 1660 2570 1706 es,
2601 1641 2685 1697 dic
2711 1652 2763 1696 ut
2792 1645 2989 1718 lapides
3014 1646 3103 1700 isti
3136 1664 3297 1717 panes
3326 1649 3453 1718 ﬁant
3478 1649 3679 1720 (Matth.
3710 1654 3790 1724 tv).

2245 1734 2554 1791 Fornicatio
2584 1752 2797 1808 quoque
2833 1737 2977 1809 quod
3015 1753 3121 1794 non
3170 1741 3270 1795 nisi
3304 1755 3400 1812 per
3429 1758 3618 1812 corpus
3654 1745 3792 1813 perfi-

560 1816 709 1873 enim
738 1819 1003 1875 naturalia
1032 1830 1180 1889 sunt,
1205 1829 1262 1877 ut
1289 1822 1694 1894 gastrimargia;
1723 1832 1814 1878 aut
1855 1834 2010 1879 extra
2043 1841 2135 1880 na-
2161 1851 2212 1912 Β
2242 1825 2438 1890 ciatur,
2485 1828 2739 1882 omnibus
2779 1837 2948 1898 patet,
3001 1830 3074 1894 ita
3113 1829 3179 1886 de
3219 1831 3325 1888 hoc
3374 1834 3564 1904 Spiritu
3608 1835 3793 1893 dicente

554 1916 752 1975 turam,
781 1921 839 1966 ut
865 1911 1221 1983 philargyria.
1258 1925 1280 1954 ο
1315 1913 1616 1970 Eflicientia
1657 1931 1788 1970 vero
1817 1915 2137 1988 quadripar-

552 2001 652 2058 tita
673 2013 778 2059 est.
806 2004 1062 2071 Quaedam
1089 2008 1232 2062 enim
1259 2009 1377 2064 sine
1402 2009 1616 2065 actione
1642 2011 1844 2065 carnali
1877 2026 2134 2066 consum-

553 2095 692 2148 mari
741 2110 848 2151 non
899 2107 1147 2167 possunt,
1180 2110 1239 2153 ut
1275 2109 1362 2155 est
1419 2103 1791 2171 gastrimargia
1853 2110 1908 2157 et
1953 2101 2134 2156 forni-

551 2187 728 2254 catio;
759 2189 1000 2258 quaedam
1023 2206 1153 2246 vero
1181 2191 1344 2246 etiam
1377 2192 1496 2247 sine
1525 2193 1632 2247 ulla
1653 2195 1897 2263 corporis
1920 2196 2133 2250 actione

547 2279 906 2348 complentur,
931 2291 989 2335 ut
1015 2291 1098 2336 est
1126 2284 1380 2353 superbia
1409 2295 1464 2340 et
1489 2285 1787 2340 cenodoxia
1822 2302 1836 2338 :
1872 2286 2130 2341 nonnulla

547 2373 927 2429 commotionis
970 2390 1081 2430 suae
1111 2391 1301 2432 causas
1349 2379 1686 2434 extrinsecus
1738 2381 2034 2452 accipiunt,
2069 2390 2129 2436 ut

544 2470 628 2518 est
655 2463 983 2536 philargyria
1025 2477 1082 2522 et
1111 2469 1224 2535 ira;
1256 2469 1360 2524 alia
1393 2485 1522 2526 vero
1571 2473 1842 2528 intestinis
1895 2474 2130 2532 motibus

543 2556 870 2627 excitantur,
904 2567 962 2614 ut
989 2569 1075 2617 est
1100 2562 1284 2617 acedia
1316 2573 1478 2634 atque
1505 2565 1743 2621 tristitia.

1161 2671 1390 2730 CAPUT
1427 2677 1517 2733 IV.

541 2763 922 2836 Recapitulatio
943 2770 1005 2822 de
1019 2770 1395 2853 gastrimargiie
1415 2781 1459 2826 et
1483 2773 1839 2842 fornicationis
1863 2777 2122 2847 passione,

1057 2849 1103 2892 et
1127 2849 1392 2896 curatione
1420 2859 1616 2899 earum.

610 2929 678 2983 Et
695 2938 752 2983 ut
770 2929 884 2985 inec
904 2930 1092 2986 eadem
1117 2948 1225 2987 non
1256 2934 1430 2989 solum
1453 2935 1840 3006 disputatione,
1865 2950 2124 3010 quantum

539 3031 828 3088 possumus
858 3022 1027 3088 brevi,
1078 3023 1173 3079 sed
1222 3025 1384 3080 etiam
1433 3024 1835 3096 Scripturarum
1879 3033 2124 3088 testimo-

538 3113 641 3170 niis
667 3116 1037 3173 manifestiora
1073 3117 1382 3187 reddamus,
1406 3118 1433 3158 ει
1464 3123 1835 3196 gastrimargia
1866 3133 1920 3180 et
1953 3125 2126 3180 forni-

2239 1921 2352 1976 Deo
2381 1921 2447 1975 ad
2478 1921 2692 1976 beatum
2719 1921 2843 1988 Job,
2885 1921 2957 1976 Et
2993 1925 3154 1978 virtus
3182 1927 3294 1995 ejus
3317 1926 3369 1980 in
3398 1927 3578 1982 lumbis
3611 1932 3729 2000 ejus,
3751 1940 3793 1984 et

2237 2025 2458 2087 potestas
2485 2018 2598 2088 ejus
2635 2033 2790 2087 super
2818 2015 3112 2072 umbilicum
3141 2021 3331 2073 ventris
3354 2020 3492 2091 (Job.
3527 2022 3630 2090 ιι).
3662 2022 3793 2077 Ideo-

2237 2123 2347 2179 que
2375 2109 2491 2164 limc
2523 2110 2837 2178 specialiter
2861 2109 2989 2176 duo,
3025 2127 3146 2180 quae
3175 2111 3482 2168 ministerio
3509 2116 3682 2170 carnis
3703 2131 3792 2170 ex-

2240 2201 2476 2271 plentur,
2508 2212 2662 2256 extra
2697 2202 2842 2256 illam
2875 2202 3172 2272 Spiritalem
3194 2205 3393 2259 anima:
3422 2221 3623 2272 curam,
3655 2211 3793 2278 ege'nt

2241 2294 2568 2364 peculiarius
2595 2294 2756 2350 etiam
2780 2296 3112 2351 continentia
3134 2297 3424 2366 corporali.
3455 2297 3715 2368 Siquidem
3737 2300 3792 2354 ad

2239 2385 2606 2441 retundendus
2635 2385 2826 2440 horum
2865 2388 3114 2442 stimulos
3146 2403 3254 2443 non
3295 2388 3497 2444 sufﬁcit
3524 2391 3632 2446 Sola
3664 2408 3793 2447 men-

2237 2476 2308 2532 tis
2346 2477 2580 2532 intentio
2608 2477 2691 2548 (ut
2733 2492 3136 2548 nonnumquam
3183 2480 3328 2534 solet
3357 2480 3613 2537 adversus
3651 2482 3790 2550 iram,

2236 2582 2332 2622 seu
2351 2567 2647 2635 tristitiam,
2673 2579 3006 2639 exterasque
3026 2567 3143 2624 fieri
3168 2571 3474 2640 passiones,
3499 2589 3627 2644 quas
3650 2574 3792 2628 etiam

2235 2661 2356 2715 sine
2380 2659 2482 2714 ulla
2508 2661 2686 2716 carnis
2702 2660 3000 2716 afflictione
3028 2664 3141 2718 sola
3168 2664 3320 2718 novit
3340 2680 3644 2736 expugnare
3665 2681 3796 2722 inen-

2229 2753 2299 2807 tis
2330 2751 2644 2824 industria),
2681 2751 2785 2806 nisi
2809 2753 2969 2808 etiam
2994 2753 3279 2823 castigatio
3304 2756 3606 2825 corporalis
3631 2769 3795 2810 arces.

2230 2848 2385 2913 serit,
2437 2863 2556 2917 qua:
2609 2847 2854 2917 jejuniis,
2913 2847 3111 2918 vigiliis
3161 2857 3213 2902 et
3263 2849 3450 2917 operis
3493 2849 3798 2904 contritione

2231 2939 2532 3010 perficitur,
2585 2938 2774 3009 hisque
2816 2938 2978 2994 fuerit
3027 2938 3256 2994 remotio
3305 2939 3498 2995 Iocalis
3543 2940 3794 3008 adjuncta,

2231 3031 2353 3100 quia
2381 3030 2521 3085 sicut
2564 3029 2845 3085 amborum
2883 3029 3033 3094 vitio,
3068 3029 3120 3085 id
3150 3039 3255 3094 est,
3301 3030 3500 3086 animm
3544 3039 3596 3085 et
3625 3045 3796 3101 corpo-

2231 3127 2325 3180 ris.
2376 3133 2725 3195 generantur,
2772 3124 2843 3179 ita
2886 3121 3133 3194 superari
3174 3123 3278 3178 nisl
3315 3125 3596 3194 utriusque
3634 3123 3798 3179 labore

1599 3257 1854 3314 ALARDI
1891 3256 2122 3314 GAZEI
2157 3253 2727 3316 COMMENTARIUS.

611 3379 637 3408 α
668 3369 1031 3444 ρυαᾲηῑίοηθ
1076 3382 1201 3428 octo
1256 3374 1380 3427 vitia
1426 3375 1744 3444 principalia
1811 3386 2101 3442 ponantur,
2129 3369 2174 3435 C
2208 3387 2329 3441 qua)
2363 3372 2762 3444 gastrimargia,
2807 3372 2857 3444 id
2905 3380 3011 3434 est,
3037 3369 3178 3444 gulae
3214 3371 3410 3424 vitium
3453 3371 3540 3444 hic
3571 3370 3794 3444 appella:

540 3456 660 3516 cum
689 3443 747 3498 S.
771 3441 1062 3512 Gregorius
1089 3455 1145 3516 et
1174 3444 1262 3498 alii
1291 3460 1400 3499 non
1430 3441 1535 3499 nisi
1562 3441 1770 3513 septem
1806 3447 1931 3499 vitia
1960 3441 2111 3516 capi-

541 3512 667 3567 talia
694 3525 1034 3579 enumerent,
1063 3515 1129 3568 ad
1157 3516 1250 3569 lib.
1277 3532 1308 3569 v
1334 3512 1734 3571 Institutionum
1783 3512 2111 3575 amavimus.

536 3583 672 3638 Nam
702 3593 756 3639 et
776 3585 1068 3640 Cassianus
1107 3596 1228 3642 octo
1259 3587 1425 3642 libros
1445 3587 1512 3642 de
1543 3587 1698 3641 Vitiis
1726 3588 2115 3654 principalibus

536 3668 634 3726 seu
657 3655 976 3724 capitalibus
993 3657 1286 3726 inscripsit,
1305 3666 1360 3712 et
1386 3659 1717 3726 singulorum
1732 3659 2113 3718 tractationem

536 3725 790 3800 distincte
818 3725 1173 3800 etsigillatitn
1199 3729 1432 3800 propriis
1454 3729 1605 3785 libris
1640 3732 1987 3798 exsequitur;
2021 3734 2112 3788 ubi

534 3796 698 3872 etiam
753 3796 820 3872 de
860 3796 1063 3854 eisdem
1101 3796 1314 3856 abunde
1339 3803 1569 3870 egimus,
1597 3816 1719 3871 qua:
1747 3796 1834 3856 hic
1865 3813 2111 3872 repetere

532 3865 680 3922 foret
709 3869 962 3922 otiosum.

606 3935 632 3976 δ
671 3937 890 4012 Triplex
923 3939 1118 4004 divisio
1163 3955 1260 3996 seu
1299 3941 1576 3997 distinctio
1610 3943 1859 3997 vitiorum
1901 3947 2108 4012 capita-

531 4006 687 4065 lium.
722 4009 902 4065 Prima
933 4029 944 4064 :
974 4013 1074 4066 alia
1125 4019 1252 4067 sunt.
1297 4013 1585 4078 naturalia,
1612 4013 1718 4067 alia
1767 4025 1916 4068 extra
1951 4006 2106 4071 natu-

531 4093 680 4144 ram;
707 4082 938 4136 secunda
963 4100 974 4134 :
1006 4083 1108 4136 alia
1140 4083 1397 4147 carnalia,
1428 4084 1529 4136 alia
1551 4085 1887 4151 spiritualia;
1914 4089 2102 4142 tertia:

530 4151 775 4222 quaedam
815 4152 883 4204 ab
929 4153 1152 4222 internis
1179 4154 1358 4207 causis
1387 4155 1714 4220 excitantur,
1748 4157 1992 4222 quaedam
2034 4160 2102 4214 ab

529 4221 874 4294 extrinsecis.
908 4221 1177 4276 Naturalia
1209 4223 1460 4278 dicuntur
1485 4221 1849 4294 gastriinargia
1875 4239 1926 4280 et
1953 4229 2102 4282 luxu-

529 4291 633 4380 Eia,
667 4301 776 4372 tum
809 4293 931 4361 quia
965 4293 1031 4345 ab
1062 4294 1180 4375 ipso
1211 4303 1331 4347 ortu
1364 4310 1432 4348 ex
1464 4291 1616 4360 primi
1643 4291 1887 4380 parentis
1915 4300 2099 4380 iuobe-

528 4361 731 4438 dientia
755 4373 1034 4418 contracta
1064 4374 1118 4418 et
1146 4365 1199 4418 in
1226 4375 1412 4418 natura
1436 4378 1616 4420 nostra
1642 4361 1819 4432 insita,
1845 4378 1953 4421 tum
1977 4371 2097 4438 quia

527 4433 593 4484 ad
627 4433 798 4501 ipsius
826 4445 1033 4488 natura:
1062 4438 1533 4491 conservationem
1576 4437 1824 4502 tendunt,
1847 4439 1971 4494 licet
1996 4433 2098 4494 'in-

529 4503 813 4569 ordinate;
841 4519 963 4558 nam
1005 4505 1124 4574 gula
1160 4514 1366 4574 Spectat
1395 4508 1859 4562 conservationem
1891 4520 2097 4567 naturte

527 4575 582 4627 in
632 4575 932 4647 individuo,
962 4575 1169 4630 luxuria
1203 4592 1331 4630 vero
1376 4578 1427 4631 in
1480 4581 1682 4647 specie.
1714 4579 1915 4635 Eadem
1964 4599 2095 4638 vero

529 4644 766 4700 carnalia
795 4646 1066 4712 dicuntur,
1099 4649 1222 4714 quia
1252 4649 1464 4703 actione
1499 4644 1554 4703 et
1589 4649 1944 4706 delectatione
1970 4668 2091 4708 car-

527 4715 1079 4820 nalichmplenturh
1095 4728 1151 4800 ut
1182 4719 1431 4820 sequenti.
1454 4721 1629 4820 capite
1658 4720 1983 4820 declqratur.
2118 4760 2168 4820 Β

833 4804 913 4820 ,ιη
941 4803 1044 4820 ω...
1091 4805 1231 4820 .........
1261 4801 1329 4820 ..η
1493 4804 1724 4820 ...κη-..ιι
1779 4809 1791 4820 ,
1818 4807 1897 4820 ..η
1927 4808 2062 4820 -..μ

601 4796 624 4826 ο
654 4787 915 4864 Subbac
939 4789 1331 4864 quadripartita
1379 4787 1746 4864 distinctione,
1778 4792 1898 4847 (line
1927 4808 2090 4864 supe-

525 4857 641 4911 rius
683 4861 890 4927 positze,
933 4857 1168 4918 secunda
1217 4869 1271 4914 et
1320 4862 1502 4926 tertia,
1529 4864 1892 4917 continentur.
1925 4857 2093 4919 Porro

523 4927 814 5003 efficientia
833 4930 936 4984 hoc
956 4932 1075 4986 loco
1095 4947 1198 4986 non
1223 4947 1322 4999 pro
1352 4933 1589 4987 efficacia
1612 4949 1708 4988 seu
1729 4932 1778 4988 vi
1801 4935 2088 5003 elticiendi,

520 4999 615 5053 sed
657 5013 752 5069 pro
803 5009 928 5055 actu
969 5017 1064 5054 seu
1107 5005 1571 5057 consummatione
1609 5015 1700 5058 aut
1743 4999 2093 5062 exsecutione

455 5071 472 5136 g
522 5071 809 5143 accipitur,
845 5081 901 5126 ut
926 5085 994 5126 ex
1025 5073 1374 5139 sequentibus
1405 5075 1626 5143 patebit.

474 5181 477 5186 λ
590 5137 619 5178 ἀ
651 5141 705 5214 ld
735 5151 852 5209 est,
898 5137 1196 5199 secundum
1245 5137 1542 5199 naturalem
1582 5146 1993 5214 propensionem
2039 5157 2095 5201 et

517 5213 906 5288 proclivitatem
939 5224 1431 5288 naturzecorrupta:
1460 5224 1514 5270 et
1544 5213 1741 5272 vitiatae
1773 5220 1915 5288 (qua;
1956 5219 2088 5274 alias

514 5283 715 5358 dicitur
742 5284 934 5349 fomes,
961 5285 1232 5358 stimulus,
1259 5286 1480 5342 aculeus
1509 5291 1756 5358 peccati),
1778 5283 1882 5343 non
1914 5288 2088 5358 quoad

513 5356 728 5420 culpam
759 5364 814 5410 et
842 5355 1136 5411 secundum
1167 5370 1296 5412 suas
1323 5359 1554 5424 species.

587 5426 866 5499 {Ideoque
893 5428 1127 5499 carnalia
1167 5428 1505 5499 appellantur
1525 5430 1685 5483 etiam
1719 5447 1746 5482 a
1773 5431 1836 5484 D.
1879 5431 2086 5499 Grego»

511 5497 592 5550 rio
622 5498 720 5550 lib.
757 5514 884 5553 xxxt
921 5497 1106 5552 Moral.
1150 5514 1268 5567 cap.
1319 5497 1411 5565 51,
1462 5500 1548 5552 ubi
1596 5515 1661 5554 ex
1699 5511 1905 5568 septem
1942 5497 2086 5556 vitiis

509 5568 833 5639 capitalibus
855 5570 1089 5638 quinque
1111 5569 1239 5623 dicit
1265 5585 1388 5624 esse
1413 5571 1732 5639 spiritualia,
1759 5582 1814 5626 et
1836 5573 1942 5626 duo
1966 5588 2087 5626 car-

461 5679 474 5688 ,
511 5640 674 5714 na‘lia,
700 5638 861 5714 videl.
882 5641 1083 5714 ventris
1103 5641 1389 5714 ingluviem
1411 5638 1466 5714 et
1486 5641 1772 5714 luxuriam.
1789 5643 1875 5714 (S.
1895 5642 2083 5700 Thom.

513 5707 708 5783 1-24].
742 5709 831 5770 7‘2,
857 5728 908 5783 ᾳ.
941 5709 996 5776 Ξ,
1023 5721 1068 5764 et
1097 5707 1266 5783 (μηδ,
1298 5723 1400 5768 art.
1435 5711 1518 5783 ὅ.)

588 5777 604 5815 ί
638 5780 779 5832 Inter
807 5781 905 5855 alii
945 5777 1165 5855 peccata
1188 5782 1377 5836 Adami
1402 5791 1454 5836 et
1479 5777 1602 5836 Eva:
1628 5783 1907 5839 fuitetiam
1936 5801 2082 5855 quae-

507 5848 632 5905 dam
662 5851 970 5907 inordinata
1012 5853 1296 5919 cupiditas,
1341 5863 1393 5907 et
1436 5856 1706 5921 appetitus
1736 5859 1880 5924 pomi
1913 5848 2084 5928 vetiti,

2221 3452 2327 3499 tur.
2375 3441 2511 3497 Vidit
2553 3441 2686 3498 enim
2721 3443 2905 3514 mulier
2945 3441 3081 3511 quod
3109 3441 3301 3494 bonum
3343 3453 3480 3496 esset
3511 3443 3702 3514 lignum
3739 3442 3798 3493 ad

2218 3515 2540 3579 vescendum,
2589 3526 2636 3566 et
2671 3513 2946 3584 pulchrum
2989 3513 3172 3576 oculis,
3224 3524 3548 3584 aspectuque
3591 3514 3795 3584 delecta-

2217 3586 2336 3652 bile,
2367 3597 2412 3639 et
2434 3585 2552 3639 tulit
2577 3585 2638 3638 de
2641 3586 2843 3708 J’ructu
2871 3588 3006 3657 ejus,
3046 3592 3094 3636 et
3135 3585 3382 3648 comedit,
3425 3583 3666 3650 deditque
3696 3583 3794 3635 viro

2217 3673 2329 3708 suo.
2367 3657 2458 3708 nui
2496 3673 2640 3708 come
2681 3659 2739 3708 it.
2785 3655 2982 3708 Genes.
3013 3668 3092 3706 nr.
3126 3652 3377 3708 Cernens
3405 3657 3606 3708 ouinoe
3638 3654 3794 3708 Adam

2215 3673 2329 3718 suo,
2367 3657 2458 3727 qui
2496 3652 2739 3720 comedit,
2785 3652 2982 3727 Genes.
3013 3652 3377 3727 nt.__Cernens
3405 3657 3606 3724 quippe
3638 3654 3797 3708 Adam

2215 3725 2874 3806 pulcb'riludineinpomi,
2909 3735 2961 3780 et
3000 3725 3348 3806 audieosnex
3393 3741 3570 3780 uxore
3599 3728 3794 3806 suavis-

2214 3795 2338 3853 simi
2371 3813 2492 3854 esse
2522 3799 2752 3867 saporis,
2785 3811 2935 3854 esum
2965 3796 3084 3867 ejus
3118 3795 3446 3852 avidissime
3476 3796 3795 3863 concupivit.

2215 3869 2410 3924 Verum
2469 3866 2596 3923 cum’
2633 3869 2926 3937 Apostolus
2960 3866 3130 3922 dicat
3179 3884 3192 3920 :
3238 3868 3418 3937 Adam
3474 3883 3580 3920 non
3618 3878 3689 3921 est
3727 3881 3797 3937 se-

2212 3941 2420 4005 ductus,
2451 3939 2563 3994 Eva
2601 3935 2773 3993 autem
2813 3940 3025 3992 seducta
3063 3947 3135 3991 est
3159 3937 3203 4008 (Ι
3236 3936 3378 3991 Tim.
3411 3940 3508 4004 ll);
3539 3935 3795 4007 quomodo

2209 4011 2297 4065 hic
2339 4014 2670 4078 significatur
2716 4019 2808 4064 aut
2853 4011 3181 4078 supponitur
3219 4010 3401 4063 Adam
3442 4008 3614 4064 fuisse
3653 4010 3799 4064 dece-

2210 4085 2366 4150 ptus?
2396 4082 2707 4148 Respondet
2739 4083 2800 4134 D.
2848 4080 3178 4149 Augustinus
3211 4080 3360 4134 libro
3399 4096 3494 4135 xiv
3540 4081 3608 4134 de
3643 4079 3792 4134 Civit.

2206 4158 2380 4222 capite
2415 4154 2699 4208 undecimo
2729 4169 2742 4205 :
2777 4151 2914 4218 Quia
2953 4151 3049 4204 illa
3074 4151 3214 4219 quod
3257 4153 3308 4204 ei
3354 4167 3573 4218 serpens
3603 4151 3796 4204 locutus

2205 4221 2301 4285 est,
2327 4234 2584 4294 tamquam
2613 4239 2783 4276 verum
2813 4231 2962 4289 esset,
2991 4223 3222 4294 accepit;
3249 4221 3346 4276 ille
3369 4234 3549 4276 autent
3569 4223 3632 4275 ab
3655 4222 3796 4294 unico

2206 4296 2367 4348 noluit
2399 4291 2655 4349 consortio
2699 4294 2896 4362 dirimi,
2942 4307 3033 4363 nec
3068 4293 3121 4346 in
3160 4295 3535 4348 communione
3577 4291 3796 4363 peccati;

2202 4381 2294 4418 nec
2325 4367 2518 4419 idcirco
2555 4367 2721 4418 minus
2750 4379 2888 4435 reus,
2921 4361 3009 4417 sed
3053 4361 3588 4435 sciensprudensque
3624 4377 3795 4435 pecca-

2200 4439 2289 4488 vit.
2325 4436 2474 4490 Unde
2517 4447 2562 4488 et
2609 4434 2884 4503 Apostolus
2914 4450 3014 4487 non
3058 4436 3176 4488 ait:
3209 4432 3341 4488 Non
3383 4432 3635 4504 peccarit,
3675 4434 3796 4486 sed:

2203 4505 2324 4560 Non
2352 4519 2422 4560 est
2449 4509 2704 4561 seductus.
2737 4505 2875 4559 Nam
2897 4507 3066 4569 utique
3087 4506 3257 4574 ipsum
3286 4522 3536 4571 peccasse
3562 4505 3792 4568 ostendit,

2197 4579 2285 4630 ubi
2326 4579 2497 4632 dicit:
2536 4578 2636 4632 Per
2668 4593 2824 4630 unum
2873 4575 3128 4630 hominem
3174 4577 3399 4630 intrauit
3441 4587 3708 4645 peccatum
3749 4575 3800 4627 in

2197 4651 2462 4702 mundum.
2517 4648 2580 4702 Rt
2627 4649 2780 4716 paulo
2825 4657 2936 4717 post
2975 4647 3201 4714 apertius
3231 4662 3251 4700 :
3282 4645 3358 4700 In
3405 4647 3795 4701 similitudinem

2202 4722 2637 4785 pravaricationis
2663 4720 2808 4771 Αάιε.
2828 4716 2953 4771 Hos
2982 4727 3151 4770 autem
3177 4717 3426 4772 seductos
3456 4719 3678 4789 intelligi
3717 4733 3798 4770 vo-

2196 4792 2310 4853 luit,
2343 4792 2428 4861 qui
2459 4791 2511 4844 id
2550 4789 2687 4860 quod
2719 4790 2936 4861 Iccium,
2985 4804 3085 4841 non
3127 4800 3316 4861 putant
3355 4805 3473 4861 esse
3502 4801 3799 4861 peccatum;

2193 4861 2284 4915 ille
2309 4858 2479 4914 autem
2507 4858 2669 4915 scivit.
2706 4859 2772 4913 Et
2800 4858 2924 4928 quid
2957 4875 3084 4929 opus
3115 4867 3187 4912 est
3213 4859 3462 4929 pluribus
3482 4861 3507 4913 ?
3535 4860 3602 4912 Et
3624 4861 3670 4913 si
3697 4873 3800 4929 ere-

2195 4932 2366 4985 dendo
2393 4949 2490 4986 non
2535 4941 2648 4986 sunt
2689 4926 2837 4984 ambo
2864 4926 3084 4998 decepti,
3129 4926 3399 5002 peccando
3448 4940 3622 5002 tamen
3647 4926 3801 5002 ambo

2195 5005 2337 5072 capti
2365 5014 2507 5072 sunt,
2555 5016 2602 5058 et
2644 5003 2834 5055 diaboli
2888 5002 3079 5070 laqueis
3124 5001 3414 5071 implicati.
3465 5001 3599 5057 liae
3628 5001 3799 5070 Augu-

2195 5075 2391 5128 stinus.

2270 5153 2294 5192 ε
2319 5145 2597 5199 Secundus
2629 5159 2692 5198 ac
2722 5143 3047 5197 novissimus
3075 5140 3244 5195 Adam
3281 5142 3501 5198 dicitur
3532 5143 3796 5202 Christus,

2198 5214 2481 5270 lCorinlh.
2514 5233 2542 5267 v
2575 5234 2586 5270 :
2617 5213 2813 5270 Fartus
2845 5224 2919 5268 est
2961 5213 3153 5284 primus
3194 5212 3356 5266 homo
3392 5216 3568 5268 Adam
3615 5217 3666 5268 in
3696 5214 3799 5284 ani-

2195 5303 2332 5339 mam
2371 5288 2648 5352 viventem;
2695 5282 3001 5338 novissimus
3040 5283 3206 5335 Adam
3255 5285 3313 5335 in
3360 5287 3614 5353 spiritum
3647 5282 3802 5353 viriﬁ-

2194 5368 2409 5410 cantem.
2468 5357 2676 5410 Primus
2724 5357 2877 5409 homo
2921 5354 2986 5409 de
3035 5364 3170 5408 terra
3215 5362 3505 5423 terrenus;
3549 5355 3801 5411 secundus

2173 5429 2348 5481 homo
2373 5429 2436 5482 de
2462 5430 2587 5482 coelo
2614 5427 2852 5482 ccclesiis.

2265 5497 2578 5553 hlllicitatin
2629 5509 2682 5551 et
2722 5498 3143 5568 illicitamentum
3192 5496 3344 5568 idem
3394 5498 3550 5568 quod
3609 5498 3804 5553 incita-

2192 5582 2452 5630 mentum.
2487 5585 2517 5622 a
2559 5571 2722 5623 verbo
2763 5569 2950 5623 illicio.
2986 5567 3157 5622 Utitur
3187 5567 3394 5622 eadem
3418 5567 3573 5625 voce
3615 5583 3801 5623 rursus

2192 5656 2311 5712 cap.
2347 5647 2398 5694 ti.
2435 5641 2669 5694 Materia:
2700 5639 2866 5712 igitur
2895 5639 3277 5712 illicitationeu
3298 5646 3559 5712 tentatus
3604 5640 3800 5694 dicitur

2195 5707 2462 5771 Cliristus.
2489 5712 2612 5780 quia
2647 5710 2799 5780 panis
2830 5725 2862 5764 e
2893 5709 3159 5778 lapidibus
3187 5707 3483 5780 efficiendi
3519 5712 3802 5767 mentione

2198 5793 2251 5839 et
2296 5779 2657 5854 suggestione,
2694 5780 3204 5854 dicentediabolp:
3240 5779 3311 5854 _Si
3364 5781 3551 5854 ly‘itius
3590 5782 3692 5838 Dei
3728 5797 3800 5845 es,

2193 5855 2276 5910 dic
2308 5848 2590 5924 ut'lttpides
2616 5853 2702 5908 isti
2732 5867 2887 5922 panes
2917 5851 3043 5920 ﬁant
3067 5848 3288 5921 (Matth.
3324 5851 3435 5921 tv).
