4012 6336
169 314 242 375 Cll

915 307 1254 368 COLLATIO
1295 309 1362 368 γ.
1387 307 1572 366 —DE
1611 308 1793 369 OCTO
1829 309 2354 374 PRINCIPALIBUS
2395 313 2618 374 VlTllS.

3293 317 3398 378 614

170 447 248 490 non
273 433 530 500 poterunt
561 425 804 502 (Gregor.
833 427 922 484 lib.
969 443 1105 484 xxxi
1133 427 1332 486 Moral.
1365 443 1482 500 cap.
1507 427 1622 500 51).
1655 427 1721 483 Et
1745 429 1801 492 Α
1826 432 2041 502 puritati
2067 431 2405 490 studentibus
2427 435 2716 506 plurimum
2742 433 2956 492 confert
2985 441 3039 490 ut
3067 433 3258 490 harum
3282 449 3398 492 carn

171 535 190 563 ι
211 523 311 578 licet
331 520 523 576 beatus
553 519 851 590 Apostolus
878 519 1220 576 omnia-vitia
1237 521 1571 592 generaliter
1593 535 1720 590 pro-

171 615 458 673 nuntiaverit
504 629 632 670 esse
679 613 938 682 carnalia,
981 613 1247 685 siquidem
1299 615 1613 672 inimicitias
1659 622 1717 672 et

169 707 252 766 ins
265 717 418 776 atque
449 705 697 764 haereses
725 707 866 762 inter
891 715 1090 762 caetera
1121 707 1306 762 carnis
1332 721 1498 778 opera
1525 721 1718 764 nume-

170 797 326 856 raverit
353 795 564 872 (Galat.
595 796 688 868 v);
715 813 814 852 nos
849 807 1025 852 tamen
1063 801 1131 852 ad
1165 797 1384 854 illorum
1411 798 1720 872 culpationes

172 815 326 856 nvem
353 815 564 872 μιαιαι.
595 815 688 868 ης
715 815 814 852 nos
849 815 1025 852 tamen
1063 815 1131 852 au
1165 815 1384 854 tuorum
1411 815 1720 944 ctgttones

172 899 294 960 atque
327 896 552 942 naturas
581 887 894 958 diligentius
924 887 1258 960 colligendas
1300 888 1447 962 dupli
1543 905 1602 944 ea
1640 890 1723 944 di-

171 983 338 1038 visione
383 979 792 1050 distinguimus.
836 979 968 1034 Nam
1016 995 1082 1036 ex
1125 979 1210 1034 his
1239 977 1264 1018 δ
1292 979 1536 1052 quzcdam
1588 979 1723 1034 dici-

172 1089 264 1130 mus
295 1087 414 1130 esse
453 1073 718 1138 carnalia,
763 1071 1005 1142 quzedam
1049 1087 1181 1128 vero
1213 1072 1496 1142 spiritalia.
1539 1073 1604 1128 Et
1633 1072 1721 1126 illa

173 1165 347 1237 quidem
388 1164 650 1234 carnalia,
685 1179 805 1234 quae
837 1162 1152 1234 specialiter
1194 1163 1261 1218 ad
1293 1163 1535 1218 fomitem
1578 1175 1630 1218 et
1657 1161 1722 1218 ad

173 1271 348 1312 sensum
393 1256 676 1326 pertinent
719 1255 923 1322 carnis,
952 1257 1148 1328 quibus
1191 1256 1280 1310 illa
1325 1256 1395 1311 ita
1429 1255 1726 1311 delectatur

175 1350 480 1422 acpascitur,
509 1359 568 1404 ut
595 1349 760 1404 etiam
783 1350 998 1420 quietas
1029 1349 1220 1404 incitet
1248 1359 1478 1414 mentes,
1505 1348 1726 1402 invitas-

175 1456 252 1513 que
275 1455 362 1498 eas
411 1453 819 1510 nonnumquam
866 1437 1142 1508 pertrahat
1181 1439 1247 1493 ad
1290 1453 1400 1494 sua:
1427 1439 1726 1494 voluntatis

175 1546 442 1588 assensum.
497 1529 574 1584 De
613 1521 810 1602 quibus
849 1529 1040 1585 beatus
1081 1529 1370 1600 Apostolus
1405 1527 1728 1598 quibusdam

174 1627 258 1681 ait:
283 1623 340 1679 Et
367 1641 464 1678 nos
488 1640 664 1677 omnes
691 1621 980 1694 aliquando
1019 1623 1308 1676 conversati
1341 1639 1519 1677 sumus
1545 1623 1600 1678 in
1629 1621 1723 1676 de-

177 1715 337 1772 sideriis
369 1715 546 1768 carnis
595 1721 804 1779 nostris,
839 1713 1089 1784 facientes
1122 1713 1434 1768 voluntatem
1471 1715 1640 1768 carnis
1671 1721 1718 1768 et

1818 523 2022 578 nalium
2057 527 2370 594 passionum
2399 527 2542 596 ipsas
2569 525 2823 582 materias
2853 525 2954 580 sibi
2985 525 3232 596 primitus
3265 525 3396 580 sub-

1819 615 2056 684 trahant,
2099 616 2291 686 quibus
2344 627 2520 688 potest
2575 619 2660 674 vel
2709 618 2925 676 occasio
2965 617 3052 674 vel
3095 617 3402 674 recordatio

1823 707 2135 764 earumdem
2161 711 2471 780 passionum
2505 711 2784 778 aegrotanti
2813 709 2988 764 adhuc
3013 709 3207 766 anima:
3237 725 3404 780 gene-

1819 800 1950 856 rari.
1981 799 2212 856 Necesse
2243 811 2324 856 est
2351 803 2493 856 enim
2531 811 2588 856 ut
2619 805 2808 858 morbo
2839 803 3036 874 duplici
3064 803 3264 874 duplex
3309 803 3406 858 ad-

1823 891 2072 948 hibeatur
2111 895 2340 948 curatio.
2374 893 2508 950 Nam
2535 897 2750 964 corpori
2783 910 2849 952 ne
2883 893 3322 966 concupiscentia
3353 893 3408 948 in

1824 984 2074 1040 effectum
2127 993 2300 1042 tentet
2331 1002 2704 1058 prorumpere,
2743 988 3053 1044 necessario
3103 987 3314 1058 efﬁgies
3357 997 3410 1042 et

1825 1077 2051 1130 materia
2093 1075 2324 1132 illiciens
2351 1075 2714 1132 subtrahenda
2761 1087 2873 1146 est;
2905 1087 2960 1134 et
2989 1077 3182 1132 animas
3208 1077 3406 1132 nihilo-

1827 1172 2028 1238 minus,
2063 1186 2130 1226 ne
2174 1187 2292 1226 eam
2323 1171 2406 1226 vel
2451 1171 2773 1242 cogitatione
2808 1171 3104 1241 concipiat,
3153 1171 3410 1226 attentior

1830 1263 2112 1318 meditatio
2141 1263 2542 1334 Scripturarum
2570 1272 2624 1318 et
2649 1263 2956 1318 sollicitudo
2977 1263 3202 1334 pervigil
3230 1278 3292 1318 ac
3317 1277 3403 1316 re-

1829 1356 1998 1410 motio
2051 1355 2362 1410 solitudinis
2402 1353 2605 1409 utiliter
2653 1353 2994 1424 apponeoda.
3029 1365 3051 1392 ο
3095 1353 3150 1406 in
3195 1353 3410 1408 caeteris

1831 1457 2012 1504 autem
2059 1448 2202 1504 vitiis
2243 1447 2478 1504 humana
2517 1447 2786 1504 consortia
2827 1447 2958 1502 nihil
2985 1445 3216 1512 obsunt;
3254 1447 3410 1516 quin-

1833 1541 1997 1596 inuno
2029 1539 2190 1596 etiam
2225 1539 2522 1612 plurimum
2552 1538 2836 1596 conferunt
2875 1538 2958 1594 his
2987 1539 3074 1608 qui
3107 1554 3294 1596 carere
3331 1539 3412 1596 eis

1833 1633 1886 1687 in
1945 1633 2170 1690 veritate
2208 1631 2558 1698 desiderant,
2617 1633 2740 1704 quia
2789 1631 3088 1700 frequentia
3139 1631 3414 1686 hominum

1835 1727 2002 1794 inagis
2035 1735 2354 1794 arguuntur;
2401 1735 2454 1780 et
2485 1723 2612 1780 dum
2659 1723 2910 1780 lacessita
2953 1725 3200 1780 crebrius
3253 1725 3414 1780 mani~

173 1809 524 1879 cogitationum,
559 1817 605 1860 et
629 1823 834 1860 eramus
871 1815 1060 1860 natura
1087 1805 1188 1876 ﬁlii
1229 1807 1342 1871 εγω.
1382 1807 1513 1861 sicut
1546 1817 1592 1861 ει
1622 1823 1724 1864 σω·
1755 1824 1803 1886 Β
1831 1817 2120 1882 testantur,
2145 1819 2310 1874 celeri
2346 1815 2610 1872 medicina
2645 1817 2966 1890 perveniunt
2992 1817 3058 1872 ad
3087 1819 3342 1874 salutem.

176 1899 472 1974 teri(£phes.
505 1901 592 1970 ιι).
617 1899 896 1970 Spiritalia
923 1915 1050 1954 vero
1080 1899 1310 1954 dicimus
1345 1914 1488 1970 quas,
1535 1901 1730 1954 instin-

175 2002 240 2048 ctu
278 1992 468 2047 animm
511 1990 682 2046 solius
725 2002 864 2057 orta,
897 2006 1004 2046 non
1046 1992 1222 2046 solum
1276 1991 1408 2046 nihil
1437 1995 1729 2062 voluptatis

177 2085 428 2142 conferunt
460 2085 634 2152 carni,
664 2083 760 2140 sed
795 2085 960 2140 etiam
989 2085 1328 2156 gravissimis
1355 2101 1474 2141 eam
1503 2087 1728 2158 languo-

173 2179 294 2234 ribus
331 2176 650 2241 aflicientia,
683 2176 1007 2231 miserrimae
1028 2175 1380 2244 jocunditatis
1413 2187 1566 2246 pastu
1607 2177 1730 2232 ani-

175 2285 288 2324 mam
326 2278 538 2324 tantum
585 2267 832 2322 nutriunt
862 2275 1238 2338 aegrotantem.
1272 2269 1338 2322 Et
1379 2267 1584 2326 idcirco
1615 2269 1732 2326 haec

174 2362 352 2432 quidem
381 2359 622 2431 simplici
660 2359 842 2415 cordis
871 2359 1120 2430 indigent
1147 2361 1449 2430 medicina;
1488 2377 1608 2434 quas
1638 2379 1734 2418 au-

177 2464 258 2526 tem
291 2455 528 2510 carnalia
560 2462 708 2520 sunt,
747 2469 854 2506 non
887 2453 990 2508 nisi
1019 2453 1243 2522 duplici,
1278 2455 1731 2524 quemadmodum

174 2547 392 2616 diximus,
445 2545 514 2602 ad
557 2547 844 2603 sanitatem
877 2547 1154 2604 curatione
1197 2549 1538 2618 perveniunt.
1575 2547 1734 2606 Unde

2455 1969 2682 2028 C.\PUT
2725 1971 2786 2026 γ.

1841 2067 2108 2134 Quomodo
2137 2063 2387 2121 Dominus
2417 2075 2590 2120 noster
2633 2066 2771 2149 solus
2799 2067 2988 2138 absque
3021 2077 3228 2138 peccato
3257 2077 3418 2124 tenta-

2535 2147 2613 2190 tus
2639 2147 2706 2191 sit

1913 2275 2144 2344 Ideoque
2171 2273 2427 2328 Dominus
2457 2281 2638 2327 noster
2661 2273 2818 2328 Jesus
2839 2271 3110 2340 Christus,
3133 2289 3254 2330 cum
3279 2277 3422 2344 Apo-

1840 2365 1966 2422 SIoli
1997 2367 2377 2434 pronuntietur
2425 2365 2696 2419 sententia
2739 2373 2965 2420 tentatus
2997 2367 3164 2420 fuisse
3193 2384 3282 2436 per
3322 2383 3421 2422 om-

1841 2460 1930 2512 nia
1971 2459 2252 2512 secundum
2283 2457 2676 2510 similitudinem
2721 2467 2982 2522 nostram,
3022 2457 3216 2511 dicitur
3243 2467 3422 2516 tamen

1843 2549 2073 2622 dabsque
2105 2561 2312 2620 peccato
2347 2547 2533 2622 (Hebr.
2567 2548 2734 2622 ιγ),ἰά
2761 2549 3082 2620 est,absque
3115 2548 3273 2620 hujus
3298 2565 3422 2620 pas-

1207 2683 1479 2751 tamam
1516 2683 1754 2742 causa
1791 2645 2358 2742 densissimus.

241 2779 390 2836 'Cum
427 2779 721 2850 Apostolus
749 2777 814 2834 ad
843 2777 1062 2834 Galatas
1089 2787 1283 2850 (tuarto
1306 2794 1426 2848 cap.
1455 2777 1618 2850 (quod
1647 2781 1736 2834 hic

177 2851 414 2920 signatur)
463 2849 770 2933 quindecim
804 2849 1174 2933 tantummodo
1205 2859 1296 2904 aut
1336 2849 1728 2933 septemdecim

175 2935 312 2988 opera
345 2921 530 2978 carnis
577 2927 878 2984 enunieret,
925 2921 1195 2990 quomodo
1241 2936 1430 2974 verum
1478 2931 1560 2976 est
1593 2921 1734 2990 quod

175 2994 330 3064 omnia
351 2991 486 3064 vitia
515 2991 843 3064 generaliter
861 2992 1294 3064 pronuntiaverit
1314 3005 1436 3046 esse
1465 2991 1736 3046 carnalia?

178 3061 490 3134 Responderi
518 3059 704 3134 potest
725 3063 933 3134 duobus
961 3063 1156 3134 ιΙΙΟάίξὶ.
1183 3059 1367 3134 Primo
1398 3077 1492 3132 per
1513 3077 1733 3134 carnem

173 3133 372 3204 intelligi
393 3133 680 3204 hominem
693 3133 960 3188 carnalem
977 3149 991 3192 :
1011 3133 1234 3202 proinde
1253 3148 1415 3202 Opera
1435 3133 1613 3188 carnis
1628 3133 1736 3188 dici

1841 2779 1988 2849 pium
2024 2780 2262 2834 omnium
2289 2787 2658 2849 peccatorum.
2695 2778 2768 2832 Ita
2797 2787 3016 2849 sanctus
3047 2777 3304 2832 Thomas.

1913 2850 2222 2904 bEnindetn
2281 2847 2680 2904 distinctionem
2733 2849 2930 2904 indicat
2973 2847 3039 2904 D.
3093 2849 3426 2920 Augustinus

1843 2921 1930 2976 ubi
1961 2937 2120 2990 supra
2149 2936 2266 2986 cap.
2303 2921 2354 2974 -i.

1919 3004 1939 3030 ο
1963 2987 2052 3048 Sic
2084 3001 2136 3064 et
2181 2993 2308 3064 alibi
2353 2990 2640 3044 Cassianus
2676 2989 2826 3064 (Lib.
2857 3006 2908 3044 Vt
2953 2987 3135 3064 Instit.
3175 3007 3292 3057 cap.
3323 2993 3422 3064 '5):

1843 3063 2040 3118 Ca‘tera
2069 3063 2190 3116 vitia
2225 3063 2378 3114 etiam
2411 3079 2502 3134 usu
2545 3063 2812 3134 hominum
2853 3072 2898 3114 et
2927 3062 3181 3134 exercitio
3213 3062 3426 3134 purgari

1843 3135 2028 3196 solent,
2083 3143 2126 3186 et
2158 3133 2532 3202 quodammodo
2575 3133 2736 3202 ipsius
2790 3131 2970 3198 lapsus
3001 3131 3286 3198 offensione
3313 3131 3426 3188 icu-

179 3192 718 3276 qinecii'mquehomo,
743 3192 1590 3276 quatetnts'carnalis,'operatur;
1617 3219 1737 3260 car-
1763 3192 1808 3256 C
1843 3207 1948 3258 rari
1979 3192 2082 3258 :ut
2105 3192 2231 3273 pu'ta
2272 3206 2386 3276 irae,
2421 3192 2667 3276 tristititn,
2704 3192 3064 3276 impatientia},
3099 3205 3429 3260 meditatione

175 3279 324 3330 nalem
349 3274 488 3331 vero
522 3274 796 3344 hominem
831 3275 1231 3344 intelligendum
1266 3290 1404 3342 esse,
1431 3276 1518 3344 qui
1545 3291 1736 3330 secun-

173 3347 278 3401 dum
315 3349 580 3416 seipsum,
615 3343 664 3400 id
700 3357 800 3408 est,
833 3343 1126 3402 secundum
1159 3361 1394 3400 amorem
1429 3343 1506 3400 soi
1547 3347 1733 3414 ipsius,

175 3419 302 3472 vivit.
320 3419 472 3484 Quod
493 3417 1076 3486 diligenterannotavit
1095 3419 1152 3468 ι).
1179 3417 1506 3486 Augustinus
1529 3417 1622 3472 lib.
1649 3432 1738 3472 ιη

174 3457 1740 3558 ἁέἓίἕῖἰνὲἔρἶ’ῗλ”’ὲἰ”’ξῖ’ἒί”ρἲἶᾰὶ’ιίῐε“ῗιὶίἶῖὸίἰ’ἰῦιὲὲ”ὶιῖιὶὲ

175 3557 274 3612 loco
309 3555 694 3630 consentaneis
731 3575 742 3610 :
775 3555 840 3630 lu
868 3555 1103 3630 cperibus
1147 3574 1366 3624 namque
1405 3559 1596 3624 carnis,
1625 3573 1741 3629 qua:

175 3631 424 3699 manifesta
445 3629 582 3684 dixit
605 3629 907 3699 Apostolus,
932 3647 1088 3696 eaque
1115 3639 1506 3684 commemorata
1523 3637 1740 3684 damna-

173 3701 230 3752 vit
257 3699 396 3772 (Gal.
423 3703 508 3772 v),
551 3717 650 3752 non
678 3699 768 3752 illa
802 3709 1000 3772 tantum
1035 3701 1318 3753 inrenimus
1347 3716 1469 3772 (inter
1499 3701 1565 3752 ad
1593 3700 1741 3753 volu-

176 3771 342 3838 ptatem
365 3773 635 3844 pertinent
655 3771 864 3844 carnis,
897 3773 1048 3824 sicuti
1076 3781 1196 3824 sunt
1229 3771 1614 3844 fornicationes,
1647 3771 1744 3824 int-

177 3841 446 3912 munditias,
479 3841 730 3912 luxuriae,
758 3841 1046 3904 ebrietates.
1097 3843 1528 3908 comessationes;
1569 3857 1744 3912 verum

173 3913 308 3966 etiarn
347 3911 446 3968 illa
477 3911 666 3980 quibus
709 3913 870 3964 animi
917 3915 1038 3968 vitia
1078 3913 1492 3966 demonstrantur
1527 3929 1560 3964 a
1597 3911 1746 3966 volu—

175 3993 296 4048 ptate
333 3985 512 4040 carnis
545 3981 738 4038 aliena.
784 3982 908 4048 Quis
941 3985 1074 4038 enim
1121 3985 1416 4036 servitutem
1451 3999 1564 4054 qua:
1593 3985 1746 4054 idolis

173 4055 448 4122 exhibetur,
473 4053 746 4124 veneﬁcia.
771 4055 1086 4118 inimicitias,
1119 4055 1492 4120 contentiones,
1533 4053 1748 4108 aemula-

175 4127 338 4192 tiones,
391 4127 776 4190 animositates,
823 4127 1180 4190 dissensiones,
1219 4129 1454 4190 luereses,
1505 4127 1744 4192 invidias,

175 4211 258 4248 non
297 4199 495 4268 potius,
525 4195 780 4268 intelligat
827 4198 988 4250 animi
1035 4197 1160 4250 vitia
1199 4213 1506 4268 essequam
1553 4199 1746 4268 carnis,

171 4267 584 4338 quandoquidem
610 4267 722 4336 ﬁeri
757 4277 916 4338 potest
963 4277 1016 4320 ut
1049 4279 1252 4334 prapter
1283 4267 1632 4322 idololatrian:
1671 4267 1750 4322 vel

173 4335 636 4408 heresis’alicuju’s
663 4335 886 4392 errorem
918 4355 948 4390 a
991 4341 1328 4408 voluptatibus
1360 4340 1531 4392 carnis
1559 4349 1750 4406 tempe-

173 4417 314 4474 retur,
343 4417 390 4464 et
418 4421 600 4464 tamen
623 4409 776 4463 etiam
818 4421 934 4464 tunc
966 4409 1136 4474 homo,
1169 4409 1400 4478 quamvis
1432 4413 1598 4462 carnis
1629 4409 1749 4462 libi-

172 4479 328 4534 dinem
373 4479 653 4550 continere
703 4487 853 4550 atque
898 4479 1128 4534 cohibere
1166 4481 1418 4546 videatur,
1466 4481 1748 4534 secundum

172 4565 360 4606 carnem
399 4554 578 4606 vivere
626 4549 722 4604 hac
759 4549 1042 4620 apostolica
1071 4553 1376 4606 auctoritate
1413 4551 1746 4614 convincitur,

173 4631 212 4674 et
235 4623 286 4676 in
309 4639 374 4680 eo
395 4619 546 4690 quod
589 4619 802 4674 abstinet
829 4637 862 4674 a
889 4621 1232 4690 voluptatibus
1264 4623 1454 4685 carnis,
1485 4619 1754 4674 damnabi-

171 4691 232 4764 ἐξα
267 4709 432 4764 opera
460 4693 646 4764 carnis
675 4709 824 4764 agere
847 4691 1264 4764 demonstratur:9
1303 4693 1370 4748 Et
1401 4693 1748 4764 paulopost:

169 4763 262 4835 Car
287 4762 414 4835 ergo
445 4763 570 4818 hac
597 4763 770 4816 omnia
799 4773 844 4816 et
875 4763 954 4835 his
978 4763 1170 4817 similia
1215 4762 1407 4816 Doctor
1445 4762 1754 4835 gentiumin

168 4831 259 4902 fide
287 4831 596 4906 iit—veritate
627 4849 786 4906 Opera
817 4833 984 4888 carnis
1009 4835 1282 4906 appellat?
1311 4835 1412 4888 nisi
1439 4831 1560 4901 quia
1591 4849 1647 4906 eo
1677 4833 1758 4888 lo-

170 4909 374 4976 cutionis
410 4904 601 4976 modo,
645 4904 748 4974 quo
779 4915 936 4958 totum
973 4904 1298 4976 significatur
1323 4915 1554 4976 ahparte,
1586 4905 1758 4972 ipsum

171 4975 416 5032 hominem
437 4975 560 5048 vult
599 4977 804 5048 nomine
837 4974 1311 5048 carnisiintetligi?
1349 4974 1618 5048 liae-tenus
1649 4977 1758 5048 At}-

171 5055 434 5117 sustines.
511 5045 767 5102 Secundo
815 5046 1115 5114 respondeo
1159 5043 1235 5100 ei
1281 5045 1340 5100 S.
1387 5045 1594 5100 Thoma
1649 5043 1758 5117 (In

171 5116 358 5188 Comiti.
395 5117 592 5172 Gulat.
623 5119 702 5188 γ),
733 5117 873 5188 quod
905 5124 1182 5188 peccatum
1209 5117 1314 5170 dici
1343 5127 1517 5182 potest
1543 5116 1762 5188 carnale

171 5186 484 5258 dupliciter.
533 5185 1040 5258 scilicet'quaiitum
1093 5187 1158 5242 ad
1213 5185 1758 5252 consummationem,

169 5271 216 5312 et
241 5265 324 5316 sic
373 5261 648 5316 dicuntur
697 5260 930 5314 carnalia
981 5259 1072 5314 illa
1115 5269 1318 5312 tantum
1350 5273 1468 5326 qua:
1509 5273 1764 5312 consum-

171 5345 380 5388 mantur
441 5333 504 5388 in
553 5329 914 5384 delectatione
955 5329 1155 5396 carnis,
1208 5329 1420 5384 scilicet
1458 5327 1668 5382 luxuria
1709 5337 1765 5384 et

169 5402 312 5470 gula;
339 5414 402 5460 et
429 5409 708 5472 quantum
733 5401 800 5472 ad
842 5401 1100 5468 radicem,
1131 5409 1188 5454 et
1223 5399 1302 5454 sic
1333 5401 1512 5472 tllllllla
1543 5407 1762 5472 peccata

169 5469 418 5530 dicuntur
452 5469 728 5536 carnalia,
753 5471 806 5526 in
829 5481 1090 5540 quantum
1119 5487 1186 5526 ex
1215 5470 1560 5538 corruptione
1583 5469 1764 5525 carnis

169 5545 340 5600 anima
371 5551 749 5614 aggravatzir,
777 5549 836 5598 ut
875 5541 1073 5614 dicitur
1099 5541 1226 5614 Sap.
1257 5557 1338 5598 is.
1373 5541 1448 5596 Ex
1477 5557 1584 5612 quo
1611 5541 1768 5614 intel-

169 5614 334 5674 lectus
353 5612 698 5674 debilitatus
728 5613 934 5670 facilius
961 5613 1136 5680 decipi
1171 5622 1366 5680 potest,
1398 5621 1452 5668 et
1479 5612 1768 5679 impeditur

168 5699 194 5738 a
219 5701 312 5742 sua
335 5684 982 5764 mriectapperabone.
1019 5683 1172 5740 Unde
1209 5693 1264 5740 et
1293 5700 1360 5740 ex
1399 5683 1500 5764 hoc
1537 5698 1770 5764 sequun-

169 5765 250 5812 tur
295 5754 438 5818 vitia
467 5795 488 5824 ,
521 5755 766 5820 ,scilieet
817 5757 1086 5822 hereses,
1125 5765 1292 5814 sectae
1334 5764 1388 5812 et
1433 5754 1538 5812 alia
1587 5754 1774 5822 hujus-

169 5830 350 5888 modi:
393 5839 458 5887 et
505 5827 620 5882 hoc
648 5827 810 5884 modo
849 5827 1044 5884 dicitur
1081 5828 1226 5898 quod
1251 5827 1426 5884 fomes
1465 5837 1546 5884 est
1576 5826 1775 5896 princi-

1842 3277 2012 3330 cordis
2065 3293 2124 3329 ac
2169 3275 2402 3346 pervigili
2453 3274 2816 3338 sollicitudine,
2851 3275 3074 3346 fratrum
3115 3277 3272 3327 etiam
3317 3277 3426 3344 frc-

1840 3349 2010 3418 quenti
2044 3355 2088 3400 et
2115 3345 2324 3400 assidua
2353 3347 2706 3418 provocatione
2731 3355 3012 3418 sanantur;
3035 3345 3254 3414 dumque
3281 3363 3426 3400 com-

1843 3415 1984 3470 mota
2031 3419 2424 3486 manifestantur
2471 3417 2682 3482 sicarius,
2739 3425 2787 3486 et
2827 3415 3051 3470 crebrius
3110 3427 3425 3486 arguuntur,

1843 3491 1986 3542 ocius
2017 3490 2314 3558 perveniunt
2345 3489 2413 3540 ad
2452 3488 2668 3540 salutem
2687 3485 2833 3558 ,‘77/toc
2879 3503 3001 3558 vero
3042 3485 3429 3557 cum’corporis

1844 3557 2110 3630 afflictione
2155 3567 2205 3610 et
2238 3558 2550 3630 contritione
2589 3557 2760 3610 cordis
2813 3557 3088 3610 solitudine
3133 3573 3332 3626 quoque
3369 3573 3430 3610 ac

1847 3629 2128 3684 remotione
2155 3629 2368 3698 indiget,
2393 3637 2496 3682 etc.

1915 3699 1940 3738 ιι
1970 3701 2141 3754 Verba
2173 3697 2416 3766 Apostoli
2453 3698 2520 3752 ad
2553 3699 2716 3752 Hebr.
2753 3713 2803 3752 tv
2829 3714 2844 3750 :
2875 3697 2996 3752 Non
3024 3697 3158 3750 enim
3186 3697 3430 3752 habemus

1849 3771 2154 3834 Ponti/iacnt
2189 3771 2274 3838 qui
2317 3785 2418 3824 non
2451 3771 2610 3834 possit
2644 3769 2868 3836 compati
2909 3768 3296 3832 inﬁrmitatibus
3333 3785 3432 3822 no-

1845 3843 2002 3906 stris;
2025 3850 2271 3896 tentatum
2293 3849 2464 3894 autem
2489 3857 2578 3910 per
2605 3844 2778 3910 quinia
2799 3856 2892 3910 pro
2924 3839 3284 3910 similitudine,
3317 3839 3432 3910 abs-7

1848 3930 1944 3984 que
1986 3925 2192 3994 peccato
2217 3909 2383 3994 ¹(νίας
2401 3908 2586 3994 _collat.
2615 3908 2712 3994 φὶ..
2737 3908 2884 3994 ιεἶ
2909 3917 2956 3994 ft
2991 3911 3142 3979 seq.).
3171 3908 3270 3994 U_hi
3301 3909 3432 3994 illud

1849 3979 1944 4052 pro
1973 3979 2338 4046 similitudine,
2363 3981 2414 4036 id
2438 3992 2545 4048 est,
2575 3981 2642 4036 ad
2671 3979 3102 4052 similitudinem,
3135 3981 3222 4034 vel
3257 3981 3320 4034 ad
3351 3983 3432 4052 ins

1848 4051 1962 4110 star
1991 4057 2158 4110 nostri
2189 4065 2244 4110 et
2273 4053 2494 4120 perinde
2540 4065 2698 4122 atque
2743 4066 2872 4116 nos;
2900 4051 3090 4114 absque
3115 4061 3346 4122 peccato,
3381 4051 3434 4108 id

1849 4137 1954 4190 est,
1989 4137 2216 4194 excepto
2243 4133 2487 4194 peccato,
2535 4125 2654 4180 sive
2695 4123 2910 4191 proprie
2933 4123 3113 4194 dicto,
3167 4124 3286 4192 quia
3315 4139 3432 4193 pec-

1850 4209 2033 4266 catum
2065 4193 2168 4250 non
2199 4193 2342 4266 fecit,
2381 4211 2472 4250 nec
2506 4197 2740 4250 inventus
2788 4205 2862 4250 est
2905 4193 3058 4246 dolus
3085 4195 3140 4248 in
3181 4209 3268 4246 ore
3292 4197 3430 4265 ejus,

1849 4267 1870 4323 l
1897 4265 2042 4322 Petri
2071 4283 2127 4321 ll.
2167 4265 2229 4320 Et
2257 4270 2328 4322 ita
2353 4266 2550 4322 tentari
2578 4266 2762 4328 voluit,
2799 4277 2857 4320 ut
2898 4276 3073 4318 mneo
3103 4273 3348 4318 tentatus
3379 4266 3434 4320 in

1852 4341 2056 4394 nullum
2087 4339 2432 4392 induceretur
2457 4345 2736 4406 peccatum
2764 4338 2938 4406 :rsive
2979 4345 3198 4404 peccato
3229 4335 3435 4404 impro-

1855 4411 1968 4478 prie
1989 4411 2156 4476 dicw,
2185 4411 2236 4462 id
2261 4421 2360 4472 est,
2395 4405 2861 4478 concupiscentia,
2887 4422 2978 4462 seu
3013 4406 3197 4478 lontite
3219 4415 3274 4460 et
3301 4421 3435 4462 acu-

1855 4425 1968 4478 prte
1989 4423 2156 4476 uicto,
2185 4423 2236 4462 tu
2261 4423 2360 4472 est,
2395 4423 2566 4462 cuneo
2615 4423 2861 4474 iscenua,
2887 4423 2978 4462 seu
3013 4423 3197 4458 ionnte
3219 4423 3274 4460 et
3301 4423 3435 4462 acu-

1855 4485 1942 4534 leo
1975 4479 2180 4547 peccati
2209 4496 2223 4544 ;
2257 4481 2362 4544 vel,
2391 4489 2444 4532 ut
2473 4477 2530 4534 S.
2562 4423 2798 4532 {incusas
2829 4477 3072 4545 exponit,
3104 4476 3306 4546 absque
3337 4479 3438 4532 mi-

1857 4551 1999 4606 nimo
2033 4561 2178 4604 inotu
2213 4550 2437 4616 peccati.
2477 4548 2526 4602 Ν
2535 4565 2600 4604 οη
2629 4551 2766 4618 enim
2812 4547 2988 4600 habuit
3012 4548 3153 4600 illam
3185 4547 3347 4618 legem
3383 4551 3440 4602 in

1857 4622 2092 4676 membris
2129 4623 2236 4674 suis
2267 4629 2636 4690 repugnantem
2681 4617 2993 4690 legimentis
3035 4633 3164 4684 suat,
3196 4617 3249 4670 et
3280 4620 3440 4683 capti-

1858 4702 2056 4746 siautem
2083 4693 2136 4744 in
2167 4691 2276 4760 lege
2308 4687 2500 4756 peccati
2528 4689 2704 4760 (Rom.
2739 4687 2832 4756 vt),
2861 4703 3018 4754 quant
3050 4697 3106 4740 et
3148 4691 3440 4756 Apostolus

1859 4763 2083 4816 sobinde
2111 4759 2266 4816 Vocat
2295 4769 2572 4830 peccatum
2605 4759 2778 4828 (Rom.
2814 4761 2928 4826 vn),
2965 4760 3088 4830 quia
3120 4773 3184 4810 ex
3211 4769 3442 4830 peccato

1858 4841 1963 4898 est,
1997 4843 2054 4892 et
2093 4833 2158 4885 ad
2193 4829 2468 4901 peccatum
2501 4830 2744 4894 inclinat,
2783 4837 2840 4901 ut
2881 4829 3128 4895 superius
3160 4829 3440 4901 (‘Collanl

1861 4897 1977 4968 cap.
2017 4905 2072 4970 7)
2117 4897 2451 4956 ex'concilio
2481 4901 2724 4956 Trident.
2771 4899 2974 4954 dictum
3021 4907 3126 4952 est.
3156 4897 3440 4970 Quomodo

1861 4991 2010 5044 ergo.
2055 4969 2288 5044 inquies,
2337 4973 2534 5026 dicitur
2561 4971 2810 5044 (Elii-istos
2857 4979 3090 5044 tentatus
3122 4984 3214 5044 per
3259 4969 3441 5044 omnia

1863 5038 2362 5100 advsimiliiudinem
2397 5042 2604 5098 nostri?
2630 5041 2818 5110 Resp,
2859 5043 2941 5104 1°,
2975 5038 3270 5094 secundum
3303 5041 3442 5094 inul-

1867 5125 2038 5172 torum
2090 5115 2504 5183 expositionem,
2551 5113 2823 5168 Christum
2873 5113 2978 5166 dici
3029 5119 3290 5183 tentatum
3347 5125 3442 5178 per

1865 5189 2066 5252 omnia,
2100 5179 2285 5247 idest.
2335 5186 2511 5238 modis
2541 5185 2790 5238 omnibus
2833 5183 3091 5236 afﬂictum
3120 5179 3312 5252 quibus
3342 5193 3443 5234 nos

1867 5251 2110 5312 homines
2141 5257 2302 5326 afﬂigi
2333 5257 2592 5310 solemus.
2628 5255 2876 5308 'l‘entatio
2902 5253 3042 5326 enim
3077 5252 3128 5306 in
3163 5251 3444 5326 Scriptura

1867 5345 2008 5398 saepe
2041 5321 2300 5394 accipitur
2333 5342 2430 5395 pro
2457 5328 2805 5394 perpessione
2824 5325 3084 5398 nialorn_m
3117 5322 3310 5398 quibus
3339 5321 3437 5374 ho-

1869 5391 2025 5454 minis
2044 5391 2348 5454 constantia
2365 5407 2420 5452 et
2443 5391 2695 5465 patientia
2723 5397 2993 5460 probatur.
3015 5391 3223 5465 Eacles.
3240 5407 3439 5446 xxxrv:

1871 5471 1974 5537 Qui
2005 5487 2108 5526 non
2133 5479 2208 5524 est
2239 5461 2478 5532 tentatui,
2506 5469 2632 5539 quid
2663 5468 2791 5524 scit?
2815 5465 3002 5522 Jacoh.
3037 5479 3054 5518 1
3088 5481 3100 5516 :
3133 5461 3296 5539 Omne
3319 5478 3446 5539 gou-

1869 5533 2006 5596 dium
2037 5542 2342 5614 existimate,
2378 5533 2586 5612 fratres,
2617 5557 2732 5614 cunt
2757 5541 2810 5592 in
2841 5539 3004 5614 varias
3031 5533 3332 5614 tentationes
3359 5533 3446 5588 irt-

1870 5615 2117 5678 cideritis,
2149 5626 2254 5666 etc.
2292 5605 2597 5666 Et'rursnm
2627 5629 2638 5664 :
2669 5610 2854 5663 Beatus
2891 5609 2966 5662 vir
2990 5607 3076 5678 qui
3121 5605 3323 5678 suffert
3339 5615 3448 5660 ten»-

1873 5675 2138 5751 tationent,
2163 5687 2410 5752 quoniam
2440 5699 2556 5736 cum
2589 5681 2830 5750 probatus
2857 5675 3033 5752 fuerit,
3065 5675 3448 5752 etc._Cl_tristus

1873 5771 2001 5826 ergo
2033 5745 2266 5811 tentatus
2301 5769 2393 5824 per
2423 5745 2622 5826 omnia,
2647 5754 2768 5826 quia
2799 5745 2977 5826 omnia
3009 5748 3146 5802 mala
3183 5745 3342 5826 hujus
3371 5745 3449 5802 vi-

1877 5820 2252 5896 tae'expertus,
2281 5820 2400 5894 qua:
2427 5825 2630 5879 scilicet
2661 5823 2757 5878 toti
2799 5820 3074 5878 hominum
3101 5823 3286 5886 generi
3323 5826 3452 5878 sunt
