4012 6336
249 392 337 452 617

1017 388 1357 447 COLLA'I'IO
1400 387 1464 446 V.
1492 420 1565 433 —
1595 382 1691 447 DE
1728 384 1910 448 ()CTO
1949 380 2476 451 PRINCIPALIBUS
2513 390 2735 450 VlTIlS.

3413 401 3520 461 618

251 502 628 576 generatricem
656 502 776 572 ejus
803 500 1111 570 passionem
1139 501 1397 573 deceptus
1420 501 1691 557 illecebris
1713 501 1824 558 dia-
1849 506 1904 567 Α
1929 502 2137 571 sperari
2166 501 2331 574 [Lips.
2370 505 2424 557 in
2461 520 2627 576 marg.
2665 504 2912 579 sperare]
2940 507 3009 563 ab
3034 521 3102 563 eo
3128 509 3361 565 fructum
3392 526 3519 581 pec-

250 596 343 652 boli
374 594 697 664 recepisset.
727 594 795 649 Et
820 595 890 650 ob
910 596 1013 649 hoc
1043 592 1210 650 Filius
1234 595 1329 649 Dei
1361 609 1466 648 non
1496 595 1743 650 absolute
1772 594 1827 649 in

1932 594 2062 655 cati,
2095 594 2252 663 cujus
2280 610 2402 649 eum
2432 595 2642 651 semina
2672 596 2755 652 vel
2784 597 2997 652 radices
3026 599 3177 654 nullo
3222 601 3385 656 modo
3430 617 3517 658 re-

250 702 395 744 carne
423 687 639 757 peccati
664 686 883 741 venisse
902 684 1123 751 dicitur,
1146 685 1240 741 sed
1268 687 1323 741 in
1347 686 1691 741 similitudine
1712 701 1830 741 car-
1929 685 2143 755 cepisse
2194 685 2471 742 cernebat.
2517 686 2671 745 Licet
2728 688 3027 745 secundum
3081 700 3103 729 ε
3148 689 3375 757 Lucam,
3423 694 3519 763 qui

248 783 312 837 nis
354 782 549 851 peccati
589 779 771 854 (Rom.
804 781 923 849 vni)
951 798 965 836 :
996 781 1124 851 quia
1152 794 1276 836 cum
1319 789 1467 838 esset
1491 781 1549 837 in
1591 797 1659 837 eo
1695 797 1826 838 vera

246 889 381 941 caro,
413 874 755 930 manducans
782 874 1018 940 scilicet,
1056 882 1113 930 et
1160 873 1372 939 bibens,
1421 885 1476 931 et
1526 875 1824 943 dormiens,

243 969 505 1025 clavorum
532 984 750 1039 quoque
776 968 1143 1024 conlisionem
1168 970 1221 1023 in
1244 968 1475 1025 veritate
1496 969 1821 1039 suscipiens,

246 1069 511 1131 peccatum
570 1059 715 1129 ejus,
769 1060 911 1131 quod
968 1062 1474 1130 praivaricationem
1527 1062 1820 1128 contraxit,

246 1166 417 1206 verum
466 1165 576 1207 non
625 1150 849 1215 habuit,
902 1152 998 1208 sed
1047 1153 1450 1225 imaginarium.
1508 1154 1627 1211 Non
1675 1156 1820 1211 enim

245 1242 427 1314 ignitos
485 1244 710 1300 aculeos
766 1245 1224 1314 concupiscentia:
1274 1248 1511 1303 carnalis
1565 1259 1823 1319 expertus

243 1348 336 1402 est,
369 1337 463 1407 qui
510 1339 676 1392 etiam
707 1337 1013 1394 nolentibus
1055 1341 1210 1395 nobis
1250 1350 1446 1396 natura
1483 1341 1597 1411 jam
1642 1343 1819 1397 admi-

240 1427 496 1483 nistrante
536 1439 896 1499 consurgunt,
930 1429 1027 1486 sed
1053 1430 1213 1501 hujus
1240 1432 1531 1502 quamdam
1563 1434 1820 1491 similitu-

239 1516 430 1583 dinem,
478 1528 730 1573 naturam
777 1519 1154 1590 participando
1201 1521 1464 1594 suscepit.
1515 1523 1649 1580 Nam
1693 1540 1813 1582 cum

236 1608 402 1664 omnia
430 1626 553 1679 quae
583 1610 747 1667 oflicii
780 1613 957 1668 nostri
986 1622 1116 1668 sunt
1142 1614 1195 1669 in
1228 1616 1455 1671 veritate
1484 1617 1812 1687 compleret,

236 1703 647 1759 et‘universas
686 1705 1025 1762 infirmitates
1071 1716 1313 1778 gestaret
1357 1708 1646 1778 humanas,
1682 1726 1817 1768 con-

234 1804 513 1866 sequenter
541 1795 668 1852 huic
715 1812 931 1869 quoque
962 1799 1200 1869 passioni
1252 1811 1469 1871 putatus
1498 1812 1585 1859 est
1627 1804 1812 1875 subja-

1931 786 2264 847 postremam
2306 780 2660 837 tentationem
2692 780 2839 836 illam
2874 783 3028 852 ponit
3052 797 3155 852 qua
3183 782 3419 839 dicitur:
3455 785 3520 843 Si

1929 865 2103 923 Filius
2142 866 2241 923 Dei
2269 885 2347 935 es,
2377 870 2521 924 mitte
2551 880 2597 925 te
2630 872 2864 926 deorsum
2887 872 3036 943 (Luc.
3063 874 3156 944 iv),
3182 874 3298 929 haec
3326 890 3521 944 super-

1925 962 2034 1019 bia:
2068 962 2249 1033 passio
2280 964 2450 1033 possit
2485 964 2737 1035 intelligi,
2770 966 2841 1021 ita
2864 974 2925 1021 ut
2950 968 3039 1022 illa
3066 968 3321 1037 superior
3349 984 3516 1040 quam

1926 1054 2209 1111 Matthteus
2253 1057 2464 1112 tertiam
2511 1057 2692 1126 ponit,
2740 1058 2791 1112 in
2841 1073 2945 1129 qua
2989 1060 3141 1129 juxta
3191 1061 3515 1130 praedictum

1924 1150 2126 1207 Lucam
2152 1150 2539 1221 evangelistam
2557 1152 2737 1206 omnia
2760 1152 2809 1207 ei
2836 1167 2999 1223 regna
3023 1154 3207 1208 mundi
3237 1155 3286 1209 in
3314 1168 3519 1225 puncto

1925 1244 2183 1312 temporis
2217 1243 2508 1299 ostendens
2544 1242 2798 1299 diabolus
2835 1245 3184 1314 repromittit,
3215 1249 3517 1317 accipiatur

1924 1336 2104 1405 passio
2142 1334 2508 1407 philargyriaa,
2539 1335 2682 1404 quod
2714 1336 2926 1392 scilicet
2964 1348 3086 1406 post
3113 1341 3515 1411 gastrimargiae

1920 1427 2204 1482 victoriam
2246 1426 2611 1482 fornicatione
2649 1442 2773 1482 eum
2822 1436 3028 1485 tentare
3068 1444 3175 1485 non
3209 1433 3512 1500 praevalens

1919 1518 1986 1574 ad
2020 1518 2406 1590 pliilargyriam
2444 1518 2739 1584 transierit,
2770 1535 2931 1589 quam
2962 1521 3198 1577 radicem
3242 1525 3509 1581 malorum

1922 1614 2165 1669 omnium
2198 1622 2444 1679 noverat,
2489 1615 2541 1669 in
2572 1629 2678 1684 qua
2709 1615 2907 1671 iterum
2940 1629 3247 1687 superatus,
3295 1621 3510 1677 nullum

1918 1703 1967 1759 ei
1996 1704 2189 1760 vitium
2212 1718 2279 1759 ex
2302 1703 2387 1759 his
2410 1720 2531 1774 quae
2556 1704 2927 1775 sequebantur
2941 1706 3052 1777 jam
3073 1722 3237 1764 ausus
3259 1710 3511 1781 ingerere

1917 1796 2138 1869 (quippe
2169 1811 2289 1866 qua:
2321 1805 2548 1852 noverat
2578 1797 2647 1852 de
2672 1796 2789 1867 ejus
2813 1798 2996 1855 radice
3022 1814 3085 1855 ac
3108 1801 3298 1858 fomite
3330 1803 3508 1872 pullu-

234 1902 360 1955 me,
388 1898 449 1942 υι
472 1903 571 1957 ρει-
591 1888 689 1946 has
715 1890 1058 1947 inﬁrmitates
1079 1894 1241 1948 etiam
1263 1894 1628 1951 conditionem
1652 1896 1815 1966 hujus
1845 1902 1891 1965 Β
1919 1889 2072 1960 lare),
2113 1890 2181 1944 ad
2222 1898 2521 1944 extremam
2564 1890 2836 1959 superbia:
2867 1892 3141 1947 transierit
3170 1895 3505 1964 passionem,

234 1994 440 2050 quoque
485 1980 606 2036 vitii
654 1992 819 2051 atque
868 1985 1075 2052 peccati
1124 1985 1399 2042 videretur
1426 1987 1481 2042 in
1513 2000 1606 2042 sua
1648 2002 1812 2044 carne

232 2083 453 2141 portare.
490 2074 738 2147 Denique
769 2076 821 2131 in
852 2076 937 2133 his
966 2094 1091 2133 eum
1120 2081 1497 2137 tantummodo
1526 2081 1670 2137 vitiis
1694 2081 1812 2137 dia-

229 2167 368 2222 bolus
398 2176 603 2234 tentat,
648 2169 702 2223 in
740 2169 941 2239 quibus
970 2181 1024 2226 et
1055 2171 1204 2227 illum
1232 2172 1464 2243 primum
1495 2173 1806 2244 deceperat,

229 2259 514 2329 conjicicns
560 2260 706 2316 hunc
754 2277 969 2333 quoque
996 2263 1140 2319 velut
1175 2263 1450 2321 hominem
1477 2264 1728 2322 similiter
1754 2266 1807 2321 in

226 2353 428 2407 caeteris
460 2352 823 2420 illudendum,
853 2357 898 2410 si
930 2371 1053 2411 eum
1098 2357 1151 2412 in
1196 2358 1303 2413 illis
1340 2358 1536 2429 quibus
1572 2361 1805 2430 priorem

227 2446 493 2516 dejecerat
558 2448 817 2504 sensisset
874 2449 1093 2506 elisum.
1147 2451 1347 2507 Verum
1406 2453 1457 2508 ei
1509 2452 1808 2509 secundum

224 2540 318 2609 jam
357 2540 621 2596 morbum
644 2538 695 2607 δ,
725 2541 815 2611 qui
843 2540 912 2598 de
938 2542 1121 2599 radice
1152 2544 1470 2614 principalis
1489 2545 1606 2600 vitii
1631 2545 1811 2615 pullu-

225 2632 364 2700 larat,
412 2634 599 2703 primo
638 2636 946 2691 certamine
984 2635 1299 2692 confutatus
1345 2637 1547 2694 inferre
1572 2653 1679 2693 non
1710 2653 1808 2708 po-

222 2725 333 2779 tuit.
370 2724 607 2780 Videbat
634 2725 780 2781 enim
810 2725 1117 2783 nullatenus
1144 2742 1267 2784 eum
1302 2727 1565 2784 initialem
1586 2743 1804 2785 causam

222 2816 553 2886 aegritudinis
596 2816 757 2887 hujus
805 2819 1143 2889 suscepisse,
1195 2829 1421 2891 eratque
1468 2820 1802 2891 superfluum

1915 1999 2020 2055 qua
2052 1993 2281 2039 noverat
2307 1983 2469 2039 etiam
2497 1983 2771 2054 perfectos
2796 2000 3045 2057 quosque
3072 1987 3302 2044 devictis
3326 1988 3507 2044 omni-

1914 2076 2017 2131 bus
2047 2075 2192 2132 vitiis
2214 2089 2373 2145 posse
2401 2076 2641 2145 pulsari;
2671 2090 2776 2146 qua
2816 2077 2978 2131 etiam
3007 2078 3088 2133 vel
3120 2080 3357 2149 seipsum
3382 2096 3506 2137 cum

1914 2180 2060 2227 esset
2103 2169 2343 2236 Lucifer,
2376 2169 2462 2225 vel
2497 2172 2804 2238 complures
2840 2170 2998 2237 alios,
3026 2172 3231 2241 absque
3265 2171 3291 2209 δ
3315 2173 3508 2229 incita-

1913 2272 2096 2320 mento
2127 2260 2555 2332 prmcedeutium
2588 2260 2927 2329 passionum,
2951 2262 3021 2318 de
3045 2263 3364 2320 cmlestibus
3390 2280 3509 2322 me-

1914 2356 2151 2414 minerat
2205 2354 2499 2408 corruisse.
2552 2350 2710 2407 Juxta
2765 2351 2906 2407 hunc
2957 2368 3088 2424 ergo
3140 2370 3301 2423 quem
3360 2372 3503 2426 pra:-

1915 2450 2154 2506 diximus
2182 2446 2455 2512 ordinem,
2481 2444 2574 2515 qui
2599 2445 2669 2501 ab
2705 2446 3035 2515 evangelista
3066 2446 3210 2502 Luca
3240 2448 3504 2506 describi-

1913 2554 2023 2611 tur,
2049 2542 2214 2599 etiam
2242 2542 2359 2612 ipsa
2391 2539 2484 2595 illa
2528 2538 2794 2594 illicitatio
2832 2551 2885 2593 et
2911 2540 3077 2609 ligura
3113 2542 3499 2610 tentationum,

1910 2635 2110 2706 quibus
2131 2634 2219 2690 vel
2241 2633 2395 2688 illum
2419 2632 2681 2702 primum,
2705 2630 2787 2685 vel
2810 2630 2974 2685 istum
3005 2632 3304 2688 secundum
3329 2634 3499 2689 Adam

1910 2729 2297 2787 callidissimus
2320 2724 2635 2797 aggreditur
2656 2724 2925 2788 inimicus,
2951 2725 3350 2796 elegantissime
3369 2743 3502 2784 con-

1909 2823 2072 2895 gruit.
2106 2820 2188 2877 llli
2219 2832 2454 2888 namque
2480 2815 2977 2884 dicit:Aperientur
3003 2817 3140 2871 oculi
3165 2818 3355 2885 vestri;
3377 2818 3501 2874 huic

1283 2933 1545 2991 ALARDI
1585 2934 1820 2992 GAZIEI
1860 2931 2427 2992 COMMENTARIUS.

279 3036 305 3065 ι
344 3026 643 3082 Naturales
682 3025 890 3081 scilicet
930 3035 986 3081 et
1026 3025 1298 3081 innoxias.
1346 3026 1485 3082 Sunt
1525 3028 1669 3082 enim
1717 3028 1812 3082 hu-

215 3113 379 3156 mana:
428 3096 781 3153 infirmitates
821 3096 1069 3167 quadam
1118 3097 1413 3161 naturales,
1444 3113 1566 3166 qua:
1593 3098 1721 3153 licet
1746 3114 1815 3155 ex

215 3172 363 3237 culpa
388 3178 449 3225 et
485 3168 925 3237 transgressione
957 3172 1251 3239 primorum
1301 3178 1585 3235 parentum
1632 3180 1809 3224 ortum

218 3240 483 3305 habeant,
515 3254 624 3293 non
656 3247 837 3293 tamen
866 3254 935 3294 ex
963 3254 1021 3293 se
1051 3239 1116 3293 ad
1144 3239 1360 3309 culpam
1404 3239 1689 3309 impellunt
1718 3250 1811 3295 aut

215 3312 567 3381 pertrahunt,
593 3309 687 3381 sed
708 3311 891 3381 potius
913 3310 1196 3365 materiam
1222 3310 1462 3381 praebent
1490 3311 1811 3381 exercenda:
1854 3348 1861 3355 .

216 3379 446 3447 virtutis,
488 3392 550 3436 ut
597 3379 793 3443 fames,
837 3380 978 3444 sitis,
1024 3380 1358 3450 defatigatio,
1389 3380 1711 3437 mortalitas.
1747 3381 1811 3436 Et

214 3455 324 3523 ejus
378 3439 605 3523 generis
663 3439 1007 3523 infirmitates
1062 3439 1250 3507 revera
1306 3439 1579 3523 innocuas
1623 3439 1883 3507 decuitC

213 3521 489 3579 Christum
519 3536 802 3576 assumere
828 3540 839 3573 :
871 3522 1012 3577 unde
1034 3524 1242 3589 esuriit,
1274 3522 1464 3583 sitivit,
1488 3521 1808 3591 defatigatus

213 3606 310 3661 est,
359 3603 623 3650 mortuus
664 3602 750 3646 est
778 3608 876 3661 pro
912 3593 1087 3659 nobis,
1122 3603 1182 3647 ut
1219 3607 1388 3648 sacrm
1436 3592 1632 3648 litterae
1673 3602 1812 3649 atte-

209 3676 441 3721 stantur.
482 3663 623 3720 Alite
643 3676 777 3718 vero
804 3673 929 3719 sunt
954 3666 1255 3733 passiones,
1286 3662 1563 3719 naturales
1589 3665 1807 3734 quidem

209 3738 253 3792 si
282 3748 552 3792 naturam
584 3734 791 3803 lapsam
831 3733 1180 3801 attendimus,
1230 3734 1564 3790 innaturalcs
1605 3733 1737 3790 vero
1764 3736 1809 3790 si

213 3808 611 3862 rectitudinem
640 3804 763 3873 ejus
792 3814 847 3859 et
878 3805 1104 3874 primam
1129 3805 1527 3860 institutionem
1556 3806 1808 3860 conside-

208 3894 416 3944 ramus,
446 3892 563 3931 non
590 3883 803 3931 tantum
830 3892 895 3930 ex
925 3876 1080 3946 culpa
1119 3876 1449 3947 prodeuntes
1476 3884 1531 3930 et
1559 3876 1813 3944 praevario

209 3950 425 4004 catione
477 3948 781 4017 primorum
826 3946 1135 4016 parentum,
1161 3963 1347 4001 verum
1386 3946 1555 4002 etiam
1596 3948 1663 4001 ad
1695 3947 1814 4001 cul-

207 4033 327 4089 pam
358 4020 723 4075 occasionem
755 4018 974 4089 etiviam
1017 4018 1342 4088 praebentes,
1380 4028 1474 4071 aut
1516 4018 1688 4089 culpae
1718 4031 1815 4089 an-

208 4088 386 4156 nexaa,
422 4098 490 4144 ut
519 4088 993 4159 suntgproclivitas
1021 4089 1090 4143 ad
1120 4090 1343 4155 malum,
1379 4089 1601 4142 tarditas
1626 4088 1693 4142 ad
1721 4088 1815 4142 bo.

207 4177 353 4227 num,
380 4158 731 4231 ignorantia,
760 4158 933 4213 fomes
957 4159 1186 4229 peccati,
1211 4161 1329 4231 sive
1350 4160 1813 4231 concupiscentia,

202 4247 261 4287 ac
286 4227 664 4287 sensualitas.
700 4228 836 4283 Istas
870 4227 1051 4286 autem
1080 4244 1188 4285 non
1215 4229 1397 4285 decuit
1424 4227 1702 4285 Christum
1730 4244 1817 4285 as-

204 4318 428 4384 sumere
455 4298 813 4384 (Damascen.
837 4300 944 4384 lib.
960 4317 1019 4357 ιιι
1048 4317 1167 4384 cap.
1186 4301 1278 4368 20,
1300 4301 1367 4384 de
1388 4300 1520 4355 Fide
1543 4301 1813 4384 Dat/rods).

204 4374 335 4429 Nam
379 4371 485 4444 qui
540 4380 765 4443 peccata
805 4373 953 4444 venit
994 4371 1207 4439 tollere,
1242 4371 1648 4444 profectonulli
1683 4371 1814 4439 labi,

201 4455 289 4500 aut
340 4443 598 4525 macula;
638 4444 877 4525 peccati,
927 4443 1271 4525 fomentoque
1319 4443 1387 4498 ad
1425 4443 1636 4525 culpam
1694 4457 1819 4525 pro-

202 4519 420 4571 vocanti
480 4512 684 4568 debuit
733 4527 855 4569 esse
904 4512 1202 4583 obnoxius,
1238 4528 1340 4569 nec
1396 4512 1575 4568 solum
1629 4524 1816 4583 natura

200 4589 612 4661 bapézpmgc,
663 4584 715 4638 id
760 4594 862 4661 est_
892 4585 1276 4661 impeccabilis,
1298 4595 1367 4661 _ut
1408 4584 1572 4661 Deus,
1618 4582 1714 4638 sed
1763 4592 1819 4637 ut

200 4654 726 4727 homo'mediatur,
743 4663 798 4709 et
826 4654 1177 4725 Redemptor,
1205 4666 1261 4711 et
1286 4655 1558 4727 Pontifex,
1586 4661 1815 4719 sanctus,

198 4730 485 4791 innocens,
536 4725 873 4798 impollutus,
918 4735 1219 4798 segregatus
1260 4742 1291 4779 a
1332 4725 1708 4798 peceatoribus,
1760 4733 1819 4779 ut

194 4800 267 4855 ait
309 4797 645 4879 épostolus
688 4795 852 4879 ilebr.
881 4812 954 4879 χιι
974 4795 1087 4879 “ne
1111 4808 1165 4852 et
1191 4798 1292 4879 ipsi
1325 4795 1813 4879 ineritolobjicere-
1842 4818 1894 4879 ι)

196 4881 283 4925 tur
318 4865 473 4926 illud
521 4865 847 4939 vulgatum,
872 4865 1091 4935 Mediae,
1121 4884 1245 4921 cura
1276 4868 1497 4939 teipsum
1524 4865 1679 4939 (Luc.
1712 4867 1812 4937 tv).

195 4941 373 4996 Porro
418 4937 727 5011 passiones
773 4938 1224 5011 priniiggeneris,
1261 4953 1381 5011 qua:
1423 4937 1551 4993 licet
1595 4938 1715 5011 sint
1749 4952 1816 4993 ex

196 5014 384 5082 culpa,
420 5008 582 5082 ἠοιιΔ
634 5018 813 5082 tamen
857 5009 1118 5064 inclinant
1162 5008 1229 5063 ad
1272 5008 1485 5077 culpam
1505 5052 1536 5082 ,Α
1576 5009 1817 5082 duplices

198 5078 361 5139 sunt:
395 5079 678 5153 quaedam
726 5081 871 5133 enim
914 5094 1231 5153 communes
1277 5089 1399 5138 sunt
1441 5078 1540 5134 toti
1579 5078 1818 5134 humano

196 5151 601 5224 generi,_quae
644 5156 809 5204 totam
850 5160 1095 5224 naturam
1141 5151 1427 5224 humanam
1470 5164 1815 5220 consequun-

197 5221 305 5291 tur;
326 5221 615 5297 quaedam
634 5235 765 5275 vero
784 5221 1097 5289 personales
1113 5222 1555 5297 etparticulares,
1571 5234 1688 5287 qua:
1713 5235 1818 5297 non

198 5290 369 5351 totam
418 5296 742 5349 humanam
779 5300 1050 5362 naturam,
1088 5290 1203 5346 sed'
1222 5292 1524 5362 singulares
1560 5290 1820 5362 quasdam

196 5379 477 5434 personas
516 5362 847 5430 respiciunt,
878 5372 932 5416 et
963 5361 1224 5434 afficiunt,
1254 5360 1473 5434 ut'sunt
1500 5360 1650 5416 varia
1680 5375 1823 5416 mor-

197 5431 395 5492 borum
453 5446 713 5505 genera,
763 5434 1009 5505 caecitas.
1060 5433 1325 5505 surditas,
1370 5431 1717 5505 deformitas,
1769 5440 1824 5486 et

196 5500 558 5577 linjusmoai.
603 5502 867 5571 Quoniam
900 5511 1080 5559 autem
1111 5503 1360 5557 Christus
1386 5513 1607 5557 venerat
1635 5500 1823 5583 huma-

194 5596 315 5634 nam
358 5589 657 5634 naturam
702 5588 977 5643 reparare,
1004 5587 1070 5629 ac
1109 5583 1415 5629 restaurare
1443 5581 1822 5639 communiter,

193 5658 247 5703 et
280 5653 408 5705 sine
456 5658 839 5714 personarum
866 5643 1234 5707 distinctione,
1266 5659 1367 5714 par
1390 5644 1491 5698 fuit
1518 5645 1691 5714 ipsum
1721 5658 1822 5699 na-

197 5723 406 5777 turales
436 5714 760 5779 duntaxat,
790 5724 845 5772 et
882 5732 987 5770 non
1019 5716 1356 5785 personales,
1400 5716 1737 5785 inﬁrmitates
1766 5714 1819 5769 in

193 5808 253 5848 sc
279 5792 635 5862 suscipere.
660 5785 811 5862 Unde
837 5802 937 5841 nec
964 5784 1182 5862 morbos
1203 5789 1613 5862 contraxit,_nec
1641 5784 1823 5862 defor-

194 5866 429 5923 mitates
445 5856 761 5926 corporis,
790 5872 910 5926 qua:
936 5858 1254 5927 plerumque
1282 5857 1590 5912 hominibus
1619 5856 1689 5912 ob
1722 5856 1823 5913 im-

697 5950 966 6012 ΡΑτιιοι..
1018 5948 1260 6029 XLIX,

1917 3026 2285 3098 pedimentum
2314 3020 2530 3098 aliquod
2572 3026 2781 3098 natura:
2824 3018 3499 3098 aut_fortu_ito_accidunt.

1988 3096 2015 3136 δ
2057 3096 2279 3155 Scilicet
2318 3088 2569 3155 luxuriae,
2601 3090 2691 3158 qui
2726 3090 2794 3161 de
2822 3088 3005 3144 radice
3042 3091 3354 3161 principalis
3383 3097 3500 3150 vitii

1914 3168 2147 3241 (scilicet
2169 3165 2333 3237 gula!)
2361 3160 2727 3241 pull_ularat_ir_i
2744 3160 3136 3241 _h0mine,'elc.

1990 3250 2013 3277 ο
2055 3230 2229 3293 Lucas
2254 3230 2585 3305 evangelista
2608 3230 2801 3302 (Ibid.)
2835 3232 3187 3305 tentationern
3206 3236 3503 3292 secundam

1912 3325 1941 3363 a
1982 3309 2233 3365 Matthaao
2269 3302 2518 3370 relatam,
2554 3317 2660 3357 non
2691 3302 2952 3366 secundo,
3000 3303 3094 3355 sed
3138 3304 3330 3359 ultimo
3380 3307 3503 3362 loco

1912 3382 2086 3449 ponit.
2137 3378 2293 3436 Unde
2340 3384 2589 3446 quaerunt
2638 3374 2964 3441 interpretes
3006 3381 3127 3427 uter
3172 3377 3501 3445 evangelista

1912 3451 2159 3507 ordinem
2187 3464 2368 3505 rerum
2403 3454 2678 3517 gestarum
2720 3458 2786 3517 ac
2828 3450 3497 3517 tempornrnvservaverit.

1911 3521 2097 3592 Neque
2143 3519 2286 3576 enim
2331 3514 2701 3592 evangelista},
2745 3514 2882 3592 sicut
2929 3528 3029 3567 nec
3073 3514 3162 3569 alii
3203 3517 3499 3584 scriptores

1912 3583 2076 3657 sacri,
2108 3592 2160 3646 in
2194 3583 2504 3645 narratione
2535 3600 2714 3657 rerum
2744 3583 2990 3638 ordinem
3020 3583 3328 3657 temporum
3356 3602 3500 3643 sem-

1911 3678 2010 3733 per
2048 3654 2365 3733 observant.
2414 3658 2484 3713 At
2532 3656 2771 3733 plerique
2805 3654 3499 3733 consentiunt_hl_atthzeum

1913 3724 1979 3790 Eo
2019 3748 2130 3805 quo
2169 3731 2484 3805 acciderunt
2520 3724 2709 3781 Ordine
2738 3726 3077 3805 _tentati_on_es
3116 3724 3317 3805 Christi
3345 3742 3495 3783 com-

1914 3795 2281 3867 memorasse;
2313 3800 2511 3856 Lucam
2540 3811 2671 3852 vero
2702 3797 2818 3865 ejus
2848 3795 3054 3851 ordinis
3084 3798 3357 3867 rationem
3390 3814 3497 3855 non

1914 3874 2192 3940 habuisse,
2224 3866 2367 3943 quod
2414 3885 2486 3925 ex
2532 3877 2678 3943 textu
2713 3866 3037 3943 _eva_ngelico
3076 3866 3221 3943 haud
3262 3868 3500 3943 obscure

1914 3937 2205 4017 colligitur.
2242 3937 2664 4017 'Primum_quia_
2709 3938 2765 3994 S.
2816 3937 3009 4003 Lucas,
3057 3939 3149 4017 ait
3180 3938 3497 4017 Cajetanns,

1916 4009 2072 4073 licet'
2088 4017 2297 4071 tertiam
2340 4012 2480 4083 apud
2518 4009 2832 4083 Matthtemn
2866 4011 3105 4064 secundo
3135 4010 3254 4083 loco
3281 4011 3494 4080 recitet,

1916 4100 1972 4143 et
2008 4086 2302 4143 secundam
2349 4080 2538 4138 ultimo
2584 4082 2709 4137 loco
2745 4080 2964 4147 referat,
3005 4096 3112 4136 non
3149 4081 3280 4136 dicit
3316 4092 3499 4139 tamen

1917 4174 2036 4226 qua:
2067 4159 2281 4214 illarum
2310 4155 2463 4227 prior
2493 4153 2681 4218 fuerit;
2714 4162 2765 4207 et
2788 4161 3077 4227 propterea
3106 4167 3171 4227 ex
3197 4150 3343 4227 Luca
3372 4154 3499 4208 nul-

1920 4222 2003 4285 his
2054 4230 2277 4284 istarum
2313 4222 2672 4281 'tentationem
2726 4222 2860 4278 ordo
2912 4223 3174 4291 temporis
3227 4223 3499 4291 habetur;

1916 4300 2198 4357 Matthteus
2224 4308 2403 4353 autem
2428 4308 2687 4365 expresse
2715 4308 2899 4365 earum
2928 4294 3172 4348 ordinem
3200 4293 3498 4352 secundum

1920 4384 2136 4439 tempus
2186 4370 2438 4438 explicat,
2486 4363 2576 4419 tibi
2607 4366 2777 4439 dicit:
2808 4363 3008 4439 {terum
3044 4366 3501 4439 assumpsitueum

1919 4432 2157 4497 diabolus
2178 4441 2234 4493 in
2257 4432 2477 4492 montem
2495 4434 2776 4489 excelsum.
2809 4432 2940 4487 Cum
2971 4435 3111 4488 enim
3141 4432 3306 4489 semel
3329 4435 3499 4491 dixis-

1919 4522 2044 4568 set:
2074 4510 2221 4565 Tum:
2255 4508 2917 4580 (scilicet,_consummata
2958 4506 3130 4580 prima
3178 4506 3498 4577 tentationc)

1918 4582 2199 4651 assumpsit
2222 4575 2337 4651 eum
2359 4576 2597 4630 diabolus
2620 4576 2669 4626 in
2692 4585 2917 4651 sanctam
2939 4575 3218 4651 civitatem,
3241 4584 3295 4630 et
3316 4575 3502 4645 postea

1919 4644 2202 4710 subdidit:
2236 4648 2433 4702 Iterum
2479 4644 2757 4712 assumpsit
2812 4660 2927 4696 eum
2974 4646 3029 4696 in
3078 4644 3331 4708 montem,
3369 4658 3500 4711 ctc.,

1920 4733 2110 4793 aperte
2133 4718 2451 4793 monstravit
2479 4731 2575 4786 per
2607 4712 2735 4793 illud
2764 4712 2949 4793 iterum
2976 4716 3119 4783 quod
3146 4716 3387 4773 secundo
3416 4732 3502 4793 as-

1919 4784 2149 4862 sumpsit
2206 4792 2256 4845 in
2290 4784 2590 4862 _montém_,
2648 4784 2753 4862 qui.
2793 4784 2968 4855 primo
3002 4798 3391 4862 assumpserat
3446 4788 3504 4841 in

1921 4854 2163 4921 sanctam
2201 4860 2493 4916 civitatem.
2545 4856 2623 4911 lta
2661 4854 2968 4924 Cajeianus:
3002 4854 3098 4909 Est
3148 4864 3205 4910 et
3242 4856 3385 4910 aliud
3413 4872 3501 4910 ar-

1960 4944 2257 4991 umentum.
2284 4929 2416 4986 Cum
2449 4928 2590 4982 enim
2613 4942 2642 4981 a
2664 4925 2881 4981 Christo
2920 4926 3122 4982 dictum
3169 4925 3360 4982 fuisset
3389 4927 3505 4981 dia-

1998 5008 2049 5061 lo
2087 5023 2099 5058 :
2135 5001 2303 5067 Vade,
2352 5002 2575 5061 Satana,
2620 5008 2750 5061 ctc.,
2788 4996 2973 5052 subdit
3017 4997 3277 5061 Evangel.
3312 5016 3322 5048 :
3359 4998 3508 5053 Tunc

1921 5076 2128 5146 reliquit
2153 5089 2270 5146 eum
2285 5070 2570 5146 diabolus;
2594 5078 2679 5146 est
2705 5069 2846 5146 enim
2870 5068 3335 5146 verosimillimum
3384 5069 3503 5146 dia-

1925 5140 2107 5204 bolum
2137 5145 2245 5200 illis
2274 5141 2475 5199 ChriSti
2495 5140 2677 5195 verbis
2708 5142 2952 5194 territum
2978 5141 3289 5209 victumque
3318 5142 3500 5194 statim

1925 5217 2279 5284 abscessisse,
2306 5227 2429 5283 quae
2461 5211 2675 5284 quidem
2715 5211 2879 5284 verba
2910 5210 2963 5263 in
3003 5218 3203 5276 monte,
3242 5225 3345 5264 non
3375 5211 3505 5284 alibi

1925 5290 2069 5345 dicta
2108 5280 2275 5342 snntX
2297 5280 2644 5352 P'orro’quod
2672 5280 2737 5333 ad
2771 5295 2949 5335 mores
2983 5290 3038 5352 et
3077 5282 3509 5352 pnaesentennlo-

1928 5374 2051 5415 curn
2093 5358 2307 5419 attinet,
2340 5354 2442 5408 hoc
2482 5350 2759 5406 annotavit
2792 5354 2951 5405 etiam
3004 5350 3068 5403 D.
3112 5350 3349 5405 Thomas
3381 5350 3510 5420 (Ubi

1926 5445 2091 5499 supra
2138 5428 2205 5482 ad
2236 5425 2317 5496 5),
2359 5424 2504 5499 quod
2551 5422 2803 5499 videntur
2850 5421 3194 5499 evangelista:
3235 5420 3510 5499 diversum

1930 5491 2177 5556 ordinem
2225 5491 2487 5560 tenuisse,
2519 5493 2644 5564 quia
2691 5492 3006 5564 quandoque
3046 5506 3115 5545 ex
3151 5491 3295 5546 inani
3332 5491 3510 5561 gloria

1926 5571 2144 5627 venitur
2197 5567 2266 5623 ad
2326 5563 2708 5635 cupiditatem,
2763 5563 3086 5632 quandoque
3141 5577 3172 5617 e
3221 5576 3513 5632 converso,

1926 5636 2490 5715 quod_nos_t_ro_textui
2517 5645 2641 5705 apte
2663 5642 2942 5715 consonat.
3057 5711 3067 5715 Α
3232 5703 3265 5715 ,η
3311 5703 3343 5715 Α

2000 5710 2028 5750 ά
2067 5710 2148 5766 En
2185 5702 2639 5768 illicitamentum,
2672 5712 2727 5760 et
2764 5703 2923 5775 paulo
2952 5711 3076 5773 post
3114 5702 3404 5769 illicitatio,
3428 5702 3515 5756 ’δυ

1927 5783 2329 5913 ἣῆξξξεξηξυρω
2385 5775 2556 5849 (ϐαρο
2606 5776 2712 5846 4).
2770 5775 2963 5846 quibus
3017 5788 3379 5848 synonymum
3431 5783 3517 5835 est

1927 5856 2172 5911 illiciutn.
