4012 6336
499 312 610 373 619

1559 312 1848 372 JOANNIS
1884 313 2205 372 CASSIANI
2241 312 2740 374 COLLATIONES.

3674 325 3766 389 620

501 411 726 483 oilentlit
765 424 938 479 omnia
976 399 1366 498 regna'mundi
1407 431 1456 478 et
1500 409 1726 496 gloriam
1770 437 1979 492 eorum;
2024 417 2097 479 ibi
2125 417 2180 487 A'
2203 429 2520 480 causantur.
2555 423 2710 491 Quod
2736 427 2893 479 extra
2917 429 3168 479 naturam
3196 423 3269 479 sit
3294 422 3636 502 philargyria,
3659 417 3769 493 hinc

500 523 632 576 dicit
648 535 661 576 :
677 519 846 575 Erilis
871 515 1005 576 nam
1021 515 1099 574 dii
1110 531 1132 587 ς
1158 511 1246 575 hic
1264 561 1279 587 ,
1300 518 1361 575 Si
1383 516 1559 574 Filius
1578 518 1677 576 Del
1698 536 1753 575 es
1771 517 1980 591 (Genet.
2011 531 2102 588 In;

503 611 706 670 Manli.
735 609 833 682 iv).

1106 701 1342 759 CAPUT
1385 701 1498 757 VH.

463 848 478 858 ,
574 791 654 853 De
698 795 1142 853 consummatione
1182 793 1491 850 renodaxic
1533 801 1584 848 et
1635 793 1891 865 superbia:
1927 793 2038 847 sine

471 867 474 871 ’
1001 866 1290 921 ministerio
1319 865 1606 936 corporali.

572 981 643 1036 Et
661 988 723 1036 ut
742 980 812 1036 de
829 977 1142 1036 efficiendis
1165 986 1190 1015 α
1213 985 1535 1033 ceterarum
1555 987 1772 1048 quoque
1795 973 2108 1046 passionum

502 1073 755 1144 (quarum
796 1074 1171 1128 narrationem
1203 1069 1536 1127 intercidere
1573 1083 1673 1126 nos
1705 1069 1977 1140 expositio
2008 1079 2111 1140 ga-

500 1165 828 1235 strimargia:
848 1165 936 1220 vel
956 1163 1259 1219 Dominicis
1283 1163 1602 1218 tentationis
1629 1163 1938 1218 necessario
1961 1174 2112 1216 com-

501 1257 663 1328 pulit)
694 1258 888 1314 eodem
914 1271 1023 1328 quo
1049 1267 1508 1328 preposueramus
1533 1258 1726 1313 ordine
1753 1257 2109 1325 disseramus,

497 1351 802 1408 cenodoxia
845 1360 1011 1424 atque
1055 1349 1314 1422 superbia
1344 1352 1511 1407 etiam
1538 1352 1654 1406 sine
1696 1351 1809 1407 ullo
1855 1361 2112 1406 consum-

500 1446 640 1502 mari
661 1446 836 1502 solent
858 1445 1166 1501 ministerio
1191 1446 1466 1515 corporali
1487 1445 1538 1499 ιι.
1565 1445 1622 1500 1η
1646 1453 1755 1516 quo
1777 1444 1924 1501 enim
1949 1451 2112 1514 egent

499 1538 716 1595 actione
739 1538 965 1607 carnali,
989 1547 1132 1610 quae,
1158 1549 1258 1610 pro
1279 1538 1622 1595 cohibitione
1643 1545 1698 1594 et
1717 1539 2114 1608 concupiscen-

501 1629 600 1696 tia,
633 1630 922 1687 voluntate
968 1632 1083 1686 sola
1129 1631 1514 1702 conquirenda:
1562 1629 1736 1686 laudis
1774 1637 1830 1685 et
1863 1629 2112 1684 humanae

497 1722 692 1793 gloria
711 1725 1119 1797 consequenda:
1147 1725 1361 1782 abunde
1389 1726 1600 1780 ruinam
1623 1733 1884 1796 generant
1911 1723 2112 1778 animae

2210 517 2420 589 liquido
2450 517 2783 589 pervidetur,
2816 520 2945 588 quia
2980 529 3083 573 nec
3125 517 3394 588 originale
3436 521 3680 590 probatur
3721 529 3772 585 in

2211 611 2373 668 nobis
2393 610 2598 667 habere
2629 609 2982 680 principium,
3008 621 3109 666 nec
3135 607 3207 666 de
3227 613 3451 668 materia
3472 617 3772 689 concipitur,

2211 711 2333 776 quis
2360 699 2624 776 pertingit
2658 704 2727 760 ad
2756 704 2954 760 anima:
2980 704 3066 760 vel
3095 705 3276 760 carnis
3308 705 3770 784 participationem,

2213 800 2450 870 vimque
2480 799 2866 855 substantiam.
2899 797 3042 854 Nihil
3088 801 3236 856 enim
3282 799 3352 856 ad
3381 809 3533 858 usum
3563 805 3645 860 vei
3686 819 3776 863 ne-
3841 837 3844 840 ~

2213 892 2530 950 cessitatem
2562 900 2775 947 naturae
2811 890 3126 947 communis
3158 898 3357 962 praeter
3398 901 3570 950 escam
3616 899 3778 966 quati.

2213 984 2432 1040 dianam
2476 997 2541 1040 ac
2588 993 2774 1055 potum
2823 992 3035 1040 certum
3080 992 3168 1040 est
3217 989 3535 1055 pervenire;
3578 989 3781 1059 reliquie

2212 1091 2344 1133 vero
2387 1077 2658 1132 universae
2705 1077 2988 1145 materia,
3036 1077 3378 1146 quantolibet
3421 1078 3594 1134 studio
3639 1089 3783 1150 atque

2213 1184 2404 1226 amore
2429 1179 2738 1237 serventur,
2771 1169 2966 1226 alienae
2994 1178 3176 1224 tamen
3201 1169 3270 1224 ab
3300 1169 3530 1224 humana
3561 1170 3784 1241 indigens

2215 1264 2290 1320 tia
2311 1263 2477 1320 etiam
2500 1277 2603 1318 usu
2635 1263 2762 1317 vitae
2791 1261 2963 1331 ipsius
2989 1259 3388 1331 approbantur,
3423 1259 3640 1331 ideoque
3668 1261 3781 1330 hoc,

2214 1356 2366 1412 velut
2394 1365 2418 1395 ο
2451 1364 2604 1411 extra
2646 1363 2896 1409 naturam
2937 1353 3202 1418 existens,
3235 1365 3343 1407 non
3373 1352 3476 1407 nisi
3509 1349 3708 1423 tepidos
3731 1365 3788 1408 ac

2216 1450 2358 1505 male
2384 1445 2639 1504 fundatas
2670 1447 2970 1503 monachos
2995 1445 3194 1516 pulsat.
3223 1445 3357 1512 Quae
3383 1453 3558 1501 autem
3588 1454 3786 1500 natura-

2215 1543 2290 1599 lia
2308 1550 2439 1599 sunt
2459 1542 2621 1598 etiam
2647 1539 3065 1611 probatissimos
3081 1537 3497 1604 monachorum,
3519 1549 3569 1593 et
3592 1537 3786 1608 quidem

2214 1639 2273 1695 in
2302 1637 2600 1694 solitudine
2641 1643 3072 1703 commorantes,
3101 1640 3374 1690 attentare
3407 1647 3512 1687 non
3536 1633 3787 1688 desimmt.

2215 1731 2286 1787 Et
2334 1732 2387 1786 in
2443 1736 2650 1786 tantum
2701 1727 2805 1784 hoc
2854 1726 3198 1784 verissimum
3247 1725 3659 1797 comprobatur,
3693 1722 3709 1763 ῐ
3739 1731 3791 1780 ut

497 1815 835 1888 captivataai
883 1828 979 1875 aut
1027 1833 1188 1891 quem
1233 1819 1488 1876 eii‘ectum
1536 1817 1725 1876 habuit
1767 1818 2114 1889 corporalem
2145 1821 2194 1886 Β
2221 1825 2386 1881 etiam
2422 1833 2613 1894 gemes
2644 1821 2934 1876 nonnullas
2961 1819 3030 1875 ab
3060 1819 3161 1874 hac
3192 1819 3469 1888 passiOne,
3500 1818 3549 1873 Id
3580 1824 3659 1872 est
3686 1817 3792 1888 phi.

498 1909 754 1980 praedicti
784 1911 1023 1968 Luciferi
1053 1912 1202 1968 illius
1227 1909 1448 1982 antiqua
1474 1912 1730 1982 superbia
1758 1919 1806 1976 ο,
1840 1910 1942 1964 nisi
1968 1909 2112 1980 quod

500 2016 624 2058 eam
656 2004 1039 2060 tantummodo
1071 2005 1254 2060 animo
1285 2012 1340 2060 et
1368 2005 1704 2076 cogitatione
1733 2003 2004 2073 concepit,
2038 2002 2114 2058 ita

501 2095 767 2166 propheta
795 2103 1266 2154 commemorante
1296 2096 1453 2171 (Itai.
1480 2096 1638 2168 xiv):
1679 2097 1780 2164 Qui
1817 2096 2024 2150 dicebas
2059 2095 2115 2149 in

501 2186 658 2242 corde
683 2195 810 2243 tuo:
837 2189 905 2242 In
932 2190 1116 2244 cretum
1149 2191 1513 2254 conscendam,
1539 2201 1692 2261 super
1721 2197 1862 2243 astra
1892 2187 1992 2241 Dei
2023 2203 2118 2258 po-

500 2295 624 2334 nam
665 2282 854 2336 solium
889 2295 1076 2338 meum.
1114 2283 1408 2338 Ascendam
1445 2295 1601 2356 super
1647 2281 1979 2338 altitudinem
2020 2295 2118 2336 nu-

501 2372 663 2440 bium,
695 2382 784 2428 ero
819 2375 1005 2430 similis
1035 2375 1337 2430 Altissimo?
1357 2375 1459 2443 Qui
1490 2377 1632 2431 sicut
1656 2375 1819 2444 hujus
1843 2373 2116 2443 Superbite

501 2464 776 2520 neminem
803 2459 992 2522 habuit
1012 2466 1380 2532 incentorem,
1407 2467 1480 2521 ita
1505 2467 1556 2522 ei
1583 2467 2115 2522 consummationem

499 2557 748 2613 criminis
779 2560 1061 2632 ruinaeque
1091 2565 1374 2632 perpetuae
1404 2561 1660 2631 cogitatio
1703 2561 1818 2616 sola
1865 2559 2114 2631 perfecit,

501 2651 820 2722 etquidem
870 2667 995 2708 cum
1046 2653 1313 2710 aﬂ'ectatm
1359 2652 1669 2725 tyrannidis
1713 2653 1860 2710 nulla
1913 2653 2120 2709 iuerint

504 2755 672 2811 opera
705 2743 1023 2800 subsecuta.

1102 2833 1334 2892 CAPUT
1376 2829 1510 2891 Vill.

502 2923 586 2978 De
606 2925 956 3001 philargyria,
983 2928 1124 3001 quod
1151 2937 1298 2982 extra
1319 2937 1563 3001 naturam
1585 2929 1670 2993 sit,
1697 2937 1748 2984 et
1767 2929 1894 3001 quid
1913 2929 2119 2986 intersit

879 2998 1012 3053 inter
1041 2999 1212 3069 ipsam
1237 3009 1286 3054 et
1314 2999 1576 3055 naturalia
1601 3001 1745 3055 vitia.

579 3105 926 3182 Philargyria
975 3117 1032 3166 et
1073 3109 1177 3178 ira,
1210 3108 1344 3169 licet
1384 3119 1491 3168 non
1539 3113 1651 3168 sint
1696 3115 1860 3168 unius
1908 3119 2119 3170 natura:

2216 1915 2477 1988 largyria,
2520 1913 2722 1970 liberas
2766 1911 3096 1968 omnimodis
3140 1921 3520 1981 agnoscamus,
3565 1908 3682 1978 quia
3711 1917 3792 1964 tie-

2216 2023 2485 2082 quaquam
2525 2008 2643 2063 vitii
2697 2007 2857 2077 hujus
2903 2005 3281 2076 aegritudinem
3313 2017 3412 2058 usu
3443 2009 3498 2059 et
3521 2007 3794 2058 censuetu-

2218 2105 2346 2161 dine
2377 2110 2726 2173 receperunt.
2757 2100 2913 2155 illum
2961 2111 3179 2169 quoque
3204 2105 3229 2145 8
3260 2097 3501 2167 priorem
3531 2094 3790 2161 mundum,

2217 2193 2312 2268 qui
2357 2203 2482 2252 ante
2530 2187 2791 2250 diluvium
2834 2193 2962 2259 fuit,
3011 2191 3324 2246 diutissime
3367 2186 3796 2258 concupiscentia:

2220 2289 2385 2360 hujus
2406 2287 2613 2343 rabiem
2647 2284 2921 2340 credimus
2951 2283 3248 2354 ignorasse.
3273 2281 3410 2348 Quae
3437 2279 3598 2335 etiam
3625 2280 3673 2333 in
3701 2289 3796 2333 uno

2219 2389 2436 2452 quoque
2457 2387 2703 2434 nostrum
2727 2383 2876 2432 recte
2897 2375 3322 2431 ahrenuntiante
3347 2373 3470 2428 sine
3499 2371 3608 2427 ullo
3634 2371 3798 2426 labore

2219 2475 2486 2547 probatur
2533 2472 2833 2543 exstingui,
2865 2485 2988 2527 eum
3035 2470 3243 2525 scilicet
3272 2467 3541 2524 universis
3573 2465 3690 2537 quis
3730 2464 3798 2518 ta-

2218 2568 2509 2624 cuitatibus
2541 2566 2790 2637 abiectis,
2841 2566 2915 2620 ita
2960 2562 3252 2634 expetierit
3296 2561 3537 2619 ρωποι)ίὶ
3579 2557 3800 2628 discipli-

2220 2674 2369 2726 nam,
2401 2667 2462 2714 ut
2499 2673 2567 2715 ex
2598 2659 2668 2714 iis
2710 2673 2782 2714 ne
2825 2667 2992 2712 unum
3025 2656 3245 2728 quidem
3278 2650 3799 2723 denariumsibimet

2219 2765 2510 2823 superesse
2543 2751 2799 2822 patiatur.
2826 2749 2993 2820 Cujus
3022 2750 3104 2806 rei
3138 2758 3308 2806 testes
3340 2750 3510 2805 multa
3538 2745 3799 2803 hominum

2219 2844 2392 2900 millia
2437 2855 2730 2916 possumus
2772 2842 3043 2909 invenire,
3089 2843 3180 2914 qui
3222 2852 3349 2899 cum
3399 2833 3504 2898 sub
3543 2839 3799 2896 momento

2219 2937 2547 2994 brevissimo
2573 2936 2840 3006 dispersis
2861 2935 3116 2991 omnibus
3139 2935 3463 2991 substantiis
3488 2935 3600 2990 suis
3625 2933 3674 2987 in
3699 2941 3801 2986 tan-

2222 3037 2337 3084 tum
2379 3029 2520 3084 hanc
2560 3028 2986 3084 eradicaverunt
3018 3029 3354 3097 passionem,
3390 3035 3453 3082 ut
3490 3037 3560 3083 ne
3595 3025 3801 3081 tenuiter

2221 3122 2439 3194 quidem
2489 3121 2557 3176 ab
2602 3136 2665 3177 ea
2715 3121 2998 3191 pulsentur
3048 3119 3305 3176 ulterius.
3354 3117 3426 3175 At
3471 3115 3804 3175 nihilominus

501 3203 669 3276 (nam
694 3203 849 3274 prior
878 3195 1034 3259 extra
1065 3197 1317 3282 naturam
1351 3199 1438 3264 est
1459 3247 1476 3275 ,
1515 3218 1924 3288 sequensvero
1951 3201 2117 3279 origi-
2141 3215 2188 3284 ρ
2222 3216 2368 3272 omni
2403 3217 2650 3286 tempore
2678 3224 2867 3268 contra
2893 3211 3331 3284 ‘gastrimargiam
3365 3223 3682 3284 pugnantes,
3712 3204 3802 3264 nisi

499 3297 629 3353 nale
654 3297 874 3354 videtur
902 3298 958 3354 in
985 3299 1145 3356 nobis
1170 3301 1528 3358 seminarium
1548 3299 1574 3340 ἀ
1594 3303 1925 3375 possidere),
1951 3303 2118 3359 simili

501 3400 683 3446 tamen
710 3392 976 3447 oriuntur
1007 3393 1208 3468 modo:
1243 3394 1592 3452 extrinsecus
1619 3397 1889 3468 siquidem
1922 3411 2118 3453 causas

501 3483 893 3568 commotionis
949 3485 1273 3560 plerumque
1329 3489 1668 3562 concipiunt.
1724 3485 1941 3547 Etenim
2000 3483 2112 3548 tre-

499 3567 730 3647 quenter
758 3567 814 3632 hi
859 3579 956 3650 qui
999 3579 1183 3637 adhuc
1231 3581 1563 3639 inﬁrmiores
1606 3593 1754 3650 sunt,
1803 3584 1891 3639 vel
1933 3575 2116 3638 irrita-

504 3669 677 3739 tione,
704 3671 795 3726 vel
822 3671 1085 3728 instinctu
1104 3675 1494 3745 quorumdam,
1518 3676 1572 3734 in
1600 3676 1721 3731 haec
1737 3686 1808 3732 se
1837 3676 2114 3732 corruisse

504 3763 636 3817 vitia
671 3761 1108 3834 conquerun'tur,
1157 3773 1221 3823 ac
1262 3755 1633 3839 praecipitatos
1677 3757 1735 3824 se
1765 3767 1854 3824 vel
1885 3767 1953 3823 ad
1997 3767 2110 3824 ira-

501 3853 787 3924 cundiam,
816 3847 902 3914 γει
922 3849 993 3914 ad
1020 3859 1442 3933 phiiargyriam,
1463 3849 1694 3918 aliorum
1714 3849 2114 3932 provocatione

2217 3307 2429 3378 ingenti
2457 3305 2951 3378 circumspectione
2975 3306 3156 3362 cordis
3179 3316 3233 3362 et
3260 3307 3591 3362 abstinentia
3628 3316 3804 3374 corpo-

2221 3401 2298 3458 ris
2327 3400 2736 3467 dimicaverint,
2765 3400 2942 3455 securi
2967 3409 3092 3454 esse
3123 3407 3229 3454 non
3260 3407 3514 3468 possunt.

2827 3510 3057 3570 CAPUT
3097 3513 3193 3570 1X.

2223 3606 2376 3675 Quod
2406 3606 2620 3662 tristitia
2644 3615 2694 3660 et
2716 3606 2896 3660 acedia
2917 3606 3066 3660 nulla
3095 3607 3472 3677 provocatione
3497 3607 3792 3664 extrinsecus

2557 3724 2572 3738 .
2616 3685 2950 3748 generentur,
2984 3679 3116 3731 sicut
3145 3677 3255 3733 alia
3284 3681 3436 3734 vitia.

2296 3767 2325 3808 ιλ
2359 3769 2606 3828 Tristitia
2646 3780 2701 3828 et
2727 3772 2914 3828 acedia
2946 3771 3092 3827 nulla
3113 3817 3127 3842 ,
3166 3773 3630 3843 quemadmodum
3658 3782 3803 3844 supra

2222 3863 2490 3932 diximus,
2525 3865 2824 3922 accedente
2850 3865 3200 3921 extrinsecus
3230 3867 3628 3937 provocatione
3654 3880 3802 3936 gene-

1577 3987 1836 4055 ALARDI
1874 3989 2115 4055 GAZzEl
2153 3977 2723 4060 COMMENTARIUS.

574 4123 602 4155 ι
637 4107 695 4172 id
727 4124 830 4186 est,
859 4114 1237 4184 exsecutione,
1270 4111 1745 4172 eonsutnmatione
1775 4123 2104 4170 caeterorum

503 4187 779 4249 vitiorum,
814 4193 874 4241 ut
900 4199 1087 4256 supra.

572 4261 600 4300 ι»
623 4256 937 4316 Cenodoxia
960 4255 1015 4313 et
1039 4257 1294 4327 superbia
1316 4257 1448 4312 vitia
1478 4265 1606 4314 sunt
1635 4255 2107 4328 spirit_ualia,inon

501 4331 760 4396 carnalia,
792 4327 919 4401 quia
953 4343 1060 4383 non
1089 4323 1251 4401 egent
1280 4329 1497 4385 actione
1527 4323 1798 4398 corporali
1832 4346 1844 4380 :
1877 4327 2019 4401 unde
2051 4336 2107 4382 et

503 4403 724 4459 diabolo
759 4399 995 4456 maxime
1032 4399 1270 4469 propria,
1301 4401 1443 4456 sicut
1464 4401 1784 4470 etinvidia;
1815 4413 1919 4470 qua
1947 4399 2015 4454 de
2046 4411 2108 4454 re

502 4474 570 4531 D.
595 4473 926 4544 Augustinus
951 4471 1135 4544 xtvgde
1161 4470 1323 4544 Civit.
1359 4485 1481 4544 cap.
1513 4469 1566 4529 ὅ.

579 4549 603 4585 ι
649 4541 728 4600 σε
755 4559 857 4614 qua
884 4544 1015 4598 satis
1039 4541 1158 4597 fuse
1183 4541 1391 4614 egimus
1421 4543 1516 4600 lib.
1539 4559 1615 4600 xu
1645 4558 1767 4614 cap.
1797 4543 1831 4599 '5
1858 4549 1913 4614 et
1939 4541 1996 4597 4.

577 4616 605 4653 ά
635 4611 840 4697 Nempe
866 4614 1173 4697 appetitum
1191 4611 1543 4697 irascibilem,
1571 4616 1662 4687 qui
1686 4611 1897 4697 homini
1917 4615 2102 4697 datus,

507 4698 569 4744 ut
596 4687 818 4742 satelles
863 4684 1090 4756 rationis
1121 4693 1180 4756 et
1223 4685 1430 4756 vindex
1481 4684 1940 4756 concupiscentia:
1967 4729 1981 4755 ,
2032 4684 2110 4739 ait

510 4759 882 4815 Damascenus
915 4749 1010 4829 lib.
1049 4772 1095 4829 7n
1123 4754 1192 4811 de
1217 4753 1352 4812 Fide
1377 4756 1608 4814 Drthod.
1642 4749 1762 4829 cap.
1797 4756 1888 4829 i6.

585 4839 609 4868 ο
637 4829 775 4897 Quia
801 4819 1025 4895 respicit
1049 4828 1250 4883 bonum
1271 4838 1590 4885 extraneum
1613 4819 1818 4885 natura:
1841 4825 2101 4894 hominis,

503 4901 727 4968 scilicet
749 4898 1001 4966 divitias,
1052 4899 1250 4968 quibus
1281 4900 1550 4956 excitatur
1599 4913 1654 4958 et
1702 4912 2101 4956 commovetur.

505 4971 647 5029 Vide
678 4967 773 5026 lib.
810 4987 880 5026 vu
929 4967 1112 5025 lnstii.
1146 4970 1182 5024 2
1211 4979 1267 5025 et
1293 4967 1328 5025 5
1350 5015 1363 5040 ,
1411 4971 1498 5046 ubi
1552 4974 1878 5046 peregrinum
1915 4973 2106 5046 bellum

505 5046 718 5108 dicitur,
747 5050 795 5098 et
817 5053 961 5096 extra
994 5051 1230 5096 naturam
1248 5081 1264 5108 ,
1297 5058 1386 5096 nec
1406 5043 1619 5098 aliunde
1648 5043 1703 5098 iit
1731 5043 1982 5098 monacho
2011 5061 2106 5098 su-

504 5133 647 5169 mens
676 5113 1018 5188 principium,
1045 5131 1203 5188 quant
1232 5112 1299 5188 de
1323 5126 1578 5188 corrupta:
1603 5133 1664 5170 ac
1703 5117 1900 5188 tepida;
1918 5119 2104 5188 mentis

502 5183 747 5259 ignavia,
783 5194 843 5259 et
859 5183 1156 5259 plerumque
1182 5184 1331 5238 initio
1377 5183 1835 5259 abrenuntiationis
1865 5185 1945 5259 (id
1993 5195 2101 5258 cst,

503 5253 899 5330 cbnversionié)
924 5253 1054 5330 male
1075 5253 1378 5330 arrepto,_e_t
1402 5273 1529 5330 erga
1546 5257 1708 5312 Deum
1732 5253 1906 5330 tepido
1928 5253 2104 5317 amore

503 5277 899 5323 COIIVCI‘SIUIIIS)
924 5277 1054 5309 mute
1076 5277 1305 5326 (πτερω,
1332 5277 1376 5309 et
1402 5277 1452 5309 81⁵
1490 5277 1520 5310 a
1546 5277 1708 5312 ueum
1732 5277 1906 5330 teptao
1928 5277 2100 5317 amore

503 5329 723 5397 fundato
747 5370 763 5394 ,
805 5325 1260 5398 quemadmodum
1309 5325 1397 5382 hic
1427 5277 1627 5384 dficitur
1661 5331 1801 5384 male
1847 5327 2100 5388 fundatas

504 5400 816 5470 rnonachos
830 5399 1068 5470 pulsare.

584 5468 601 5507 ί
656 5465 918 5540 Lepidum
965 5467 1261 5540 hujus‘rei
1315 5469 1623 5540 exemplum
1678 5471 1849 5540 refert
1901 5465 2102 5533 Caelius

507 5531 849 5614 gitodiginus
899 5531 1285 5614 (dati-(lauet.
1346 5539 1439 5614 lib_.
1478 5531 1546 5595 xx
1594 5557 1642 5597 ε.
1674 5533 1766 5614 25)
1817 5557 1983 5612 agens
2029 5531 2101 5610 de

505 5603 874 5686 Themistocle
891 5603 1348 5686 ,‘Athéniensium
1391 5611 1565 5678 duce,
1597 5612 1690 5686 qui
1720 5603 2100 5686 dumvlinsuias

399 5681 446 5740 -34
504 5682 702 5750 ditioni
746 5682 1444 5808 subicitas'perlustraret,
1473 5679 1756 5756 pecuniam
1797 5679 1924 5741 hinc
1968 5681 2098 5744 inde

509 5751 859 5808 corrouabat.
956 5753 1053 5808 dut
1080 5764 1132 5808 et
1162 5752 1420 5808 Andrios.
1449 5771 1758 5808 uraensaue
1790 5753 2042 5808 infestius
2078 5777 2094 5808 :

509 5751 880 5835 corrogabat,
906 5751 1063 5835 Adiit‘
1080 5764 1132 5809 et
1162 5752 1420 5835 Apdrios,
1449 5751 1758 5835 u'rgensque
1790 5753 2042 5835 infestius
2077 5777 2094 5815 :

509 5823 909 5892 Duos,’inquit,
939 5824 1008 5881 ad
1037 5839 1135 5882 vos
1161 5823 1331 5882 aﬂ‘ero
1362 5823 1750 5897 deos,'vim,'et
1785 5829 2090 5888 suadelam.
2181 5901 2197 5911 _

1307 5957 1332 5992 ἒ
1339 5964 1352 5992 ’.
1375 5959 1470 5996 ‘5‘}.

2216 4114 2288 4171 At
2311 4113 2412 4181 illi,
2464 4129 2566 4188 nec
2588 4116 2775 4188 minus
2807 4113 3045 4188 festive;
3071 4114 3220 4188 Duos
3248 4127 3478 4188 quoque
3514 4116 3651 4184 apud
3677 4127 3731 4169 se
3755 4117 3803 4167 e‘t

2217 4201 2444 4256 magnos
2473 4187 2690 4258 quidem
2717 4186 2961 4258 residere
2989 4185 3120 4240 deos
3153 4185 3417 4255 intulere,
3446 4191 3802 4258 paupertatem

2217 4267 2272 4340 et
2294 4255 2825 4340 impossibilitatem,
2870 4257 2961 4340 qui
2994 4273 3247 4340 num-mos
3277 4259 3356 4314 illi
3389 4255 3603 4329 erogari
3635 4255 3803 4340 prohi-

2216 4327 2674 4400 berent._Auctor
2703 4331 2863 4384 etiam
2899 4327 3256 4400 Plutarchus,
3303 4345 3430 4385 cum
3465 4327 3697 4400 pecunia:
3723 4339 3801 4380 es-

2218 4410 2342 4456 sent
2368 4402 2422 4456 in
2449 4397 2984 4458 Lacedaemoniorum
3013 4399 3294 4470 regionem
3322 4397 3557 4456 invecta:
3575 4444 3589 4469 ,
3617 4402 3700 4470 qui
3723 4409 3802 4452 eas

2147 4489 2191 4543 ‘n
2219 4471 2584 4543 importarunt
2611 4483 2789 4527 morte
2821 4471 3116 4543 mulctatos
3142 4472 3336 4539 iuiSse;
3365 4472 3636 4543 siquidem
3667 4473 3805 4543 Alca-

2133 4517 2191 4579 D
2218 4517 2366 4598 me'ni
2393 4558 2456 4599 ac
2485 4543 2839 4613 Theopompo
2863 4542 3084 4613 regibus
3108 4542 3210 4596 hoc
3238 4517 3528 4599 oi’acuilum
3557 4550 3672 4598 erat
3697 4537 3806 4613 red:

2214 4614 2387 4670 ditum
2421 4607 2809 4688 :Pecuniarum
2831 4607 2974 4688 ama'r
3007 4612 3258 4688 Spartam
3286 4617 3492 4688 perdet.
3526 4614 3660 4688 Hinc
3679 4607 3805 4688 apud

2212 4694 2426 4742 veteres
2472 4685 2688 4741 laudata
2736 4683 3001 4740 Laconica
3035 4679 3122 4738 illa
3157 4694 3216 4740 ut
3264 4679 3319 4740 iii
3365 4679 3554 4742 verbis
3584 4679 3806 4740 brevitas

2213 4757 2293 4812 sic
2324 4761 2376 4812 in
2415 4758 2579 4812 rebus
2610 4758 2968 4826 parcimonia,
3001 4764 3152 4811 tanta
3184 4756 3440 4824 quidem,
3473 4767 3529 4811 ut
3560 4758 3806 4828 quingen-

2213 4828 2284 4899 tis
2321 4839 2376 4884 et
2411 4829 2646 4899 amplius
2678 4828 2834 4882 annis
2861 4828 3066 4898 absque
3097 4827 3350 4898 pecunia:
3383 4845 3484 4884 usu
3522 4830 3611 4899 illa
3635 4827 3809 4899 respuo

2213 4898 2352 4954 blica
2380 4895 2627 4955 steterit:
2669 4910 2723 4954 et
2756 4895 2992 4969 pessime
3020 4895 3160 4970 apud
3195 4915 3331 4954 suos
3361 4897 3624 4966 audierit,
3654 4911 3714 4952 ac
3745 4895 3806 4952 de

2211 4970 2326 5051 suis
2350 4971 2612 5051 meruerit
2643 4971 2927 5042 Agesilaus
2955 4969 3074 5040 rex,
3101 4970 3191 5042 qui
3225 4972 3476 5040 primum
3517 4971 3636 5043 ejus
3662 4969 3804 5026 usum

2211 5043 2436 5098 invexit.

2285 5123 2310 5161 8
2336 5111 2390 5169 id
2414 5115 2496 5169 est
2519 5155 2534 5179 ,
2580 5113 2810 5179 primum
2839 5111 2985 5166 illam
3017 5112 3205 5166 mundi
3250 5121 3478 5168 mtatem
3509 5111 3578 5167 ab
3619 5109 3808 5168 Adamo

2214 5185 2480 5258 usquead
2531 5185 2956 5258 diluvium,_qua
3005 5193 3165 5238 mtate
3213 5185 3475 5258 plerique
3527 5193 3682 5240 erant
3728 5189 3810 5258 aut

2212 5243 2466 5326 agricola:
2489 5302 2504 5326 ,
2525 5267 2622 5311 aut
2650 5243 2954 5326 pastotiiii;
2987 5243 3229 5323 quorum'
3267 5243 3514 5325 pecudes
3548 5258 3712 5311 unica:
3737 5243 3811 5326 di-

2211 5319 2356 5399 vitia:
2379 5370 2392 5394 ,
2423 5319 2665 5399 quarum'
2694 5319 3094 5399 permutatione
3127 5319 3467 5382 viCtitnhant
3499 5346 3510 5381 :
3542 5329 3681 5382 unde
3722 5319 3811 5399 d5;-

2210 5392 2386 5454 dUCIa'
2418 5392 2666 5470 pecunia:
2694 5392 3026 5470 appellatio.
3059 5393 3300 5470 Pecunia
3326 5399 3500 5470 enini
3526 5415 3556 5453 a
3602 5392 3812 5468 pecudis

2211 5481 2364 5594 lcrgto
2392 5467 2688 5594 jngqtninata
2712 5511 2727 5537 ,
2787 5467 2864 5522 ait
2893 5468 3256 5523 Cassiodorus
3291 5467 3542 5542 (νοτίαν,
3595 5467 3678 5522 ῑέιφ,
3711 5477 3806 5529 νη,

2211 5557 2315 5594 ενιδ
2345 5584 2357 5594 .
2392 5567 2424 5594 ι)
2493 5579 2507 5594 .

2275 5542 2357 5597 ist.
2392 5542 2507 5598 32).

2209 5557 2602 5686 φῖιρξῑῗΐρριδ
2628 5601 2992 5686 ti'isijtiatnet
3023 5601 3269 5686 acedian’t
3305 5605 3586 5686 intelligat
3614 5603 3810 5686 C:I_S§i_i_|'

2209 5675 2655 5824 nug'viqeiipiup
2683 5675 2797 5737 suis
2820 5681 2959 5739 locis
2978 5691 3031 5739 et
3053 5679 3302 5752 propriis
3326 5675 3658 5740 naualibus
3680 5675 3810 5746 (Lit.

2209 5770 2266 5811 IX
2366 5772 2400 5811 Χ
2460 5769 2558 5810 uti
2590 5793 2603 5807 .
2639 5792 2653 5807 .

2208 5770 2266 5811 Ix
2288 5761 2333 5811 et
2366 5772 2400 5811 Χ
2425 5761 2653 5811 lutum.

3935 4467 3939 4559 ‘

3923 5206 3925 5313 i
