4012 6336
577 297 691 360 m
1640 289 1923 350 JOANNIS
1959 289 2276 351 CASSIANI
2309 289 2809 351 commones.
3733 306 3827 368 cu

577 414 746 488 parit.
790 411 899 470 Sed
920 410 990 468 ab
1020 409 1130 469 illis
1153 424 1251 468 sex
1288 409 1562 482 prioribus
1589 407 1738 465 vitiis
1761 411 1978 480 penitus
2004 409 2167 466 dissi-
2199 415 2247 473 Α
2275 411 2350 467 ita
2373 426 2590 482 semper
2612 411 2883 482 prioribus
2911 411 3184 482 superatis
3205 451 3222 480 ,
3254 413 3536 480 sequentia
3569 423 3828 493 conquies-

577 509 741 576 dent,
783 521 886 563 nec
912 505 1078 561 simili
1115 520 1238 561 cum
1288 504 1369 560 eis
1402 503 1667 559 societate
1697 502 2056 560 foederantur.
2090 503 2177 560 Si-
2279 517 2442 574 cent,
2473 513 2530 560 et
2579 505 2944 562 exstinctione
2986 505 3411 577 praecedentium
3448 512 3666 570 residua:
3714 531 3822 588 pas-

574 601 799 674 quidem
845 613 956 656 non
1004 599 1180 655 solum
1229 596 1433 652 nullam
1462 612 1527 652 ex
1558 596 1662 651 illis
1689 598 2031 652 occasionem
2058 611 2175 651 sua:
2277 597 2460 653 siones
2489 597 2695 668 absque
2720 597 2906 655 labore
2935 609 3298 656 marcescent.
3328 601 3395 656 Et
3422 601 3543 659 licet
3569 604 3692 674 lucc,
3723 625 3827 679 qua:

572 694 946 769 generationis
998 691 1306 762 accipiunt,
1341 689 1438 747 sed
1482 689 1647 746 etiam
1687 688 1962 746 contrario
2007 689 2175 745 modo
2274 691 2650 762 praediximus,
2681 699 2806 747 octo
2835 691 2970 747 vitia
2999 691 3090 747 illa
3119 708 3283 763 quam
3320 701 3826 758 commemoravimus

572 799 739 861 atque
768 787 960 843 ordine
995 783 1352 841 suscitantur.
1381 781 1515 838 Nam
1545 781 1654 837 illis
1696 781 1902 838 evulsis
1928 779 2048 836 hinc
2077 795 2173 836 ve-
2275 784 2488 840 ratione
2518 783 2757 840 invicem
2786 783 2891 840 sibi
2921 799 3172 840 connexa
3204 795 3368 856 atque
3415 791 3664 858 permixta
3701 794 3821 862 sint,

569 881 886 939 hementius
939 878 1304 943 fructilicant,
1356 883 1410 931 et
1463 874 1682 930 illorum
1713 882 1891 930 morte
1927 873 2170 928 vivacius
2274 875 2562 946 specialius
2584 884 2769 932 tamen
2796 876 2850 931 in
2873 886 3107 947 quatuor
3130 877 3537 949 coniugationes
3558 891 3608 938 et
3631 886 3823 955 copulas

568 975 842 1048 pullulant
891 983 1055 1044 atque
1105 979 1482 1028 succrescunt.
1532 969 1688 1027 Unde
1734 970 1899 1025 etiam
1945 968 2168 1024 diverso
2271 968 2625 1036 dividuntur;
2653 971 3053 1042 gastrimargize
3100 986 3335 1040 namque
3374 973 3651 1032 fornicatio
3679 994 3823 1050 pecu-

565 1069 734 1124 modo
775 1066 846 1122 ab
891 1065 978 1121 his
1003 1064 1214 1120 duobus
1239 1061 1390 1118 vitiis
1428 1063 1835 1133 impugnamur.
1866 1061 1926 1116 ln
1973 1076 2168 1116 unum-
2269 1064 2396 1120 liari
2431 1065 2761 1120 commercio
2797 1064 3126 1131 ftnderatur,
3159 1065 3504 1140 philargyrite
3528 1071 3634 1138 ira,
3682 1075 3826 1130 tristi-

565 1160 822 1232 quodque
847 1159 993 1214 enim
1025 1157 1245 1212 illorum
1265 1170 1362 1211 sex
1390 1153 1646 1210 vitiorum
1683 1164 1812 1209 tunc
1851 1152 2162 1221 incidimus,

562 1268 688 1309 cum
713 1267 744 1308 a
775 1251 1210 1323 praecedentibus
1233 1263 1426 1305 eorum
1455 1247 1719 1304 fuerimus
1753 1247 1904 1314 elisi;
1941 1247 1993 1302 itt
2045 1247 2162 1302 haec

561 1361 697 1403 vero
721 1345 830 1402 duo
857 1345 1093 1400 victores
1119 1353 1174 1398 et
1197 1342 1282 1398 vel
1307 1341 1545 1396 maxime
1571 1349 1694 1411 post
1721 1338 2030 1410 triumphos
2059 1352 2158 1410 pe-

561 1439 865 1495 riclitamur
893 1435 1200 1491 incurrere.
1230 1433 1424 1489 Omnia
1455 1433 1621 1503 igitur
1647 1432 1778 1487 vitia
1801 1430 2161 1502 quemadmo-

560 1531 690 1586 dum
719 1529 1060 1584 incremento
1080 1523 1509 1597 praecedentium
1537 1533 1891 1594 generantur,
1930 1524 2004 1578 ita
2033 1521 2159 1578 illo-

557 1637 681 1678 rum
728 1622 1088 1678 diminutione
1129 1629 1454 1692 purgantur.
1487 1617 1558 1674 Et
1598 1618 1698 1673 hac
1730 1617 1942 1672 ratione
1970 1625 2031 1672 ut
2066 1629 2160 1672 su-

557 1715 750 1784 perbia
792 1716 969 1787 possit
991 1713 1231 1781 excludi,
1259 1712 1561 1770 cenodoxia
1587 1721 1672 1768 est
1693 1709 2061 1782 prasfocanda.
2087 1710 2159 1767 Et

2270 1157 2360 1212 tite
2403 1157 2594 1214 acedia
2618 1197 2635 1224 ,
2671 1157 2990 1215 cenodoxia:
3041 1157 3298 1230 superbia
3346 1160 3668 1220 familiariter
3708 1181 3822 1223 con-

2261 1250 2520 1322 jungitur.

2873 1363 3104 1423 CAPUT
3140 1365 3190 1422 X
3203 1365 3247 1422 l.

2437 1478 2520 1536 De
2544 1480 2748 1553 origine
2768 1487 2822 1536 et
2848 1481 3098 1552 qualitate
3115 1481 3521 1554 uniuscujusque
3547 1484 3672 1539 vitii.

2333 1615 2402 1672 Et
2429 1625 2491 1672 ut
2517 1615 2797 1688 sigillatim
2823 1631 2968 1672 nunc
2993 1615 3064 1673 de
3089 1617 3521 1689 uniuscujusque
3548 1619 3658 1674 vitii
3681 1633 3822 1690 gene-

2260 1709 2417 1766 ribus
2435 1709 2797 1780 disputemus.
2823 1717 2851 1748 ⁸
2873 1708 3276 1782 Gastrimargite
3303 1725 3503 1782 genera
3533 1721 3656 1767 sunt
3688 1713 3777 1767 tria
3806 1728 3818 1764 :

1630 1866 1888 1922 ALARDI
1929 1865 2169 1923 GAZEI
2203 1866 2768 1925 COMMENTARIUS.

550 1991 840 2068 humilitati
869 1991 1137 2068 genitrices
1163 2005 1411 2068 numque;
1449 1995 1635 2068 cuncta
1670 1986 1872 2068 _quippe
1903 2001 2020 2068 qua:
2041 1983 2153 2068 .illi
2181 1988 2232 2049 B
2258 1985 2559 2068 loquendo‘
2584 1985 2761 2068 inanis
2787 1983 2958 2068 gloria
2985 1992 3042 2040 et
3062 1983 3316 2054 superbia
3349 1993 3462 2052 est,
3493 1987 3731 2068 quamvis
3765 2001 3820 2068 ex

552 2057 917 2137 suffragantur
939 2063 1084 2137 nobis
1107 2057 1626 2137 ademtissimasunt.
1659 2057 1773 2137 Nos
1799 2057 2116 2137 ignominias
2134 2098 2150 2122 ,

551 2128 914 2202 obedientiam,
946 2132 1356 2195 inirascentiam.
1395 2131 1702 2185 oblivionem
1740 2128 2062 2202 iniuriarum
2105 2136 2155 2182 et

550 2198 910 2264 ministerium
946 2206 1089 2275 sequi
1133 2219 1268 2272 saepe
1300 2202 1685 2275 consuevimus.
1742 2198 1914 2275 farra
1967 2199 2152 2275 stirpes
2179 2258 2193 2269 ο

549 2288 744 2333 nostra:
767 2287 887 2332 sunt
913 2270 1262 2344 spiritualium
1289 2273 1502 2343 lapsus,
1535 2270 1847 2344 iracundia,
1875 2271 2147 2344 detractio,

550 2351 880 2413 amaritudo,
937 2340 1157 2409 clamor,
1206 2340 1374 2417 furor.
1426 2340 2144 2417 blasphemia,_hypocrisi_s_,

549 2421 752 2489 odium,
784 2412 998 2480 invidia.
1043 2412 1420 2489 contradictio,
1453 2412 1550 2469 suo
1571 2429 1724 2484 quam
1751 2414 1965 2489 alterius
1995 2412 2151 2489 malle

546 2493 659 2565 regi
705 2482 1075 2546 moderamine.
1131 2486 1434 2565 Qbedientia
1486 2482 1652 2540 unum
1679 2482 1940 2565 et_solum
1974 2494 2056 2565 est
2092 2483 2148 2537 in

545 2551 650 2632 quva
675 2574 888 2618 conatus
915 2575 1092 2615 omnes
1119 2560 1309 2632 uirium
1326 2567 1629 2632 nostrarum
1661 2555 1930 2632 deficiunt.
1963 2551 2146 2632 Itaque

547 2625 640 2686 tibi
669 2643 862 2688 coactat
883 2633 1105 2687 dicimus
1146 2645 1164 2682 :
1190 2631 1234 2683 si
1270 2629 1491 2694 teipsum
1519 2643 1696 2681 coram
1727 2625 1947 2680 Domino
1975 2641 2038 2679 ea:
2065 2625 2145 2678 in-

548 2705 677 2758 timo
701 2705 870 2758 cordis
889 2703 1079 2771 affectu
1099 2717 1298 2769 semper
1317 2715 1546 2766 accuses,
1573 2713 1666 2752 nos
1690 2705 1747 2752 ut
1774 2711 1993 2750 araneas
2021 2711 2146 2750 con-

546 2782 761 2829 temnas.
787 2774 951 2840 Nam,
973 2782 1030 2826 ut
1053 2771 1215 2836 vides,
1243 2771 1484 2839 superbia
1508 2779 1579 2823 est
1609 2785 1792 2836 equus,
1817 2783 1969 2838 quem
1986 2783 2145 2840 ceno-

545 2845 709 2899 doxia
737 2839 1066 2907 conscendit;
1109 2843 1200 2896 sed
1229 2851 1409 2895 sancta
1437 2840 1707 2894 humilitas
1728 2879 1744 2904 ,
1774 2849 1821 2892 et
1863 2841 1944 2892 sui
1975 2839 2160 2908 ipsius,

537 2917 686 2986 iugis
711 2916 994 2980 accusatio,
1024 2913 1261 2968 ridebunt
1286 2921 1333 2966 et
1356 2927 1563 2986 equum,
1587 2920 1635 2964 et
1655 2925 1980 2986 ascensorem
2003 2911 2139 2980 ejus,

546 2979 959 3059 'tri'untphalequ!
983 2999 1191 3059 carmen
1219 2979 1524 3059 suauissime
1543 2989 1804 3059 canentes,
1827 2979 2137 3059 gantentus,

545 3052 796 3124 inquiunt
827 3097 845 3125 ,
872 3052 1158 3120 'Domino;
1208 3053 1430 3124 gloriose
1479 3052 1614 3106 enim
1663 3052 2026 3134 magnificatus
2065 3059 2141 3105 est

545 3129 742 3183 (Exod.
767 3116 885 3183 xvi.
909 3134 1019 3182 etc.
1045 3125 1317 3180 Hactenus
1342 3124 1581 3180 Joannes
1603 3121 1899 3183 Cltmacus,
1929 3137 2011 3177 vtr
2043 3122 2141 3177 ad-

539 3116 742 3200 (Eazod.
767 3116 885 3197 xv),
909 3134 1019 3182 etc.
1045 3116 1317 3180 Hactenus
1342 3124 1581 3180 Joannes
1603 3116 1899 3188 Climacus,
1929 3123 2011 3177 vir
2043 3122 2142 3177 ad-

543 3201 764 3256 modum
793 3197 1096 3269 spiritualis
1121 3237 1137 3262 ,
1186 3205 1241 3250 et
1268 3197 1322 3249 in
1350 3194 1672 3269 hujusmodi
1714 3193 1878 3269 rebus
1918 3195 2141 3269 egregie

540 3264 910 3326 versatnszt
937 3284 968 3324 e
987 3267 1204 3324 diverso
1234 3274 1342 3321 stat
1365 3265 1612 3321 doctrina
1640 3265 1706 3319 D.
1741 3264 2020 3335 Gregorii,
2043 3266 2136 3335 qui

537 3342 851 3425 superbiam
871 3411 882 3423 .
903 3338 1146 3395 omnium
1179 3338 1705 3430 .vitiorum|m'atrem
1728 3376 1743 3401 ,
1791 3345 1845 3418 et
1887 3336 2133 3430 reginam
2161 3366 2209 3430 C

537 3405 775 3480 statuit,
835 3411 1068 3481 ejusque
1111 3406 1635 3481 primamsobolem
1678 3405 1936 3481 nominat
1965 3420 2136 3481 ceno,-

535 3476 790 3548 doxiam,
843 3476 940 3538 seu
980 3476 1205 3536 inanem
1233 3479 1462 3552 gloriam
1482 3493 1508 3552 _:
1541 3476 1755 3552 Prima,
1790 3478 1964 3552 inquit
1991 3476 2132 3552 (Lib.

536 3569 665 3610 xxxi
689 3554 827 3610 Mor.
855 3569 904 3609 c.
934 3553 1051 3619 31),
1072 3551 1328 3622 superbia:
1348 3549 1565 3614 soboles,
1587 3549 1759 3622 inanis
1780 3548 1969 3620 gloria,
1996 3548 2130 3622 etc.,

533 3627 620 3680 cui
655 3639 709 3681 et
755 3625 1035 3694 Scriptura
1067 3620 1219 3694 S.'et
1252 3622 1431 3694 ratio,
1471 3631 1527 3694 et
1551 3621 1853 3694 auctoritas
1883 3620 2130 3694 omnium

531 3697 702 3753 tlteol.
735 3690 1101 3765 suffragantur
1129 3693 1220 3765 (S.
1247 3692 1432 3765 Thom.
1482 3690 1602 3753 2-2.
1635 3707 1689 3762 q.
1725 3690 1864 3765 132,
1897 3700 2000 3745 art.

534 3778 594 3822 ut
621 3768 751 3824 alibi
777 3763 1115 3822 ostendimus
1141 3763 1364 3836 (Lib.rv.
1393 3763 1529 3818 Inst.
1558 3779 1607 3816 c.
1637 3769 1692 3830 1,
1719 3763 1830 3836 etl.
1853 3777 1950 3836 xu.
1978 3779 2026 3816 c.
2050 3763 2127 3833 1).

531 3838 722 3908 Itaque
746 3837 1041 3908 videndum
1071 3833 1175 3908 qua
1208 3835 1433 3908 ratione
1453 3839 1568 3889 haec
1592 3833 1883 3908 conciliari
1901 3843 2127 3908 queant.

528 3904 822 3978 Cajetanus
867 3907 962 3974 (ad
1009 3907 1075 3964 S.
1106 3905 1316 3976 Thom,
1349 3905 1668 3978 ubi_supra)
1703 3904 1980 3978 subtiliter
2005 3905 2130 3978 qui-

527 3975 654 4034 dem
685 3989 741 4036 et
789 3979 1148 4044 subobscure,
1174 3986 1234 4031 ut
1259 3978 1420 4037 solet.
1452 3975 1598 4031 hunc
1632 3975 1834 4030 nodum
1878 3975 2041 4030 solvit
2070 3977 2126 4032 in

527 4049 675 4105 hunc
705 4051 924 4105 modum
952 4065 967 4103 :
999 4047 1328 4114 Notandum,
1360 4047 1554 4118 inquit,
1584 4045 1743 4118 quod,
1764 4046 1890 4116 quia
1913 4045 2038 4118 ﬁnis
2067 4057 2126 4103 et

527 4121 766 4177 medium
790 4121 858 4176 ad
884 4122 1044 4176 linem
1067 4119 1224 4174 aliter
1243 4134 1304 4173 se
1327 4116 1528 4172 habent
1546 4117 1848 4172 secundum
1871 4116 2120 4173 ordinem

526 4192 881 4255 intentionis,
913 4200 970 4246 et
998 4190 1160 4244 aliter
1190 4189 1490 4243 secundum
1521 4187 1770 4243 ordinem
1812 4188 2123 4244 exsecutio-

523 4264 632 4331 nis,
657 4262 808 4332 prius
833 4261 981 4318 enim
1004 4272 1086 4316 est
1111 4259 1166 4314 in
1189 4259 1491 4332 intentione
1516 4259 1720 4332 sanitas
1751 4274 1908 4325 quam
1942 4259 2118 4332 rnedi-

521 4328 672 4399 cina,
699 4335 755 4388 in
783 4331 1132 4388 exsecutione
1155 4339 1335 4386 autem
1367 4331 1516 4398 prius
1541 4328 1827 4384 adhibetur
1849 4329 2116 4385 medicina

518 4421 685 4474 qnam
713 4407 1031 4474 acquiratur
1059 4403 1303 4468 sanitas;
1335 4401 1458 4474 ideo
1477 4414 1606 4474 cum
1633 4401 1890 4468 superbia
1923 4411 1979 4456 et
2004 4402 2118 4457 ina-

523 4471 612 4530 nis
640 4477 812 4546 gloria
845 4491 904 4530 se
931 4473 1167 4546 habeant
1186 4483 1246 4528 ut
1269 4473 1390 4528 linis
1412 4471 1750 4546 et‘medium,
1773 4474 1926 4546 prior
1952 4474 2113 4529 estin

519 4543 822 4602 intentione
844 4544 1168 4601 excellentia
1196 4559 1318 4615 qua:
1349 4553 1433 4600 est
1457 4543 1579 4615 linis
1604 4543 1907 4615 superbiae,
1948 4558 2110 4611 quam

516 4617 838 4702 apparentia
885 4617 960 4688 (id
1015 4625 1135 4698 est,
1178 4613 1548 4698 manifestatio
1589 4613 1928 4670 excellentia:
1970 4615 2111 4683 apud

516 4687 678 4760 altos)
727 4703 850 4758 qum
877 4697 960 4743 est
1003 4687 1129 4760 (ints
1177 4702 1356 4760 inanis
1385 4687 1591 4760 glorias.
1647 4685 1754 4741 Sed
1808 4687 2108 4742 secundum

2260 2068 2414 2127 parte
2441 2057 2613 2128 nostri
2657 2055 2911 2128 superbia
2955 2070 3365 2128 nonnumquam
3393 2071 3461 2112 ex
3485 2056 3630 2128 inani
3671 2058 3818 2128 gloria

2257 2126 2486 2183 oriatur.
2519 2127 2594 2182 Ita
2629 2129 2742 2183 fere
2769 2127 3087 2199 C‘ajetanus.
3122 2126 3201 2182 Ex
3231 2143 3340 2196 quo
3368 2126 3704 2199 intelligimus
3743 2144 3822 2199 su-

2256 2200 2498 2270 perbiam
2522 2199 2626 2270 dici
2651 2197 2972 2270 cenodoxia:
3000 2209 3228 2270 matrem
3245 2238 3262 2263 ,
3297 2207 3354 2253 et
3380 2197 3568 2254 contra
3589 2241 3605 2266 ,
3644 2199 3730 2255 sed
3752 2198 3819 2254 di-

2254 2267 2416 2326 versa
2470 2269 2703 2324 ratione.
2753 2267 2887 2325 Cum
2935 2269 3080 2325 enim
3136 2270 3411 2339 objectum
3457 2271 3713 2339 superbia:
3759 2271 3820 2325 sit

2253 2342 2474 2411 propria
2505 2341 2852 2406 excellentia,
2882 2340 3156 2410 objectum
3189 2350 3373 2396 autem
3405 2355 3500 2396 seu
3533 2342 3649 2396 linis
3668 2357 3817 2398 ceno-

2253 2412 2430 2466 doxia:
2460 2413 2830 2467 manifestatio
2852 2412 3011 2468 istius
3038 2411 3405 2479 excellentiae,
3443 2412 3724 2468 secundum
3749 2413 3818 2468 rei

2251 2493 2504 2554 naturam
2547 2483 2697 2554 prius
2718 2491 2804 2538 est
2828 2493 3087 2554 appetere
3107 2483 3494 2539 excellentiam
3516 2525 3531 2547 ,
3573 2483 3705 2554 quod
3746 2493 3818 2538 est

2249 2553 2566 2624 superbiae,
2621 2570 2784 2625 quam
2829 2553 3092 2625 appetere
3139 2554 3631 2610 manifestationem
3696 2554 3818 2609 illius

2249 2626 2628 2694 excellentiae,
2662 2626 2805 2694 quod
2856 2637 2941 2680 est
2992 2629 3274 2696 proprium
3327 2625 3659 2682 cenodoxize.
3701 2625 3814 2694 Quia

2249 2706 2431 2754 tamen
2461 2713 2529 2752 ex
2557 2697 2998 2753 manifestatione
3035 2707 3237 2752 nostrae
3269 2697 3605 2753 excellentia:
3641 2707 3690 2752 et
3711 2711 3817 2766 per-

2245 2769 2498 2824 fectionis
2523 2767 2792 2838 contingit
2822 2781 2922 2823 n0s
2951 2767 3187 2824 subinde
3217 2770 3397 2839 magis
3443 2769 3742 2837 superbire,
3768 2777 3816 2821 et

2247 2853 2346 2908 per
2375 2845 2516 2896 hanc
2537 2840 2831 2910 dignitates
2859 2850 2912 2894 et
2941 2839 3124 2894 officia
3153 2839 3398 2901 ambire;
3431 2839 3551 2894 ideo
3573 2856 3672 2894 non
3695 2839 3813 2892 male

2245 2915 2412 2966 etiam
2453 2911 2652 2966 dicitur
2675 2911 2974 2967 cenodoxia
3006 2921 3180 2966 mater
3210 2920 3267 2966 et
3295 2912 3454 2979 origo
3484 2924 3603 2966 esse
3643 2925 3813 2979 super-

2245 2979 2375 3052 bia},
2433 2998 2541 3048 quo
2568 2982 2730 3037 modo
2752 2983 2950 3052 exponi
2986 2981 3189 3038 debent
3215 2997 3342 3052 qum
3371 2982 3510 3052 apud
3549 2982 3811 3036 Climacnm

2243 3049 2635 3124 leguntur.Sic
2664 3056 2810 3109 enim
2837 3051 3130 3122 Cajetanus
3158 3049 3612 3124 ad‘ohjec'tionem
3637 3068 3698 3108 ex
3726 3052 3813 3108 hoc

2245 3121 2366 3178 loco
2386 3123 2488 3180 sibi
2513 3123 2708 3180 factam
2741 3121 3058 3195 respondet.

2315 3203 2343 3231 ι
2366 3195 2660 3251 Cassianus
2685 3195 2780 3251 lib.
2812 3194 2850 3250 v
2895 3195 3132 3251 lnstitut.
3180 3209 3306 3264 cap.
3355 3195 3430 3250 25
3460 3213 3472 3247 :
3501 3194 3703 3261 Triplex
3728 3209 3811 3246 na-

2244 3273 2363 3339 tura
2394 3275 2468 3321 est
2500 3267 2902 3339 gastrimargite,
2936 3284 3041 3320 una
3068 3282 3185 3338 qua:
3204 3267 3515 3339 canonicam
3547 3264 3810 3339 refectionis

2240 3333 2427 3390 horam
2478 3333 2756 3411 prterenire
2782 3333 3110 3411 'contpellit';
3156 3338 3266 3391 alia
3319 3354 3439 3411 qum
3487 3337 3810 3411 tantummodo

2240 3411 2434 3463 ventris
2463 3409 2692 3479 ingluvie
2732 3419 2781 3464 et
2810 3409 3079 3464 saturitate
3105 3409 3455 3480 quarumlibet
3481 3410 3662 3480 gaudet
3687 3422 3809 3480 esca-

2239 3492 2396 3542 rum;
2424 3478 2596 3545 tertia,
2625 3496 2740 3549 qua:
2755 3478 3166 3535 accuratioribus
3189 3480 3318 3534 cibis
3340 3489 3388 3534 et
3412 3478 3808 3549 esculentioribus

2239 3549 2568 3634 delectatur;
2593 3547 2722 3634 Haec
2774 3553 2866 3606 ibi.
2924 3551 3102 3634 Pol-ro
3134 3551 3290 3634 [iugo
3310 3567 3362 3634 _a
3392 3551 3455 3606 S.
3489 3549 3694 3634 Victore
3733 3547 3810 3634 (de

2237 3616 2481 3676 Institut.
2513 3621 2780 3679 Novitiar.
2823 3639 2940 3695 cap.
2975 3622 3064 3694 l9)
3089 3631 3200 3678 tres
3220 3616 3415 3677 itidem
3444 3619 3804 3695 gastrimargia;

2235 3704 2333 3746 seu
2376 3695 2520 3762 gulae
2566 3695 2781 3762 species
2824 3687 3096 3758 insinuat,
3142 3704 3199 3750 et
3257 3687 3472 3748 contra'
3501 3708 3594 3748 eas
3631 3687 3806 3760 triplici

2235 3762 2494 3820 utendum
2516 3765 2771 3822 cautione
2788 3766 2902 3821 sive
2915 3764 3298 3822 observatione
3313 3765 3533 3835 egregie
3554 3762 3801 3835 admonet.

2233 3844 2288 3905 et
2316 3836 2611 3891 monachos
2655 3837 2797 3905 gulae
2836 3835 2985 3891 vitiis
3015 3835 3231 3890 deditos
3271 3832 3472 3890 mirum
3512 3835 3566 3890 in
3608 3832 3801 3905 modum

2233 3903 2476 3989 depingit
2504 3908 2590 3989 itis
2622 3903 2843 3989 \Lerblisf:
2870 3907 3102 3989 Triplex,
3129 3907 3330 3989 inquit,
3363 3907 3645 3989 obseruatia
3664 3904 3802 3957 disci-

2228 3974 2392 4046 plinte
2401 3974 2456 4032 in
2468 3980 2581 4034 cibo
2597 3994 2616 4031 :
2643 3984 2697 4033 1ο
2716 3974 3005 4033 observatio
3019 3979 3075 4033 in
3086 3974 3144 4032 eo
3154 3974 3283 4047 quid
3299 3988 3476 4033 sumat
3490 3995 3508 4043 ;
3523 3976 3583 4031 2°
3594 3977 3803 4047 observa-

2231 4047 2302 4100 tio
2319 4048 2373 4102 in
2391 4065 2450 4102 eo
2462 4060 2716 4118 quantum
2731 4059 2902 4105 sumat
2923 4048 3010 4116 ;5°
3023 4046 3312 4104 observatio
3326 4050 3381 4102 in
3397 4063 3457 4103 eo
3468 4046 3715 4118 quomodo
3727 4061 3802 4118 su-

2226 4129 2359 4192 mat.
2381 4115 2682 4176 Observatio
2701 4122 2754 4174 in
2769 4137 2829 4175 eo
2853 4122 2977 4192 quid
2996 4130 3185 4186 sumat,
3199 4120 3258 4172 id
3285 4131 3383 4185 est,
3412 4128 3470 4172 ut
3493 4134 3652 4187 neque
3670 4115 3803 4192 nimis

2227 4191 2456 4264 pretiosa
2486 4203 2533 4246 et
2573 4193 2798 4245 delicata
2818 4186 3064 4264 reapetat,
3089 4207 3182 4246 nec
3210 4192 3373 4246 nimis
3403 4207 3528 4245 rara
3553 4186 3597 4244 et
3617 4186 3800 4241 insolita

2225 4262 2482 4333 requirat,
2509 4280 2606 4317 nec
2630 4264 2784 4317 nimis
2806 4262 2950 4318 laute
2975 4273 3021 4318 et
3039 4271 3284 4317 accurate
3314 4273 3610 4333 prwparata
3636 4272 3803 4333 concu-

2224 4330 2407 4406 piscat.
2443 4331 2510 4388 In
2542 4335 2709 4403 primo
2730 4336 2867 4389 enim
2897 4335 3054 4389 luxus
3076 4330 3324 4406 arguitur
3343 4375 3358 4398 ,
3389 4334 3468 4406 in_
3483 4331 3698 4387 secundo
3721 4344 3800 4380 cu-

2221 4402 2470 4472 riositas,
2516 4402 2571 4460 in
2607 4408 2758 4461 tertio
2795 4408 3092 4472 superstitio
3140 4402 3381 4458 notatur.
3429 4403 3565 4458 Sunt
3607 4415 3800 4469 namque

2219 4474 2433 4543 quidam
2451 4516 2468 4541 ,
2497 4492 2716 4547 quorum
2744 4479 2921 4548 fauces
2941 4479 3066 4532 satis
3080 4475 3313 4548 ridicula
3327 4475 3631 4548 inﬁrmitate
3648 4485 3796 4540 agro-

2219 4552 2354 4611 tant,
2385 4546 2635 4618 qute’nisi
2665 4546 2880 4618 pinguia
2919 4559 2965 4602 et
3006 4546 3229 4601 delicata
3260 4546 3523 4618 deglutire
3546 4561 3646 4618 non
3686 4556 3793 4618 pos-

2217 4627 2360 4690 sunt.
2398 4611 2476 4672 Et
2521 4611 2799 4687 siquando
2827 4622 2900 4673 eis
2926 4620 3071 4690 parci
3113 4627 3202 4671 aut
3246 4611 3488 4690 [ru'gales
3521 4616 3616 4670 cibi
3659 4611 3796 4668 oblati

2219 4688 2431 4772 fuerint,
2461 4691 2635 4744 statim
2665 4699 2755 4744 aut
2778 4688 3172 4815 indifestionem
3191 4688 3491 4770 stomachi,
3521 4697 3609 4770 aut
3637 4693 3794 4757 pecto-

2219 4772 2288 4812 rss
2315 4763 2621 4815 siccitatem.
2646 4771 2738 4815 aut
2755 4763 2879 4815 anni
2903 4762 3130 4815 ationem
3158 4762 3374 4815 canitis.
3397 4769 3492 4814 aut
3512 4777 3555 4814 ss
3576 4775 3670 4815 arta
3691 4761 3794 4809 sunt

512 4756 764 4832 ordinem
796 4759 1166 4832 exsecutionis
1197 4759 1374 4832 primo
1394 4756 1699 4832 quaerimus
1727 4771 2015 4826 apparere,
2051 4769 2109 4814 ut
2139 4757 2190 4818 D
2212 4758 2288 4832 ris
2315 4761 2621 4827 siccitatem,
2646 4771 2738 4816 aut
2755 4756 3130 4832 appilationem
3158 4760 3374 4832 capitis,
3397 4756 3492 4814 aut
3512 4760 3556 4832 si
3574 4756 3794 4832 sign!

513 4831 790 4887 manifesti
827 4830 939 4900 jam
983 4837 1038 4884 et
1082 4829 1216 4884 clari
1251 4828 1630 4900 excellentiam
1679 4841 2104 4896 consequamur.

512 4907 780 4966 Quaerunt
807 4898 1072 4970 siquidem
1100 4900 1320 4968 superbi
1348 4898 1693 4970 manifestare
1719 4914 1801 4966 se,
1824 4907 2104 4970 tamquam

512 4974 736 5037 virtute,
786 4969 883 5027 ant
911 4978 1208 5042 potestate,
1254 4979 1348 5024 aut
1373 4969 1640 5024 industria
1687 4969 1944 5042 praeditos
1973 5013 1989 5038 ,
2047 4981 2106 5027 ut

513 5045 784 5098 manifesti
829 5040 1084 5098 amentur
1129 5051 1185 5096 et
1238 5042 1605 5107 Itonorcntur;
1637 5040 1802 5095 amati
1833 5051 2012 5097 autem
2053 5051 2110 5099 et

511 5114 786 5180 honorati,
815 5114 949 5169 clari
975 5111 1297 5168 habeantur.
1320 5111 1419 5179 Qui
1445 5123 1624 5168 autem
1650 5111 1872 5181 gloriosi
1897 5111 2106 5169 haben-

510 5197 618 5248 tttr,
653 5188 705 5240 in
738 5186 987 5256 proximo
1017 5193 1232 5256 suntut
1252 5186 1568 5256 exaltentur
1581 5187 1667 5256 _ad
1720 5183 2010 5256 dignitates
2049 5195 2106 5241 et

506 5253 899 5321 excellentiae;
931 5263 989 5310 et
1017 5255 1098 5311 sic
1125 5255 1299 5325 gloria
1327 5263 1412 5309 est
1450 5253 1687 5309 modium
1728 5253 1797 5310 ad
1827 5257 2102 5311 excellen-

509 5328 638 5381 tiam
666 5325 1055 5396 acquirendam
1082 5367 1098 5390 ,
1141 5333 1198 5380 et
1226 5341 1322 5396 per
1351 5325 1454 5380 hoc
1483 5327 1754 5396 oriturex
1805 5327 2060 5392 superbia
2081 5368 2095 5392 ,

504 5398 648 5453 sicut
676 5395 912 5453 medium
943 5412 1008 5453 ex
1060 5396 1192 5452 ﬁne.
1222 5395 1408 5451 Oritur
1438 5395 1792 5451 nihilominus
1831 5398 2001 5453 gloria
2029 5413 2094 5452 ex

504 5469 864 5532 excellentia,
897 5477 1172 5538 tamquam
1200 5469 1382 5536 passio
1413 5483 1480 5523 ex
1507 5469 1786 5536 subjecto,
1821 5469 1950 5522 dum
1999 5482 2096 5522 ex-

503 5541 710 5596 cellere
755 5540 937 5596 minus
983 5541 1357 5605 aestimamus,
1407 5538 1511 5593 nisi
1540 5538 1723 5594 veniat
1767 5539 1819 5592 in
1860 5538 2092 5593 aliorum

503 5610 783 5678 notitiam,
815 5610 966 5681 juxta
994 5609 1129 5681 illud
1175 5625 1190 5663 :
1225 5608 1374 5681 Scire
1420 5618 1565 5662 tuum
1596 5609 1728 5681 nihil
1757 5617 1866 5678 est,
1895 5609 2016 5681 nisi
2044 5620 2094 5665 te

501 5681 635 5733 scire
702 5680 970 5735 hoc'sciat
1020 5680 1172 5736 alter.
1207 5680 1394 5736 Ambae
1443 5689 1625 5735 autem
1665 5680 1823 5734 dicta:
1870 5680 2092 5750 propin-

497 5751 773 5822 quitates,
816 5752 1190 5808 connexiones
1217 5762 1271 5808 et
1297 5750 1676 5822 dependentite
1713 5765 1774 5808 se
1811 5761 1993 5808 tenent
2021 5767 2090 5810 ex

498 5832 659 5914 parte
677 5837 860 5883 rerum
887 5822 1186 5893 secundum
1205 5837 1289 5894 se,
1314 5821 1381 5884 et
1394 5832 1683 5897 propterea
1702 5821 2002 5889 secundum
2027 5837 2090 5905 se

2213 4830 2360 4897 talia,
2383 4834 2452 4886 ad
2473 4832 2690 4902 frivolas
2706 4827 3061 4888 excusationes
3081 4827 3319 4901 pretend
3325 4840 3444 4886 unt.
3472 4831 3581 4886 Alii
3589 4827 3793 4902 delicias

2211 4909 2263 4973 ct_
2291 4896 2485 4957 luxum-
2502 4905 2730 4957 ciborum
2762 4919 2953 4973 magna
2975 4896 3270 4958 constantia
3291 4912 3676 4973 aspernantur,
3714 4896 3792 4973 sed

2209 4970 2274 5024 ab
2302 4974 2376 5028 eis
2420 4976 2605 5028 iterum
2643 4991 2746 5028 non
2774 4970 2961 5028 minori
3007 4985 3097 5028 aut
3143 4970 3496 5028 tolerabiliori
3522 4970 3787 5041 petulantia

2207 5047 2560 5099 communium
2585 5045 2897 5100 cibariorum
2924 5062 3049 5100 usus
3083 5045 3296 5099 omnino
3329 5039 3632 5112 despicitur.
3657 5039 3788 5094 Nora

2209 5119 2446 5182 quedam
2474 5126 2522 5170 et
2565 5117 2779 5172 insolita
2805 5117 3034 5170 ciborum
3077 5132 3266 5187 genera
3318 5117 3620 5187 exquirunt,
3650 5113 3716 5187 ita
3742 5116 3792 5159 ut

2204 5201 2343 5252 saepe
2362 5197 2574 5256 propter
2596 5189 2753 5241 unius
2779 5198 3002 5242 uentrem
3034 5183 3260 5240 beluinis
3288 5183 3590 5258 perpmnes
3615 5183 3790 5258 circum

2209 5249 2374 5329 pagos'
2391 5249 2546 5311 turba
2575 5260 2889 5329 famulorum
2917 5260 3176 5312 discurrat
3195 5299 3209 5321 ,
3272 5249 3321 5313 et
3381 5259 3469 5312 uia:
3500 5256 3695 5329 tandem
3713 5249 3790 5329 pel

2205 5323 2409 5402 ignotas
2439 5330 2513 5402 de
2533 5323 2747 5386 desertis
2773 5331 2955 5402 procul
2979 5329 3238 5402 montibus
3269 5329 3478 5402 radices
3508 5323 3753 5402 evellendo
3775 5358 3789 5382 ο

2204 5400 2282 5471 vel
2319 5401 2574 5469 pauculos
2615 5403 2680 5455 de
2709 5396 2824 5455 int'is
2853 5400 3146 5471 gurgitibus
3192 5401 3476 5470 profunda
3500 5396 3792 5471 scrutatione

2203 5469 2480 5540 pisciculos
2509 5473 2783 5538 trahendo,
2814 5469 2918 5526 sive
2948 5469 3310 5540 intempestiva
3335 5473 3402 5525 de
3435 5469 3691 5526 arentibus
3703 5478 3789 5540 ru-

2203 5535 2327 5594 betis
2356 5543 2568 5598 arbusta
2599 5535 2888 5614 colligendo
2913 5583 2929 5609 ,
2956 5535 3118 5614 unius
3154 5543 3427 5613 appetitus
3468 5535 3788 5614 petulantiam

2200 5626 2517 5695 compescere
2545 5612 2813 5695 queatIEt
2833 5629 2962 5691 sane
2990 5612 3116 5695 mihi
3137 5628 3246 5695 non
3273 5614 3408 5668 satis
3424 5612 3602 5695 patere
3619 5613 3784 5679 potest.

2196 5687 2335 5756 quod
2364 5686 2546 5739 vitium
2590 5686 2716 5738 istos
2761 5686 3014 5756 exagitet.
3047 5685 3148 5738 nisi
3174 5687 3317 5753 forte
3343 5685 3469 5754 quia
3507 5698 3594 5754 per
3623 5692 3787 5756 quam:

2195 5754 2318 5808 dam
2347 5757 2509 5811 animi
2533 5754 3070 5828 insolentiam'multos
3094 5756 3147 5808 in
3170 5771 3272 5828 suo
3290 5756 3539 5828 obsequio
3555 5754 3783 5828 occupari

2191 5827 2415 5906 gaudent
2436 5868 2454 5897 .
2479 5828 2582 5888 sive
2609 5827 2734 5903 quia
2777 5842 2868 5901 per
2901 5836 3152 5892 tumorem
3177 5824 3439 5890 elationis'
3461 5824 3662 5885 caneris
3688 5833 3785 5880 ost-
