4012 6336
246 324 341 383 ωδ
440 293 445 297 ,

1021 322 1364 383 COLLATIO
1400 324 1467 383 ν.
1490 354 1560 371 -
1587 326 1682 385 DE
1716 324 1898 387 OCTO
1931 326 2450 388 PRINCIPALIBUS
2488 329 2713 388 VlTllS.

243 434 477 490 Primum
497 474 513 500 ,
546 433 693 506 quod
722 433 793 490 ad
825 433 1179 493 refectionem
1206 447 1463 511 perurget
1489 438 1817 499 monachum
1840 444 1897 505 Α
1918 441 2079 513 adjici
2103 443 2405 513 poscimus,
2447 444 2567 501 aliis
2594 444 2885 516 displicere
2906 484 2924 515 ,
2954 454 3010 504 et
3033 446 3337 505 invenimur
3364 448 3506 521 inju-

243 534 360 580 ante
389 523 591 580 horam
619 533 875 581 statutam
896 540 963 583 ac
987 526 1281 598 legitimam
1305 527 1593 599 festinare;
1624 546 1822 589 secun-

241 616 359 673 dum
377 660 392 683 ,
436 616 586 688 quod
614 617 923 688 explatione
948 619 1159 677 ventris
1188 628 1244 677 et
1270 621 1637 693 quarumlibet
1668 636 1823 679 esca-

242 724 354 763 rum
385 709 692 764 voracitate
720 709 931 766 latatur
956 726 974 777 ;
1005 711 1219 767 tertium
1237 753 1254 779 ,
1280 711 1428 783 quod
1454 714 1823 771 accuratiores

240 816 299 857 ac
327 802 760 860 delicatissimos
780 802 1055 861 desiderat
1084 804 1257 861 cibos.
1289 805 1421 873 Qua
1450 806 1552 862 tria
1578 820 1688 863 non
1716 806 1822 864 levi

241 894 522 964 dispendio
569 895 894 952 monachum
920 895 1143 966 feriunt,
1184 895 1289 952 nisi
1326 897 1396 953 ab
1425 898 1676 954 omnibus
1706 898 1823 956 istis

241 987 349 1055 pari
379 986 569 1042 studio
596 996 759 1059 atque
778 988 1123 1045 observantia
1172 992 1523 1062 semetipsum
1563 992 1823 1063 expedire

240 1079 596 1134 contenderit.
640 1080 773 1136 Nam
822 1081 1279 1152 quemadmodum
1326 1084 1599 1140 absolutio
1629 1084 1824 1155 jejunii

238 1180 358 1227 ante
384 1171 579 1227 horam
608 1173 923 1229 canonicam
956 1173 1261 1231 nullatenus
1288 1174 1665 1246 prasumenda
1695 1184 1779 1231 est
1802 1215 1820 1242 ,

239 1264 305 1319 ita
333 1272 390 1318 et
421 1264 630 1320 ventris
653 1265 922 1336 ingluvies
949 1274 1005 1321 et
1024 1281 1273 1323 escarum
1298 1277 1614 1337 sumptuosa
1661 1276 1824 1337 atque

236 1355 500 1425 exquisita
550 1358 875 1425 praparatio
910 1356 1165 1413 similiter
1205 1358 1552 1428 amputanda.
1598 1357 1682 1414 Ex
1737 1358 1824 1415 his

236 1448 372 1502 enim
402 1448 581 1504 tribus
610 1448 789 1504 causis
807 1449 1041 1505 diversa
1064 1464 1129 1505 ac
1149 1450 1402 1521 pessima
1429 1459 1456 1489 ι
1487 1450 1824 1508 valetudines

235 1538 423 1593 anima
450 1551 831 1609 procreantur.
862 1540 995 1595 Nam
1017 1541 1085 1597 de
1102 1541 1274 1612 prima
1298 1541 1615 1597 monasterii
1639 1541 1824 1597 odium

234 1630 476 1700 gignitur
499 1671 515 1695 ,
556 1640 718 1701 atque
740 1632 937 1688 exinde
969 1631 1194 1699 horror,
1227 1643 1283 1689 et
1310 1632 1654 1689 intolerantia
1678 1632 1825 1703 ejus-

236 1722 353 1776 dem
410 1724 725 1779 concrescit
772 1722 1107 1791 habitaculi,
1150 1740 1312 1796 quam
1339 1724 1457 1781 sine
1481 1724 1647 1781 dubio
1694 1739 1823 1781 mox

1926 538 2063 591 riam
2087 535 2299 603 multis,
2330 535 2459 593 dum
2491 546 2694 595 nostra
2720 539 2861 610 gula
2888 553 2954 595 ac
2989 540 3263 598 desiderio
3287 542 3505 597 satisfa-
3609 526 3633 608 ἱ

1923 640 2050 684 cere
2072 628 2354 699 cupimus,
2386 628 2631 701 irrogare
2662 647 2680 687 :
2711 641 2939 702 propter
2978 631 3125 703 quod
3174 632 3505 689 omnimodis
3614 628 3624 706 ξ

1926 719 2113 775 hacin
2136 719 2295 776 nobis
2320 729 2406 776 est
2432 722 2747 795 castiganda
2774 724 3018 782 libertas.
3054 736 3078 765 ο
3106 725 3506 783 Fornicationis
3597 718 3617 795 τ

1922 822 2124 882 genera
2146 820 2271 867 sunt
2298 813 2402 868 tria
2432 831 2445 866 :
2474 814 2740 885 primum,
2770 816 2914 886 quod
2942 831 3040 887 per
3061 819 3505 874 commixtionem
3608 813 3619 881 ἕ

1924 916 2086 958 sexus
2113 902 2399 973 utriusque
2428 906 2705 974 perficitur
2729 921 2745 973 ;
2774 907 3103 976 secundum,
3133 909 3279 977 quod
3299 909 3506 980 absque
3533 910 3538 925 ‘
3592 902 3613 974 Ξ

1924 990 2163 1049 femineo
2196 1002 2374 1061 tactu,
2400 1009 2500 1065 pro
2529 1011 2635 1066 quo
2662 996 2815 1053 Onan
2840 999 3166 1070 patriarchae
3188 999 3339 1057 Iuda
3362 1001 3506 1056 filius

1923 1099 1955 1139 a
2005 1083 2236 1141 Domino
2290 1101 2582 1155 percussus
2630 1086 2856 1158 legitur,
2911 1090 3056 1161 quod
3111 1091 3166 1147 in
3211 1091 3507 1163 Scripturis

1923 1177 2490 1234 sanctisimmunditia
2519 1188 2863 1250 nuncupatur
2883 1181 3099 1252 (Genes.
3130 1185 3388 1255 xxxvtu),
3418 1199 3507 1240 su-

1926 1270 2024 1338 per’
2064 1284 2174 1340 quo
2223 1271 2519 1341 Apostolus
2550 1288 2565 1325 :
2594 1269 2726 1327 Dico
2762 1282 2935 1328 autem
2962 1275 3199 1345 innuptis
3216 1283 3266 1330 et
3292 1275 3464 1333 viduis
3486 1314 3505 1341 ,

1923 1361 2205 1419 bonumest
2227 1362 2335 1419 illis
2366 1364 2413 1419 si
2441 1365 2516 1419 sic
2541 1366 2920 1435 permanserint
2939 1368 3074 1423 sicut
3103 1378 3153 1423 et
3175 1384 3267 1439 ego
3300 1368 3353 1439 (1
3383 1367 3506 1423 Cor.

1924 1450 1992 1521 7)
2024 1470 2038 1508 :
2066 1453 2202 1521 quod
2226 1454 2273 1508 si
2301 1470 2356 1510 se
2374 1470 2478 1509 non
2501 1456 2796 1527 continent,
2814 1458 3046 1525 nubant;
3068 1457 3254 1514 melius
3276 1466 3350 1513 est
3370 1459 3508 1513 enim

1923 1543 2116 1599 nubere
2147 1560 2300 1613 quam
2347 1546 2469 1613 uri;
2516 1546 2766 1616 tertium,
2808 1548 2954 1618 quod
2995 1550 3177 1604 animo
3226 1563 3291 1605 ac
3326 1560 3508 1605 mente

1922 1635 2245 1705 concipitur.
2279 1636 2355 1692 De
2373 1636 2766 1705 quo'Dominus
2790 1639 2845 1694 in
2869 1639 3200 1710 Evangelio,
3237 1639 3339 1708 Qui
3364 1640 3509 1693 uide-

1922 1725 1992 1779 rit
2017 1726 2281 1782 mulierem
2307 1728 2377 1781 ad
2406 1728 2882 1796 concupiscendum
2925 1746 3062 1797 eam;
3082 1734 3200 1804 jam
3226 1731 3509 1786 moechatus

233 1813 494 1869 discessio
523 1825 617 1869 aut
646 1814 768 1886 fuga
806 1817 1153 1873 velocissima
1198 1817 1584 1889 subsequetur.
1635 1818 1713 1874 De
1732 1831 1822 1875 se-
1846 1824 1896 1887 Β
1923 1828 1995 1872 est
2024 1834 2135 1873 eam
2163 1818 2219 1873 in
2239 1819 2395 1874 corde
2411 1836 2505 1874 suo
2531 1819 2747 1893 (Matth.
2773 1820 2851 1893 v).
2874 1821 3006 1890 Qua
3032 1822 3133 1878 tria
3154 1838 3349 1894 genera
3377 1823 3508 1879 bea-

233 1904 397 1960 cunda
434 1907 591 1977 igniti
626 1907 854 1964 luxuria
884 1917 940 1965 et
966 1910 1205 1966 libidinis
1241 1910 1419 1966 aculei
1463 1909 1817 1967 suscitantur.

234 1997 407 2054 Tertia
434 2000 603 2055 etiam
642 2002 1047 2060 inextricabiles
1074 2004 1422 2075 pbilargyria
1444 2004 1666 2076 laqueos
1691 2019 1818 2061 nec-

234 2093 289 2147 tit
311 2093 625 2149 cervicibus
652 2096 1015 2166 captivorum,
1048 2112 1150 2153 nec
1174 2098 1467 2169 aliquando
1494 2097 1818 2155 monachum

232 2183 354 2237 sinit
385 2186 634 2253 perfecta
677 2184 877 2242 Christi
924 2187 1166 2245 nuditate
1201 2188 1435 2244 fundari.
1464 2188 1633 2259 Cujus
1661 2188 1818 2244 nobis

232 2277 497 2346 passionis
528 2278 713 2335 inesse
751 2280 974 2352 vestigia
1008 2322 1025 2346 ,
1081 2281 1183 2338 isto
1205 2297 1420 2353 quoque
1448 2281 1817 2353 deprehendi-

232 2386 343 2426 mus
364 2372 620 2437 indicio,
669 2388 791 2429 cum
838 2372 977 2430 forte
1006 2373 1073 2429 ad
1118 2374 1470 2431 refectionem
1499 2373 1705 2431 detenti
1748 2374 1818 2430 ab

230 2462 404 2535 aliquo
433 2463 665 2521 fratrum
692 2507 708 2533 ,
738 2468 977 2522 contenti
1009 2481 1117 2522 non
1149 2483 1334 2523 sumus
1361 2482 1429 2523 eo
1449 2482 1643 2537 sapore
1662 2467 1819 2522 cibos

232 2569 590 2627 sumere,quo
617 2558 688 2613 ab
713 2558 1014 2615 esbibente
1040 2559 1245 2615 conditi
1275 2568 1423 2625 sunt,
1444 2558 1541 2615 sed
1562 2558 1815 2630 quiddam

232 2647 548 2718 superfundi
586 2650 667 2704 eis
697 2651 783 2705 vel
815 2650 978 2720 adjici
1006 2650 1316 2721 importuna
1348 2659 1510 2723 atque
1553 2650 1816 2706 eﬂrenata

233 2742 503 2809 poscimus
532 2740 804 2798 libertate.
841 2743 995 2812 Quod
1024 2745 1142 2800 fieri
1176 2745 1393 2815 penitus
1417 2760 1526 2800 non
1553 2752 1772 2815 oportet
1796 2784 1816 2812 ,

235 2837 399 2893 tribus
426 2837 498 2893 de
518 2839 704 2892 causis
734 2856 747 2891 :
780 2839 953 2909 primo
979 2839 1106 2911 quia
1138 2853 1292 2896 mens
1320 2841 1573 2895 monachi
1601 2853 1819 2910 semper

231 2927 386 2983 debet
409 2929 466 2984 in
490 2929 645 2984 omni
677 2930 978 2985 tolerantia
1006 2945 1070 2987 ac
1107 2932 1391 3002 parcitatis
1427 2931 1819 2987 exercitatione

234 3023 432 3077 versari
455 3030 537 3088 et,
560 3021 589 3061 δ
611 3027 911 3079 secundum
935 3024 1258 3095 Apostolum
1284 3023 1458 3095 (Phil.
1485 3024 1585 3094 tv),
1608 3024 1818 3081 discere

234 3115 280 3167 in
318 3116 526 3184 quibus
557 3124 666 3181 est,
694 3117 974 3173 sufﬁciens
1002 3130 1125 3173 esse
1159 3135 1173 3173 :
1206 3118 1516 3174 nullatenus
1544 3119 1691 3173 enim
1722 3131 1820 3187 po-

1920 1918 2009 1965 tus
2037 1909 2333 1980 Apostolus
2371 1912 2486 1981 pari
2507 1912 2667 1968 modo
2694 1912 3084 1985 exstinguenda
3112 1915 3465 1985 pronuntians
3483 1954 3504 1983 ,

1921 2000 2259 2072 Mortiﬁcate,
2285 2003 2477 2075 inquit,
2501 2005 2731 2060 membra
2750 2018 2920 2061 vestra
2943 2023 3057 2078 quin
3079 2016 3202 2063 sunt
3221 2026 3375 2079 super
3403 2019 3507 2064 ter-

1917 2110 2059 2160 ram,
2086 2093 2514 2164 fornicationem,
2541 2098 2942 2166 immunditiam,
2981 2100 3247 2157 libidinem
3278 2101 3508 2174 (Coloss.

1918 2186 2022 2261 Ill),
2056 2197 2163 2245 etc.
2193 2190 2258 2245 Et
2288 2190 2483 2246 iterum
2515 2190 2587 2246 de
2623 2191 2836 2248 duobus
2874 2192 2939 2249 ad
2972 2191 3276 2265 Ephesios:
3308 2192 3508 2248 Fami-

1918 2285 2054 2339 catio
2076 2292 2127 2339 et
2146 2285 2479 2340 immunditia
2505 2302 2600 2340 nec
2626 2288 2912 2342 nominetur
2936 2288 2991 2341 in
3018 2288 3157 2342 vobis
3180 2287 3396 2360 (Ephes.
3426 2287 3506 2359 v).

1920 2376 1988 2432 Et
2012 2376 2205 2432 iterum
2237 2395 2249 2431 :
2285 2374 2314 2430 Ι
2321 2376 2433 2432 llud
2453 2386 2626 2432 autem
2645 2379 2843 2443 scitote,
2862 2380 3001 2448 quod
3014 2380 3179 2434 omnis
3195 2379 3506 2450 fornicator,

1918 2476 2010 2520 aut
2030 2467 2350 2534 immundus,
2378 2476 2467 2521 aut
2494 2483 2706 2533 auarus,
2726 2470 2864 2538 quod
2880 2478 2955 2523 est
2984 2469 3244 2523 idolorum
3269 2470 3505 2537 servitus,

1919 2576 2024 2614 non
2054 2559 2207 2614 habet
2234 2560 2587 2615 hereditatem
2614 2562 2668 2615 in
2697 2577 2856 2633 regno
2884 2560 3076 2617 Christi
3107 2570 3151 2618 et
3176 2560 3276 2617 Dei
3299 2561 3505 2635 (ἰδίει).

1919 2652 2051 2721 Qua
2080 2653 2181 2707 tria
2214 2661 2273 2707 ut
2299 2667 2329 2707 a
2361 2652 2520 2707 nobis
2544 2653 2657 2722 pari
2678 2652 3064 2709 observatione
3087 2664 3401 2721 caveantur,
3432 2654 3509 2709 si-

1920 2747 2065 2803 milis
2087 2760 2185 2802 nos
2206 2760 2398 2802 eorum
2428 2760 2459 2800 a
2485 2760 2653 2816 regno
2680 2744 2882 2801 Christi
2911 2755 3072 2817 atque
3114 2759 3219 2801 una
3266 2745 3509 2801 deterret

1919 2841 2181 2897 esclnsio.
2213 2838 2243 2879 ἀ
2263 2841 2616 2913 Philargyria
2636 2855 2834 2911 genera
2865 2850 2992 2895 sunt
3023 2840 3126 2895 tria
3161 2857 3176 2895 :
3228 2840 3457 2909 primum
3487 2879 3507 2905 ,

1919 2932 2067 3003 quod
2093 2933 2471 2988 renuntiantes
2492 2931 2702 2987 divitiis
2744 2944 2808 2985 ac
2836 2930 3181 2986 facultatibus
3224 2930 3337 2985 suis
3380 2943 3509 3000 spo-

1919 3025 2040 3080 liari
2071 3038 2180 3079 non
2206 3024 2373 3090 sinit;
2398 3022 2720 3087 secundum,
2751 3022 2896 3094 quod
2921 3036 2987 3078 ea
3015 3036 3133 3092 qua
3162 3037 3194 3076 a
3231 3020 3390 3075 nobis
3421 3020 3507 3075 di-

1918 3132 2107 3189 spersa
2127 3125 2257 3174 sunt
2274 3118 2358 3173 vel
2381 3116 2746 3187 indigentibus
2766 3115 3079 3182 distributa,
3106 3128 3383 3170 resumere
3406 3127 3508 3168 nos

233 3208 382 3275 terit,
438 3208 528 3263 vel
568 3208 782 3264 occulta
806 3209 892 3265 vel
919 3210 1126 3280 majora
1163 3212 1413 3281 corporis
1438 3210 1706 3267 desideria
1733 3225 1815 3265 re-
1841 3216 1887 3278 c
1919 3210 2110 3280 majori
2140 3208 2440 3280 cupiditate
2461 3208 2784 3279 persuadet:
2813 3207 3065 3274 tertium,
3098 3206 3240 3278 quod
3268 3222 3355 3273 ea,
3383 3220 3504 3277 qua

234 3303 448 3359 frenare
475 3344 492 3369 ,
539 3303 785 3374 quisquis
814 3304 1193 3375 degustatione
1222 3306 1450 3361 modica
1483 3304 1820 3361 insuavitatis

234 3394 469 3449 oﬂ’ensus
490 3435 509 3461 ,
541 3411 610 3451 ne
629 3396 699 3451 ad
730 3404 1062 3453 momentum
1085 3397 1305 3467 quidem
1336 3398 1564 3454 delicias
1583 3396 1821 3468 gutturis

232 3488 308 3540 sui
338 3487 582 3541 valuerit
628 3487 922 3556 castigare;
955 3487 1217 3553 secundo,
1244 3487 1384 3558 quod
1414 3502 1819 3558 nonnumquam

235 3582 418 3638 evenit
448 3591 507 3637 ut
532 3582 600 3637 ad
630 3582 821 3637 horam
843 3582 985 3638 desit
1014 3581 1106 3637 illa
1131 3583 1343 3653 species
1372 3597 1493 3653 qua
1510 3581 1820 3652 postulatur

232 3692 259 3727 a
286 3676 444 3729 nobis
465 3714 481 3739 ,
534 3682 592 3728 et
641 3672 1028 3729 verecundiam
1058 3672 1373 3729 necessitati
1400 3673 1486 3729 vel
1524 3672 1817 3742 frugalitati

234 3765 582 3837 suscipientis
621 3765 944 3832 incutimus,
985 3765 1324 3835 publicantes
1352 3764 1562 3820 scilicet
1590 3777 1819 3834 pauper-

235 3866 393 3911 tatem
415 3856 538 3927 ejus
563 3870 725 3927 quam
756 3855 857 3910 soli
880 3855 991 3911 Deo
1021 3855 1291 3926 cognitam
1323 3870 1446 3911 esse
1472 3855 1816 3923 maluerunt;

236 3949 390 4005 tertio
413 3990 433 4016 ,
466 3946 614 4019 quod
643 3947 917 4005 interdum
964 3947 1110 4004 solet
1138 3962 1302 4018 sapor
1333 3948 1457 4017 ille,
1507 3962 1670 4019 quem
1716 3962 1819 4005 nos

1924 3318 1992 3360 ne
2021 3312 2177 3360 antea
2209 3302 2427 3374 quidem
2465 3301 2840 3372 possedimus,
2890 3300 3191 3356 desiderari
3233 3298 3510 3371 acquirive

1923 3395 2221 3466 compellit.
2259 3404 2283 3432 °
2332 3394 2432 3450 Ira
2480 3408 2681 3463 genera
2734 3400 2864 3447 sunt
2917 3392 3069 3446 tria:
3105 3406 3311 3456 unum,
3364 3389 3510 3459 quod

1923 3488 2236 3547 exardescit
2270 3488 2602 3543 intrinsecus
2625 3532 2640 3555 ,
2670 3485 2812 3557 quod
2842 3483 3031 3541 Grace
3072 3485 3229 3556 θυμὸς
3268 3483 3506 3547 dicitur;

1922 3583 2089 3651 aliud,
2120 3583 2266 3654 quod
2297 3583 2351 3637 in
2367 3582 2598 3649 verbum
2628 3590 2683 3635 et
2712 3593 2850 3648 opus
2871 3576 3235 3647 effectumque
3260 3592 3509 3646 prorum-

1924 3678 2031 3748 pit,
2057 3676 2203 3746 quod
2226 3677 2352 3750 ὀργή
2380 3682 2741 3743 nuncupatur,
2773 3671 2843 3727 de
2864 3670 3062 3741 quibus
3084 3679 3139 3724 et
3177 3667 3469 3739 Apostolus
3488 3709 3506 3735 ,

1927 3769 2087 3825 Nunc
2116 3778 2287 3823 autem
2324 3766 2598 3839 deponite,
2628 3763 2836 3835 inquit,
2867 3771 2915 3817 et
2944 3778 3032 3817 vos
3066 3777 3267 3817 omnem
3301 3761 3431 3814 iram
3460 3767 3511 3815 et

1922 3861 2368 3933 indignationem;
2396 3856 2617 3914 tertium
2639 3897 2655 3923 ,
2704 3855 2849 3925 quod
2876 3868 2982 3910 non
3020 3860 3081 3908 ut
3114 3853 3204 3908 illa
3234 3851 3509 3907 ferventer

1926 3948 1994 4004 ad
2024 3950 2212 4005 horam
2245 3946 2540 4019 digeritur,
2570 3944 2667 4002 sed
2689 3959 2786 4017 per
2811 3944 2930 4000 dies
2970 3956 3025 4000 et
3063 3953 3305 4014 tempora
3333 3957 3509 3998 reser-

1302 4087 1563 4144 ALARDI
1602 4087 1839 4145 GAZABI
1874 4086 2442 4145 COMMENTARIUS.

233 4186 381 4239 nibus
412 4196 671 4255 quantum
696 4184 806 4239 cibo
825 4185 1101 4239 dissimiles
1120 4192 1264 4251 sunt,
1284 4191 1487 4237 tantum
1509 4184 1691 4237 merito
1714 4184 1822 4238 dis-

231 4254 434 4311 similes
454 4257 618 4311 videri
646 4257 842 4327 uolunt.
877 4255 981 4309 Alii
1011 4254 1421 4327 superstitiosum
1442 4254 1598 4327 nimis
1616 4255 1669 4327 in
1691 4269 1824 4321 prat-

232 4328 483 4396 parandir
529 4327 641 4380 abis
666 4326 896 4380 studium
914 4325 1155 4381 adhibent
1170 4366 1186 4390 ,
1214 4325 1421 4394 inﬁnita
1443 4326 1822 4396 decoctionum,

232 4409 277 4451 et
303 4399 656 4466 friruarum,
679 4406 725 4451 et
755 4399 1200 4467 condimentorum
1220 4411 1408 4467 genera
1436 4395 1822 4467 excogitantes;

233 4469 384 4522 modo
416 4467 624 4535 ωοαὶα,
653 4466 805 4521 modo
833 4468 985 4534 dura,
1018 4470 1169 4521 modo
1201 4465 1415 4535 frigida,
1438 4466 1595 4519 modo
1625 4465 1819 4530 calida,

234 4541 383 4593 modo
409 4537 579 4607 elisa,
627 4539 765 4592 nodo
810 4554 947 4605 assa,
990 4539 1144 4591 modo
1168 4537 1365 4609 pipere.
1388 4607 1394 4609 Α
1415 4536 1569 4590 modo
1595 4536 1819 4599 cumino,

233 4612 385 4664 modo
414 4611 529 4663 sale
560 4594 774 4673 isndita,
806 4594 1087 4663 secundum
1113 4594 1534 4661 consuetudinem
1555 4594 1824 4676 praegnan;
1849 4594 1904 4656 D

235 4684 360 4734 tium
416 4680 694 4735 nardinum
722 4678 1093 4734 desiderantes.
1129 4677 1233 4732 Hic
1264 4680 1490 4745 profecto
1512 4694 1614 4731 non
1654 4677 1826 4730 solum

235 4751 516 4823 arguendi,
546 4752 633 4805 sed
662 4750 817 4823 etiam
845 4749 1113 4823 deridendi
1139 4757 1297 4823 sunt,
1334 4749 1422 4819 qui
1448 4749 1599 4817 quasi
1626 4762 1825 4823 caupo-

236 4818 321 4875 nes
349 4824 423 4875 ad
453 4837 656 4875 omnm
684 4819 1009 4891 clepsydram
1038 4818 1273 4891 eliciendi
1314 4828 1491 4891 gustus
1538 4818 1706 4891 gratia
1733 4834 1828 4888 pa-

238 4891 405 4945 latum
429 4892 733 4946 extendant.
764 4889 937 4958 Igitur
975 4902 1153 4945 contra
1180 4890 1290 4944 lucc
1318 4889 1446 4943 uitia
1470 4890 1709 4943 sanando
1738 4904 1831 4943 ne-

236 4962 497 5017 cessarius
521 4972 594 5016 est
615 4962 757 5031 rigor
786 4961 1106 5030 disciplina,
1140 4961 1228 5032 qui
1256 4962 1383 5015 istas
1412 4962 1549 5032 gula:
1589 4960 1827 5027 petulan-

238 5034 335 5086 tias
364 5034 509 5087 intra
551 5043 739 5088 certum
766 5032 976 5086 limitem
1006 5031 1274 5094 cohibeat,
1309 5031 1564 5100 quatenus
1585 5046 1638 5083 se
1663 5044 1827 5100 neque

233 5106 302 5156 ad
333 5106 494 5156 immo
510 5104 701 5158 erutas
731 5100 962 5166 delicias,
987 5118 1149 5172 neque
1176 5102 1245 5157 ad
1272 5099 1554 5172 novitates,
1573 5116 1736 5172 neque
1755 5099 1826 5153 ad

234 5175 627 5237 superstitiosa;
651 5174 1051 5241 prwparationes
1064 5168 1295 5227 ciborum
1307 5170 1617 5241 appetendos
1634 5168 1830 5237 Δίπυλ-

240 5246 347 5297 dat.
376 5245 587 5299 Hacten
601 5259 655 5299 1s
676 5244 831 5313 [iugo
850 5242 1158 5313 Victorinus
1179 5260 1208 5297 a
1228 5242 1643 5313 Turrecremata
1665 5242 1827 5313 etiam

242 5315 287 5369 in
319 5315 433 5385 hoc
483 5311 807 5385 argumento
829 5314 1025 5369 citatus
1066 5313 1087 5385 (
1118 5312 1445 5385 Tract.__i_0'5
1481 5312 1535 5365 in
1573 5311 1831 5385 Regulam

244 5384 299 5439 S.
354 5381 622 5453 Bench),
656 5384 863 5454 addito
917 5381 1139 5454 insuper
1189 5384 1253 5454 D.
1302 5381 1617 5454 Hieronymi
1654 5382 1831 5451 elogio

244 5456 419 5521 (epist.
455 5454 490 5507 '2
514 5452 586 5509 ad
614 5453 910 5525 Nepotia.),
939 5452 1057 5521 quo
1077 5453 1288 5525 tertiam
1308 5452 1461 5525 illam
1483 5452 1621 5525 gula
1651 5459 1707 5506 et
1734 5467 1831 5525 gu-

246 5528 487 5581 losorum
521 5522 756 5594 speciem
798 5522 875 5579 ita
896 5523 1212 5594 perstringit
1242 5541 1253 5576 :
1290 5523 1427 5587 Quid
1477 5524 1682 5591 prodest
1711 5522 1827 5594 oleo

243 5612 340 5650 non
369 5596 513 5651 vesci
534 5592 627 5664 ,ἐι
656 5592 915 5649 molestias
937 5592 1185 5664 quasdam
1221 5594 1659 5663 difﬁcultatesque
1683 5592 1824 5646 cibo-

241 5683 354 5719 rum
388 5682 647 5737 quiet-ere,
696 5668 911 5731 caricas,
939 5667 1106 5735 piper,
1151 5680 1326 5730 nuces,
1358 5665 1653 5733 palmarum
1683 5665 1826 5732 fruc-

244 5744 348 5801 tus,
390 5736 654 5808 similam,
702 5736 821 5803 mel,
865 5738 1087 5808 pistacia
1108 5738 1133 5791 .’
1158 5734 1292 5789 Tota
1323 5733 1593 5789 hortorum
1618 5733 1826 5789 cultura

243 5817 481 5875 vexatur,
505 5815 562 5861 ut
591 5807 782 5862 cibario
813 5824 915 5863 non
938 5823 1201 5863 vescamur
1228 5822 1383 5877 parte.

2000 4192 2028 4220 ει
2059 4182 2160 4238 Hic
2200 4198 2389 4238 rursus
2412 4179 2667 4237 valetudo
2690 4195 2791 4249 pro
2817 4178 3285 4249 invaletudinetut
3310 4177 3513 4247 passim

1927 4254 2068 4334 apud
2099 4252 2444 4334 Cassianum,
2480 4262 2535 4334 et
2563 4248 2954 4307 Tertullianum
2986 4249 3082 4305 lib.
3115 4248 3184 4303 de
3209 4248 3510 4318 Baptismo,

1926 4324 2070 4395 quod
2090 4324 2220 4378 alibi
2249 4324 2647 4379 annotavimus.

1998 4394 2026 4433 δ
2064 4394 2198 4465 Ego,
2232 4392 2745 4465 inquitApostolus,
2773 4392 2933 4445 didici
2953 4389 3218 4465 in_quibus
3243 4406 3375 4453 sum,
3399 4390 3514 4457 suf-

1926 4461 2233 4533 ﬁciens'esse
2264 4461 2524 4533 (Philipp.
2558 4462 2657 4530 tv),
2695 4461 2747 4515 id
2774 4461 3019 4533 est_novi
3075 4469 3366 4514 contentus
3393 4474 3514 4518 esse

1929 4530 2309 4604 prasentilms,
2340 4543 2395 4588 et
2424 4530 2490 4587 iis
2517 4548 2639 4604 qua
2670 4540 2796 4585 sunt
2819 4530 2888 4604 ad
2910 4546 3151 4604 manum.

2002 4616 2023 4643 ο
2058 4604 2487 4667 Fornicationis,
2538 4601 2593 4656 id
2647 4610 2771 4665 est,
2829 4601 3089 4665 luxnria,
3146 4602 3300 4669 cujus
3331 4602 3514 4668 plures

1931 4685 2055 4731 sunt
2081 4676 2292 4745 species
2320 4712 2335 4738 ,
2373 4674 2530 4745 jnt_er
2567 4686 2701 4745 quas
2724 4678 2812 4745 est
2838 4670 3405 4745 fo_r_r_ticatio__simplex
3456 4678 3515 4726 et

1931 4739 2149 4816 proprie
2170 4744 2309 4799 dicta
2332 4739 2629 4816 (arma.
2658 4740 2774 4805 2-2,
2802 4758 2855 4811 q.
2880 4740 3009 4816 ιξι,
3033 4758 3088 4816 a._
3111 4739 3274 4816 l).At
3295 4742 3380 4795 hic
3411 4755 3514 4811 ge-

1930 4811 2063 4873 itera
2103 4811 2475 4870 fornicationis
2522 4813 2777 4868 dicuntur
2813 4811 2957 4865 modi
3001 4811 3217 4878 quidam
3267 4826 3515 4866 commu-

1932 4902 2031 4963 nes
2056 4900 2121 4941 ac
2147 4886 2449 4953 generales,
2473 4885 2671 4963 quibus
2693 4882 2925 4963 luxuria
2953 4890 3237 4963 peccatum
3257 4881 3508 4936 commit-

1931 4960 2080 5021 titur,
2108 4952 2168 5011 ut
2194 4966 2339 5025 patet
2362 4952 2630 5025 exemplis
2660 4954 2712 5007 in
2741 4962 2893 5025 textu
2924 4952 3171 5025 signatis.

2000 5027 2027 5065 ἀ
2050 5020 2207 5083 Idem'
2224 5026 2318 5081 lib.
2346 5041 2419 5080 vn
2449 5020 2569 5095 cap.
2599 5023 2633 5077 4
2658 5031 2713 5079 et
2740 5023 2834 5095 lib.
2865 5038 2940 5077 xu
2966 5020 3087 5095 cap.
3125 5020 3219 5077 26.

2003 5108 2026 5136 ε
2062 5098 2225 5151 Paulo
2253 5097 2412 5152 aliter
2423 5091 2716 5167 Gregorius
2735 5094 2992 5167 Nissenus
3006 5092 3119 5167 (lib.
3134 5108 3198 5167 _t_v
3213 5092 3276 5167 de
3295 5091 3509 5167 Yiribus

1928 5170 2127 5222 Anima:
2148 5185 2195 5221 c.
2222 5167 2313 5232 l3)
2341 5176 2395 5222 et
2438 5161 2800 5221 Damascenus
2845 5164 2963 5231 (lib.
2985 5161 3024 5218 ll
3039 5163 3102 5217 de
3126 5161 3258 5216 Fide
3283 5161 3511 5219 υνιΙιρά.

1931 5256 1977 5294 c.
2020 5239 2134 5307 lu),
2166 5254 2302 5308 quos
2328 5239 2571 5306 sequitur
2622 5237 2686 5308 D.
2739 5236 2995 5308 Thomas,
3048 5244 3156 5289 tres
3190 5232 3515 5308 iraspecies

1930 5303 2285 5386 constituunt.
2339 5303 2576 5386 Primam
2615 5306 2692 5361 illi
2739 5314 2934 5386 vocant
2964 5307 3115 5380 ὀργήν
3141 5313 3196 5359 et
3225 5303 3417 5386 χολὴν..
3449 5304 3513 5356 Ι).

1932 5379 2169 5436 Thomas
2211 5380 2342 5434 iram
2373 5378 2611 5443 felleam,
2635 5392 2732 5432 seu
2754 5376 3165 5445 biliosam’,'qua
3193 5376 3516 5445 principium

1935 5451 2116 5515 habet,
2141 5451 2362 5519 citoque
2411 5442 2639 5513 transit;
2699 5446 3003 5519 secundam
3034 5442 3230 5500 vocant
3258 5452 3423 5516 μῆνιν,
3450 5442 3511 5496 D.

1935 5522 2171 5577 Thomas
2198 5517 2429 5575 maniam
2450 5560 2465 5583 ,
2494 5534 2653 5589 quam
2688 5518 2818 5572 dicit
2846 5530 2966 5589 esse
2993 5517 3125 5589 iram
3147 5530 3270 5589 qua
3298 5528 3514 5589 perma-

1934 5602 2028 5647 net
2068 5602 2122 5647 et
2154 5593 2204 5645 in
2237 5584 2559 5646 vetustatem
2589 5588 2809 5643 devenit
2841 5605 2853 5640 :
2896 5587 3011 5641 hac
3042 5585 3235 5639 Latine
3270 5584 3514 5639 simultas

1932 5664 2149 5718 dicitur.
2170 5661 2404 5716 Tertiam
2428 5660 2707 5714 nominant
2728 5658 2903 5729 χόλον,
2924 5657 2982 5713 S.
3001 5655 3235 5729 Thomas
3252 5653 3511 5729 furorem,

1932 5749 2091 5800 quam
2121 5734 2391 5786 dicitesse
2420 5732 2553 5800 iram
2580 5743 2701 5798 qua
2728 5726 2956 5797 tempus
2983 5726 3235 5783 vindicta
3261 5726 3514 5782 observat

1981 5804 2097 5871 2-2,
2122 5820 2173 5874 q.
2207 5801 2329 5869 {52,
2364 5817 2417 5855 a.
2445 5797 2523 5871 ὅ).

3394 324 3626 394 ἥθ’
