4012 6336
299 310 408 370 διν

1089 307 1435 368 σοιιΑτιο
1475 307 1538 365 v.
1571 338 1638 353 —
1665 307 1754 366 ne
1792 309 1972 368 omo
2009 271 2532 376 PRINCIPALIBUS
2571 314 2792 377 mus.

3478 323 3584 389 630

297 421 666 497 quodile
691 422 1106 494 superveniente
1151 421 1444 480 oenodoxia
1488 424 1674 480 vitium
1718 424 1888 482 forni-
1916 437 2120 500 Alunt
2147 430 2362 500 ιιι-ωηο,
2394 440 2454 488 ut
2481 431 2509 472 δ
2535 431 2921 505 'unusqulsque
2965 432 3153 491 vitium
3198 449 3308 508 quo
3348 435 3589 496 maxime

299 516 528 573 nationis
555 515 804 585 excludi,
833 515 1063 588 pulchre
1110 517 1242 572 satis
1290 516 1344 571 in
1391 517 1787 588 Regum'libro
1823 530 1889 572 ac

297 611 575 680 signantur
594 610 934 679 exprimitur,
959 610 1048 664 ubi
1074 610 1328 680 populum
1350 609 1600 668 lsraelem
1623 626 1652 664 a
1674 609 1892 667 Nechao

297 715 423 772 rege
452 701 679 774 Βαγριί
708 703 1034 774 captivatnm
1065 705 1367 760 ascendens
1401 703 1893 761 Nabuchodonosor

295 809 392 851 rex
417 796 767 867 Assyriorum
795 795 864 852 de
894 797 1089 854 finibus
1112 797 1330 871 Egyptl
1349 797 1417 853 ad
1439 813 1588 852 suam
1614 797 1893 854 transtulit

295 888 597 958 manu,
615 890 824 946 scilicet
843 905 950 946 non
968 900 1133 948 uteos
1155 891 1388 948 libertati
1412 892 1650 961 pristina:
1672 899 1726 946 et
1742 892 1893 961 getti-

214 1021 220 1027 .
297 981 389 1046 tali
412 984 726 1044 resumeret
745 983 971 1053 regioni,
995 984 1091 1040 sed
1116 983 1183 1040 ad
1213 995 1340 1040 suas
1369 985 1664 1043 abduceret
1695 996 1885 1051 terras,

293 1075 512 1147 longius
536 1076 899 1146 asportandos
940 1091 1100 1146 quam
1139 1077 1354 1133 fuerant
1394 1078 1450 1132 in
1487 1086 1632 1133 terra
1671 1077 1891 1150 Βαγρῑί

295 1170 551 1240 captivati
581 1169 686 1239 (ιν
719 1170 847 1241 Reg.
879 1186 1010 1226 xxut
1038 1180 1087 1225 et
1112 1169 1289 1241 xxiv).
1321 1171 1452 1240 Quae
1482 1169 1650 1240 figura
1693 1172 1748 1226 in
1790 1173 1890 1226 hoc

295 1277 510 1335 quoque
539 1272 910 1334 competenter
936 1264 1244 1334 aptabitur:
1288 1264 1417 1320 licet
1454 1264 1599 1320 enim
1636 1265 1890 1328 tolerabi-

295 1355 402 1413 lius
421 1357 495 1412 sit
513 1356 828 1412 cenodoxiat
861 1371 1022 1426 quam
1047 1355 1418 1412 fornicationis
1438 1355 1570 1410 vitio
1591 1355 1888 1422 deservire,

293 1448 570 1506 difficilius
599 1457 778 1512 tamen
824 1464 853 1504 a
899 1451 1214 1508 cenodosiat
1251 1449 1620 1506 dominatione
1661 1449 1892 1506 discedi—

293 1549 402 1599 tur.
427 1543 847 1610 Quodammodo
868 1547 1011 1599 enim
1036 1544 1278 1614 longiore
1304 1544 1512 1599 itineris
1532 1545 1708 1613 spatio
1729 1543 1893 1614 capti-

293 1647 392 1689 vus
420 1633 690 1690 abductus
716 1633 1039 1688 laboriosius
1067 1634 1134 1688 ad
1165 1634 1396 1704 genitale
1424 1635 1598 1690 solum
1629 1645 1685 1690 et
1721 1636 1889 1692 liber-

293 1732 459 1782 tatem
491 1726 719 1794 patriam
750 1734 1087 1788 revertetur;
1119 1725 1420 1797 meritoque
1447 1727 1514 1781 ad
1548 1742 1671 1786 eum
1715 1729 1890 1784 incre-

1953 523 1956 526 ’
1995 519 2280 580 infestatur
2306 523 2614 595 eaplorans,
2643 525 2905 582 adversus
2939 525 3071 581 illud
3101 526 3342 597 'arrlptat
3375 528 3588 598 princi-

1991 613 2120 684 pale
2158 622 2456 682 certamen,
2486 629 2701 672 omnem
2731 631 2916 673 curam
2943 617 3139 674 mentls
3168 631 3231 674 ac
3262 616 3585 680 sollicitudi-

1993 719 2118 760 nem
2164 718 2289 776 erga
2343 706 2485 761 illius
2532 707 2988 780 impugnationem
3029 709 3585 784 ‘ohservationemque

1992 797 2252 868 defigens,
2285 799 2545 855 adversus
2573 800 2706 857 illud
2732 801 3042 872 quotidiana
3079 801 3412 874 ieiuniorum
3451 804 3588 861 diri-

1991 903 2126 959 gens
2166 890 2371 960 spicula
2394 930 2410 957 ,
2461 901 2650 948 contra
2698 893 2824 948 illud
2852 894 3057 950 cunctis
3083 895 3378 952 momentis
3402 897 3586 954 cordis

1990 981 2221 1050 suspiria
2240 982 2535 1053 crebraque
2553 984 2846 1054 gemituum
2871 986 2979 1042 tela
2999 995 3384 1058 contorquens,
3399 988 3586 1046 adver-

1989 1089 2086 1132 sus
2114 1075 2244 1132 illud
2273 1077 2576 1146 vigiliarum
2605 1077 2818 1135 labores
2843 1095 2907 1135 ac
2935 1081 3322 1138 meditationes
3349 1082 3434 1139 sui
3461 1097 3586 1140 cor-

1991 1167 2075 1226 dis
2124 1168 2476 1238 impendens,
2528 1169 2895 1232 indesinenter
2934 1187 3148 1244 quoque
3176 1174 3486 1232 orationum
3514 1174 3582 1229 ad

1987 1259 2160 1318 Deum
2189 1260 2350 1316 ﬂetus
2374 1260 2626 1329 fundens,
2659 1270 2714 1317 et
2760 1263 3175 1333 impugnationis
3219 1279 3334 1321 sua
3369 1265 3583 1322 exstin-

1991 1353 2224 1412 stionem
2249 1353 2316 1408 ab
2343 1353 2436 1410 illo
2461 1354 2768 1423 specialiter
2792 1370 2856 1410 ac
2879 1357 3078 1427 iugiter
3100 1372 3350 1428 poscens.
3374 1359 3584 1431 impos-

1990 1445 2151 1506 sibile
2191 1459 2419 1516 namque
2451 1454 2536 1506 est
2577 1446 2647 1506 de
2674 1447 2912 1517 qualibet
2958 1451 3210 1520 passione
3245 1452 3582 1523 triumphum

1991 1538 2297 1609 quempiam
2327 1540 2658 1609 promereri,
2703 1542 3011 1612 priusquam
3055 1544 3382 1602 intellexerit
3426 1545 3582 1603 indu-

1991 1631 2121 1688 stria
2167 1632 2250 1688 vel
2290 1631 2476 1692 labore
2522 1634 2740 1704 proprio
2763 1634 3042 1691 victoriam
3069 1639 3380 1693 certaminis
3409 1649 3583 1697 semet

1993 1722 2236 1782 obtinere
2267 1739 2374 1780 non
2404 1739 2599 1794 posse;
2630 1739 2753 1783 cum
2783 1735 2961 1782 tamen
2989 1737 3046 1783 ut
3073 1729 3249 1784 valeat
3271 1730 3580 1797 emundari,

294 1814 443 1886 patio
493 1815 581 1871 illa
634 1817 943 1886 prophetica
987 1817 1240 1888 dirigitur
1272 1816 1537 1887 (Βαηειι.
1569 1815 1688 1888 Ill):
1721 1817 1893 1885 Quare
1922 1825 1968 1886 Β
1996 1829 2219 1873 necesse
2243 1816 2313 1874 sit
2342 1831 2464 1874 eum
2490 1815 2578 1876 die
2603 1827 2873 1888 noctuque
2905 1819 2955 1874 in
2983 1820 3130 1876 omni
3167 1833 3293 1880 cura
3338 1830 3394 1876 et
3435 1821 3583 1878 solli-

295 1908 606 1968 inmoratus
633 1925 686 1966 ss
712 1909 768 1968 in
794 1917 928 1966 terra
956 1908 1171 1964 aliena?
1197 1908 1364 1966 Recte
1387 1908 1652 1980 siquidem
1683 1910 1889 1966 invete-

293 2008 447 2058 ratus
476 2001 676 2062 dicitur
700 2003 753 2059 in
782 2013 922 2060 terra
951 2003 1124 2060 aliena
1151 2002 1396 2074 quisquis
1423 2018 1454 2059 a
1484 2004 1714 2059 terrenis
1746 2003 1890 2058 vitiis

297 2109 404 2152 non
437 2105 694 2152 novatur.
722 2104 750 2133 λ
775 2095 1054 2166 Superbia:
1082 2111 1281 2166 genera
1305 2107 1430 2152 sunt
1465 2095 1572 2158 duo
1599 2114 1612 2151 :
1656 2096 1888 2167 primum

294 2188 536 2255 carnale,
569 2187 864 2249 secundum
896 2189 1162 2258 spiritale,
1187 2188 1329 2258 quod
1350 2189 1511 2244 etiam
1539 2188 1891 2259 perniciosius

296 2288 399 2336 est.
431 2280 561 2336 Illos
592 2295 825 2350 namque
852 2282 1140 2351 specialius
1167 2281 1481 2352 impugnat,
1509 2297 1644 2352 quos
1683 2283 1738 2339 in
1773 2282 1890 2353 qui-

293 2370 527 2429 busdam
557 2372 845 2428 virtutibus
875 2373 1173 2442 profecisse
1201 2374 1488 2442 repererit.

873 2463 1123 2530 ,CAPUT
1163 2464 1299 2520 Xlll.

488 2554 572 2610 De
603 2556 749 2612 uaria
779 2557 1158 2627 Oppugnatione
1188 2558 1417 2614 omnium
1441 2559 1703 2614 uitiorum.

366 2647 500 2706 Hec
521 2648 682 2718 igitur
705 2657 830 2704 octo
858 2648 986 2706 vitia
1019 2663 1144 2704 cum
1193 2664 1353 2706 omne
1402 2649 1676 2708 hominum
1722 2663 1892 2720 genus

297 2742 533 2814 pulsent,
565 2756 676 2798 non
704 2750 880 2798 tamen
912 2756 1018 2798 uno
1056 2741 1220 2799 modo
1249 2743 1513 2813 impetunt
1551 2752 1794 2800 cunctos.
1831 2743 1890 2798 ln

297 2839 404 2895 alio
422 2853 660 2909 namque
679 2837 900 2907 spiritus
919 2836 1294 2893 fornicationis
1315 2838 1493 2893 locum
1518 2837 1728 2894 obtinet
1753 2838 1895 2906 prin-

296 2932 552 3004 cipalem,
582 2933 634 2986 in
661 2931 769 2986 alio
795 2931 1165 3002 superequitat
1185 2930 1358 2998 furor,
1385 2932 1436 2986 in
1465 2929 1575 2985 alio
1595 2928 1894 2988 cenodosia

300 3025 542 3080 vindicat
581 3023 946 3094 tyrannidem,
974 3025 1028 3080 in
1065 3025 1172 3084 alio
1205 3037 1385 3080 arcem
1429 3023 1681 3093 superbia
1723 3028 1890 3078 tenet.

297 3115 508 3174 Etcum
529 3127 744 3172 constet
758 3131 948 3174 omnes
967 3117 1034 3174 ab
1056 3118 1306 3182 omnibus
1327 3111 1652 3188 impugnari,
1675 3113 1893 3172 diverso

297 3217 480 3267 tamen
508 3208 676 3265 modo
701 3218 756 3264 et
784 3209 974 3268 ordine
1001 3208 1201 3280 singuli
1233 3209 1565 3267 laboramus.

893 3322 1118 3380 CAPUT
1157 3323 1295 3379 XIV.

354 3415 435 3469 De
461 3415 782 3470 instituendo
811 3417 1072 3470 adversum
1100 3417 1224 3472 uitia
1250 3417 1527 3471 certamine
1556 3415 1839 3472 secundum

768 3487 997 3554 ipsorum
1029 3489 1429 3554 infestationem.

364 3577 732 3648 Quamobrem
781 3577 851 3634 ita
903 3578 1055 3648 nobis
1105 3577 1366 3634 adversus
1419 3578 1534 3634 haec
1580 3578 1888 3652 arripienda

1994 1908 2234 1966 citudiue
2262 1924 2604 1980 permanere.
2631 1909 2877 1979 Cumque
2903 1925 2962 1966 se
2985 1912 3052 1968 ab
3079 1928 3142 1968 ea
3173 1915 3404 1970 senserit
3424 1913 3584 1970 abso-

1993 2003 2188 2068 lutum,
2219 2017 2434 2060 rursum
2463 2002 2694 2062 latebras
2719 2003 2801 2059 sui
2845 2005 3032 2060 cordis
3079 2003 3239 2060 simili
3286 2005 3585 2062 intentione

1995 2096 2300 2166 perlustret,
2331 2104 2388 2154 et
2413 2097 2663 2167 exploret
2687 2112 2844 2167 quam
2876 2097 2978 2153 sibi
3017 2098 3161 2153 inter
3189 2100 3422 2168 reliquas
3464 2114 3585 2169 per-

1992 2191 2233 2260 spexerit
2273 2188 2528 2248 diriorem
2557 2230 2572 2256 ,
2624 2199 2784 2261 atque
2828 2190 3089 2247 adversus
3136 2206 3253 2247 eam
3300 2176 3586 2262 specialius

1993 2281 2171 2340 omnia
2198 2281 2419 2352 spiritus
2448 2296 2599 2338 arma
2628 2289 2987 2348 commoveat,
3017 2291 3071 2337 et
3101 2281 3176 2336 ita
3207 2296 3424 2351 semper
3453 2281 3585 2336 vali-

1993 2372 2236 2429 dioribus
2279 2372 2548 2443 superatis
2583 2372 2814 2432 celerem
2844 2372 2913 2428 de
2944 2371 3174 2430 residuis
3207 2371 3426 2428 habebit
3454 2372 3583 2427 faci-

1993 2464 2208 2535 lemque
2234 2465 2552 2522 victoriam:
2585 2463 2707 2534 quia
2735 2473 2791 2518 et
2827 2477 2979 2520 mens
3021 2461 3417 2530 triumphorum
3459 2475 3585 2530 pro-

1993 2570 2150 2616 cessa
2180 2555 2434 2612 reddetur
2459 2556 2672 2622 fortior,
2705 2563 2758 2610 et
2787 2553 3121 2615 inﬁrmorum
3145 2553 3310 2624 [Lips.
3335 2554 3388 2607 in
3412 2569 3580 2624 marg.

1995 2640 2375 2718 infirmorum]
2404 2663 2577 2720 pugna
2608 2646 2904 2702 succedens
2937 2648 3320 2716 promptiorem
3361 2643 3413 2700 ei
3454 2659 3583 2714 pro-

1995 2751 2213 2798 ventum
2259 2741 2420 2798 faciet
2465 2739 2814 2810 przeliorum;
2862 2747 2920 2794 ut
2965 2738 3082 2800 tleri
3121 2735 3259 2794 solet
3287 2734 3355 2792 ab
3385 2735 3467 2790 his
3491 2735 3584 2804 qui

1993 2851 2180 2892 coram
2211 2836 2423 2906 regibus
2457 2831 2642 2888 mundi
2669 2831 2832 2901 bujus
2861 2829 3166 2898 omnigenis
3198 2828 3451 2898 congredi
3489 2827 3585 2884 be-

1995 2930 2150 2996 stiis,
2204 2927 2544 2998 praemiorum
2610 2922 3094 2991 contemplatione,
3153 2927 3584 2984 consueverunt,

1996 3020 2138 3092 quod
2158 3017 2453 3090 spectaculi
2473 3029 2645 3088 genus
2660 3014 2819 3084 vulgo
2841 3023 2861 3051 ε
2881 3026 3204 3086 pancarpum
3225 3018 3584 3084 nuncupatur.

1999 3111 2084 3183 Hi,
2120 3113 2355 3184 inquam,
2388 3108 2531 3166 feras
2558 3122 2923 3186 quascumque
2970 3106 3216 3161 fortiores
3263 3104 3458 3160 robore
3500 3103 3584 3159 vel

1919 3211 1966 3286 ο
1997 3207 2224 3272 feritatis
2250 3205 2400 3266 rabie
2426 3202 2806 3273 conspexerint
2856 3201 3088 3256 diriores
3115 3239 3131 3267 ,
3185 3199 3451 3258 adversus
3495 3210 3588 3252 eas

2000 3302 2188 3374 prima:
2217 3297 2614 3370 congressionis
2641 3304 2911 3360 certamen
2944 3293 3229 3364 arripiunt.
3261 3290 3454 3361 quibus
3493 3304 3588 3344 ex-

2001 3391 2230 3462 stinctis,
2273 3389 2544 3462 reliquas,
2593 3401 2713 3456 qua:
2762 3384 2937 3446 minus
2987 3383 3257 3446 terribiles
3307 3383 3588 3451 minusque

1995 3483 2344 3540 vehementes
2382 3487 2507 3536 sunt
2527 3518 2542 3544 ,
2576 3478 2730 3536 exitu
2760 3475 3004 3530 faciliore
3037 3482 3398 3544 prosternunt.
3429 3471 3504 3525 Ita
3532 3478 3588 3526 et

1994 3577 2138 3642 vitiis
2166 3590 2380 3646 semper
2408 3571 2803 3642 robustioribus
2829 3570 3117 3646 superatis,
3140 3574 3299 3638 atque
3325 3565 3588 3626 inﬁrmio-

1353 3693 1613 3748 ALARDI
1653 3693 1888 3750 GAZA‘II
1926 3690 2498 3754 COMMENTARIUS.

369 3817 397 3847 ι
423 3807 570 3864 Idem
598 3806 696 3863 lib.
720 3821 817 3876 an,
847 3822 967 3878 cap.
997 3807 1036 3862 2
1061 3815 1116 3864 et
1143 3807 1233 3862 Ἡ.
1265 3805 1402 3862 Vide
1433 3806 1506 3861 ibi
1558 3806 1886 3861 notationes.

368 3878 397 3919 ιι
424 3877 852 3940 Commendatur
878 3877 967 3938 hic
987 3893 1214 3940 examen
1249 3878 1574 3947 particulare
1592 3917 1607 3943 ,
1638 3893 1744 3947 quo
1772 3879 1892 3947 quis

297 3950 480 4010 studet
497 3951 784 4020 explorare
805 3951 993 4008 vitium
1016 3951 1068 4004 in
1091 3949 1234 4020 quod
1257 3965 1351 4020 seu
1376 3959 1588 4014 natura,
1615 3963 1708 4020 seu
1729 3965 1889 4020 prava

299 4019 693 4092 consuetudine
720 4021 889 4092 magis
912 4021 1211 4090 prepondet
1237 4029 1288 4075 et
1317 4019 1648 4092 frequentius
1672 4019 1886 4092 labitur.

297 4095 510 4164 Dequo
551 4094 612 4148 S.
657 4089 1075 4163 Chrysostomus
1125 4092 1308 4145 homil.
1361 4092 1431 4144 75
1477 4089 1543 4145 ad
1589 4090 1888 4164 populum:

299 4161 572 4234 Quemque
601 4161 840 4228 oestrum,
871 4164 1063 4231 inquit,
1090 4178 1236 4232 rogo,
1266 4171 1321 4216 ut
1350 4163 1395 4216 si
1420 4177 1522 4234 non
1548 4172 1719 4228 antea,
1745 4161 1891 4216 dein-

298 4253 417 4309 ceps
441 4233 627 4309 saltem
652 4250 878 4309 quemsc
914 4236 1031 4306 plus
1064 4234 1181 4309 aliis
1211 4249 1393 4309 vexare
1421 4233 1673 4309 defectum
1701 4249 1894 4309 cogno-

300 4303 448 4372 verit,
483 4306 623 4359 hunc
647 4303 708 4359 ea:
733 4307 902 4358 anima
915 4303 1202 4376 'prwcidere
1229 4304 1450 4376 studeat,
1483 4311 1546 4376 et
1566 4303 1651 4373 pia
1676 4305 1895 4376 quadam

300 4377 648 4449 cogitatione,
666 4378 813 4449 quasi
839 4374 1063 4449 spiritali
1072 4386 1232 4449 ‘utrns
1261 4375 1461 4449 gladiol
1479 4374 1701 4449 seipsum
1723 4391 1755 4449 a
1776 4374 1897 4449 uitio

302 4443 499 4502 littera.
539 4449 606 4501 Et
639 4443 824 4500 ltOtnil.
855 4443 924 4502 8'2
963 4449 1016 4500 in
1063 4443 1366 4500 Joannem:
1419 4443 1691 4498 Discamus
1736 4445 1897 4514 igitur

298 4529 351 4574 et
392 4520 516 4574 sitia
556 4526 734 4572 nostra
771 4528 1119 4581 recensentes,
1151 4525 1198 4582 et
1230 4527 1454 4584 tempore
1478 4516 1818 4584 corrigamus.
1851 4524 1897 4567 et

303 4589 400 4658 [ioc
429 4606 600 4656 mense
627 4605 802 4652 unum,
831 4588 938 4641 alio
967 4589 1130 4654 aliud,
1155 4597 1202 4642 et
1236 4589 1306 4639 ita
1329 4596 1693 4658 consequenter
1715 4585 1892 4658 melio-

302 4654 385 4714 res
416 4654 716 4732 eﬂiciamur.
749 4659 838 4714 Sic
865 4660 997 4712 enim
1016 4667 1289 4732 _lamquar_n
1312 4673 1401 4732 per
1436 4657 1627 4727 gradus
1647 4654 1893 4732 quosdam

302 4727 637 4786 ascendentes
669 4745 756 4799 per
781 4732 973 4784 scalam
1001 4727 1164 4783 Iacob
1194 4730 1261 4781 ad
1301 4730 1485 4781 ctutum
1523 4727 1891 4799 perveniemus.

378 4814 400 4841 ε
435 4795 776 4870 Pancarpum
805 4802 1012 4858 notavit
1055 4799 1344 4860 Ciaeonius
1392 4799 1564 4854 fuisse
1604 4795 1894 4870 spectatmli

341 4889 498 4940 enus,
531 4867 584 4926 in
618 4867 724 4939 quo
751 4872 996 4926 homines
1022 4871 1088 4925 ad
1122 4871 1172 4924 id
1206 4869 1456 4925 mercede
1481 4867 1731 4940 condncti
1769 4882 1892 4940 cum

405 4938 492 4999 tiis
518 4938 696 4996 omnis
727 4944 938 5012 generis
965 4940 1342 5006 decertabant,
1369 4949 1428 4996 ut
1450 4938 1896 5012 hocglncojnnui-

305 5024 414 5070 tur.
432 5014 588 5089 _Usus
616 5009 751 5089 oliui
778 5029 838 5068 ea
868 5028 1000 5089 voce
1026 5011 1363 5089 Secundinus
1393 5009 1898 5089 hmreticus_D._Au-

302 5085 582 5156 gustinnnt
616 5081 872 5156 irridens,
899 5079 985 5156 qui
1030 5085 1200 5156 veteri
1242 5079 1704 5156 lnstrumento_ad
1751 5079 1891 5156 litte-

303 5149 420 5210 ram
453 5155 614 5209 fidem
647 5149 1128 5220 Italicretszorte,
1179 5153 1388 5220 inquit,
1442 5161 1553 5218 post
1594 5150 1798 5206 Daretis
1847 5159 1894 5204 et

304 5223 502 5280 Entelli
535 5235 811 5290 certamen,
840 5223 998 5280 Iacob
1019 5234 1064 5278 et
1090 5224 1249 5294 ipsius
1271 5221 1641 5294 pammachiam
1670 5229 1897 5291 spectare

303 5295 581 5350 volueras?
612 5296 686 5348 An
713 5311 980 5350 numerum
1008 5292 1443 5354 Amorrhw'orum,
1474 5310 1539 5345 an
1579 5308 1896 5358 pancarpum

302 5366 362 5420 in
394 5383 515 5419 arca
563 5363 676 5435 Noe
706 5365 992 5433 conspicere
1020 5365 1387 5435 dispasueras?
1421 5361 1686 5435 ll:ec_ille,
1728 5363 1893 5426 signi-

302 5435 478 5490 ﬁcans
508 5433 643 5492 illud
675 5435 814 5503 quod
867 5436 1064 5490 Gencs.
1104 5433 1165 5489 ’γι
1211 5436 1471 5500 legimus:
1523 5433 1691 5488 Tolles
1743 5435 1898 5501 igitur

306 5517 474 5562 tecum
501 5523 564 5560 ea:
598 5507 828 5559 omnibus
860 5507 1008 5570 escis,
1040 5522 1153 5575 quae
1181 5506 1354 5557 mandi
1395 5515 1600 5575 possunt
1626 5547 1640 5572 ,
1672 5510 1717 5556 et
1745 5520 1896 5575 com-

379 5578 541 5631 rtabis
569 5577 711 5646 apud
739 5587 806 5644 te,
835 5586 882 5630 et
908 5574 1058 5632 erant
1082 5588 1184 5646 tam
1217 5576 1317 5630 illis
1345 5574 1495 5646 quam
1523 5575 1609 5628 tibi
1631 5576 1680 5625 in
1706 5574 1892 5646 cibum.

379 5594 541 5631 rtams
569 5594 708 5646 apua
739 5594 806 5644 ιε,
835 5594 882 5630 et
908 5594 1056 5632 erant
1082 5594 1184 5628 tam
1217 5594 1317 5630 nus
1345 5594 1495 5646 quam
1523 5594 1608 5628 ttUt
1631 5594 1680 5625 ιη
1706 5594 1892 5628 cwum.

308 5594 427 5704 haec
447 5655 606 5716 vocat
631 5646 721 5700 illc
745 5663 1072 5716 pancarpon.
1097 5645 1192 5700 Cui
1224 5648 1508 5716 respondet
1534 5645 1893 5716 Augustinus:

311 5716 544 5772 Nomine
569 5715 856 5787 Pancarpi,
885 5715 971 5786 qui
1003 5720 1054 5771 in
1080 5717 1292 5770 ludicris
1322 5717 1614 5771 muneribus
1641 5717 1726 5787 i'di
1747 5715 1895 5778 solet,

314 5797 526 5860 prepter
569 5786 796 5842 omnium
836 5804 1080 5858 generum
1129 5789 1310 5854 bestias
1338 5829 1351 5852 ,
1405 5786 1676 5857 exagitatis
1724 5800 1899 5838 arcam

1996 3801 2135 3870 Noe,
2161 3818 2276 3873 qua:
2304 3817 2391 3871 per
2418 3817 2566 3856 omne
2593 3816 2753 3873 genus
2779 3800 3105 3873 animalium,
3137 3799 3363 3873 futuram
3389 3815 3454 3873 ex
3473 3815 3585 3854 omn

1994 3877 2142 3931 nibus
2165 3870 2396 3944 gentibus
2418 3870 2669 3944 ﬁgurabat
2693 3871 2980 3944 Ecclesium
3000 3871 3148 3944 (Lib.
3163 3871 3362 3944 adsere.
3391 3870 3587 3928 Secun-

1995 3941 2198 4013 dinuni,
2230 3963 2278 4000 c.
2306 3941 2423 4014 25),
2452 3941 2555 3998 etc.
2587 3941 2888 4014 Imperator
2909 3943 3076 4014 etiam
3118 3941 3460 4014 Justinianus
3489 3957 3587 3998 no-

1995 4018 2138 4072 vella
2167 4010 2547 4070 Constitutione
2581 4010 2688 4069 l05
2710 4016 2787 4068 sic
2817 4012 3043 4084 St‘l’lbil:
3067 4017 3085 4036 ‘
3110 4012 3300 4084 Magna
3316 4010 3588 4084 uoluptate

1995 4087 2246 4157 populum
2278 4085 2500 4152 implrbit
2539 4094 2956 4157 tamgspectatum
2993 4083 3088 4157 ut
3129 4083 3330 4157 vocant)
3371 4099 3588 4157 pancarv

2001 4155 2143 4228 pum.
2161 4159 2312 4227 quasi
2335 4157 2560 4210 omnium
2581 4155 2822 4228 arborum
2846 4155 3096 4226 fructibus
3115 4156 3417 4208 concinnata
3436 4156 3584 4228 silga,

1999 4223 2154 4298 quam
2173 4223 2426 4288 'homines
2470 4245 2583 4282 cum
2609 4229 2734 4298 feria
2762 4223 3110 4288 decertantes,
3143 4242 3425 4292 nomenque
3453 4223 3586 4291 affe-

2000 4297 2191 4353 ctantes
2219 4300 2454 4364 audacis,
2482 4315 2572 4351 nec
2601 4297 2712 4367 non
2745 4301 2868 4365 fera:
2899 4297 2960 4349 ab
2999 4299 3068 4350 eis
3112 4298 3251 4349 humi
3293 4307 3582 4367 prostrate,

1998 4381 2105 4425 etc.
2124 4370 2246 4423 llzrc
2273 4369 2363 4422 ibi.
2387 4369 2536 4435 Quod
2561 4369 2607 4422 si
2629 4366 2750 4438 quis
2770 4377 2973 4438 quaerat
2995 4383 3095 4435 qua
3119 4367 3325 4420 ratione
3347 4366 3586 4421 venatio-

2001 4457 2124 4496 nem
2155 4441 2320 4502 illam,
2351 4441 2404 4493 in
2432 4454 2532 4507 qua
2558 4437 2801 4492 homines
2821 4453 2944 4491 cum
2965 4437 3153 4491 bestiis
3174 4439 3346 4490 omnis
3370 4439 3585 4504 generis

2001 4511 2394 4580 depugnabant,
2429 4523 2753 4580 pancarpum
2785 4507 2926 4580 (qua:
2949 4524 3052 4562 vox
3097 4523 3310 4580 omnem
3353 4510 3583 4580 fructum

1999 4576 2281 4650 significat)
2301 4576 2837 4650 appellarint,_dicam
2863 4578 3086 4634 fortasse
3106 4579 3153 4630 id
3175 4594 3269 4648 per
3288 4577 3586 4650 translatio-

1925 4624 1972 4684 θ
1999 4624 2120 4705 ιιὲιιι
2155 4624 2536 4704 ΐηοιίιιιπϐυιη
2568 4624 2711 4701 en'im
2742 4647 2970 4712 lancem,
2998 4624 3342 4716 quam‘omni
3387 4663 3584 4714 genere

1993 4723 2262 4777 fructuum
2293 4718 2541 4773 refertam
2565 4718 2790 4772 deorum
2817 4717 3032 4784 templis
3062 4717 3386 4781 inferebant,
3417 4717 3485 4769 ab
3523 4734 3584 4773 re

1997 4791 2336 4862 pancarpiam
2352 4790 2614 4862 dicerent,
2637 4803 2731 4858 per
2750 4787 3159 4862 translationem
3170 4802 3400 4862 coronas
3419 4789 3582 4862 etiam

1997 4856 2064 4918 ex
2094 4856 2252 4915 Variis
2281 4859 2504 4914 floribus
2530 4856 2837 4924 coniextas,
2871 4858 2996 4912 licet
3029 4856 3161 4910 nihil
3200 4856 3402 4911 fructus
3432 4857 3580 4912 ines-

1998 4942 2101 4998 set,
2132 4931 2292 4988 Festo
2323 4931 2579 5000 Pompeio
2609 4938 2766 4994 teste,
2794 4927 3112 5000 pancarpias
3141 4926 3421 5000 vocabant.
3453 4926 3583 4984 inde

1999 5020 2128 5074 ergo
2155 5014 2208 5059 et
2235 4999 2574 5060 venationem
2605 5016 2726 5074 qua:
2753 4999 2896 5062 omni
2920 4999 3433 5074 genereAbestiarum
3456 5013 3585 5074 con-

1999 5067 2178 5131 Stabat
2207 5086 2532 5142 pancarpum
2557 5067 2974 5142 appellaverunt.
2998 5069 3074 5124 lta
3098 5067 3379 5142 Ciaconius
3403 5070 3584 5135 paucis

2001 5138 2536 5214 omissisJLuyehius
2567 5138 2725 5213 paulo
2754 5142 2930 5206 aliter,
2957 5143 3048 5196 sed
3080 5139 3275 5214 eodem
3314 5138 3426 5214 fet‘e
3462 5153 3585 5214 spe:

1999 5207 2151 5272 etans
2179 5233 2188 5267 :
2215 5207 2395 5279 Forte,
2427 5207 2619 5286 inquit,
2647 5214 2768 5268 hinc
2799 5223 2969 5286 tracta
2978 5207 3410 5286 _est_appellatio,
3439 5207 3584 5286 quod

2000 5287 2090 5357 qui
2119 5287 2350 5357 victores
2377 5278 2679 5357 evaserant,
2718 5278 3440 5357 pancarpiis“donabantur,
3465 5278 3585 5334 hoc

2000 5349 2102 5422 est,
2134 5356 2349 5411 coronis
2380 5370 2446 5409 ex
2472 5354 2631 5410 variis
2659 5349 2876 5421 etpene
2901 5349 3150 5422 euntibus
3187 5349 3379 5404 florum
3405 5364 3582 5422 gene-

2000 5418 2149 5484 ribus
2176 5427 2514 5494 compositis.
2540 5425 2616 5480 Ex
2647 5418 2805 5477 diciis
2833 5423 2962 5477 satis
2992 5421 3302 5494 intelligitur
3330 5418 3457 5494 quid
3486 5419 3587 5494 in-

2001 5507 2078 5554 ter
2111 5490 2432 5568 pausarpunt
2459 5506 2512 5551 et
2541 5494 2875 5568 pancarpiam
2905 5494 2971 5568 sit
2999 5490 3364 5568 discriminis.
3384 5491 3586 5568 Dicitur

1999 5559 2169 5624 etiam
2191 5559 2450 5636 encarpus
2481 5559 2809 5636 et'eurarpia
2841 5564 3152 5636 codemAaut
3190 5561 3339 5616 affini
3384 5559 3585 5631 signifi-

1995 5648 2115 5695 catu
2146 5639 2309 5711 (Τίνι.
2344 5633 2430 5690 lib.
2460 5636 2654 5690 advers.
2696 5633 2896 5688 Valent.
2925 5650 2972 5688 ε.
3005 5633 3113 5704 1⁸2).

2063 5732 2277 5795 ’νϐιιωεςι
2321 5733 2439 5795 citat
2473 5727 2744 5789 Ciaconins,
2789 5726 2878 5778 sed
2900 5736 3131 5793 corrupte
3155 5728 3405 5795 impressa
3430 5739 3446 5777 :
3472 5725 3583 5778 ideo

2000 5792 2172 5844 Latina
2185 5791 2431 5844 substitui.
