4012 6336
484 287 594 355 851

1558 287 1844 347 JOANNIS
1881 284 2200 346 CASSIANI
2235 283 2738 345 COLLATIONES.

3650 295 3748 359 632

485 407 642 466 ribus
662 407 1096 475 succedentibus,
1132 407 1412 479 parabitur
1434 407 1589 463 nobis
1606 405 1811 477 absque
1839 404 1952 461 ullo
1977 403 2089 460 dis-
2112 405 2169 466 Δ
2191 401 2573 469 humilientur,
2613 400 2644 442 δ
2681 401 2888 460 eisdem
2929 417 3146 461 rursum
3191 399 3340 462 vitiis
3383 419 3498 479 quas
3535 407 3750 472 vicerant

485 500 719 557 crimine
740 502 974 572 perfecta
997 502 1243 559 victoria.
1268 501 1380 558 Nec
1410 509 1586 556 tamen
1624 499 1921 571 putandum
1948 498 2092 570 quod

484 593 860 665 principaliter
905 595 1024 666 quis
1069 605 1262 651 contra
1307 611 1472 651 unum
1503 595 1764 652 dimicans
1791 595 2004 663 vitium,
2037 602 2093 651 et

477 687 638 743 velut
673 687 916 743 incautus
961 689 1190 744 aliorum
1238 689 1342 746 tela
1392 690 1766 760 prospiciens,
1817 689 2093 760 inapiuato

452 781 600 834 .ictu
627 778 840 834 facilius
865 780 1040 835 valeat
1082 780 1351 850 sauciari,
1399 782 1542 853 quod
1590 797 1930 854 nequaquam
1974 782 2089 839 ﬂet.

453 922 456 930 ,
485 870 563 925 lm
573 871 832 942 possibile
852 886 1084 942 namque
1107 883 1191 929 est
1212 889 1336 930 eum
1358 873 1449 946 qui
1471 890 1569 946 pro
1589 875 1770 932 cordis
1791 876 1874 932 sui
1897 891 2090 932 emun-

485 963 709 1020 datione
736 964 996 1022 sollicitus
1025 982 1153 1038 erga
1184 968 1641 1039 impugnationem
1662 969 1779 1026 vitii
1800 970 2092 1042 cujuslibet

486 1054 844 1113 intentionem
885 1072 999 1114 suae
1039 1062 1236 1116 mentis
1264 1062 1576 1130 armaverit,
1605 1062 1866 1120 adversus
1895 1073 2094 1120 caetera

488 1163 705 1222 quoque
729 1152 858 1210 vitia
879 1154 1188 1225 generalem
1212 1156 1499 1226 quemdam
1528 1157 1810 1215 horrorem
1833 1169 1890 1216 et
1909 1170 2093 1217 custo-

488 1243 636 1300 diam
681 1247 914 1303 similem
962 1263 1070 1304 non
1120 1249 1338 1307 habere.
1388 1249 1506 1318 Quo
1547 1252 1692 1308 enim
1726 1253 1889 1308 modo
1915 1254 1998 1311 vel
2022 1254 2093 1312 de

488 1337 604 1404 illa,
633 1354 735 1410 qua
765 1341 973 1397 absolvi
1000 1342 1299 1411 desiderat,
1334 1345 1586 1415 passione
1617 1347 1912 1403 merebitur
1945 1349 2088 1404 obti-

487 1450 626 1492 nere
655 1437 960 1509 victoriam,
989 1438 1081 1509 qui
1109 1454 1169 1494 se
1197 1439 1471 1510 indignum
1502 1443 1837 1512 purgationis
1869 1447 2092 1514 praemio

490 1527 720 1583 aliorum
751 1529 876 1584 facit
902 1532 1150 1602 contagio
1173 1531 1470 1588 vitiorum?
1495 1532 1602 1590 Sed
1631 1549 1754 1590 cum
1783 1537 2092 1607 principalis

490 1617 674 1674 cordis
717 1621 887 1675 nostri
935 1620 1164 1677 intentio
1210 1625 1356 1679 velut
1392 1625 1686 1694 specialem
1724 1627 1830 1682 sibi
1861 1644 2088 1699 pugnam

490 1711 756 1769 adversus
786 1729 948 1770 unam
973 1717 1245 1786 exceperit
1268 1719 1598 1788 passionem,
1626 1735 1725 1790 pro
1755 1721 1870 1792 ipsa
1914 1723 2092 1778 orabit

2195 495 2356 552 tradi.
2377 495 2739 564 Quamobrem
2764 504 2945 554 certos
2966 511 3066 554 nos
3084 511 3208 554 esse
3225 501 3491 571 convenit,
3516 511 3614 559 tam
3635 507 3750 576 ipsis

2195 602 2379 646 rerum
2407 588 2815 659 experimentis,
2847 605 3009 659 quam
3039 589 3337 647 innumeris
3366 591 3638 664 Scriptura!
3678 607 3749 657 te-

2194 678 2467 736 stimoniis
2493 679 2759 748 eruditos,
2786 681 2984 737 nostris
3012 697 3112 738 nos
3139 682 3366 754 viribus,
3392 695 3415 724 ε
3445 686 3540 742 nisi
3563 687 3650 746 Dei
3671 706 3750 748 so-

2194 771 2298 828 lius
2343 771 2549 828 auxilio
2597 771 2914 841 fulciamur,
2962 783 3140 832 tantos
3191 777 3371 834 hostes
3399 793 3753 849 superarenon

2196 879 2379 935 posse,
2402 875 2457 922 et
2479 865 2546 922 ad
2572 867 2746 938 ipsum
2767 867 3012 938 quotidie
3035 884 3306 926 summam
3327 871 3560 931 victoria:
3577 884 3753 936 nostra:

2195 958 2401 1016 referre
2443 959 2663 1016 debere.
2712 960 2788 1016 lta
2835 975 3002 1032 super
3049 961 3154 1018 hoc
3198 979 3414 1034 quoque
3440 980 3532 1036 per
3557 967 3756 1041 Moysen

2195 1053 2424 1112 Domino
2449 1065 2832 1114 commonente
2855 1073 2870 1110 :
2901 1055 2986 1113 Ne
3005 1058 3148 1114 dicas
3176 1059 3230 1114 in
3259 1059 3413 1115 corde
3435 1069 3540 1128 tuo,
3561 1078 3667 1117 cum
3686 1065 3760 1120 de-

2193 1148 2370 1203 iecerit
2395 1166 2481 1205 eas
2511 1149 2765 1207 Dominus
2795 1147 2934 1207 Deus
2960 1160 3083 1206 tuus
3110 1153 3166 1206 in
3195 1165 3467 1223 conspectu
3495 1164 3577 1211 tuo
3599 1172 3617 1211 :
3639 1157 3759 1214 Pro-

2194 1253 2305 1314 pter
2324 1244 2591 1318 justitiam
2617 1262 2782 1302 meam
2803 1245 3092 1301 introduxit
3115 1263 3196 1301 nte
3221 1245 3494 1313 Dominus,
3517 1258 3570 1304 ut
3595 1260 3760 1308 unum

2193 1333 2329 1390 Itane
2353 1336 2686 1408 possiderem,
2719 1355 2837 1393 cum
2864 1349 3075 1412 prapter
3098 1341 3384 1410 impietates
3411 1358 3527 1397 suas
3555 1343 3658 1399 ista
3678 1345 3758 1399 de-

2193 1427 2310 1485 leta:
2353 1430 2458 1484 sint
2485 1431 2718 1486 nationes
2767 1429 3000 1503 (Deuter.
3050 1433 3153 1504 ix).
3184 1433 3373 1505 Neque
3398 1435 3536 1492 enim
3566 1449 3759 1508 propter

2190 1521 2429 1593 justitias
2458 1530 2580 1580 tuas
2605 1532 2663 1580 et
2685 1524 2994 1596 aequitatem
3023 1524 3205 1581 cordis
3237 1527 3310 1581 tui
3340 1537 3396 1582 tu
3437 1527 3756 1598 ingrediaris,

2195 1622 2254 1668 ut
2279 1613 2556 1685 possideas
2587 1624 2761 1672 terras
2787 1632 2996 1683 earum,
3029 1618 3126 1674 sed
3151 1618 3278 1689 quia
3308 1618 3414 1674 illm
3437 1629 3651 1692 egerunt
3678 1623 3764 1677 im-

2194 1707 2472 1777 pietatem,
2491 1716 2544 1765 te
2562 1709 2866 1766 introeunte
2880 1710 3072 1767 deletae
3091 1719 3239 1767 sunt.
3258 1711 3406 1784 Rogo
3417 1712 3542 1784 quid
3557 1715 3768 1784 apertius

491 1807 774 1872 attentius,
807 1808 1061 1878 peculiari
1085 1809 1449 1867 sollicitudine
1468 1827 1532 1868 ac
1553 1812 1734 1868 studio
1754 1815 2085 1884 supplicans,

2197 1803 2364 1874 potuit
2383 1802 2490 1859 dici
2510 1813 2696 1860 contra
2721 1804 3077 1876 perniciosam
3100 1806 3409 1876 opinionem
3429 1807 3768 1877 praesumptio-

491 1903 555 1950 ut
578 1911 698 1952 eam
727 1897 1039 1969 diligentius
1077 1901 1405 1969 observare,
1453 1913 1508 1960 et
1554 1919 1652 1975 per
1696 1905 1812 1962 haec
1857 1907 2091 1964 celerem

492 1999 770 2044 mereatur
799 1990 1045 2047 obtinere
1071 1994 1370 2050 victoriam.
1400 1996 1555 2053 Hunc
1577 2013 1808 2070 namque
1830 2014 1927 2056 nos
1950 2001 2096 2056 ordi-

492 2095 621 2135 nem
651 2082 959 2151 praeliorum
983 2100 1242 2143 exercere
1270 2088 1493 2158 debere,
1525 2107 1624 2148 nec
1665 2101 1846 2150 tamen
1883 2094 1952 2150 de
1993 2111 2094 2151 no-

492 2183 610 2228 stra
635 2175 835 2232 virtute
859 2178 1155 2250 conlidere,
1189 2181 1352 2237 etiam
1376 2183 1651 2254 legislator
1680 2185 1764 2240 his
1794 2185 1952 2243 docet
1975 2204 2096 2244 ver-

496 2267 582 2323 bis
606 2287 618 2324 :
655 2269 778 2325 Non
808 2273 1004 2328 timebis
1027 2290 1132 2340 eos,
1158 2277 1281 2344 quia
1310 2279 1566 2333 Dominus
1598 2277 1739 2334 Deus
1764 2290 1884 2335 tuus
1913 2281 1966 2335 in
1994 2299 2098 2336 me—

495 2361 585 2414 dio
614 2363 687 2416 tui
715 2371 812 2418 est.
841 2365 982 2420 Deus
1022 2384 1240 2437 magnus
1268 2377 1318 2422 et
1351 2371 1591 2426 terribilis
1612 2415 1626 2438 ,
1673 2374 1786 2442 ipse
1835 2385 2097 2430 consumet

497 2452 731 2512 natiénes
764 2459 856 2512 has
883 2461 935 2514 in
963 2471 1238 2533 conspectu
1267 2475 1352 2518 tuo
1376 2466 1635 2536 paulatim
1665 2474 1819 2538 atque
1850 2485 1941 2538 per
1976 2484 2098 2538 par-

495 2557 592 2601 tes.
628 2547 751 2603 Non
785 2552 972 2620 poteris
1002 2553 1174 2608 delere
1202 2571 1289 2609 eas
1316 2558 1531 2624 pariter,
1571 2575 1633 2612 ne
1672 2558 1806 2640 forte
1845 2561 2098 2632 multipli-

496 2649 676 2695 centur
716 2653 898 2698 contra
945 2653 992 2700 te
1035 2645 1206 2702 bestiae
1243 2659 1410 2704 terra.
1447 2647 1700 2719 Dabitque
1728 2667 1812 2705 eos
1844 2649 2096 2708 Dominus

458 2752 464 2768 ο
496 2732 639 2788 Deus
669 2744 790 2790 tuus
814 2739 868 2791 in
898 2749 1170 2810 conspectu
1197 2749 1286 2795 tuo
1306 2783 1321 2810 ,
1366 2752 1415 2796 et
1455 2743 1728 2812 interﬁciet
1774 2745 1894 2799 illos
1936 2745 2097 2800 donec

497 2828 706 2897 penitus
733 2828 1006 2886 deleantur
1033 2832 1272 2905 (Denter.
1306 2839 1426 2906 vn).

1106 2949 1337 3007 CAPUT
1374 2951 1490 3009 XV.

593 3039 747 3094 Nihil
778 3058 868 3097 nos
895 3059 1042 3114 posse
1070 3045 1343 3100 adversum
1371 3047 1496 3101 uitia
1521 3046 1633 3102 sine
1659 3047 1856 3114 auxilio
1886 3047 2006 3114 Dei,

693 3129 786 3168 nec
814 3115 997 3168 debere
1022 3132 1114 3168 nos
1140 3117 1195 3170 in
1219 3133 1395 3171 eorum
1418 3118 1598 3172 extolli
1627 3119 1863 3175 victoria.

2195 1913 2429 1968 nemque
2467 1909 2732 1967 nostram,
2760 1915 2864 1970 qua
2897 1909 3066 1954 totum
3095 1900 3236 1971 quod
3265 1900 3474 1985 agimus
3512 1901 3592 1957 vel
3621 1902 3771 1958 libero

2194 1993 2419 2048 arbitrio
2442 1993 2530 2049 vel
2572 2003 2774 2050 nostrae
2797 1995 3044 2050 volumus
3073 1995 3354 2051 industria
3383 1994 3673 2066 deputare?
3699 1993 3772 2050 Ne

2197 2086 2364 2152 dicas,
2393 2085 2589 2156 inquit,
2621 2088 2676 2140 in
2703 2087 2860 2141 corde
2880 2096 2989 2152 tuo,
3015 2103 3132 2140 cum
3151 2085 3395 2142 deiecerit
3434 2103 3521 2141 eas
3544 2084 3775 2143 Dominus

2201 2177 2339 2234 Deus
2376 2187 2496 2234 tuus
2538 2180 2593 2234 in
2637 2191 2913 2249 conspectu
2956 2191 3082 2235 tuo:
3117 2189 3334 2253 propter
3351 2181 3604 2253 justitiam
3629 2196 3774 2234 meant

2196 2271 2488 2327 introduxit
2514 2288 2594 2327 me
2619 2270 2876 2328 Dominus
2897 2313 2913 2337 ,
2956 2281 3014 2327 ut
3057 2281 3251 2326 terram
3291 2272 3430 2327 hanc
3466 2271 3770 2342 possiderem.

2197 2362 2388 2418 Nonne
2409 2363 2491 2420 his
2515 2364 2606 2434 qui
2631 2365 2816 2419 oculos
2837 2365 3030 2418 anima:
3051 2375 3327 2420 reseratos
3349 2374 3404 2420 et
3424 2379 3577 2418 aures
3599 2362 3776 2418 habent

2198 2457 2266 2511 ad
2291 2455 2619 2511 audiendum
2663 2456 2948 2513 evidenter
2998 2457 3310 2526 expressit?
3361 2455 3494 2512 Cum
3537 2455 3628 2511 tibi
3667 2469 3776 2523 pro-

2199 2563 2356 2619 spere
2371 2549 2623 2603 vitiorum
2641 2547 2939 2604 carnalium
2955 2548 3096 2604 bella
3114 2549 3501 2616 successerint,
3523 2555 3578 2602 et
3597 2545 3777 2602 videris

2199 2649 2255 2697 te
2284 2641 2352 2698 de
2380 2643 2621 2711 ipsorum
2652 2656 2811 2698 coeno
2849 2651 2906 2698 et
2953 2641 3379 2697 conversatione
3419 2639 3599 2696 mundi
3641 2636 3778 2693 istius

2201 2735 2510 2801 liberatum,
2537 2749 2645 2790 non
2683 2742 2791 2789 tum
2817 2733 2870 2789 id
2890 2733 3071 2789 virtuti
3094 2747 3194 2788 nec
3219 2732 3520 2802 sapienlim,
3538 2737 3778 2801 proventu

2097 2884 2100 2887 .
2201 2842 2393 2897 pugnae
2420 2836 2581 2896 atque
2609 2826 2852 2882 victoriae
2907 2826 3143 2893 inﬂatus,
3183 2825 3456 2891 ascrihas,
3495 2823 3710 2881 credens
3733 2831 3780 2878 te

2202 2929 2422 2990 propter
2448 2918 2666 2976 labores
2701 2928 2758 2975 et
2785 2919 3020 2975 studium
3053 2927 3227 2985 tuum,
3255 2927 3312 2974 et
3340 2917 3546 2975 arbitrii
3585 2917 3780 2972 liberta-

2203 3020 2332 3078 tem,
2361 3011 2432 3067 de
2457 3012 2790 3082 spiritalibus
2815 3011 3068 3082 nequitiis
3096 3011 3180 3067 vel
3207 3011 3518 3066 carnalibus
3541 3009 3677 3064 vitiis
3697 3007 3780 3062 ob-

2201 3092 2438 3160 tinuisse'
2451 3105 2756 3162 victoriam.
2785 3105 2994 3173 Quibus
3016 3104 3375 3176 proculdubio
3396 3103 3450 3159 in
3481 3103 3623 3159 nullo
3647 3100 3781 3172 peni-

571 3202 678 3259 Sed
704 3217 878 3274 neque
908 3203 1107 3261 debere
1133 3221 1233 3262 nos
1273 3208 1325 3262 in
1375 3221 1563 3264 eorum
1613 3210 1803 3265 extolli
1847 3211 2092 3279 victoria,

2202 3207 2288 3254 tus
2321 3201 2616 3270 praevalere
2643 3201 2940 3271 potuisses,
2971 3200 3076 3254 nisi
3117 3207 3173 3255 te
3211 3198 3430 3254 Domini
3471 3193 3779 3253 communis-

500 3295 752 3350 similiter
780 3295 1035 3353 admonet
1059 3316 1072 3350 :
1107 3296 1190 3353 Ne
1204 3309 1476 3371 postquam
1501 3302 1807 3368 comederis,
1829 3304 2023 3373 inquit,
2050 3314 2101 3361 et

499 3393 721 3447 satiatus
751 3394 928 3463 fueris,
963 3396 1143 3450 domos
1165 3395 1411 3467 pulchras
1437 3397 1796 3469 wdiﬁcaveris,
1826 3408 1875 3454 et
1898 3400 2102 3455 habita-

495 3486 631 3541 veris
660 3487 713 3540 in
743 3487 837 3554 eis,
870 3487 1207 3558 ltabuerisque
1233 3499 1468 3545 armenta
1495 3499 1542 3545 et
1569 3493 1737 3546 ovium
1757 3510 1954 3565 greges,
1979 3496 2102 3550 auri

497 3589 546 3632 et
576 3581 777 3651 argenti
803 3591 1206 3654 cunctarumque
1240 3600 1415 3639 rerum
1463 3587 1695 3655 copiam,
1747 3588 1968 3642 elevetur
2011 3604 2100 3644 cor

497 3679 664 3737 tuum,
697 3681 744 3726 et
772 3689 874 3726 non
899 3674 1244 3728 reminiscaris
1269 3673 1481 3730 Domini
1511 3676 1608 3732 Dei
1635 3679 1712 3732 tui
1737 3679 1826 3750 qui
1852 3679 2030 3735 eduait
2051 3689 2100 3735 te

495 3761 561 3816 de
587 3771 725 3816 terra
752 3762 998 3836 .Egypti,
1029 3766 1092 3820 de
1116 3767 1269 3821 domo
1307 3769 1566 3824 servitutis
1589 3811 1604 3834 ,
1657 3780 1706 3825 et
1752 3771 1935 3826 ductor
1980 3779 2098 3826 tuus

498 3855 600 3923 fuit
647 3856 700 3908 in
751 3857 1027 3912 solitudine
1057 3876 1242 3931 magna
1287 3873 1441 3932 atque
1479 3861 1696 3917 terribili
1724 3862 1964 3932 (Denter.
1995 3861 2096 3935 v1).

497 3945 759 4002 Salomon
790 3965 1005 4019 quoque
1035 3951 1086 4006 in
1117 3952 1454 4012 Proverbiis:
1490 3963 1515 3992 ⁸
1546 3954 1609 4011 Si
1641 3956 1880 4011 ceciderit
1925 3957 2100 4012 inimi-

497 4053 591 4092 cus
618 4048 752 4106 tuus,
781 4042 888 4096 noli
914 4044 1205 4114 gratulari;
1234 4046 1290 4100 in
1317 4048 1736 4116 supplantatione
1772 4059 1945 4104 autem
1984 4053 2096 4123 ejus

498 4132 608 4185 noli
650 4133 829 4187 extolli
852 4175 866 4199 ,
916 4152 978 4189 ne
1024 4137 1194 4191 videat
1243 4138 1498 4194 Dominus
1527 4150 1574 4194 et
1601 4159 1702 4195 non
1728 4144 1928 4213 placeat
1954 4146 2021 4209 ei,
2049 4155 2099 4200 et

499 4232 693 4278 avertat
722 4225 856 4279 iram
883 4243 1033 4280 suam
1059 4230 1123 4282 ab
1149 4245 1210 4282 eo
1242 4228 1423 4301 (Prov.
1448 4231 1640 4303 xxrv):
1668 4232 1720 4287 id
1744 4243 1847 4300 est,
1876 4251 1944 4290 ne
1975 4252 2098 4306 per-

499 4320 735 4388 spiciens
764 4322 1049 4378 elationem
1080 4325 1258 4380 cordis
1306 4327 1406 4393 tui,
1435 4328 1502 4381 ab
1538 4327 1656 4397 ejus
1687 4329 2096 4399 impugnatione

499 4411 765 4480 discedat,
784 4421 841 4469 et
856 4415 1104 4484 incipias,
1122 4416 1412 4472 derelictus
1429 4420 1594 4486 abeo,
1615 4435 1801 4476 rursus
1824 4423 1913 4478 illa
1931 4437 2092 4493 quam

495 4518 596 4572 per
625 4505 716 4560 Dei
748 4505 973 4575 gratiam
1013 4518 1140 4562 ante
1184 4525 1541 4578 superaveras
1590 4513 1842 4582 passione
1886 4519 2091 4571 vexari.

2200 3300 2285 3347 set
2313 3299 2406 3346 aut
2434 3293 2760 3362 protexisset
2785 3291 3066 3346 auxilium.

2801 3429 3031 3487 CAPUT
3062 3428 3203 3485 XVI.

2202 3526 2280 3582 De
2299 3525 2688 3598 significatione
2708 3535 2898 3605 septem
2917 3523 3147 3605 gentium
3168 3517 3591 3605 quarum‘israel
3607 3507 3783 3605 accepit

2271 3590 2458 3722 aerius,
2490 3607 2536 3650 et
2561 3613 2720 3666 quare
2734 3590 2860 3650 alibi
2877 3590 3068 3665 septem
3088 3603 3136 3648 et
3158 3592 3284 3648 alibi
3305 3590 3488 3646 multa:
3506 3601 3670 3663 gentes
3691 3603 3784 3645 esse

2309 3679 2534 3723 reantur.

2269 3783 2298 3823 (ι
2329 3786 2428 3841 lla:
2463 3795 2590 3840 sunt
2617 3792 2826 3852 septem
2856 3791 3050 3852 gentes
3085 3795 3317 3852 quarum
3355 3775 3536 3837 terras
3573 3773 3784 3848 egressis

2198 3893 2266 3934 ex
2296 3877 2532 3948 Egypto
2568 3876 2696 3930 liliis
2727 3875 2896 3930 Israel
2927 3873 3178 3930 daturum
3220 3887 3283 3928 se
3314 3872 3578 3928 Dominus
3621 3881 3785 3936 repro-

2198 3970 2385 4026 mittit.
2411 3970 2544 4036 Qua:
2574 3967 2757 4023 omnia
2805 3965 3104 4021 secundum
3133 3964 3465 4034 Apostolum
3493 3977 3612 4018 cum
3643 3961 3692 4014 in
3729 3956 3784 4010 lio

2197 4081 2328 4137 gura
2363 4060 2692 4134 contigerint
2731 4060 2872 4129 illis,
2913 4059 2979 4114 ad
3027 4067 3271 4114 nostram
3324 4055 3785 4114 commonitionem

2198 4158 2404 4227 scripta
2453 4154 2718 4210 debemus
2765 4151 3037 4220 accipere.
3082 4149 3158 4205 Ita
3210 4150 3360 4206 enim
3404 4143 3785 4204 dicitur-:Cunt

2195 4247 2543 4303 introduxerit
2581 4254 2629 4300 te
2672 4243 2931 4298 Dominus
2972 4241 3112 4296 Deus
3155 4251 3276 4296 tuus
3327 4242 3385 4295 in
3418 4249 3608 4295 terram
3646 4249 3786 4305 quam

2197 4353 2528 4410 possessurus
2555 4334 2884 4408 ingredieris,
2932 4341 2978 4386 et
3007 4331 3247 4386 deiecerit
3277 4341 3455 4402 gentes
3496 4326 3680 4382 multas
3709 4339 3786 4376 co-

2197 4446 2308 4483 ram
2353 4437 2436 4496 te,
2470 4426 2754 4482 Hetltaaum
2795 4435 2843 4478 et
2893 4422 3229 4494 Gergeza'um
3275 4433 3326 4477 et
3365 4419 3718 4476 Amorrlueunt
3742 4424 3787 4468 et

2198 4519 2557 4576 Chananarum
2589 4529 2638 4573 et
2684 4517 3019 4573 Pheresceum
3067 4525 3114 4569 et
3162 4513 3381 4569 Eceeum
3407 4523 3455 4569 et
3483 4512 3784 4574 Jebusamm,

495 4595 614 4652 Non
644 4598 786 4654 enim
816 4607 1024 4656 orasset
1053 4577 1320 4670 Propheta
1351 4602 1537 4659 dicens
1563 4577 1702 4660 :tNe
1727 4608 1901 4662 tradas
1926 4648 1942 4674 ,
1978 4609 2090 4665 Do-
2117 4577 2172 4636 Β
2195 4623 2387 4685 septem
2413 4621 2586 4685 gentes
2607 4611 2770 4665 multo
2799 4609 3015 4686 majoris
3044 4607 3244 4661 numeri
3263 4622 3427 4677 quam
3455 4614 3512 4660 tu
3537 4621 3613 4668 es,
3639 4611 3684 4655 et
3712 4614 3788 4654 ro-

495 4691 634 4744 miue
653 4732 667 4757 ,
698 4691 866 4746 bestiis
897 4695 1125 4749 animam
1152 4697 1472 4764 conﬁtentem
1498 4699 1591 4752 tibi
1619 4698 1844 4767 (Psalm.
1884 4703 2051 4774 1.x“)
2071 4745 2088 4769 ,

495 4782 601 4840 nisi
627 4784 820 4841 scisset
855 4796 1074 4856 pr0pter
1103 4787 1437 4844 inﬂationem
1472 4790 1654 4847 cordis
1689 4795 1947 4863 quosdam
1974 4836 1989 4862 ,
2033 4805 2094 4850 ut

2199 4706 2451 4760 bustiores
2481 4713 2551 4770 te,
2581 4702 2958 4773 tradideritque
2998 4716 3086 4754 eas
3121 4698 3381 4754 Dominus
3409 4698 3526 4762 tibi,
3552 4691 3786 4765 percuties

2201 4815 2288 4853 eas
2317 4814 2478 4869 usque
2509 4798 2577 4851 ad
2619 4795 3019 4851 internecionem
3051 4792 3287 4864 (Denter.
3321 4789 3446 4863 vn).
3479 4786 3634 4858 Quod
3670 4799 3787 4839 vero

1556 4927 1814 4984 ALARDI
1853 4930 2084 4988 GAZAEI
2121 4930 2695 4989 COMMENTARIUS.

567 5025 594 5052 °
633 5017 864 5089 Vulgata
912 5020 1071 5075 lectio
1107 5039 1118 5074 :
1153 5020 1280 5077 Cum
1312 5021 1550 5075 ceciderit
1580 5023 1822 5076 inimicus
1856 5035 1991 5088 tuus,
2022 5041 2085 5080 ne

486 5089 741 5165 gaudeas,
771 5093 891 5165 etin
911 5094 1064 5146 ruina
1095 5097 1295 5165 ejus_ne
1316 5095 1536 5165 exsultet
1555 5104 1840 5148 cor'tuum.

563 5158 590 5196 ιτ
622 5159 915 5234 Gregorius
948 5179 1032 5216 xix
1063 5158 1231 5218 Μῖνι-ιιι
1251 5178 1369 5232 cap.
1403 5164 1513 5234 17,:
1546 5165 1648 5228 Qui
1669 5165 1794 5218 vitia
1815 5177 2080 5234 superant,

489 5247 607 5305 cum
636 5231 700 5284 de
729 5231 940 5305 victoria
980 5235 1304 5304 superbiunt,
1324 5231 1442 5302 ipso
1465 5233 1610 5288 Itoste
1636 5252 1788 5305 super
1814 5231 2085 5293 seruente

486 5301 767 5378 intereunt.
783 5302 1008 5378 Eleazar
1022 5301 1240 5374 namque
1255 5306 1307 5358 in
1332 5301 1537 5378 praelia,
1551 5301 1872 5374 elephantem
1893 5309 2082 5378 feriens

486 5374 701 5446 stravit;
728 5375 818 5446 sed
853 5378 945 5430 sub
973 5376 1104 5446 ipso,
1133 5391 1284 5446 quem
1315 5377 1578 5442 exstinxit,
1613 5378 1848 5431 occubuit
1878 5374 1936 5439 (⁷1
1965 5377 2081 5432 Ma-

487 5443 636 5496 chab.
664 5445 772 5518 v17).
812 5447 950 5510 Quos
979 5443 1099 5518 ergo
1128 5443 1226 5499 iste
1245 5447 1538 5516 significat,
1564 5464 1714 5513 quem
1745 5465 1839 5502 sua
1867 5449 2080 5503 victoria

489 5517 768 5589 Oppressit,
796 5519 894 5570 nisi
931 5534 1016 5572 eos
1040 5517 1142 5586 qui
1187 5518 1313 5589 vitia
1359 5529 1636 5588 superant;
1664 5519 1753 5571 sed
1797 5519 1889 5572 sub
1926 5520 2076 5589 ipsis,

489 5602 606 5654 qua:
635 5587 934 5656 subjiciunt,
966 5587 1312 5656 superbiendo
1352 5587 1726 5642 succumbunt?
1754 5590 1918 5655 Quasi
1941 5587 2078 5644 enim

490 5657 585 5709 sub
610 5658 753 5709 hoste
772 5674 925 5730 quem
951 5663 1228 5728 prosternit
1259 5660 1493 5726 moritur,
1525 5661 1610 5729 qui
1639 5660 1701 5712 de
1731 5662 1887 5729 culpa
1923 5677 2080 5730 quam

491 5737 701 5799 superat
733 5725 977 5782 elevatur.

565 5809 588 5838 ε
619 5799 819 5862 Solius,
862 5799 1061 5870 inquit,
1115 5801 1212 5857 Dei
1259 5801 1456 5856 auxilio
1482 5803 1781 5873 futciamur,
1821 5811 1875 5858 et
1917 5816 2078 5869 vere;

2193 5041 2317 5081 nam
2348 5027 2449 5081 etsi
2490 5025 2718 5080 liberum
2747 5023 3029 5079 arbitrium
3059 5030 3349 5078 concurrat
3373 5019 3516 5090 (Dei
3541 5018 3671 5072 enim
3707 5032 3785 5069 su-

2189 5113 2307 5178 mus
2345 5098 2630 5178 adjutores,
2661 5105 2800 5178 teste
2830 5094 3089 5178 Apostolo
3119 5092 3163 5178 (Ι
3197 5091 3319 5146 Cor.
3355 5095 3780 5178 v),_.nonit_anlt\cu

2189 5158 2425 5222 arbitrio
2448 5158 2636 5222 nostro
2673 5158 2957 5230 fulcimur;
2989 5164 3084 5220 sed
3129 5158 3331 5234 ipsum,
3363 5180 3397 5218 ε
3425 5163 3666 5235 diverso,
3696 5158 3779 5235 Dei

2189 5238 2392 5294 auxilio
2414 5237 2590 5315 fulciri
2625 5251 2907 5315 necessum
2933 5245 3036 5315 est:
3074 5231 3386 5315 Porro__non
3419 5247 3584 5315 posse
3614 5231 3779 5315 hami:

2191 5323 2314 5363 nem
2346 5309 2478 5364 solis
2505 5319 2713 5363 natura:
2742 5307 2946 5361 viribus
2985 5305 3192 5375 absque
3242 5304 3339 5358 Dei
3393 5300 3600 5360 auxilio
3629 5300 3781 5375 ullam

2191 5379 2545 5435 tentationem
2568 5392 2852 5449 superare,
2880 5369 3138 5449 constans
3165 5384 3250 5432 est
3273 5375 3674 5449 catholicorum
3685 5369 3783 5449 3d-

2186 5465 2374 5522 versus
2413 5439 2735 5522 Pelagianos
2780 5439 3069 5522 haereticos
3095 5446 3392 5522 sententia,
3415 5454 3474 5502 et
3499 5453 3656 5522 vetitis
3683 5439 3780 5522 Eg-

2185 5521 2362 5592 clesiaa
2389 5512 2630 5592 traditio.
2657 5520 2736 5592 De
2759 5535 2861 5584 qua
2887 5519 3014 5592 vide
3035 5517 3291 5592 Bellarm.
3323 5517 3492 5592 lib._u
3513 5514 3582 5570 de
3609 5512 3781 5592 Gratia

2184 5599 2238 5666 et
2257 5591 2451 5666 Libero
2478 5589 2719 5666 Arbitrio
2738 5582 2859 5666 cap.
2897 5591 2950 5644 7.
2979 5582 3781 5666 E_amdemndoc-trinamnmuitis

2182 5660 2475 5731 Scriptura:
2528 5655 2854 5715 testimoniis
2895 5661 3181 5715 conﬁrmat
3223 5659 3526 5731 Cassianus
3569 5655 3658 5731 lib.
3709 5663 3779 5709 su

2187 5727 2361 5787 Instit.
2387 5747 2506 5800 cap.
2541 5732 2607 5787 16
2632 5740 2684 5784 ct
2717 5730 2813 5795 l7,
2843 5740 2897 5784 et
2923 5731 3108 5787 collat.
3139 5731 3174 5785 ὅ
3198 5745 3320 5800 cap.
3356 5729 3427 5784 17
3456 5737 3513 5784 et
3543 5727 3638 5786 ult.

2256 5802 2284 5841 ά
2322 5803 2401 5859 De
2425 5799 2512 5860 bis
2542 5804 2698 5874 plura
2725 5801 2955 5858 inferius
2979 5802 3048 5858 ad
3067 5817 3190 5884 cap.
3219 5799 3309 5860 22.

3612 5946 3618 5958 τ
3625 5928 3662 5948 γ’
