4012 6336
248 366 351 421 655

1025 371 1365 431 COLLATIO
1406 376 1469 431 V.
1500 407 1570 418 —
1597 375 1686 433 DE
1724 374 1905 435 OCTO
1943 378 2463 441 PRINCIPALIBUS
2503 384 2724 443 VlTllS.

3419 392 3525 445 ιιδι

252 480 414 536 multo
441 482 668 553 majoris
697 487 906 543 numeri
946 501 1067 544 esse
1103 488 1375 557 dicuntur,
1408 491 1523 547 hac
1552 502 1637 548 est
1667 493 1831 563 ratio,
1856 500 1912 559 Α
1938 496 2152 552 numeri
2171 513 2330 569 quam
2352 501 2597 569 virtutes,
2620 502 2853 560 devictis
2877 512 3057 561 tamen
3084 504 3199 562 illis
3224 514 3351 564 octo
3376 509 3525 578 priu-

245 574 367 644 quia
400 584 427 612 ι
456 577 615 646 plura
640 588 771 635 sunt
798 579 933 636 vitia
962 597 1122 653 quam
1149 584 1402 640 virtutes.
1425 584 1490 640 Et
1518 586 1641 642 ideo
1664 587 1716 642 in
1738 601 1832 643 ca-

246 666 423 738 talogo
467 669 691 738 quidem
747 670 1158 729 dinumerantur
1199 686 1407 745 septem
1449 678 1735 746 nationes,
1776 678 1834 734 in

244 762 647 833 expugnatione
685 777 819 820 vero
869 780 1057 821 earum
1095 767 1212 823 sine
1251 770 1463 825 numeri
1505 768 1836 839 ascriptione

245 864 539 923 ponuntur.
566 855 644 911 Ita
668 856 813 913 enim
835 858 1038 914 dicitur
1061 876 1075 913 :
1103 858 1173 914 Et
1193 861 1431 915 deleuerit
1449 871 1619 933 gentes
1640 862 1834 918 multas

242 959 411 997 coram
434 956 505 999 te.
534 944 563 984 δ
586 946 941 1004 Numerosior
963 949 1109 1005 enim
1132 959 1218 1007 est
1240 966 1403 1022 quam
1430 951 1619 1017 Israel,
1643 968 1835 1009 carna-

240 1034 366 1091 lium
396 1038 715 1106 passionum
744 1041 998 1111 populus,
1026 1042 1121 1114 qui
1162 1043 1232 1099 de
1260 1044 1363 1101 boc
1397 1048 1705 1116 septenario
1745 1045 1833 1102 ΐο-

243 1128 369 1185 mite
404 1131 664 1187 vitiorum
710 1148 773 1189 ac
796 1134 978 1191 radice
1005 1136 1265 1206 procedit.
1301 1137 1512 1195 Exinde
1541 1140 1685 1195 enim
1716 1140 1837 1210 pul-

245 1221 410 1277 lulant
439 1222 759 1287 homicidia,
788 1227 1186 1295 contentiones,
1221 1229 1477 1294 haereses,
1504 1230 1665 1300 l‘urta,
1698 1231 1834 1289 falsa

244 1312 573 1383 testimonia,
601 1315 984 1387 blasphemiae,
1013 1320 1445 1377 comessationes
1465 1367 1480 1392 ,
1515 1323 1831 1391 ebrietates,

246 1408 632 1479 detractiones,
658 1410 889 1478 ludicra,
924 1412 1337 1482 turpiloquium,
1377 1415 1683 1484 mendacia,
1712 1431 1835 1481 per-

240 1502 399 1570 juris,
423 1504 784 1575 stultiloquia,
810 1506 1131 1574 scurrilitas,
1169 1508 1508 1579 inquietudo,
1540 1512 1831 1581 rapacitas,

242 1594 570 1661 amaritudo,
596 1596 823 1661 clamor,
850 1596 1166 1667 indignatio,
1200 1607 1563 1669 contemptus,
1593 1616 1835 1657 murmur

246 1688 398 1752 ratio,
430 1689 687 1756 tentatio,
718 1689 1049 1758 desperatio,
1081 1690 1360 1761 multaque
1389 1692 1496 1747 alia
1523 1708 1643 1763 qua:
1682 1708 1833 1749 com-

239 1793 544 1835 memorare
584 1781 903 1852 perlongum
949 1790 1055 1838 est.
1085 1781 1219 1849 Quae
1259 1797 1382 1839 cum
1413 1798 1443 1838 a
1489 1784 1645 1840 nobis
1694 1784 1830 1839 levia

1934 586 2199 659 cipalibus
2229 591 2404 660 vitiis,
2440 608 2512 649 ex
2542 608 2770 664 quorum
2815 606 3006 652 natura
3049 614 3143 654 eas
3191 609 3401 654 certum
3441 610 3526 655 est

1935 696 2216 751 emanare,
2245 698 2437 741 omnes
2459 688 2709 755 protinus
2736 690 3148 759 conquiescunt,
3174 706 3238 746 ac
3262 702 3523 761 perpetua

1934 774 2143 844 pariter
2170 791 2291 832 cum
2328 776 2414 833 his
2453 779 2827 837 internecione
2867 782 3141 838 delentur.
3177 793 3200 822 ο
3224 782 3303 839 De
3330 784 3519 853 gastri-

1934 867 2139 939 margia
2172 882 2405 939 namque
2436 882 2733 928 nascuntur
2774 875 3233 941 comessationes,
3286 876 3523 931 ebrieta-

1936 966 2045 1025 tes;
2073 958 2142 1013 de
2166 959 2547 1029 fornicatione,
2567 964 2919 1034 turpiloquia,
2942 967 3264 1034 scurrilitas,
3286 967 3521 1035 ludicra,

1932 1066 1997 1105 ac
2024 1051 2396 1122 stultiloquia;
2426 1053 2496 1109 de
2526 1054 2880 1127 pbilargyria,
2912 1058 3274 1125 mendacium,
3306 1058 3525 1113 frauda-

1933 1142 2035 1208 tio,
2067 1142 2231 1213 furta,
2264 1143 2523 1213 perjuria,
2555 1148 2727 1216 turpis
2769 1146 2901 1203 lucri
2946 1151 3245 1219 appetitus,
3278 1151 3409 1204 lalsa
3443 1159 3524 1205 te-

1930 1233 2504 1302 stimonia,violentia,
2525 1236 2890 1297 inhumanitas
2910 1255 2973 1296 ac
2994 1244 3294 1313 rapacitas;
3319 1243 3386 1298 de
3417 1243 3519 1307 ira,

1932 1323 2311 1396 homicidium,
2346 1329 2552 1383 clamor
2579 1338 2633 1384 et
2663 1330 2993 1401 indignatio;
3025 1333 3097 1389 de
3126 1334 3367 1401 tristitia,
3399 1348 3521 1388 ran-

1932 1431 2049 1485 cor,
2080 1418 2521 1487 pusillanimitas,
2552 1422 2887 1489 amaritudo,
2916 1422 3257 1494 desperatio;
3297 1424 3367 1480 de
3399 1439 3521 1482 acc-

1931 1509 2041 1579 dia,
2061 1510 2335 1577 otiositas,
2354 1512 2732 1579 somnolentis,
2758 1514 3158 1585 importunitas,
3184 1517 3516 1587 inquietudo,

1932 1603 2261 1674 pervagatio,
2285 1603 2611 1660 instabilitas
2624 1606 2822 1662 mentis
2838 1608 3169 1678 etcorporis,
3184 1609 3484 1664 verbositas
3499 1650 3517 1677 ,

1931 1695 2312 1762 curiositas;de
2324 1698 2619 1753 cenodoxia
2630 1700 3520 1772 ,contentiones,haereses,jactan-

1932 1784 2027 1853 tia,
2049 1801 2111 1842 ac
2131 1792 2483 1859 praesumptio
2509 1791 2842 1858 novitatum;
2869 1792 2941 1848 de
2970 1792 3245 1864 superbia,
3267 1804 3517 1849 contem-

237 1870 565 1939 judieentur,
589 1872 715 1942 quid
737 1873 806 1928 de
833 1872 940 1928 illis
964 1874 1256 1944 Apostolus
1284 1876 1541 1944 senserit,
1562 1878 1644 1933 vel
1667 1893 1827 1948 quam
1858 1877 1907 1939 B
1935 1892 2077 1951 ptus,
2100 1880 2323 1949 invidia,
2342 1882 2735 1951 inobedientia,
2755 1884 3117 1955 blasphemia,
3135 1886 3517 1954 murmuratio,

236 1976 389 2030 super
414 1962 507 2018 bis
532 1966 857 2020 sententiam
887 1965 1093 2035 tulerit,
1126 1967 1444 2024 audiamus:
1475 1967 1656 2039 Neque
1680 1986 1826 2025 murs

236 2058 588 2124 animoeritis,
618 2059 829 2129 inquit,
856 2059 989 2113 sicut
1022 2061 1237 2130 quidam
1279 2061 1491 2116 illorum
1534 2078 1827 2119 murmura-

236 2155 431 2219 oerunt,
462 2158 513 2203 et
539 2149 605 2203 ab
652 2152 1053 2207 exterminatore
1090 2152 1349 2220 perierunt
1391 2153 1444 2223 (l
1470 2152 1591 2209 Cor.
1633 2170 1665 2209 ι
1690 2154 1730 2225 ).
1758 2154 1829 2211 Ει

237 2242 300 2297 de
322 2244 658 2299 tentatione:
677 2241 860 2314 Neque
881 2253 1135 2299 tentemus
1162 2243 1442 2312 Christum,
1462 2246 1594 2300 sicut
1617 2248 1829 2317 quidam

235 2336 437 2392 illorum
481 2347 834 2409 tentaoerunt,
866 2352 915 2395 et
950 2358 983 2395 a
1016 2342 1344 2411 serpentibus
1391 2343 1647 2414 perierunt
1675 2339 1830 2410 (Ibi-

241 2429 395 2499 dem).
435 2430 520 2486 De
562 2431 944 2488 detractione:
987 2433 1116 2489 Noli
1158 2435 1374 2508 diligere
1419 2435 1716 2502 detrahere,
1767 2451 1831 2490 ne

235 2524 506 2580 «odim
525 2524 752 2597 (Eccles.
770 2528 943 2599 svnt).
972 2528 1039 2583 Et
1059 2529 1129 2584 de
1158 2529 1325 2599 despe
1358 2530 1539 2585 atione
1569 2544 1583 2585 :
1618 2529 1719 2597 Qui
1741 2530 1829 2584 de-

237 2625 494 2676 sperantes
518 2620 816 2676 semetinsos
847 2622 1179 2676 tradiderunt
1198 2545 1538 2676 imnfdicitite
1564 2624 1624 2676 in
1650 2638 1829 2676 onera-

237 2625 494 2683 sperantes
518 2620 816 2688 semetipsos
847 2622 1179 2676 tradiderunt
1198 2620 1538 2690 impltdicitite
1564 2624 1624 2676 in
1650 2638 1830 2694 opera-

235 2710 419 2764 tionem
462 2712 633 2767 omnis
678 2714 893 2782 erroris,
937 2716 993 2770 in
1044 2716 1425 2771 immunditiam
1457 2716 1677 2789 (Ephes.
1727 2716 1826 2788 tv).

234 2802 379 2869 Quod
410 2819 549 2860 vero
576 2806 964 2875 clamor,sicut
985 2810 1066 2865 ira
1096 2817 1153 2865 et
1176 2811 1472 2882 indignatio
1494 2820 1549 2867 et
1579 2810 1833 2882 blasphe-

243 2895 341 2950 mia
368 2896 790 2966 condemnetur,
822 2900 1066 2971 ejusdem
1104 2904 1352 2973 Apostoli
1392 2904 1616 2959 vocibus
1661 2905 1834 2960 mani-

238 2985 533 3045 festissime
562 2992 927 3061 perdocemur
946 2995 1021 3049 ita
1045 2996 1409 3065 praecipientis
1436 3012 1450 3051 :
1479 2996 1660 3051 Omnis
1681 3013 1831 3052 ama—

235 3082 423 3148 ritudo,
452 3093 502 3138 et
524 3086 605 3137 ira
627 3126 641 3149 ,
674 3094 725 3139 et
750 3086 1042 3159 indignatio
1066 3129 1081 3155 ,
1110 3098 1160 3143 et
1196 3091 1411 3157 clamor,
1441 3103 1491 3146 et
1516 3092 1832 3164 blasphemia

235 3172 449 3228 tollatur
477 3191 512 3227 a
534 3175 698 3243 vobis,
721 3193 838 3231 cum
867 3180 1009 3233 omni
1030 3181 1230 3235 malitia
1250 3181 1473 3255 (Ephes.
1489 3182 1563 3254 tv)
1588 3185 1833 3254 ;aliaque

1927 1975 2215 2031 detractio.
2244 1976 2401 2044 Quod
2432 1986 2611 2033 autem
2658 1977 2741 2033 hat
2770 1988 2952 2048 pestes
2980 1978 3143 2034 etiam
3177 1978 3519 2035 robustiores

1927 2069 2061 2133 sint,
2084 2068 2371 2123 manileste
2393 2076 2602 2124 naturae
2625 2070 2792 2139 ipsius
2808 2070 3216 2141 impugnatione
3228 2070 3515 2125 sentimus.

1928 2159 2150 2215 Fortior
2175 2159 2321 2215 enim
2352 2160 2554 2215 militat
2593 2160 2644 2215 in
2686 2160 2941 2215 membris
2988 2161 3191 2215 nostris
3220 2160 3520 2216 oblectatio

1928 2251 2225 2307 carnalium
2256 2250 2569 2321 passionum
2599 2252 2684 2306 vel
2712 2252 2989 2315 vitiorum,
3020 2267 3181 2320 quam
3204 2251 3380 2306 studia
3411 2252 3521 2306 vir-

1931 2352 2139 2409 tutum,
2166 2358 2287 2413 qua:
2333 2357 2439 2397 non
2478 2341 2585 2398 nisi
2632 2357 2838 2398 summa
2886 2342 3213 2398 contritione
3253 2343 3436 2398 cordis
3464 2352 3521 2399 et

1929 2437 2175 2506 corporis
2192 2436 2563 2505 acquiruntur.
2587 2434 2641 2491 Si
2660 2442 2841 2489 autem
2871 2445 2925 2490 et
2946 2434 3070 2489 illas
3097 2434 3518 2490 innumerabiles

1932 2528 2169 2584 hostium
2219 2538 2467 2583 catervas
2511 2526 2843 2598 spiritalibus
2890 2526 3061 2582 oculis
3103 2526 3515 2596 contempleris,

1930 2636 2065 2692 quas
2100 2621 2291 2676 beatus
2319 2620 2612 2691 Apostolus
2655 2627 2942 2675 enumerat
2981 2618 3207 2675 dicens:
3234 2614 3262 2655 (ι
3291 2617 3413 2673 Non
3443 2626 3519 2672 est

1931 2715 2076 2768 nobis
2120 2713 2420 2767 colluctatio
2461 2713 2711 2766 adversus
2747 2728 2951 2765 carnem
2992 2722 3039 2766 et
3074 2710 3518 2784 sanguinem,sed

1930 2808 2178 2862 adversus
2232 2806 2589 2877 principatus,
2634 2804 2877 2859 adversm
2925 2812 3229 2873 potestates,
3276 2805 3519 2859 adversus

1930 2902 2113 2955 mundi
2152 2908 2375 2955 rectores
2414 2898 2740 2953 tenebrarum
2786 2898 3007 2965 harum,
3042 2908 3223 2953 contra
3260 2898 3520 2969 spiritalia

1932 2994 2173 3058 nequities
2190 2994 2244 3046 in
2272 2992 2559 3047 caelestibus
2593 2994 2610 3063 (
2633 2989 2829 3063 Ephes.
2874 3006 2927 3046 vt
2946 2990 3002 3062 );
3035 3001 3089 3046 et
3120 2991 3247 3046 illud
3277 2990 3421 3061 quod
3451 2990 3520 3046 de

1933 3088 2051 3141 viro
2074 3086 2244 3157 justo,
2277 3084 2330 3139 in
2358 3083 2705 3153 nonagesimo
2730 3082 2927 3137 dicitur
2952 3082 3191 3151 psalmo:
3220 3092 3243 3119 ο
3270 3081 3464 3136 Cadent
3485 3099 3519 3135 a

1934 3183 2094 3236 latere
2115 3192 2203 3235 tuo
2226 3178 2388 3244 mille,
2417 3187 2468 3233 et
2492 3179 2663 3232 decem
2683 3176 2853 3231 millia
2876 3194 2909 3231 a
2929 3177 3124 3232 dextris
3145 3176 3282 3243 tuis;
3312 3177 3518 3247 liquido

234 3263 505 3335 complura
534 3265 619 3322 his
658 3268 881 3324 similia.
920 3269 1056 3339 Qua:
1085 3285 1209 3328 cum
1239 3274 1350 3329 sint
1393 3274 1567 3331 multo
1596 3275 1820 3346 majoris
1847 3266 1893 3328 C
1926 3275 2259 3346 pervidebis,
2290 3272 2435 3344 quod
2466 3272 2639 3329 multo
2665 3270 2891 3342 majoris
2917 3270 3029 3327 sint
3065 3271 3298 3338 numeri,
3328 3278 3387 3327 et
3425 3285 3519 3326 va-

1288 3398 1567 3467 ALARDr
1586 3409 1823 3468 GAZEI
1860 3408 2430 3467 COMMENTARIUS.

298 3542 423 3619 (In
469 3554 723 3613 promptu
763 3558 930 3619 causa
973 3555 1078 3611 est,
1111 3548 1231 3619 quia
1259 3548 1459 3604 bonum
1489 3555 1703 3619 constat
1741 3562 1813 3603 ex

232 3613 466 3701 perlecta
495 3629 690 3701 causa;
716 3617 913 3701 malum
927 3613 1208 3701 autem}:
1238 3618 1813 3701 singulisdelectibus,

228 3696 283 3738 ut
311 3686 455 3753 apud
479 3685 831 3755 philosophos
850 3689 1055 3743 tritum.
1088 3690 1154 3744 Et
1179 3691 1265 3743 uni
1297 3685 1479 3743 virtuti
1510 3690 1663 3760 plura
1688 3691 1819 3744 vitia

229 3768 615 3829 opponuntur;
658 3761 785 3827 quin
816 3771 871 3813 et
897 3760 1011 3829 ipsa
1040 3760 1166 3814 vitia
1198 3761 1303 3816 sibi
1332 3760 1561 3817 invicem
1590 3771 1817 3815 contra-

230 3827 623 3899 riantiur.iVide
652 3831 878 3899 August.
912 3827 1075 3899 epist.
1098 3832 1188 3886 29.

296 3897 321 3935 δ
352 3898 420 3952 D.
457 3897 762 3973 Gregorius
786 3902 879 3956 lib.
907 3897 1044 3956 sui
1088 3902 1273 3958 Moral.
1317 3917 1437 3973 cap.
1470 3905 1533 3960 3|
1572 3903 1710 3959 hanc
1733 3902 1817 3956 vi-

229 3970 425 4023 tiorum
468 3979 529 4041 et
562 3970 883 4026 vitiosarum
940 3976 1245 4041 passionum
1294 3970 1735 4030 numerositatem
1766 3982 1821 4029 et

226 4040 631 4095 multitudinem
661 4044 763 4097 sub
789 4040 985 4098 ducum
1016 4054 1070 4099 et
1094 4046 1365 4100 exercitus
1403 4048 1620 4101 nomine
1656 4060 1719 4100 ac
1745 4044 1819 4099 si-

226 4111 532 4185 militudine
558 4113 981 4185 expendendam
1005 4115 1223 4185 reliquit
1253 4134 1265 4167 :
1298 4116 1593 4182 Tentontia,
1622 4116 1817 4185 inquit,

226 4183 371 4248 sitia,
401 4199 517 4259 quia
544 4184 793 4259 invisibili
836 4198 1012 4259 contra
1051 4183 1143 4241 nos
1188 4188 1369 4259 praelio
1390 4188 1626 4259 regnanti
1667 4183 1822 4257 super

223 4268 274 4305 se
299 4254 559 4329 superbia;
588 4256 834 4323 militant,
862 4258 968 4310 alia
1018 4268 1159 4329 more
1189 4254 1385 4311 ducunt
1415 4254 1665 4329 prateunt,
1711 4254 1822 4311 alia

224 4339 363 4400 more
384 4326 647 4379 exercitus
678 4330 1077 4397 subsequuntur.
1098 4327 1278 4399 Neque
1297 4326 1434 4383 enim
1457 4331 1625 4400 culpa:
1650 4345 1822 4383 omnes

225 4397 338 4458 pari
359 4411 693 4471 accessu_cor
722 4406 972 4465 occupant
1003 4401 1139 4471 {sed
1170 4397 1294 4452 dum
1324 4397 1554 4471 majores
1578 4410 1623 4454 et
1646 4414 1823 4467 paucis

222 4475 451 4551 mentem
480 4466 769 4537 neglectam
815 4470 1157 4551 prwyeniunt,
1190 4466 1416 4551 minores
1444 4479 1492 4524 et
1539 4466 1824 4551 innumerae

223 4537 289 4587 ad
311 4537 465 4589 illam
501 4554 557 4591 se
584 4537 880 4591 catervatim
910 4540 1156 4607 fundunt.
1183 4540 1311 4609 Ipsa
1340 4557 1557 4608 namque
1576 4541 1822 4593 vitiorum

225 4609 409 4681 regina
445 4609 713 4681 superbia,
745 4626 859 4681 cum
878 4609 1147 4681 devictum
1182 4612 1332 4678 plane
1358 4626 1446 4664 cor
1472 4612 1680 4681 ceperit,
1705 4626 1824 4664 mox

222 4675 367 4752 illud
386 4675 587 4752 septem
626 4679 1001 4749 principalibus
1027 4675 1190 4744 vitiis,
1213 4684 1358 4750 quasi
1383 4675 1689 4752 quibusdam
1715 4683 1824 4735 suis

223 4748 448 4801 ducibus
508 4748 884 4802 devastandum
938 4752 1116 4805 tradit.
1174 4748 1315 4816 Quos
1372 4748 1604 4805 videlicet
1668 4753 1823 4806 duces

225 4819 487 4890 speratus
514 4820 763 4890 sequitur,
808 4822 927 4888 quia
957 4837 1021 4875 ea:
1045 4824 1116 4876 eis
1148 4822 1491 4890 proculdubio
1518 4824 1826 4890 importunis

224 4888 312 4941 citi
322 4906 475 4942 mm
487 4889 843 4944 multitudines
858 4891 1123 4948 oriuntur.
1142 4888 1267 4947 lltnc
1284 4892 1327 4948 G
1338 4888 1599 4960 regorius.
1621 4892 1828 4949 Deinde

226 4960 475 5015 ostendit
514 4969 720 5028 septem
770 4962 933 5015 duces
974 4974 1180 5029 septem
1212 4978 1335 5018 esse
1380 4965 1505 5017 vitia
1552 4964 1822 5031 capitalia,

220 5046 465 5103 «piorum
503 5032 713 5101 singula
742 5045 897 5085 suum
934 5035 1129 5089 habent
1156 5034 1487 5098 exercitum;
1528 5035 1672 5103 quod
1702 5050 1828 5089 mox

220 5099 606 5170 subjiciemus.

297 5182 322 5207 α
357 5170 662 5243 Gregorius
698 5171 897 5243 ibidem
930 5172 1041 5229 fere
1084 5175 1303 5230 easdem
1331 5174 1584 5229 vitiorum
1615 5177 1828 5243 species

249 5258 275 5296 ε
308 5242 562 5307 soboles,
589 5243 687 5297 sed
709 5242 931 5297 inverso
955 5244 1168 5313 ordine,
1199 5256 1247 5299 et
1279 5247 1448 5301 multo
1479 5242 1659 5313 plures
1686 5262 1825 5299 enu-

272 5323 409 5368 erat
435 5354 452 5376 ,
478 5321 533 5368 et
561 5314 776 5367 videtur
800 5314 957 5381 plane
983 5316 1127 5371 hunc
1169 5318 1343 5371 locum
1374 5317 1609 5370 imitatus
1641 5332 1654 5368 :
1685 5314 1827 5369 Nam

310 5384 499 5455 inani,
546 5383 748 5453 inquit,
783 5384 1150 5451 inobedientia,
1186 5388 1442 5455 jactantia
1468 5432 1481 5450 ,
1512 5388 1824 5455 hypocrisis,

298 5454 611 5527 '_tetstiones,
637 5456 954 5527 pertinaciae,
981 5454 1283 5522 discordia,
1313 5467 1359 5511 et
1390 5454 1671 5509 novitatum
1693 5472 1831 5527 pra:-

305 5521 562 5593 ‘ptianes
612 5525 869 5578 oriuntur.
902 5525 978 5579 De
1021 5528 1235 5593 invidia,
1271 5521 1479 5592 modium,
1518 5521 1825 5591 susurratio,

317 5594 520 5668 ﬁctio,
544 5594 823 5668 exsultatio
848 5597 901 5648 in
922 5596 1147 5668 adversis
1167 5598 1410 5668 proximi,
1437 5597 1636 5667 afﬂictio
1658 5606 1831 5650 autem

312 5661 600 5735 'f‘josperis
647 5667 895 5719 nascitur.
944 5666 1022 5719 De
1050 5661 1318 5733 ἔταξ’-ἕω
1342 5709 1356 5732 ,
1390 5661 1565 5720 tumor
1608 5668 1826 5735 mentis,

312 5731 572 5809 fonelia,
600 5736 815 5809 clamor,
848 5731 1155 5809 indignatio,
1197 5731 1524 5809 blasphemia!
1554 5731 1825 5807 Nola“;

320 5796 447 5876 ’ξένε
480 5796 721 5869 manta,
753 5796 980 5869 malitia:
1008 5796 1224 5873 rancar,
1268 5796 1693 5876 pusillaniniitas,
1742 5809 1831 5863 άε.

326 5870 491 5943 open,
527 5885 706 5946 torpor
747 5877 884 5931 circa
913 5870 1439 5949 prtecepta,'v}tgotio
1480 5870 1688 5934 mentis
1710 5896 1831 5951 erga

1918 3546 2109 3602 illicita
2128 3548 2378 3600 nascitur.
2405 3543 2485 3599 De
2519 3544 2770 3609 auaritia,
2803 3544 3049 3611 proditio,
3080 3546 3243 3612 fraus,
3277 3542 3514 3613 fallacia,

1920 3619 2168 3689 perjuria,
2200 3618 2522 3689 inquietudo,
2547 3616 2823 3689 violentite,
2844 3625 2889 3669 et
2906 3624 3086 3689 contra
3106 3614 3517 3689 misericordiam

1918 3682 2278 3743 ind'urationes
2300 3682 2470 3741 cordis
2490 3689 2749 3740 oriuntur.
2770 3686 2844 3739 De
2863 3686 3050 3739 ventris
3068 3683 3315 3754 ingluvie,
3338 3685 3516 3753 inepta

1919 3759 2131 3826 ltetitia,
2166 3759 2475 3823 scurrilitas,
2522 3758 2872 3821 immunditia,
2918 3756 3332 3826 multiloquium,
3365 3754 3517 3808 hebe-

1922 3831 2049 3908 tudo
2070 3823 2247 3908 sensus
2269 3830 2408 3881 circa
2427 3828 2829 3908 intelligentiam
2855 3823 3230 3908 prop-agantur.
3256 3823 3334 3908 lie
3359 3826 3516 3879 luatu-

1921 3904 2024 3968 ria,
2052 3904 2251 3955 cccitas
2280 3900 2488 3978 mentis,
2520 3899 3516 3978 inconsideratioLinconstatttia,.pra-

1922 3974 2175 4043 cipitatio,
2214 3986 2359 4024 amor
2382 3971 2495 4035 sui,
2524 3970 2703 4023 odium
2736 3968 2867 4043 Dei,
2886 3970 3105 4043 affectus
3125 3968 3393 4038 prwst’ntis
3418 3984 3517 4022 ste-

1922 4041 2056 4108 culi,
2088 4042 2273 4097 horror
2303 4052 2475 4095 autem
2512 4042 2589 4094 vel
2618 4042 2903 4111 desperatio
2943 4041 3128 4112 futuri,
3179 4048 3513 4112 generantur.

1926 4116 2062 4181 Quia
2093 4130 2215 4183 ergo
2237 4125 2427 4181 septem
2457 4110 2848 4181 capitalia'vitia
2885 4110 3083 4166 tantam
3112 4111 3175 4164 de
3195 4126 3249 4163 se
3276 4110 3517 4183 vitiarunt

1925 4180 2314 4238 multitudinem
2338 4180 2631 4252 proferunt,
2653 4199 2771 4236 cum
2786 4186 2855 4236 ad
2876 4199 2963 4236 cor
2982 4183 3211 4246 ueniunt,
3228 4182 3375 4252 quasi
3397 4180 3519 4252 sub-

1923 4256 2178 4327 sequentis
2208 4251 2457 4311 exercitus
2475 4265 2701 4308 catervas
2727 4255 2963 4308 trahunt.
2990 4254 3269 4307 Hactenus
3296 4251 3358 4305 D.
3381 4251 3519 4308 Gre-

1961 4342 2128 4382 01⁸1118.

1924 4342 2284 4465 803“guidam
2312 4395 2644 4451 subaudiunt
2685 4393 2999 4465 particulam
3047 4401 3249 4465 tantum
3271 4432 3283 4453 ,
3317 4400 3519 4465 autsa-

1925 4462 2217 4531 lumm'odo,
2250 4476 2307 4522 ut
2349 4469 2419 4520 sit
2444 4480 2636 4521 sensus
2668 4462 2821 4517 :Non
2863 4473 2946 4517 est
2975 4463 3131 4517 nobis
3172 4462 3514 4531 pugnandum

1925 4539 2188 4594 adversus
2210 4552 2429 4592 carnem
2460 4545 2515 4590 et
2538 4534 2851 4601 sanguinem
2877 4542 3108 4597 tantum,
3130 4548 3318 4587 verum
3353 4535 3515 4588 etiam

1926 4621 1980 4664 et
2011 4610 2305 4679 praecipue,
2333 4606 2597 4679 adversus
2618 4604 2917 4667 daemones,
2945 4611 3052 4679 e_tc.
3084 4604 3188 4658 Alii
3225 4604 3357 4657 nihil
3390 4604 3518 4679 sub-

1927 4674 2194 4742 audiunt,
2216 4688 2272 4733 et
2314 4680 2383 4731 ita
2435 4678 2867 4742 interpretantur
2908 4692 2920 4726 :
2955 4674 3137 4743 Pugna
3182 4687 3304 4743 qua:
3352 4674 3517 4743 nobis

1926 4760 2011 4805 est
2032 4766 2155 4805 cum
2182 4763 2349 4804 carne
2392 4756 2447 4801 et
2493 4745 2776 4816 sanguine,
2809 4744 2939 4816 licet
2979 4742 3133 4799 in’se
3175 4742 3514 4800 considerata

1928 4821 2114 4891 gravis
2144 4822 2216 4875 sit
2242 4826 2297 4874 et
2318 4819 2566 4891 molesta,
2595 4814 2772 4869 tamen
2796 4814 2994 4891 collata
3016 4828 3137 4868 cum
3167 4828 3227 4891 ea
3255 4827 3357 4882 qua
3385 4828 3515 4891 con-

1930 4883 2010 4947 ira
2040 4892 2315 4946 daemones
2341 4889 2693 4950 dimicamus,
2727 4885 2918 4955 exigua
2957 4894 3040 4939 est
3069 4895 3125 4939 et
3168 4884 3282 4955 fere
3324 4883 3465 4955 nulla
3500 4902 3514 4937 :

1930 4972 2091 5016 tanta!
2121 4970 2244 5014 sunt
2273 4960 2418 5013 vires
2448 4968 2502 5011 et
2533 4957 2753 5011 lraudes
2792 4954 3122 5011 dtemonum.
3155 4954 3257 5009 Alii
3297 4954 3376 5008 sic
3422 4969 3519 5008 ex-

1930 5042 2159 5106 ponunt,
2190 5040 2248 5086 ut
2276 5029 2345 5086 sit
2370 5044 2552 5106 sermo
2583 5028 2651 5082 de
2672 5026 3127 5106 perfectioribusﬂ
3156 5024 3351 5106 quibus
3371 5066 3385 5089 ,
3412 5024 3515 5078 do-

1929 5096 2059 5158 inita
2088 5096 2251 5158 carne
2274 5110 2330 5156 et
2360 5100 2638 5154 :tli'ectibus
2672 5100 2764 5151 ira:
2788 5109 2840 5151 et
2872 5096 3329 5165 concupiscentia:
3358 5111 3518 5163 supe-

1928 5180 2078 5238 ratis,
2107 5188 2301 5241 magna
2332 5180 2582 5240 superest
2610 5170 2748 5221 lucta
2778 5168 3039 5246 adversus
3064 5166 3523 5246 pri_ntr_ipes__tene-

1932 5236 2166 5310 brorum,
2183 5236 2290 5297 (ἷιο.
2305 5236 2444 5295 Οειῖο
2459 5244 2604 5296 enim
2623 5247 2679 5294 et
2691 5242 2910 5307 sanguis
2935 5240 3116 5310 hostes
3139 5236 3521 5310 imbecilliores

1930 5325 2091 5379 sunt;
2120 5306 2395 5368 daemones
2434 5322 2610 5365 autem
2643 5306 3114 5379 tanto’graviusiet
3142 5306 3390 5379 infestius
3419 5323 3519 5363 nos

1931 5378 2267 5457 oppugnant,
2297 5393 2495 5457 quanto
2522 5383 2821 5457 sanctiores
2845 5389 2899 5433 et
2926 5378 3191 5433 castitatis
3220 5378 3515 5457 observan-

1932 5450 2104 5509 tiores
2119 5450 2325 5509 sumus.
2357 5454 2599 5521 Denique
2627 5450 2715 5504 alii
2752 5464 2846 5517 per
2874 5464 3101 5521 carnem
3119 5450 3516 5521 et_sanguinetn

1931 5526 2236 5594 intelligunt
2278 5516 2528 5578 homines
2550 5516 2825 5576 mortales.
2860 5518 3140 5594 Quomodo
3166 5516 3417 5594 Qhristus
3444 5528 3517 5594 ait

1932 5588 2135 5651 Petro':
2168 5596 2300 5650 Caro
2320 5603 2369 5648 et
2400 5594 2613 5655 sanguis
2642 5608 2741 5644 non
2771 5588 3010 5643 reuelauit
3038 5588 3149 5653 tibi,
3187 5588 3237 5642 id
3261 5600 3368 5655 est,
3393 5591 3514 5643 nul-

1932 5667 2013 5721 lus
2040 5666 2317 5720 hominum
2343 5662 2729 5735 (Matthrxvt).

2010 5748 2034 5775 θ
2062 5738 2118 5792 ld
2140 5739 2300 5792 etiam
2324 5730 2392 5789 de
2424 5734 2668 5787 hostibus
2690 5730 3063 5798 spiritualibus
3088 5731 3517 5799 interpretantur

1937 5808 2000 5862 Ι).
2030 5810 2385 5879 Hieronymus
2415 5818 2468 5860 ct
2493 5803 2818 5858 Bernardus.
