4012 6336
487 342 594 402 655

1525 345 1807 407 JOANNIS
1844 339 2162 403 CASSIANI
2197 339 2694 402 COLLATIONES.

3658 341 3765 402 636

485 457 710 527 lidiores
736 474 896 531 quam
925 475 1024 527 nos
1047 503 1062 531 ,
1103 463 1350 524 carnales
1382 463 1595 524 scilicet
1636 473 1802 534 atque
1841 461 2076 528 terreni,
2107 461 2160 526 Α
2183 459 2388 518 mercio
2413 472 2752 530 nequaquam
2782 471 2972 514 carere
2997 458 3315 530 poterimus.
3368 455 3602 530 Semper
3618 460 3768 517 enim

485 550 690 622 quippe
719 567 843 616 cum
867 555 977 622 illis
1005 555 1283 625 spiritalis,
1305 565 1469 626 atque
1496 558 1642 614 aeria
1663 568 1923 612 concessa
1949 553 2078 612 sub-

485 644 686 699 stantia
709 645 784 702 sit
812 645 832 719 (
858 646 987 702 Vide
1015 647 1191 706 collat.
1230 649 1260 702 7
1288 655 1336 702 et
1361 646 1481 718 12).

1062 759 1292 816 CAPUT
1331 760 1496 815 XVII.

488 848 840 922 Interrogatio
877 853 942 907 de
978 856 1360 936 comparatione
1401 865 1591 927 septem
1617 853 1849 925 gentium
1877 862 1925 907 et
1964 862 2077 907 octo

1154 936 1418 980 umorum.

558 1014 862 1080 Germanus
894 1034 911 1076 :
957 1019 1240 1087 Quomodo
1288 1019 1450 1089 igitur
1475 1027 1601 1076 octo
1644 1028 1772 1075 sunt
1800 1019 1928 1074 vitia
1958 1033 2080 1090 quae

485 1119 589 1161 nos
613 1105 954 1176 impugnant,
979 1121 1100 1166 cum
1129 1123 1224 1177 per
1244 1095 1465 1180 Moysen
1487 1118 1694 1178 septem
1725 1109 2079 1174 dinumeratae

486 1199 598 1258 sint
618 1211 809 1272 gentes
825 1217 949 1272 qua)
973 1203 1334 1260 adversantur
1355 1204 1557 1274 populo
1581 1204 1772 1268 Israel,
1789 1206 1870 1258 vel
1892 1218 2080 1274 quem-

485 1294 780 1356 admodum
835 1304 1013 1364 terras
1067 1297 1322 1352 vitiorum
1379 1295 1722 1351 commodum
1779 1295 1938 1352 nobis
1992 1299 2081 1351 est

487 1386 769 1458 possidere
782 1387 806 1442 ‘l

1065 1477 1296 1536 CAPUT
1332 1478 1517 1534 XVIII.

488 1567 783 1638 Responsio
810 1571 1073 1641 quomodo
1103 1571 1388 1627 secundum
1417 1581 1529 1625 orto
1557 1571 1681 1626 vitia
1719 1579 1830 1626 octo
1856 1571 2081 1642 gentium

993 1659 1239 1704 numerus
1281 1643 1580 1713 impleatur.

561 1756 826 1826 Serapion
856 1775 868 1811 :
915 1757 1049 1816 Octo
1095 1771 1223 1814 esse
1252 1758 1571 1829 principalia
1602 1758 1737 1814 vitia
1761 1773 1882 1828 quae
1906 1759 2085 1828 impu-

2178 552 2235 610 in
2285 552 2444 608 uobis
2475 552 2641 608 edulii
2667 562 2724 608 et
2749 567 2993 610 escarum
3022 562 3080 608 ut
3115 553 3386 624 ingenitus
3410 565 3475 609 ao
3502 553 3772 612 natralis

2177 645 2326 704 vivet
2353 643 2522 717 [Lips.
2547 645 2601 699 in
2621 661 2794 716 marg.
2841 643 3006 716 viget]
3035 645 3282 713 aleotus,
3314 645 3441 702 licet
3481 655 3772 716 amputare

2178 739 2481 808 superﬂuos
2507 737 2623 807 ejus
2653 738 2926 808 appetitus
2973 753 3038 793 ac
3085 737 3360 793 desideria
3399 736 3770 796 festinemus:

2178 847 2301 904 qum
2339 832 2483 886 sicut
2511 845 2611 900 per
2639 831 2818 885 onia
2837 829 3012 888 deleri
3039 845 3145 886 non
3177 835 3425 900 possunt,
3463 829 3537 884 ita
3568 829 3775 885 debent

2178 924 2410 995 quadam
2439 923 2806 986 declinatione
2832 922 3013 977 vitari.
3040 922 3116 978 De
3143 920 3246 977 hac
3270 921 3416 978 enim
3439 921 3676 976 dicitur:
3704 919 3776 974 Et

2177 1017 2208 1059 ι)
2229 1020 2400 1073 carnis
2416 1033 2594 1072 curam
2614 1033 2678 1073 ne
2695 1016 2913 1088 feceritis
2936 1017 2988 1071 in
3007 1016 3274 1073 desideriis
3291 1015 3773 1088 (Rom.ntt).Dum

2180 1109 2345 1179 hujus
2385 1125 2516 1180 ergo
2568 1124 2716 1165 curae
2751 1122 2912 1178 quam
2941 1107 3287 1179 praecipimur
3316 1122 3424 1162 non
3453 1121 3551 1176 per
3586 1107 3774 1161 omnia

2183 1201 2528 1268 abscindere,
2556 1201 2654 1256 sed
2700 1199 2904 1268 absque
2927 1199 3215 1255 desideriis
3245 1197 3530 1264 exhibere,
3561 1199 3776 1254 retine-

2182 1310 2303 1351 mus
2337 1293 2610 1362 allectum,
2663 1291 2943 1348 evidenter
2974 1290 3285 1362 Egyptiam
3335 1292 3608 1345 nationem
3660 1305 3778 1345 non

2180 1387 2595 1459 exstinguimus,
2618 1386 2712 1442 sed
2741 1387 2807 1440 ab
2841 1385 2957 1454 ipsa
2979 1385 3207 1457 quadam
3237 1383 3571 1439 discretione
3598 1397 3772 1452 sepa-

2151 1531 2154 1536 .
2181 1496 2387 1546 ramur,
2429 1495 2537 1535 non
2585 1479 2654 1535 de
2681 1478 2971 1548 superﬁuis
2998 1493 3094 1534 seu
3125 1477 3445 1533 lautioribus
3469 1478 3646 1546 epulis
3676 1491 3776 1532 co-

2181 1576 2432 1645 gitantes,
2457 1573 2575 1641 sed,
2593 1573 2890 1629 secundum
2910 1571 3252 1643 Apostolum,
3278 1572 3421 1627 victu
3448 1570 3774 1641 quatidiano

2182 1669 2606 1739 indumentoque
2636 1667 2878 1723 contenti
2901 1667 2944 1739 (l
2969 1665 3102 1721 Tim.
3145 1667 3242 1736 vi).
3276 1665 3429 1733 Quod
3461 1667 3534 1719 ita
3567 1664 3780 1736 ﬁgura-

2184 1761 2310 1816 liter
2331 1761 2493 1816 etiam
2523 1760 2575 1815 in
2606 1762 2725 1828 lege
2756 1759 3039 1814 mandatur
3069 1777 3083 1815 :
3112 1757 3236 1812 Non
3262 1757 3638 1812 abominaberis
3669 1755 3787 1812 £-

487 1858 660 1921 gnant
687 1851 1038 1919 monachum,
1070 1860 1386 1907 cunctorum
1407 1851 1655 1908 absoluta
1679 1855 1948 1909 sententia
1978 1863 2082 1910 est.
2113 1841 2164 1902 Β
2188 1853 2444 1926 gyptium,
2464 1853 2586 1922 quia
2608 1852 2752 1923 fuisti
2771 1850 2941 1905 incola
2959 1852 3013 1905 in
3038 1860 3175 1905 terra
3196 1853 3310 1922 ejus
3331 1848 3567 1921 (Denter.
3583 1848 3781 1919 unt).

487 1941 621 2009 Quae
652 1943 953 2012 ﬁguraliter
981 1944 1080 2000 sub
1108 1946 1349 2015 gentium
1383 1946 1648 2000 vocabulo
1679 1946 1973 2013 nominata,
2005 1948 2086 2001 id-
2184 1947 2535 2004 Necessarias
2555 1947 2699 2002 enim
2719 1945 2896 2001 victus
2925 1945 3161 2014 corpori,
3191 1957 3296 1998 non
3337 1943 3457 1997 sine
3487 1941 3571 1997 vel
3605 1941 3786 2012 ipsius

491 2034 642 2090 circo
664 2050 806 2091 nttnc
819 2035 1002 2091 omnia
1025 2052 1129 2091 non
1154 2043 1447 2106 ponuntur,
1463 2053 1529 2092 eo
1555 2037 1696 2108 quod
1718 2039 1954 2108 egressis
1970 2038 2083 2108 jam
2183 2039 2432 2111 pernicie
2458 2038 2546 2094 vel
2588 2036 2783 2093 animae
2822 2037 3032 2092 scelere
3058 2035 3377 2106 denegatur.
3393 2033 3620 2090 Illarum
3643 2045 3786 2090 vero

488 2125 560 2182 de
587 2125 828 2197 Egypto
859 2138 915 2182 et
959 2129 1206 2184 liberatis
1249 2129 1318 2184 ab
1353 2145 1460 2183 una
1505 2138 1672 2199 gente
1722 2129 2080 2197 validissima,
2185 2142 2394 2203 septem
2417 2130 3079 2199 perturbationum,velut
3107 2125 3436 2182 omnimodis
3463 2125 3784 2193 noxiarum,

489 2219 545 2276 id
567 2228 668 2286 est,
685 2220 1095 2292 Egyptiorum,
1119 2222 1458 2292 Moyses,vel
1479 2237 1580 2292 per
1601 2222 1774 2291 ipsum
1803 2223 2081 2287 Dominus,

487 2311 546 2368 in
579 2312 1002 2368 Deuteronomio
1035 2314 1356 2384 loquebatur
1400 2313 1641 2383 (Denter.
1675 2313 1805 2385 vn).
1849 2314 1983 2383 Quae
2019 2315 2086 2369 ﬁ-

487 2416 622 2471 gura
642 2402 697 2458 in
714 2405 872 2458 nobis
895 2419 1110 2474 quoque
1128 2406 1434 2462 rectissime
1455 2415 1602 2461 stare
1629 2406 2081 2476 deprehenditur,

486 2496 576 2565 qui
609 2495 678 2550 de
701 2496 888 2551 saeculi
919 2496 1126 2566 laqueis
1157 2497 1419 2568 expediti,
1454 2499 1865 2570 gastrimargite,
1898 2499 1951 2554 id
1979 2509 2082 2564 est,

486 2589 698 2643 ventris
721 2589 806 2643 vel
835 2590 973 2659 gula:
997 2590 1130 2646 vitio
1152 2591 1396 2646 caruisse
1418 2593 1816 2661 cognoscimur.
1836 2592 1904 2647 Et
1924 2591 2087 2654 habe-

487 2695 612 2740 mus
633 2681 743 2751 iam
792 2692 980 2738 contra
1031 2685 1130 2738 bas
1175 2683 1422 2740 residuas
1467 2694 1671 2754 septem
1708 2694 1897 2755 gentes
1923 2685 2086 2741 simili

489 2776 700 2831 ratione
747 2775 1082 2843 conﬂictum,
1115 2777 1294 2847 prima
1327 2777 1537 2832 scilicet
1567 2793 1687 2846 qua:
1719 2779 1828 2847 jam
1877 2778 2087 2833 devicta

489 2876 576 2923 est
598 2868 819 2926 minime
845 2879 1192 2940 computata;
1221 2871 1381 2940 cujus
1409 2872 1574 2926 etiam
1605 2881 1748 2926 terra
1787 2872 1841 2926 in
1865 2886 2087 2942 posses-

491 2960 702 3016 sionem
730 2963 918 3018 lsraeli
947 2979 1054 3020 non
1083 2965 1262 3030 datur,
1293 2965 1388 3020 sed
1421 2973 1480 3019 ut
1499 2965 1715 3020 deserat
1741 2980 1860 3020 eam
1894 2979 2090 3035 perpe-

2185 2227 2256 2284 de
2309 2227 2617 2282 recessibus
2669 2225 2865 2280 animae
2892 2231 3116 2278 nostra:
3145 2222 3358 2290 penitus
3380 2218 3788 2275 exterminandi

2187 2328 2317 2376 sunt
2365 2328 2564 2375 motus.
2600 2319 2675 2373 De
2703 2317 2790 2372 bis
2817 2317 2962 2372 enim
2997 2317 3069 2371 ita
3095 2314 3294 2370 dicitur
3325 2329 3342 2369 :
3377 2313 3561 2367 Omnis
3585 2312 3789 2365 amari-

2188 2415 2335 2480 tudo,
2360 2414 2464 2476 ira,
2494 2421 2543 2465 et
2563 2410 2874 2480 indignatio,
2899 2417 2945 2464 et
2971 2408 3186 2473 clamor,
3211 2415 3258 2460 et
3285 2404 3608 2475 blasphemia
3627 2404 3790 2457 tolla-

2188 2514 2274 2560 tur
2294 2522 2326 2558 a
2353 2504 2490 2559 vobis
2518 2519 2633 2557 eum
2663 2502 2800 2556 omisi
2822 2501 3024 2554 malitia
3056 2499 3280 2571 (Ephes.
3307 2497 3406 2565 tv).
3437 2496 3510 2554 Et
3532 2497 3737 2551 iterum
3763 2513 3782 2548 :

2181 2597 2491 2652 .Fornicatio
2521 2604 2696 2649 autem
2723 2603 2772 2648 et
2801 2593 2967 2648 omnis
3010 2590 3340 2646 inmunditia
3365 2597 3417 2644 et
3444 2589 3663 2643 auaritia
3688 2603 3791 2644 nec

2187 2692 2480 2748 nominetur
2526 2689 2579 2742 in
2627 2687 2787 2751 vobis,
2829 2696 2920 2740 aut
2948 2684 3240 2752 turpitudo,
3271 2691 3361 2736 aut
3381 2682 3782 2753 stultiloquium,

2189 2793 2282 2840 aut
2311 2783 2600 2837 scurrilitas
2616 2779 2840 2849 (Epltes.
2862 2777 2942 2849 v).
2970 2779 3269 2833 Possumus
3289 2790 3422 2846 ergo
3443 2774 3638 2830 horum
3659 2789 3789 2845 qua:

2189 2886 2398 2933 naturae
2427 2874 2810 2944 superinducta
2835 2880 2963 2926 sunt
2992 2871 3207 2926 radices
3255 2867 3576 2924 abscindere
3617 2869 3781 2924 vitio-

2189 2984 2331 3035 rum,
2369 2979 2390 3006 ο
2424 2981 2577 3021 usum
2610 2981 2752 3020 vero
2780 2963 3174 3034 gastrimargiae
3205 2975 3544 3033 nequaquam
3577 2959 3790 3016 valebi—

491 3061 608 3118 tuo,
639 3062 693 3108 et
717 3055 1027 3124 egrediatur
1053 3057 1122 3110 ab
1145 3071 1232 3124 ea,
1264 3057 1475 3111 Domini
1517 3057 1887 3126 praeceptione
1913 3058 2089 3112 sanci-
2190 3074 2312 3117 mus
2339 3065 2640 3126 amputare.
2690 3054 2808 3110 Non
2843 3055 2988 3114 enim
3021 3066 3333 3124 possumus,
3385 3050 3790 3122 quantumlibet

489 3152 605 3201 tur.
638 3147 704 3200 Et
739 3146 940 3202 idcirco
969 3149 1042 3202 ita
1083 3159 1205 3204 sunt
1243 3147 1575 3205 moderanda
1598 3148 1804 3218 jejunia
1825 3190 1840 3214 ,
1870 3159 1932 3205 ut
1977 3163 2086 3204 non
2189 3151 2609 3224 profecerimus,
2641 3148 2697 3204 id
2725 3162 2833 3204 non
2860 3162 2983 3203 esse
3009 3146 3153 3218 quod
3180 3146 3477 3202 nascimur.
3520 3143 3677 3212 Quod
3710 3144 3789 3198 ita

493 3250 721 3293 necesse
765 3239 837 3293 sit
866 3253 966 3309 per
1011 3241 1521 3298 immoderationem
1565 3244 1937 3311 continentiae,
1967 3259 2089 3314 quae
2117 3224 2165 3290 (ἶ
2193 3261 2316 3308 esse
2367 3253 2474 3298 tam
2519 3249 2725 3307 nostra,
2755 3241 2846 3311 qui
2896 3239 3325 3307 sumusesigui,
3357 3251 3522 3307 quam
3537 3233 3784 3294 omnium

495 3328 805 3387 defectione
828 3333 1008 3388 carnis
1021 3335 1105 3390 vel
1128 3335 1439 3391 inﬁrmitate
1466 3347 1741 3394 contracta
1767 3347 1868 3402 est,
1889 3339 2088 3396 reverti
2191 3340 2553 3413 perfectorum
2601 3336 2709 3389 vita
2739 3342 2794 3389 et
2821 3331 3260 3399 conversatione,
3293 3336 3660 3394 monstratur;
3691 3327 3788 3397 qui

494 3435 682 3499 rursus
724 3425 790 3478 ad
822 3425 1206 3497 Egyptiorum
1261 3435 1496 3496 terram,
1540 3429 1592 3484 id
1641 3438 1754 3499 est,
1807 3432 2088 3501 pristinam
2187 3423 2315 3487 cum
2332 3429 2657 3498 reliquarum
2678 3426 2986 3496 passionum
3011 3422 3306 3479 reciderint
3326 3419 3593 3488 stimulos,
3616 3427 3782 3488 atque

495 3515 638 3584 gulae
665 3525 720 3570 et
743 3520 927 3572 carnis
959 3521 1477 3590 concupiscentiam,
1508 3538 1691 3593 quam,
1732 3538 1855 3580 eum
1889 3524 2090 3580 mundo
2191 3535 2433 3576 eremum
2462 3529 2579 3576 toto
2598 3520 2796 3574 mentis
2813 3518 3022 3574 fervore
3045 3522 3102 3571 et
3128 3513 3376 3583 corporis
3395 3518 3650 3582 expetant
3680 3526 3788 3566 nu-

495 3606 623 3680 buic
667 3609 1202 3685 abrenuntiaremus,
1235 3615 1552 3687 abiecimus.
1582 3617 1738 3686 Quod
1789 3616 2093 3692 ﬁguraliter
2193 3614 2384 3681 (litate,
2416 3613 2760 3670 nihilominus
2789 3607 3087 3681 quotidiani
3134 3607 3311 3661 victus
3363 3602 3698 3688 providentia
3731 3613 3787 3657 et

494 3704 573 3768 illi
599 3710 835 3777 perpessi
863 3719 993 3768 sunt
1015 3712 1108 3780 qui
1130 3714 1337 3783 egressi
1361 3716 1415 3769 in
1441 3715 1788 3772 solitudinem
1812 3715 2086 3781 virtutum,

499 3803 528 3833 ι
553 3812 745 3852 rursus
789 3799 1239 3860 desideraverunt
1279 3805 1415 3859 ollas
1461 3806 1704 3860 carnium
1754 3819 1920 3876 super
1959 3819 2094 3877 quas

499 3885 763 3942 sedebant
790 3889 840 3943 in
874 3889 1110 3976 Egypto
1141 3891 1344 3966 (Nunt.
1374 3911 1430 3950 ιι
1451 3897 1491 3967 ).

1089 4002 1319 4062 CAPUT
1361 4006 1503 4061 XIX.

503 4084 607 4140 Cur
632 4090 786 4143 unica
813 4089 1035 4162 Egypti
1065 4111 1188 4164 gens
1239 4097 1422 4180 deseri,
1454 4108 1646 4176 septem
1690 4114 1809 4154 vero
1841 4099 2094 4174 jubenlur

1160 4179 1438 4219 exstmaut.
1852 4179 1854 4181 '

1160 4183 1438 4238 exstingui.

574 4248 728 4317 Quod
759 4260 937 4308 autem
983 4255 1072 4310 illa
1099 4272 1232 4328 gens
1260 4259 1314 4313 in
1341 4275 1442 4330 qua
1474 4261 1584 4315 nati
1617 4275 1741 4318 sunt
1767 4261 1867 4318 ﬁlii
1901 4262 2088 4330 Israel,

511 4357 620 4399 non
651 4345 867 4413 penitus
892 4349 1188 4420 exstingui,
1219 4351 1315 4408 sed
1368 4355 1742 4412 tantummodo
1761 4357 1941 4412 deseri
1971 4357 2091 4428 ejus

507 4443 650 4492 terra
675 4441 1005 4511 praecipitur,
1040 4443 1122 4500 hae
1151 4460 1282 4502 vero
1310 4455 1517 4519 septem
1551 4463 1722 4520 usque
1750 4451 1815 4506 ad
1848 4452 2090 4507 interne-

507 4530 718 4586 cionem
754 4533 1018 4603 jubentur
1070 4541 1360 4614 exstingui,
1419 4541 1535 4599 haec
1588 4543 1730 4600 ratio
1770 4554 1854 4602 est
1894 4564 1908 4602 :
1953 4545 2095 4616 quod

2194 3709 2359 3780 annui
2385 3706 2538 3778 panis
2562 3703 2953 3778 praeparatione
2978 3706 3251 3772 nequeunt
3282 3695 3519 3762 liberari.

2803 3808 3030 3884 CAPUT
3070 3810 3192 3866 xx.

2193 3914 2275 3984 De
2301 3923 2494 3972 natura
2518 3889 3015 3984 gastrimargi'te,_'ad
3040 3901 3435 3984 similitudinem
3447 3897 3639 3978 aquila
3653 3911 3795 3954 com-

2616 3969 2818 4050 parata?
2843 3969 2950 4048 [ΑἸ.
2977 3969 3390 4046 comparandae].

2271 4076 2300 4116 ἀ
2331 4075 2503 4146 Hujus
2535 4070 2808 4143 passionis
2839 4069 3028 4139 ﬁgura,
3059 4081 3164 4137 qua
3185 4078 3413 4130 necesse
3438 4071 3523 4126 est
3540 4060 3796 4132 quamvis

2193 4169 2492 4244 spiritalem
2522 4176 2907 4232 summumque
2950 4158 3276 4214 monachum
3319 4153 3613 4219 coarctari,
3657 4164 3793 4222 pro-

2197 4264 2315 4336 prie
2341 4262 2471 4320 satis
2502 4257 2698 4330 aquilae
2727 4253 3083 4336 similitudine
3114 4251 3444 4322 designatur.
3481 4246 3612 4316 Quae
3662 4258 3793 4300 cum

2196 4357 2571 4418 excelsissimo
2600 4353 2781 4410 volatu
2829 4339 2968 4406 ultra
3000 4347 3225 4410 nubium
3254 4344 3420 4408 fuerit
3444 4340 3788 4404 altitudinem

2198 4452 2512 4514 sublimata,
2547 4459 2775 4515 seseque
2800 4443 2869 4497 ab
2899 4440 3071 4496 oculis
3100 4446 3424 4500 cunctorum
3476 4432 3790 4488 mortalium

2201 4560 2265 4602 ac
2297 4561 2327 4598 a
2357 4542 2494 4598 facie
2517 4550 2675 4596 terra:
2696 4536 2860 4606 totius
2881 4528 3250 4596 absconderit,
3274 4540 3462 4582 rursus
3485 4523 3552 4580 ad
3573 4522 3796 4579 vallium

505 4625 844 4694 quantolibet
873 4630 1069 4694 ardore
1089 4611 1312 4704 spiritus
1340 4611 1590 4694 succensi
1640 4655 1886 4696 eremum
1917 4611 2092 4697 virtu-
2120 4611 2174 4674 D
2202 4642 2307 4698 ima
2331 4633 2600 4701 submitti,
2632 4640 2689 4686 ct
2710 4629 2777 4685 ad
2806 4636 3020 4692 terrena
3048 4621 3405 4690 descendere,
3437 4633 3502 4674 ac
3544 4615 3793 4684 mortici-

506 4725 622 4772 tum
649 4718 910 4777 fuerimus
950 4725 1204 4796 ingressi,
1238 4730 1518 4786 vicinitate
1548 4743 1609 4786 ac
1634 4733 1946 4803 magisterio
1974 4748 2097 4803 gas-

506 4808 824 4884 trimargim,
877 4824 933 4890 et
961 4819 1364 4892 quodammodo
1409 4805 1730 4896 quotidiana
1773 4825 1894 4896 eius
1940 4811 2092 4894 com-

2204 4734 2288 4788 nis
2309 4726 2664 4786 cadaveribus
2682 4720 2968 4791 implicari,
2989 4720 3194 4773 ventris
3208 4714 3537 4772 necessitate
3561 4708 3799 4794 compel-

2205 4826 2355 4880 litur.
2399 4818 2607 4896 Quibus
2654 4809 3098 4898 manifestissime
3147 4805 3535 4878 comprobatur
3579 4799 3796 4884 iudiciis

1583 5003 1840 5060 ALARDI
1879 5005 2115 5063 GAZIEI
2153 4997 2726 5064 COMMENTARIUS.

581 5137 605 5167 α
637 5130 702 5206 1),ζ
731 5130 1094 5206 Hieronymus
1117 5133 1211 5191 lib.
1238 5151 1276 5191 ll
1301 5135 1559 5206 adversus
1598 5135 1946 5191 Jovinianum
1975 5152 2097 5206 cap.

509 5199 577 5282 I0
608 5217 622 5256 :
654 5199 896 5275 Ejectus,
931 5199 1141 5282 inquit,
1173 5207 1236 5282 de
1263 5205 1502 5282 (Egypto
1542 5208 1768 5282 populus
1820 5199 2102 5282 Israel,"et

507 5279 562 5325 in
593 5281 784 5345 terram
821 5279 1238 5345 repromissionis
1279 5280 1410 5333 lacte
1447 5288 1495 5332 et
1521 5279 1672 5333 malle
1706 5289 2005 5332 manantem
2025 5279 2106 5332 in-

513 5344 899 5420 traducendus,
928 5348 1208 5420 Egyptias
1261 5366 1466 5417 carnes,
1519 5358 1567 5404 et
1612 5365 1856 5420 pepones,
1902 5350 2112 5420 aliaque

508 5415 767 5490 desiderat
807 5415 1194 5488 (Exodi'iw;
1238 5421 1402 5474 Num.
1440 5415 1553 5490 xi).
1611 5415 1849 5483 Utinam,
1905 5415 2106 5488 inquit],

515 5482 824 5562 obiissentns'
861 5494 1093 5560 percussi
1121 5509 1154 5544 a
1181 5482 1300 5546 ’Βεο
1343 5494 1397 5546 in
1441 5482 1578 5545 terra
1610 5482 1865 5562 ngypti,
1897 5482 2112 5561 quando

512 5569 671 5622 super
697 5559 829 5614 ollas
862 5559 1100 5617 carnium
1131 5564 1456 5618 sedebamus.
1498 5563 1564 5618 Et
1598 5559 1805 5616 iterum.
1838 5559 1968 5628 Quis
2017 5579 2110 5615 uos

518 5638 691 5706 pascet
713 5634 991 5689 carnibus?
1026 5635 1250 5689 Veniunt
1278 5637 1332 5690 in
1363 5644 1584 5689 mentem
1610 5635 1754 5688 nobis
1778 5635 1962 5706 pisces,
1985 5650 2114 5705 quos

515 5699 575 5752 in
602 5698 836 5773 Egypto
864 5707 1258 5779 comedebamus
1295 5708 1478 5779 gratis,
1507 5715 1555 5761 et
1583 5698 1878 5779 cucuméres
1900 5747 1914 5768 ,
1945 5698 2113 5778 et'pe-

516 5785 698 5848 pones,
730 5784 786 5848 et,
796 5778 960 5848 porri,
990 5787 1037 5831 et
1061 5795 1213 5848 cwpe,
1248 5777 1446 5848 et'allia
1469 5793 1488 5832 :
1511 5787 1564 5832 at
1580 5793 1714 5832 nunc
1737 5778 1912 5830 anima
1937 5788 2113 5831 nostra

518 5841 706 5909 arida;
734 5841 866 5902 nihil
891 5848 992 5915 nisi
1019 5841 1212 5903 marina
1238 5847 1376 5903 oculi
1425 5850 1588 5904 nostri
1616 5849 1963 5915 conspiciunt.
2008 5849 2115 5901 An-

2202 5136 2434 5210 gelorum
2462 5130 2635 5186 cibum
2655 5133 3054 5193 contemnentes,
3084 5138 3267 5180 carnes
3299 5120 3586 5196 Egyptias
3630 5123 3768 5187 susp‘»

2205 5207 2472 5329 rabbaztide
2497 5271 2816 5326 Cassianum
2861 5266 2960 5326 lib.
2993 5283 3025 5320 v
3055 5265 3295 5323 Institut.
3349 5278 3469 5335 cap.
3504 5264 3561 5332 8,
3595 5273 3650 5328 et
3679 5275 3780 5317 sau—

2212 5349 2440 5403 tentiam
2472 5344 2535 5396 D.
2567 5338 2912 5410 Gregoriiibi
2938 5338 3239 5398 recitatam.

2289 5430 2311 5455 ο
2345 5403 2786 5481 Gastritnargiam
2818 5409 2922 5465 hoc
2947 5411 3070 5466 loco
3123 5407 3441 5480 improprie,
3473 5407 3636 5481 immo
3661 5403 3784 5480 abu-

2216 5490 2358 5553 sive,
2415 5487 2578 5540 aulllll
2619 5479 2781 5538 etiam
2817 5497 2912 5549 pro
2940 5479 3246 5537 necessaria
3271 5479 3516 5553 corporis
3549 5479 3784 5553 alimonia

2216 5543 2272 5616 et
2297 5543 2452 5621 cura,
2482 5565 2541 5610 ut
2568 5569 2730 5623 supra
2753 5543 3108 5608 cenodoxiam
3138 5565 3236 5622 pro
3266 5543 3777 5623 cujuscumqueglo-

2216 5632 2315 5686 ria:
2342 5631 2610 5691 humanm,
2639 5622 2802 5680 etiam
2830 5625 2977 5679 licito
2997 5633 3054 5678 et
3076 5622 3389 5678 rationabili
3412 5624 3653 5690 appetiti-

2287 5680 2625 5769 aii-says";
2667 5696 2748 5751 sic
2779 5695 3080 5769 simplici",6
3113 5711 3127 5747 ε
3159 5693 3358 5766 Figura
3379 5680 3534 5769 θειῖάλ
3567 5701 3656 5769 ei"
3689 5680 3787 5769 3‘3

2215 5773 2412 5842 aquilae
2437 5755 2646 5842 natura,
2674 5770 2858 5842 volatu
2885 5755 3154 5842 altissimo
3175 5755 3568 5833 et'voracitate,
3592 5755 3654 5815 de
3681 5765 3786 5822 qua

2218 5837 2328 5914 hic,
2351 5843 2473 5899 vide
2503 5840 2737 5896 Plinium
2771 5839 2866 5895 lib.
2898 5853 2933 5892 ι
2964 5853 3082 5906 cap.
3113 5837 3169 5892 ὅ.
3573 5877 3578 5884 ,
