  <div class='ocr_page' id='page_1' title='image "/cluster/home/n/w/nwhite01/storage/ocr_20150623/49/hvd.32044015471543/329.png"; bbox 0 0 4012 6336; ppageno 0'>
   <div class='ocr_carea' id='block_1_1' title="bbox 382 261 3664 353">
    <p class='ocr_par' dir='ltr' id='par_1_1' title="bbox 382 261 3664 353">
     <span class='ocr_line' id='line_1_1' title="bbox 382 261 3664 353; baseline -0.008 -1"><span class='ocrx_word' id='word_1_1' title='bbox 382 293 488 353; x_wconf 75' lang='lat'><strong>639</strong></span> <span class='ocrx_word' id='word_1_2' title='bbox 1424 283 1710 344; x_wconf 78' lang='lat' dir='ltr'><strong>JOANNlS</strong></span> <span class='ocrx_word' id='word_1_3' title='bbox 1745 282 2064 343; x_wconf 76' lang='lat' dir='ltr'><strong>CASSIANI</strong></span> <span class='ocrx_word' id='word_1_4' title='bbox 2098 276 2600 341; x_wconf 78' lang='lat' dir='ltr'><strong>COLLATIONES.</strong></span> <span class='ocrx_word' id='word_1_5' title='bbox 3543 261 3664 326; x_wconf 73' lang='grc' dir='ltr'><strong>σω</strong></span> 
     </span>
    </p>
   </div>
   <div class='ocr_carea' id='block_1_2' title="bbox 377 383 3670 478">
    <p class='ocr_par' dir='ltr' id='par_1_2' title="bbox 377 383 3670 478">
     <span class='ocr_line' id='line_1_2' title="bbox 377 383 3670 478; baseline -0.009 -15"><span class='ocrx_word' id='word_1_6' title='bbox 377 406 571 478; x_wconf 90' lang='lat' dir='ltr'><strong>legitur</strong></span> <span class='ocrx_word' id='word_1_7' title='bbox 599 402 998 470; x_wconf 89' lang='lat' dir='ltr'><strong>dinumerasse,</strong></span> <span class='ocrx_word' id='word_1_8' title='bbox 1028 401 1125 460; x_wconf 90' lang='lat' dir='ltr'><strong>sed</strong></span> <span class='ocrx_word' id='word_1_9' title='bbox 1153 401 1366 469; x_wconf 89' lang='lat' dir='ltr'><strong>decem,</strong></span> <span class='ocrx_word' id='word_1_10' title='bbox 1411 415 1642 471; x_wconf 89' lang='lat' dir='ltr'><strong>quarum</strong></span> <span class='ocrx_word' id='word_1_11' title='bbox 1670 410 1814 456; x_wconf 88' lang='lat' dir='ltr'><strong>terra</strong></span> <span class='ocrx_word' id='word_1_12' title='bbox 1872 414 1962 456; x_wconf 85' lang='lat' dir='ltr'><strong>se-</strong></span> <span class='ocrx_word' id='word_1_13' title='bbox 1984 401 2042 463; x_wconf 73' lang='grc' dir='ltr'><strong>Α</strong></span> <span class='ocrx_word' id='word_1_14' title='bbox 2063 405 2171 465; x_wconf 91' lang='lat' dir='ltr'><strong>est,</strong></span> <span class='ocrx_word' id='word_1_15' title='bbox 2203 394 2399 451; x_wconf 73' lang='lat' dir='ltr'><strong>animai</strong></span> <span class='ocrx_word' id='word_1_16' title='bbox 2415 391 2665 448; x_wconf 76' lang='lat' dir='ltr'><strong>videntes</strong></span> <span class='ocrx_word' id='word_1_17' title='bbox 2685 389 2875 456; x_wconf 90' lang='lat' dir='ltr'><strong>Deum,</strong></span> <span class='ocrx_word' id='word_1_18' title='bbox 2903 400 3012 444; x_wconf 91' lang='lat' dir='ltr'><strong>non</strong></span> <span class='ocrx_word' id='word_1_19' title='bbox 3042 383 3317 478; x_wconf 88' lang='lat' dir='ltr'><strong>immerito</strong></span> <span class='ocrx_word' id='word_1_20' title='bbox 3343 393 3670 478; x_wconf 79' lang='lat' dir='ltr'><strong>nuneupan-</strong></span> 
     </span>
    </p>
   </div>
   <div class='ocr_carea' id='block_1_3' title="bbox 374 476 3667 567">
    <p class='ocr_par' dir='ltr' id='par_1_3' title="bbox 374 476 3667 567">
     <span class='ocr_line' id='line_1_3' title="bbox 374 476 3667 567; baseline -0.007 -13"><span class='ocrx_word' id='word_1_21' title='bbox 374 476 507 555; x_wconf 83' lang='lat' dir='ltr'><strong>mini</strong></span> <span class='ocrx_word' id='word_1_22' title='bbox 550 496 668 567; x_wconf 85' lang='lat' dir='ltr'><strong>ejus</strong></span> <span class='ocrx_word' id='word_1_23' title='bbox 696 495 875 552; x_wconf 86' lang='lat' dir='ltr'><strong>danda</strong></span> <span class='ocrx_word' id='word_1_24' title='bbox 902 494 1234 567; x_wconf 73' lang='lat' dir='ltr'><strong>promittitur</strong></span> <span class='ocrx_word' id='word_1_25' title='bbox 1257 492 1466 563; x_wconf 75' lang='lat' dir='ltr'><strong>(Cenes.</strong></span> <span class='ocrx_word' id='word_1_26' title='bbox 1502 491 1623 565; x_wconf 95' lang='lat' dir='ltr'><strong>xv).</strong></span> <span class='ocrx_word' id='word_1_27' title='bbox 1657 501 1686 531; x_wconf 72' lang='grc' dir='ltr'>ι</span> <span class='ocrx_word' id='word_1_28' title='bbox 1710 491 1817 560; x_wconf 86' lang='lat' dir='ltr'><strong>Qui</strong></span> <span class='ocrx_word' id='word_1_29' title='bbox 1858 507 1958 548; x_wconf 85' lang='lat' dir='ltr'><strong>nu-</strong></span> <span class='ocrx_word' id='word_1_30' title='bbox 2061 499 2186 556; x_wconf 89' lang='lat' dir='ltr'><strong>tur;</strong></span> <span class='ocrx_word' id='word_1_31' title='bbox 2217 488 2310 560; x_wconf 86' lang='lat' dir='ltr'><strong>qui</strong></span> <span class='ocrx_word' id='word_1_32' title='bbox 2337 501 2462 543; x_wconf 91' lang='lat' dir='ltr'><strong>cum</strong></span> <span class='ocrx_word' id='word_1_33' title='bbox 2493 485 2780 540; x_wconf 87' lang='lat' dir='ltr'><strong>universas</strong></span> <span class='ocrx_word' id='word_1_34' title='bbox 2807 480 2994 538; x_wconf 80' lang='lat' dir='ltr'><strong>cordis</strong></span> <span class='ocrx_word' id='word_1_35' title='bbox 3014 476 3326 550; x_wconf 79' lang='lat' dir='ltr'><strong>expulerint</strong></span> <span class='ocrx_word' id='word_1_36' title='bbox 3354 476 3667 548; x_wconf 86' lang='lat' dir='ltr'><strong>passiones,</strong></span> 
     </span>
    </p>
   </div>
   <div class='ocr_carea' id='block_1_4' title="bbox 375 571 3672 659">
    <p class='ocr_par' dir='ltr' id='par_1_4' title="bbox 375 571 3672 659">
     <span class='ocr_line' id='line_1_4' title="bbox 375 571 3672 659; baseline -0.007 -13"><span class='ocrx_word' id='word_1_37' title='bbox 375 604 560 646; x_wconf 85' lang='lat' dir='ltr'><strong>merus</strong></span> <span class='ocrx_word' id='word_1_38' title='bbox 580 588 790 659; x_wconf 89' lang='lat' dir='ltr'><strong>adjecta</strong></span> <span class='ocrx_word' id='word_1_39' title='bbox 812 587 1119 644; x_wconf 82' lang='lat' dir='ltr'><strong>idololatria</strong></span> <span class='ocrx_word' id='word_1_40' title='bbox 1146 595 1309 658; x_wconf 85' lang='lat' dir='ltr'><strong>atque</strong></span> <span class='ocrx_word' id='word_1_41' title='bbox 1325 587 1661 656; x_wconf 81' lang='lat' dir='ltr'><strong>blasphemia</strong></span> <span class='ocrx_word' id='word_1_42' title='bbox 1677 586 1961 643; x_wconf 82' lang='lat' dir='ltr'><strong>evidenter</strong></span> <span class='ocrx_word' id='word_1_43' title='bbox 2061 596 2172 638; x_wconf 93' lang='lat' dir='ltr'><strong>non</strong></span> <span class='ocrx_word' id='word_1_44' title='bbox 2200 589 2307 636; x_wconf 87' lang='lat' dir='ltr'><strong>tam</strong></span> <span class='ocrx_word' id='word_1_45' title='bbox 2331 579 2542 635; x_wconf 87' lang='lat' dir='ltr'><strong>alienas</strong></span> <span class='ocrx_word' id='word_1_46' title='bbox 2572 574 2949 648; x_wconf 83' lang='lat' dir='ltr'><strong>possessiones</strong></span> <span class='ocrx_word' id='word_1_47' title='bbox 2979 571 3286 644; x_wconf 83' lang='lat' dir='ltr'><strong>pervasisse</strong></span> <span class='ocrx_word' id='word_1_48' title='bbox 3329 583 3496 641; x_wconf 87' lang='lat' dir='ltr'><strong>quam</strong></span> <span class='ocrx_word' id='word_1_49' title='bbox 3541 583 3672 640; x_wconf 91' lang='lat' dir='ltr'><strong>pro-</strong></span> 
     </span>
    </p>
   </div>
   <div class='ocr_carea' id='block_1_5' title="bbox 377 677 1961 753">
    <p class='ocr_par' dir='ltr' id='par_1_5' title="bbox 377 677 1961 753">
     <span class='ocr_line' id='line_1_5' title="bbox 377 677 1961 753; baseline -0.001 -16"><span class='ocrx_word' id='word_1_50' title='bbox 377 684 653 752; x_wconf 80' lang='lat' dir='ltr'><strong>impletur,</strong></span> <span class='ocrx_word' id='word_1_51' title='bbox 681 681 877 753; x_wconf 87' lang='lat' dir='ltr'><strong>quibus</strong></span> <span class='ocrx_word' id='word_1_52' title='bbox 901 687 1028 736; x_wconf 91' lang='lat' dir='ltr'><strong>ante</strong></span> <span class='ocrx_word' id='word_1_53' title='bbox 1066 679 1314 734; x_wconf 91' lang='lat' dir='ltr'><strong>notitiam</strong></span> <span class='ocrx_word' id='word_1_54' title='bbox 1344 677 1441 734; x_wconf 87' lang='lat' dir='ltr'><strong>Dei</strong></span> <span class='ocrx_word' id='word_1_55' title='bbox 1469 687 1528 735; x_wconf 89' lang='lat' dir='ltr'><strong>et</strong></span> <span class='ocrx_word' id='word_1_56' title='bbox 1555 677 1786 749; x_wconf 90' lang='lat' dir='ltr'><strong>gratiam</strong></span> <span class='ocrx_word' id='word_1_57' title='bbox 1829 678 1961 749; x_wconf 88' lang='lat' dir='ltr'><strong>bap-</strong></span> 
     </span>
    </p>
   </div>
   <div class='ocr_carea' id='block_1_6' title="bbox 378 770 1960 844">
    <p class='ocr_par' dir='ltr' id='par_1_6' title="bbox 378 770 1960 844">
     <span class='ocr_line' id='line_1_6' title="bbox 378 770 1960 844; baseline 0.001 -18"><span class='ocrx_word' id='word_1_58' title='bbox 378 775 521 830; x_wconf 68' lang='lat' dir='ltr'><strong>liami</strong></span> <span class='ocrx_word' id='word_1_59' title='bbox 548 775 637 830; x_wconf 91' lang='lat' dir='ltr'><strong>vel</strong></span> <span class='ocrx_word' id='word_1_60' title='bbox 668 773 834 844; x_wconf 91' lang='lat' dir='ltr'><strong>impia</strong></span> <span class='ocrx_word' id='word_1_61' title='bbox 861 772 1166 844; x_wconf 75' lang='lat' dir='ltr'><strong>gentilium,</strong></span> <span class='ocrx_word' id='word_1_62' title='bbox 1190 773 1277 828; x_wconf 92' lang='lat' dir='ltr'><strong>vel</strong></span> <span class='ocrx_word' id='word_1_63' title='bbox 1305 770 1622 842; x_wconf 87' lang='lat' dir='ltr'><strong>blasphema</strong></span> <span class='ocrx_word' id='word_1_64' title='bbox 1644 771 1960 828; x_wconf 67' lang='lat' dir='ltr'><strong>Judaiorum</strong></span> 
     </span>
    </p>
   </div>
   <div class='ocr_carea' id='block_1_7' title="bbox 378 863 1964 935">
    <p class='ocr_par' dir='ltr' id='par_1_7' title="bbox 378 863 1964 935">
     <span class='ocr_line' id='line_1_7' title="bbox 378 863 1964 935; baseline -0.002 -13"><span class='ocrx_word' id='word_1_65' title='bbox 378 867 664 923; x_wconf 80' lang='lat' dir='ltr'><strong>multitudo</strong></span> <span class='ocrx_word' id='word_1_66' title='bbox 690 865 935 934; x_wconf 89' lang='lat' dir='ltr'><strong>subjecta</strong></span> <span class='ocrx_word' id='word_1_67' title='bbox 957 874 1061 932; x_wconf 88' lang='lat' dir='ltr'><strong>est,</strong></span> <span class='ocrx_word' id='word_1_68' title='bbox 1077 865 1257 921; x_wconf 91' lang='lat' dir='ltr'><strong>donec</strong></span> <span class='ocrx_word' id='word_1_69' title='bbox 1277 863 1329 920; x_wconf 92' lang='lat' dir='ltr'><strong>in</strong></span> <span class='ocrx_word' id='word_1_70' title='bbox 1359 863 1964 935; x_wconf 70' lang='lat' dir='ltr'><strong>intellectualiABgypto</strong></span> 
     </span>
    </p>
   </div>
   <div class='ocr_carea' id='block_1_8' title="bbox 375 957 1966 1028">
    <p class='ocr_par' dir='ltr' id='par_1_8' title="bbox 375 957 1966 1028">
     <span class='ocr_line' id='line_1_8' title="bbox 375 957 1966 1028; baseline 0.001 -18"><span class='ocrx_word' id='word_1_71' title='bbox 375 957 836 1015; x_wconf 75' lang='lat' dir='ltr'><strong>mmmoratur.Si</strong></span> <span class='ocrx_word' id='word_1_72' title='bbox 863 967 1048 1012; x_wconf 87' lang='lat' dir='ltr'><strong>autem</strong></span> <span class='ocrx_word' id='word_1_73' title='bbox 1071 957 1461 1014; x_wconf 73' lang='lat' dir='ltr'><strong>abrenuntiatis</strong></span> <span class='ocrx_word' id='word_1_74' title='bbox 1487 957 1684 1028; x_wconf 62' lang='lat' dir='ltr'><strong>quis;et</strong></span> <span class='ocrx_word' id='word_1_75' title='bbox 1709 971 1966 1027; x_wconf 90' lang='lat' dir='ltr'><strong>egressus</strong></span> 
     </span>
    </p>
   </div>
   <div class='ocr_carea' id='block_1_9' title="bbox 379 1047 1964 1119">
    <p class='ocr_par' dir='ltr' id='par_1_9' title="bbox 379 1047 1964 1119">
     <span class='ocr_line' id='line_1_9' title="bbox 379 1047 1964 1119; baseline 0.002 -19"><span class='ocrx_word' id='word_1_76' title='bbox 379 1073 389 1100; x_wconf 72' lang='grc' dir='ltr'>α</span> <span class='ocrx_word' id='word_1_77' title='bbox 415 1049 574 1104; x_wconf 69' lang='lat' dir='ltr'><strong>xinde</strong></span> <span class='ocrx_word' id='word_1_78' title='bbox 602 1064 698 1118; x_wconf 92' lang='lat' dir='ltr'><strong>per</strong></span> <span class='ocrx_word' id='word_1_79' title='bbox 724 1048 818 1104; x_wconf 91' lang='lat' dir='ltr'><strong>Dei</strong></span> <span class='ocrx_word' id='word_1_80' title='bbox 845 1047 1317 1119; x_wconf 89' lang='lat' dir='ltr'><strong>gratiam,devicta</strong></span> <span class='ocrx_word' id='word_1_81' title='bbox 1342 1048 1545 1118; x_wconf 88' lang='lat' dir='ltr'><strong>pariter</strong></span> <span class='ocrx_word' id='word_1_82' title='bbox 1564 1047 1964 1119; x_wconf 87' lang='lat' dir='ltr'><strong>gastrimargia,</strong></span> 
     </span>
    </p>
   </div>
   <div class='ocr_carea' id='block_1_10' title="bbox 379 1140 1969 1212">
    <p class='ocr_par' dir='ltr' id='par_1_10' title="bbox 379 1140 1969 1212">
     <span class='ocr_line' id='line_1_10' title="bbox 379 1140 1969 1212; baseline 0.001 -16"><span class='ocrx_word' id='word_1_83' title='bbox 379 1141 402 1178; x_wconf 70' lang='grc' dir='ltr'><strong><em>ιι</em></strong></span> <span class='ocrx_word' id='word_1_84' title='bbox 437 1145 500 1196; x_wconf 85' lang='lat' dir='ltr'><strong>ad</strong></span> <span class='ocrx_word' id='word_1_85' title='bbox 525 1157 768 1198; x_wconf 90' lang='lat' dir='ltr'><strong>eremum</strong></span> <span class='ocrx_word' id='word_1_86' title='bbox 793 1141 1435 1212; x_wconf 88' lang='lat' dir='ltr'><strong>perveneritspiritalem,</strong></span> <span class='ocrx_word' id='word_1_87' title='bbox 1467 1140 1535 1196; x_wconf 92' lang='lat' dir='ltr'><strong>de</strong></span> <span class='ocrx_word' id='word_1_88' title='bbox 1555 1141 1969 1211; x_wconf 85' lang='lat' dir='ltr'><strong>impugnatione</strong></span> 
     </span>
    </p>
   </div>
   <div class='ocr_carea' id='block_1_11' title="bbox 379 1233 1974 1304">
    <p class='ocr_par' dir='ltr' id='par_1_11' title="bbox 379 1233 1974 1304">
     <span class='ocr_line' id='line_1_11' title="bbox 379 1233 1974 1304; baseline 0.001 -17"><span class='ocrx_word' id='word_1_89' title='bbox 379 1235 538 1288; x_wconf 88' lang='lat' dir='ltr'><strong>trium</strong></span> <span class='ocrx_word' id='word_1_90' title='bbox 569 1233 810 1304; x_wconf 91' lang='lat' dir='ltr'><strong>gentium</strong></span> <span class='ocrx_word' id='word_1_91' title='bbox 840 1233 1120 1299; x_wconf 90' lang='lat' dir='ltr'><strong>liberatus,</strong></span> <span class='ocrx_word' id='word_1_92' title='bbox 1149 1242 1338 1288; x_wconf 91' lang='lat' dir='ltr'><strong>contra</strong></span> <span class='ocrx_word' id='word_1_93' title='bbox 1365 1242 1573 1303; x_wconf 85' lang='lat' dir='ltr'><strong>septem</strong></span> <span class='ocrx_word' id='word_1_94' title='bbox 1600 1239 1974 1304; x_wconf 70' lang='lat' dir='ltr'><strong>tantum,quat</strong></span> 
     </span>
    </p>
   </div>
   <div class='ocr_carea' id='block_1_12' title="bbox 380 1325 1656 1398">
    <p class='ocr_par' dir='ltr' id='par_1_12' title="bbox 380 1325 1656 1398">
     <span class='ocr_line' id='line_1_12' title="bbox 380 1325 1656 1398; baseline 0.002 -20"><span class='ocrx_word' id='word_1_95' title='bbox 380 1344 476 1398; x_wconf 80' lang='lat' dir='ltr'><strong>per</strong></span> <span class='ocrx_word' id='word_1_96' title='bbox 502 1327 720 1398; x_wconf 74' lang='lat' dir='ltr'><strong>Moysen</strong></span> <span class='ocrx_word' id='word_1_97' title='bbox 745 1325 1180 1394; x_wconf 82' lang='lat' dir='ltr'><strong>dinumerantur,</strong></span> <span class='ocrx_word' id='word_1_98' title='bbox 1209 1325 1354 1382; x_wconf 89' lang='lat' dir='ltr'><strong>bella</strong></span> <span class='ocrx_word' id='word_1_99' title='bbox 1374 1326 1656 1398; x_wconf 87' lang='lat' dir='ltr'><strong>suscipiet.</strong></span> 
     </span>
    </p>
   </div>
   <div class='ocr_carea' id='block_1_13' title="bbox 944 1416 1408 1474">
    <p class='ocr_par' dir='ltr' id='par_1_13' title="bbox 944 1416 1408 1474">
     <span class='ocr_line' id='line_1_13' title="bbox 944 1416 1408 1474; baseline 0.002 -1"><span class='ocrx_word' id='word_1_100' title='bbox 944 1416 1174 1474; x_wconf 78' lang='lat' dir='ltr'><strong>CAPUT</strong></span> <span class='ocrx_word' id='word_1_101' title='bbox 1213 1416 1408 1474; x_wconf 80' lang='lat' dir='ltr'><strong>XXIII.</strong></span> 
     </span>
    </p>
   </div>
   <div class='ocr_carea' id='block_1_14' title="bbox 469 1509 1902 1583">
    <p class='ocr_par' dir='ltr' id='par_1_14' title="bbox 469 1509 1902 1583">
     <span class='ocr_line' id='line_1_14' title="bbox 469 1509 1902 1583; baseline 0 -18"><span class='ocrx_word' id='word_1_102' title='bbox 469 1510 737 1577; x_wconf 82' lang='lat' dir='ltr'><strong>Quomodo</strong></span> <span class='ocrx_word' id='word_1_103' title='bbox 766 1509 894 1565; x_wconf 89' lang='lat' dir='ltr'><strong>utile</strong></span> <span class='ocrx_word' id='word_1_104' title='bbox 913 1509 1060 1564; x_wconf 88' lang='lat' dir='ltr'><strong>nobis</strong></span> <span class='ocrx_word' id='word_1_105' title='bbox 1082 1509 1150 1564; x_wconf 88' lang='lat' dir='ltr'><strong>sit</strong></span> <span class='ocrx_word' id='word_1_106' title='bbox 1177 1510 1416 1564; x_wconf 89' lang='lat' dir='ltr'><strong>vitiorum</strong></span> <span class='ocrx_word' id='word_1_107' title='bbox 1434 1517 1595 1565; x_wconf 87' lang='lat' dir='ltr'><strong>terras</strong></span> <span class='ocrx_word' id='word_1_108' title='bbox 1619 1509 1902 1583; x_wconf 82' lang='lat' dir='ltr'><strong>possidere.</strong></span> 
     </span>
    </p>
   </div>
   <div class='ocr_carea' id='block_1_15' title="bbox 453 1600 1980 1674">
    <p class='ocr_par' dir='ltr' id='par_1_15' title="bbox 453 1600 1980 1674">
     <span class='ocr_line' id='line_1_15' title="bbox 453 1600 1980 1674; baseline -0.001 -14"><span class='ocrx_word' id='word_1_109' title='bbox 453 1603 608 1673; x_wconf 86' lang='lat' dir='ltr'><strong>Quod</strong></span> <span class='ocrx_word' id='word_1_110' title='bbox 632 1617 763 1660; x_wconf 91' lang='lat' dir='ltr'><strong>vero</strong></span> <span class='ocrx_word' id='word_1_111' title='bbox 792 1602 1019 1658; x_wconf 88' lang='lat' dir='ltr'><strong>istarum</strong></span> <span class='ocrx_word' id='word_1_112' title='bbox 1051 1600 1481 1672; x_wconf 86' lang='lat' dir='ltr'><strong>perniciosarum</strong></span> <span class='ocrx_word' id='word_1_113' title='bbox 1524 1602 1765 1673; x_wconf 87' lang='lat' dir='ltr'><strong>gentium</strong></span> <span class='ocrx_word' id='word_1_114' title='bbox 1801 1602 1980 1674; x_wconf 87' lang='lat' dir='ltr'><strong>regio-</strong></span> 
     </span>
    </p>
   </div>
   <div class='ocr_carea' id='block_1_16' title="bbox 384 1693 1976 1768">
    <p class='ocr_par' dir='ltr' id='par_1_16' title="bbox 384 1693 1976 1768">
     <span class='ocr_line' id='line_1_16' title="bbox 384 1693 1976 1768; baseline -0.003 -14"><span class='ocrx_word' id='word_1_115' title='bbox 384 1715 482 1754; x_wconf 88' lang='lat' dir='ltr'><strong>nes</strong></span> <span class='ocrx_word' id='word_1_116' title='bbox 510 1696 803 1754; x_wconf 84' lang='lat' dir='ltr'><strong>salubriter</strong></span> <span class='ocrx_word' id='word_1_117' title='bbox 822 1695 1104 1768; x_wconf 91' lang='lat' dir='ltr'><strong>possidere</strong></span> <span class='ocrx_word' id='word_1_118' title='bbox 1127 1693 1495 1765; x_wconf 65' lang='lat' dir='ltr'><strong>praecipimur,</strong></span> <span class='ocrx_word' id='word_1_119' title='bbox 1521 1696 1592 1750; x_wconf 91' lang='lat' dir='ltr'><strong>ita</strong></span> <span class='ocrx_word' id='word_1_120' title='bbox 1623 1694 1976 1768; x_wconf 74' lang='lat' dir='ltr'><strong>intelligitur:</strong></span> 
     </span>
    </p>
   </div>
   <div class='ocr_carea' id='block_1_17' title="bbox 2064 669 3041 748">
    <p class='ocr_par' dir='ltr' id='par_1_17' title="bbox 2064 669 3041 748">
     <span class='ocr_line' id='line_1_17' title="bbox 2064 669 3041 748; baseline -0.009 -16"><span class='ocrx_word' id='word_1_121' title='bbox 2064 675 2211 748; x_wconf 88' lang='lat' dir='ltr'><strong>prias</strong></span> <span class='ocrx_word' id='word_1_122' title='bbox 2233 685 2587 744; x_wconf 86' lang='lat' dir='ltr'><strong>recuperasse</strong></span> <span class='ocrx_word' id='word_1_123' title='bbox 2607 669 2867 728; x_wconf 89' lang='lat' dir='ltr'><strong>credendi</strong></span> <span class='ocrx_word' id='word_1_124' title='bbox 2892 675 3041 726; x_wconf 86' lang='lat' dir='ltr'><strong>sunt.</strong></span> 
     </span>
    </p>
   </div>
   <div class='ocr_carea' id='block_1_18' title="bbox 2641 780 3106 843">
    <p class='ocr_par' dir='ltr' id='par_1_18' title="bbox 2641 780 3106 843">
     <span class='ocr_line' id='line_1_18' title="bbox 2641 780 3106 843; baseline -0.009 -3"><span class='ocrx_word' id='word_1_125' title='bbox 2641 783 2872 843; x_wconf 74' lang='lat' dir='ltr'><strong>CAPUT</strong></span> <span class='ocrx_word' id='word_1_126' title='bbox 2911 780 3106 838; x_wconf 80' lang='lat' dir='ltr'><strong>XXIV.</strong></span> 
     </span>
    </p>
   </div>
   <div class='ocr_carea' id='block_1_19' title="bbox 2067 871 3676 952">
    <p class='ocr_par' dir='ltr' id='par_1_19' title="bbox 2067 871 3676 952">
     <span class='ocr_line' id='line_1_19' title="bbox 2067 871 3676 952; baseline -0.009 -13"><span class='ocrx_word' id='word_1_127' title='bbox 2067 884 2220 952; x_wconf 89' lang='lat' dir='ltr'><strong>Quod</strong></span> <span class='ocrx_word' id='word_1_128' title='bbox 2232 891 2382 938; x_wconf 73' lang='lat' dir='ltr'><strong>terra:</strong></span> <span class='ocrx_word' id='word_1_129' title='bbox 2401 881 2464 936; x_wconf 86' lang='lat' dir='ltr'><strong>de</strong></span> <span class='ocrx_word' id='word_1_130' title='bbox 2475 879 2667 952; x_wconf 72' lang='lat' dir='ltr'><strong>quibus</strong></span> <span class='ocrx_word' id='word_1_131' title='bbox 2679 877 2883 952; x_wconf 69' lang='lat' dir='ltr'><strong>expulsi</strong></span> <span class='ocrx_word' id='word_1_132' title='bbox 2898 886 3019 952; x_wconf 79' lang='lat' dir='ltr'><strong>sunt</strong></span> <span class='ocrx_word' id='word_1_133' title='bbox 3034 875 3217 952; x_wconf 82' lang='lat' dir='ltr'><strong>papuli</strong></span> <span class='ocrx_word' id='word_1_134' title='bbox 3229 871 3676 938; x_wconf 75' lang='lat' dir='ltr'><strong>Chananaorum,</strong></span> 
     </span>
    </p>
   </div>
   <div class='ocr_carea' id='block_1_20' title="bbox 2422 948 3306 1018">
    <p class='ocr_par' dir='ltr' id='par_1_20' title="bbox 2422 948 3306 1018">
     <span class='ocr_line' id='line_1_20' title="bbox 2422 948 3306 1018; baseline -0.008 -12"><span class='ocrx_word' id='word_1_135' title='bbox 2422 948 2608 1007; x_wconf 84' lang='lat' dir='ltr'><strong>semini</strong></span> <span class='ocrx_word' id='word_1_136' title='bbox 2634 950 2759 1007; x_wconf 88' lang='lat' dir='ltr'><strong>Sem</strong></span> <span class='ocrx_word' id='word_1_137' title='bbox 2788 948 2982 1018; x_wconf 81' lang='lat' dir='ltr'><strong>fuerint</strong></span> <span class='ocrx_word' id='word_1_138' title='bbox 3021 948 3306 1016; x_wconf 67' lang='lat' dir='ltr'><strong>deputata.</strong></span> 
     </span>
    </p>
   </div>
   <div class='ocr_carea' id='block_1_21' title="bbox 2141 1033 3675 1117">
    <p class='ocr_par' dir='ltr' id='par_1_21' title="bbox 2141 1033 3675 1117">
     <span class='ocr_line' id='line_1_21' title="bbox 2141 1033 3675 1117; baseline -0.01 -15"><span class='ocrx_word' id='word_1_139' title='bbox 2141 1046 2354 1102; x_wconf 86' lang='lat' dir='ltr'><strong>Etenim</strong></span> <span class='ocrx_word' id='word_1_140' title='bbox 2379 1052 2638 1117; x_wconf 88' lang='lat' dir='ltr'><strong>quantum</strong></span> <span class='ocrx_word' id='word_1_141' title='bbox 2660 1042 2823 1096; x_wconf 81' lang='lat' dir='ltr'><strong>docet</strong></span> <span class='ocrx_word' id='word_1_142' title='bbox 2842 1035 3039 1095; x_wconf 67' lang='lat' dir='ltr'><strong>vetusd</strong></span> <span class='ocrx_word' id='word_1_143' title='bbox 3064 1037 3303 1106; x_wconf 86' lang='lat' dir='ltr'><strong>traditio,</strong></span> <span class='ocrx_word' id='word_1_144' title='bbox 3331 1034 3427 1090; x_wconf 89' lang='lat' dir='ltr'><strong>has</strong></span> <span class='ocrx_word' id='word_1_145' title='bbox 3447 1033 3675 1090; x_wconf 89' lang='lat' dir='ltr'><strong>easdem</strong></span> 
     </span>
    </p>
   </div>
   <div class='ocr_carea' id='block_1_22' title="bbox 2070 1127 3676 1204">
    <p class='ocr_par' dir='ltr' id='par_1_22' title="bbox 2070 1127 3676 1204">
     <span class='ocr_line' id='line_1_22' title="bbox 2070 1127 3676 1204; baseline -0.009 -8"><span class='ocrx_word' id='word_1_146' title='bbox 2070 1147 2248 1196; x_wconf 90' lang='lat' dir='ltr'><strong>terras</strong></span> <span class='ocrx_word' id='word_1_147' title='bbox 2259 1136 2709 1202; x_wconf 62' lang='lat' dir='ltr'><strong>Chananaorum,</strong></span> <span class='ocrx_word' id='word_1_148' title='bbox 2728 1135 2780 1189; x_wconf 93' lang='lat' dir='ltr'><strong>in</strong></span> <span class='ocrx_word' id='word_1_149' title='bbox 2796 1146 2931 1204; x_wconf 86' lang='lat' dir='ltr'><strong>quas</strong></span> <span class='ocrx_word' id='word_1_150' title='bbox 2946 1127 3466 1188; x_wconf 83' lang='lat' dir='ltr'><strong>introducunturﬂlii</strong></span> <span class='ocrx_word' id='word_1_151' title='bbox 3481 1127 3676 1194; x_wconf 87' lang='lat' dir='ltr'><strong>Israel,</strong></span> 
     </span>
    </p>
   </div>
   <div class='ocr_carea' id='block_1_23' title="bbox 2073 1220 3678 1301">
    <p class='ocr_par' dir='ltr' id='par_1_23' title="bbox 2073 1220 3678 1301">
     <span class='ocr_line' id='line_1_23' title="bbox 2073 1220 3678 1301; baseline -0.011 -9"><span class='ocrx_word' id='word_1_152' title='bbox 2073 1235 2168 1292; x_wconf 82' lang='lat' dir='ltr'><strong>lilii</strong></span> <span class='ocrx_word' id='word_1_153' title='bbox 2191 1237 2318 1292; x_wconf 87' lang='lat' dir='ltr'><strong>Seni</strong></span> <span class='ocrx_word' id='word_1_154' title='bbox 2343 1234 2559 1290; x_wconf 77' lang='lat' dir='ltr'><strong>fuerant</strong></span> <span class='ocrx_word' id='word_1_155' title='bbox 2584 1229 2860 1301; x_wconf 90' lang='lat' dir='ltr'><strong>quondam</strong></span> <span class='ocrx_word' id='word_1_156' title='bbox 2893 1228 2949 1283; x_wconf 94' lang='lat' dir='ltr'><strong>in</strong></span> <span class='ocrx_word' id='word_1_157' title='bbox 2988 1225 3140 1283; x_wconf 88' lang='lat' dir='ltr'><strong>orbis</strong></span> <span class='ocrx_word' id='word_1_158' title='bbox 3165 1223 3436 1280; x_wconf 87' lang='lat' dir='ltr'><strong>divisione</strong></span> <span class='ocrx_word' id='word_1_159' title='bbox 3465 1220 3678 1287; x_wconf 80' lang='lat' dir='ltr'><strong>sortiti,</strong></span> 
     </span>
    </p>
   </div>
   <div class='ocr_carea' id='block_1_24' title="bbox 2073 1313 3738 1401">
    <p class='ocr_par' dir='ltr' id='par_1_24' title="bbox 2073 1313 3738 1401">
     <span class='ocr_line' id='line_1_24' title="bbox 2073 1313 3738 1401; baseline -0.011 -16"><span class='ocrx_word' id='word_1_160' title='bbox 2073 1342 2210 1401; x_wconf 86' lang='lat' dir='ltr'><strong>quas</strong></span> <span class='ocrx_word' id='word_1_161' title='bbox 2233 1326 2495 1397; x_wconf 81' lang='lat' dir='ltr'><strong>deinceps</strong></span> <span class='ocrx_word' id='word_1_162' title='bbox 2541 1339 2635 1394; x_wconf 91' lang='lat' dir='ltr'><strong>per</strong></span> <span class='ocrx_word' id='word_1_163' title='bbox 2661 1323 2773 1378; x_wconf 89' lang='lat' dir='ltr'><strong>vim</strong></span> <span class='ocrx_word' id='word_1_164' title='bbox 2822 1331 2986 1391; x_wconf 90' lang='lat' dir='ltr'><strong>atque</strong></span> <span class='ocrx_word' id='word_1_165' title='bbox 3025 1317 3324 1388; x_wconf 86' lang='lat' dir='ltr'><strong>potentiam</strong></span> <span class='ocrx_word' id='word_1_166' title='bbox 3377 1313 3682 1385; x_wconf 80' lang='lat' dir='ltr'><strong>posteritas</strong></span> <span class='ocrx_word' id='word_1_167' title='bbox 3729 1328 3738 1335; x_wconf 91' lang='grc'>·</span> 
     </span>
    </p>
   </div>
   <div class='ocr_carea' id='block_1_25' title="bbox 2075 1403 3679 1491">
    <p class='ocr_par' dir='ltr' id='par_1_25' title="bbox 2075 1403 3679 1491">
     <span class='ocr_line' id='line_1_25' title="bbox 2075 1403 3679 1491; baseline -0.012 -12"><span class='ocrx_word' id='word_1_168' title='bbox 2075 1421 2248 1479; x_wconf 88' lang='lat' dir='ltr'><strong>Cham</strong></span> <span class='ocrx_word' id='word_1_169' title='bbox 2277 1419 2622 1491; x_wconf 89' lang='lat' dir='ltr'><strong>pervasionis</strong></span> <span class='ocrx_word' id='word_1_170' title='bbox 2652 1413 2939 1487; x_wconf 83' lang='lat' dir='ltr'><strong>iniquitate</strong></span> <span class='ocrx_word' id='word_1_171' title='bbox 2965 1411 3227 1482; x_wconf 89' lang='lat' dir='ltr'><strong>possedit.</strong></span> <span class='ocrx_word' id='word_1_172' title='bbox 3260 1409 3319 1466; x_wconf 88' lang='lat' dir='ltr'><strong>In</strong></span> <span class='ocrx_word' id='word_1_173' title='bbox 3349 1421 3458 1479; x_wconf 91' lang='lat' dir='ltr'><strong>quo</strong></span> <span class='ocrx_word' id='word_1_174' title='bbox 3491 1414 3548 1461; x_wconf 92' lang='lat' dir='ltr'><strong>et</strong></span> <span class='ocrx_word' id='word_1_175' title='bbox 3570 1403 3679 1460; x_wconf 90' lang='lat' dir='ltr'><strong>Dei</strong></span> 
     </span>
    </p>
   </div>
   <div class='ocr_carea' id='block_1_26' title="bbox 2072 1495 3682 1584">
    <p class='ocr_par' dir='ltr' id='par_1_26' title="bbox 2072 1495 3682 1584">
     <span class='ocr_line' id='line_1_26' title="bbox 2072 1495 3682 1584; baseline -0.012 -13"><span class='ocrx_word' id='word_1_176' title='bbox 2072 1513 2336 1584; x_wconf 89' lang='lat' dir='ltr'><strong>judicium</strong></span> <span class='ocrx_word' id='word_1_177' title='bbox 2387 1509 2753 1567; x_wconf 88' lang='lat' dir='ltr'><strong>rectissimum</strong></span> <span class='ocrx_word' id='word_1_178' title='bbox 2803 1502 3212 1572; x_wconf 82' lang='lat' dir='ltr'><strong>comprobatur,</strong></span> <span class='ocrx_word' id='word_1_179' title='bbox 3245 1498 3340 1571; x_wconf 93' lang='lat' dir='ltr'><strong>qui</strong></span> <span class='ocrx_word' id='word_1_180' title='bbox 3370 1507 3426 1555; x_wconf 94' lang='lat' dir='ltr'><strong>et</strong></span> <span class='ocrx_word' id='word_1_181' title='bbox 3453 1497 3577 1553; x_wconf 92' lang='lat' dir='ltr'><strong>illos</strong></span> <span class='ocrx_word' id='word_1_182' title='bbox 3605 1495 3682 1552; x_wconf 87' lang='lat' dir='ltr'><strong>de</strong></span> 
     </span>
    </p>
   </div>
   <div class='ocr_carea' id='block_1_27' title="bbox 2079 1591 3683 1672">
    <p class='ocr_par' dir='ltr' id='par_1_27' title="bbox 2079 1591 3683 1672">
     <span class='ocr_line' id='line_1_27' title="bbox 2079 1591 3683 1672; baseline -0.011 -11"><span class='ocrx_word' id='word_1_183' title='bbox 2079 1605 2218 1662; x_wconf 87' lang='lat' dir='ltr'><strong>locis</strong></span> <span class='ocrx_word' id='word_1_184' title='bbox 2262 1603 2481 1671; x_wconf 91' lang='lat' dir='ltr'><strong>alienis,</strong></span> <span class='ocrx_word' id='word_1_185' title='bbox 2538 1615 2660 1672; x_wconf 65' lang='lat' dir='ltr'><strong>qua:</strong></span> <span class='ocrx_word' id='word_1_186' title='bbox 2689 1598 2832 1655; x_wconf 90' lang='lat' dir='ltr'><strong>male</strong></span> <span class='ocrx_word' id='word_1_187' title='bbox 2875 1602 3298 1666; x_wconf 89' lang='lat' dir='ltr'><strong>occupaverant,</strong></span> <span class='ocrx_word' id='word_1_188' title='bbox 3344 1591 3575 1663; x_wconf 91' lang='lat' dir='ltr'><strong>expulit,</strong></span> <span class='ocrx_word' id='word_1_189' title='bbox 3621 1597 3683 1645; x_wconf 84' lang='lat' dir='ltr'><strong>et</strong></span> 
     </span>
    </p>
   </div>
   <div class='ocr_carea' id='block_1_28' title="bbox 2082 1682 3684 1768">
    <p class='ocr_par' dir='ltr' id='par_1_28' title="bbox 2082 1682 3684 1768">
     <span class='ocr_line' id='line_1_28' title="bbox 2082 1682 3684 1768; baseline -0.011 -14"><span class='ocrx_word' id='word_1_190' title='bbox 2082 1699 2206 1755; x_wconf 87' lang='lat' dir='ltr'><strong>istis</strong></span> <span class='ocrx_word' id='word_1_191' title='bbox 2232 1697 2508 1768; x_wconf 88' lang='lat' dir='ltr'><strong>antiquam</strong></span> <span class='ocrx_word' id='word_1_192' title='bbox 2536 1705 2754 1766; x_wconf 85' lang='lat' dir='ltr'><strong>patrum</strong></span> <span class='ocrx_word' id='word_1_193' title='bbox 2787 1690 3211 1761; x_wconf 91' lang='lat' dir='ltr'><strong>possessionem,</strong></span> <span class='ocrx_word' id='word_1_194' title='bbox 3249 1700 3371 1758; x_wconf 77' lang='lat' dir='ltr'><strong>qua:</strong></span> <span class='ocrx_word' id='word_1_195' title='bbox 3406 1682 3684 1754; x_wconf 67' lang='lat' dir='ltr'><strong>prosapia</strong></span> 
     </span>
    </p>
   </div>
   <div class='ocr_carea' id='block_1_29' title="bbox 384 1774 3682 1859">
    <p class='ocr_par' dir='ltr' id='par_1_29' title="bbox 384 1774 3682 1859">
     <span class='ocr_line' id='line_1_29' title="bbox 384 1774 3682 1859; baseline -0.005 -14"><span class='ocrx_word' id='word_1_196' title='bbox 384 1789 559 1846; x_wconf 82' lang='lat' dir='ltr'><strong>Habet</strong></span> <span class='ocrx_word' id='word_1_197' title='bbox 611 1788 1034 1859; x_wconf 88' lang='lat' dir='ltr'><strong>unumquodque</strong></span> <span class='ocrx_word' id='word_1_198' title='bbox 1063 1786 1252 1842; x_wconf 89' lang='lat' dir='ltr'><strong>vitium</strong></span> <span class='ocrx_word' id='word_1_199' title='bbox 1283 1787 1336 1842; x_wconf 93' lang='lat' dir='ltr'><strong>in</strong></span> <span class='ocrx_word' id='word_1_200' title='bbox 1385 1787 1554 1843; x_wconf 90' lang='lat' dir='ltr'><strong>corde</strong></span> <span class='ocrx_word' id='word_1_201' title='bbox 1607 1797 1798 1845; x_wconf 94' lang='lat' dir='ltr'><strong>nostro</strong></span> <span class='ocrx_word' id='word_1_202' title='bbox 1843 1803 1975 1859; x_wconf 83' lang='lat' dir='ltr'><strong>pro-</strong></span> <span class='ocrx_word' id='word_1_203' title='bbox 2003 1795 2056 1857; x_wconf 86' lang='lat' dir='ltr'><strong>B</strong></span> <span class='ocrx_word' id='word_1_204' title='bbox 2080 1807 2268 1850; x_wconf 91' lang='lat' dir='ltr'><strong>eorum</strong></span> <span class='ocrx_word' id='word_1_205' title='bbox 2297 1791 2351 1846; x_wconf 93' lang='lat' dir='ltr'><strong>in</strong></span> <span class='ocrx_word' id='word_1_206' title='bbox 2382 1789 2650 1846; x_wconf 89' lang='lat' dir='ltr'><strong>divisione</strong></span> <span class='ocrx_word' id='word_1_207' title='bbox 2685 1785 2840 1843; x_wconf 87' lang='lat' dir='ltr'><strong>orbis</strong></span> <span class='ocrx_word' id='word_1_208' title='bbox 2887 1783 3064 1838; x_wconf 81' lang='lat' dir='ltr'><strong>fuerat</strong></span> <span class='ocrx_word' id='word_1_209' title='bbox 3109 1782 3386 1850; x_wconf 88' lang='lat' dir='ltr'><strong>deputata,</strong></span> <span class='ocrx_word' id='word_1_210' title='bbox 3416 1774 3682 1833; x_wconf 89' lang='lat' dir='ltr'><strong>restituit.</strong></span> 
     </span>
    </p>
   </div>
   <div class='ocr_carea' id='block_1_30' title="bbox 385 1881 1984 1955">
    <p class='ocr_par' dir='ltr' id='par_1_30' title="bbox 385 1881 1984 1955">
     <span class='ocr_line' id='line_1_30' title="bbox 385 1881 1984 1955; baseline -0.001 -16"><span class='ocrx_word' id='word_1_211' title='bbox 385 1885 560 1955; x_wconf 88' lang='lat' dir='ltr'><strong>priam</strong></span> <span class='ocrx_word' id='word_1_212' title='bbox 597 1884 892 1940; x_wconf 90' lang='lat' dir='ltr'><strong>stationem</strong></span> <span class='ocrx_word' id='word_1_213' title='bbox 920 1925 935 1950; x_wconf 97' lang='lat'><strong>,</strong></span> <span class='ocrx_word' id='word_1_214' title='bbox 985 1897 1148 1952; x_wconf 88' lang='lat' dir='ltr'><strong>quam</strong></span> <span class='ocrx_word' id='word_1_215' title='bbox 1189 1881 1297 1936; x_wconf 87' lang='lat' dir='ltr'><strong>sibi</strong></span> <span class='ocrx_word' id='word_1_216' title='bbox 1345 1881 1631 1938; x_wconf 90' lang='lat' dir='ltr'><strong>vindicans</strong></span> <span class='ocrx_word' id='word_1_217' title='bbox 1677 1882 1733 1938; x_wconf 94' lang='lat' dir='ltr'><strong>in</strong></span> <span class='ocrx_word' id='word_1_218' title='bbox 1785 1883 1984 1938; x_wconf 76' lang='lat' dir='ltr'><strong>animai</strong></span> 
     </span>
    </p>
   </div>
   <div class='ocr_carea' id='block_1_31' title="bbox 387 1972 1986 2041">
    <p class='ocr_par' dir='ltr' id='par_1_31' title="bbox 387 1972 1986 2041">
     <span class='ocr_line' id='line_1_31' title="bbox 387 1972 1986 2041; baseline -0.001 -10"><span class='ocrx_word' id='word_1_219' title='bbox 387 1984 588 2032; x_wconf 73' lang='lat' dir='ltr'><strong>nostrai</strong></span> <span class='ocrx_word' id='word_1_220' title='bbox 621 1990 841 2030; x_wconf 88' lang='lat' dir='ltr'><strong>recessu</strong></span> <span class='ocrx_word' id='word_1_221' title='bbox 871 1973 1202 2030; x_wconf 89' lang='lat' dir='ltr'><strong>exterminat</strong></span> <span class='ocrx_word' id='word_1_222' title='bbox 1231 1972 1507 2039; x_wconf 91' lang='lat' dir='ltr'><strong>lsraelem,</strong></span> <span class='ocrx_word' id='word_1_223' title='bbox 1537 1973 1590 2029; x_wconf 90' lang='lat' dir='ltr'><strong>id</strong></span> <span class='ocrx_word' id='word_1_224' title='bbox 1614 1984 1718 2041; x_wconf 89' lang='lat' dir='ltr'><strong>est,</strong></span> <span class='ocrx_word' id='word_1_225' title='bbox 1741 1985 1986 2031; x_wconf 89' lang='lat' dir='ltr'><strong>contem-</strong></span> 
     </span>
    </p>
   </div>
   <div class='ocr_carea' id='block_1_32' title="bbox 390 2067 1987 2138">
    <p class='ocr_par' dir='ltr' id='par_1_32' title="bbox 390 2067 1987 2138">
     <span class='ocr_line' id='line_1_32' title="bbox 390 2067 1987 2138; baseline 0.001 -15"><span class='ocrx_word' id='word_1_226' title='bbox 390 2069 686 2138; x_wconf 88' lang='lat' dir='ltr'><strong>plationem</strong></span> <span class='ocrx_word' id='word_1_227' title='bbox 717 2083 897 2124; x_wconf 91' lang='lat' dir='ltr'><strong>rerum</strong></span> <span class='ocrx_word' id='word_1_228' title='bbox 929 2081 1266 2122; x_wconf 89' lang='lat' dir='ltr'><strong>summarum</strong></span> <span class='ocrx_word' id='word_1_229' title='bbox 1305 2078 1470 2138; x_wconf 90' lang='lat' dir='ltr'><strong>atque</strong></span> <span class='ocrx_word' id='word_1_230' title='bbox 1517 2077 1847 2134; x_wconf 89' lang='lat' dir='ltr'><strong>sanctarum,</strong></span> <span class='ocrx_word' id='word_1_231' title='bbox 1876 2067 1987 2125; x_wconf 82' lang='lat' dir='ltr'><strong>eis-</strong></span> 
     </span>
    </p>
   </div>
   <div class='ocr_carea' id='block_1_33' title="bbox 388 2158 1987 2232">
    <p class='ocr_par' dir='ltr' id='par_1_33' title="bbox 388 2158 1987 2232">
     <span class='ocr_line' id='line_1_33' title="bbox 388 2158 1987 2232; baseline 0.001 -16"><span class='ocrx_word' id='word_1_232' title='bbox 388 2178 496 2232; x_wconf 92' lang='lat' dir='ltr'><strong>que</strong></span> <span class='ocrx_word' id='word_1_233' title='bbox 524 2176 741 2232; x_wconf 87' lang='lat' dir='ltr'><strong>semper</strong></span> <span class='ocrx_word' id='word_1_234' title='bbox 769 2161 1048 2218; x_wconf 88' lang='lat' dir='ltr'><strong>adversari</strong></span> <span class='ocrx_word' id='word_1_235' title='bbox 1078 2177 1186 2216; x_wconf 94' lang='lat' dir='ltr'><strong>non</strong></span> <span class='ocrx_word' id='word_1_236' title='bbox 1208 2159 1430 2217; x_wconf 91' lang='lat' dir='ltr'><strong>desinit.</strong></span> <span class='ocrx_word' id='word_1_237' title='bbox 1451 2158 1569 2216; x_wconf 84' lang='lat' dir='ltr'><strong>Non</strong></span> <span class='ocrx_word' id='word_1_238' title='bbox 1592 2161 1738 2217; x_wconf 90' lang='lat' dir='ltr'><strong>enim</strong></span> <span class='ocrx_word' id='word_1_239' title='bbox 1759 2169 1987 2230; x_wconf 90' lang='lat' dir='ltr'><strong>possunt</strong></span> 
     </span>
    </p>
   </div>
   <div class='ocr_carea' id='block_1_34' title="bbox 391 2254 1990 2325">
    <p class='ocr_par' dir='ltr' id='par_1_34' title="bbox 391 2254 1990 2325">
     <span class='ocr_line' id='line_1_34' title="bbox 391 2254 1990 2325; baseline 0 -15"><span class='ocrx_word' id='word_1_240' title='bbox 391 2257 620 2311; x_wconf 86' lang='lat' dir='ltr'><strong>virtutes</strong></span> <span class='ocrx_word' id='word_1_241' title='bbox 633 2271 754 2312; x_wconf 93' lang='lat' dir='ltr'><strong>cum</strong></span> <span class='ocrx_word' id='word_1_242' title='bbox 770 2255 913 2310; x_wconf 86' lang='lat' dir='ltr'><strong>vitiis</strong></span> <span class='ocrx_word' id='word_1_243' title='bbox 929 2256 1130 2325; x_wconf 88' lang='lat' dir='ltr'><strong>pariter</strong></span> <span class='ocrx_word' id='word_1_244' title='bbox 1146 2255 1506 2311; x_wconf 88' lang='lat' dir='ltr'><strong>commorari:</strong></span> <span class='ocrx_word' id='word_1_245' title='bbox 1534 2254 1665 2320; x_wconf 79' lang='lat' dir='ltr'><strong>Qute</strong></span> <span class='ocrx_word' id='word_1_246' title='bbox 1679 2256 1815 2310; x_wconf 87' lang='lat' dir='ltr'><strong>enim</strong></span> <span class='ocrx_word' id='word_1_247' title='bbox 1827 2255 1990 2325; x_wconf 85' lang='lat' dir='ltr'><strong>parti-</strong></span> 
     </span>
    </p>
   </div>
   <div class='ocr_carea' id='block_1_35' title="bbox 390 2345 1988 2418">
    <p class='ocr_par' dir='ltr' id='par_1_35' title="bbox 390 2345 1988 2418">
     <span class='ocr_line' id='line_1_35' title="bbox 390 2345 1988 2418; baseline -0.001 -18"><span class='ocrx_word' id='word_1_248' title='bbox 390 2348 582 2418; x_wconf 89' lang='lat' dir='ltr'><strong>cipatio</strong></span> <span class='ocrx_word' id='word_1_249' title='bbox 602 2347 824 2416; x_wconf 75' lang='lat' dir='ltr'><strong>justitia:</strong></span> <span class='ocrx_word' id='word_1_250' title='bbox 857 2361 973 2400; x_wconf 89' lang='lat' dir='ltr'><strong>cum</strong></span> <span class='ocrx_word' id='word_1_251' title='bbox 993 2345 1284 2416; x_wconf 77' lang='lat' dir='ltr'><strong>iniquitate,</strong></span> <span class='ocrx_word' id='word_1_252' title='bbox 1307 2353 1397 2400; x_wconf 88' lang='lat' dir='ltr'><strong>aut</strong></span> <span class='ocrx_word' id='word_1_253' title='bbox 1421 2361 1538 2417; x_wconf 78' lang='lat' dir='ltr'><strong>qua:</strong></span> <span class='ocrx_word' id='word_1_254' title='bbox 1556 2347 1775 2400; x_wconf 80' lang='lat' dir='ltr'><strong>societas</strong></span> <span class='ocrx_word' id='word_1_255' title='bbox 1797 2345 1904 2400; x_wconf 88' lang='lat' dir='ltr'><strong>luci</strong></span> <span class='ocrx_word' id='word_1_256' title='bbox 1917 2345 1988 2400; x_wconf 86' lang='lat' dir='ltr'><strong>ad</strong></span> 
     </span>
    </p>
   </div>
   <div class='ocr_carea' id='block_1_36' title="bbox 393 2437 1988 2511">
    <p class='ocr_par' dir='ltr' id='par_1_36' title="bbox 393 2437 1988 2511">
     <span class='ocr_line' id='line_1_36' title="bbox 393 2437 1988 2511; baseline 0.001 -19"><span class='ocrx_word' id='word_1_257' title='bbox 393 2439 628 2494; x_wconf 80' lang='lat' dir='ltr'><strong>tenebras</strong></span> <span class='ocrx_word' id='word_1_258' title='bbox 661 2438 728 2509; x_wconf 91' lang='lat' dir='ltr'><strong>(Il</strong></span> <span class='ocrx_word' id='word_1_259' title='bbox 747 2437 868 2494; x_wconf 89' lang='lat' dir='ltr'><strong>Cor.</strong></span> <span class='ocrx_word' id='word_1_260' title='bbox 898 2439 1017 2511; x_wconf 87' lang='lat' dir='ltr'><strong>vi)?</strong></span> <span class='ocrx_word' id='word_1_261' title='bbox 1037 2439 1146 2495; x_wconf 91' lang='lat' dir='ltr'><strong>Sed</strong></span> <span class='ocrx_word' id='word_1_262' title='bbox 1174 2454 1297 2494; x_wconf 92' lang='lat' dir='ltr'><strong>cum</strong></span> <span class='ocrx_word' id='word_1_263' title='bbox 1323 2439 1395 2496; x_wconf 90' lang='lat' dir='ltr'><strong>ab</strong></span> <span class='ocrx_word' id='word_1_264' title='bbox 1422 2439 1637 2494; x_wconf 90' lang='lat' dir='ltr'><strong>lsraelis</strong></span> <span class='ocrx_word' id='word_1_265' title='bbox 1683 2439 1910 2510; x_wconf 92' lang='lat' dir='ltr'><strong>populo,</strong></span> <span class='ocrx_word' id='word_1_266' title='bbox 1933 2438 1988 2494; x_wconf 90' lang='lat' dir='ltr'><strong>id</strong></span> 
     </span>
    </p>
   </div>
   <div class='ocr_carea' id='block_1_37' title="bbox 397 2530 1996 2598">
    <p class='ocr_par' dir='ltr' id='par_1_37' title="bbox 397 2530 1996 2598">
     <span class='ocr_line' id='line_1_37' title="bbox 397 2530 1996 2598; baseline -0.001 -11"><span class='ocrx_word' id='word_1_267' title='bbox 397 2540 504 2598; x_wconf 88' lang='lat' dir='ltr'><strong>est,</strong></span> <span class='ocrx_word' id='word_1_268' title='bbox 520 2530 813 2586; x_wconf 85' lang='lat' dir='ltr'><strong>virtutibus</strong></span> <span class='ocrx_word' id='word_1_269' title='bbox 826 2541 1014 2587; x_wconf 89' lang='lat' dir='ltr'><strong>contra</strong></span> <span class='ocrx_word' id='word_1_270' title='bbox 1029 2546 1089 2587; x_wconf 90' lang='lat' dir='ltr'><strong>se</strong></span> <span class='ocrx_word' id='word_1_271' title='bbox 1112 2530 1498 2586; x_wconf 82' lang='lat' dir='ltr'><strong>dimicantibus</strong></span> <span class='ocrx_word' id='word_1_272' title='bbox 1525 2531 1734 2586; x_wconf 77' lang='lat' dir='ltr'><strong>fuerint</strong></span> <span class='ocrx_word' id='word_1_273' title='bbox 1750 2530 1884 2586; x_wconf 91' lang='lat' dir='ltr'><strong>vitia</strong></span> <span class='ocrx_word' id='word_1_274' title='bbox 1903 2544 1996 2585; x_wconf 86' lang='lat' dir='ltr'><strong>su-</strong></span> 
     </span>
    </p>
   </div>
   <div class='ocr_carea' id='block_1_38' title="bbox 400 2621 1992 2694">
    <p class='ocr_par' dir='ltr' id='par_1_38' title="bbox 400 2621 1992 2694">
     <span class='ocr_line' id='line_1_38' title="bbox 400 2621 1992 2694; baseline -0.001 -15"><span class='ocrx_word' id='word_1_275' title='bbox 400 2628 617 2694; x_wconf 77' lang='lat' dir='ltr'><strong>perata,</strong></span> <span class='ocrx_word' id='word_1_276' title='bbox 631 2623 808 2678; x_wconf 92' lang='lat' dir='ltr'><strong>locum</strong></span> <span class='ocrx_word' id='word_1_277' title='bbox 827 2639 989 2694; x_wconf 92' lang='lat' dir='ltr'><strong>quem</strong></span> <span class='ocrx_word' id='word_1_278' title='bbox 1005 2623 1108 2678; x_wconf 91' lang='lat' dir='ltr'><strong>sibi</strong></span> <span class='ocrx_word' id='word_1_279' title='bbox 1140 2623 1196 2678; x_wconf 93' lang='lat' dir='ltr'><strong>in</strong></span> <span class='ocrx_word' id='word_1_280' title='bbox 1207 2621 1374 2679; x_wconf 90' lang='lat' dir='ltr'><strong>corde</strong></span> <span class='ocrx_word' id='word_1_281' title='bbox 1390 2631 1578 2678; x_wconf 89' lang='lat' dir='ltr'><strong>nostro</strong></span> <span class='ocrx_word' id='word_1_282' title='bbox 1599 2622 1992 2692; x_wconf 89' lang='lat' dir='ltr'><strong>concupiscen-</strong></span> 
     </span>
    </p>
   </div>
   <div class='ocr_carea' id='block_1_39' title="bbox 401 2713 1993 2786">
    <p class='ocr_par' dir='ltr' id='par_1_39' title="bbox 401 2713 1993 2786">
     <span class='ocr_line' id='line_1_39' title="bbox 401 2713 1993 2786; baseline 0.001 -17"><span class='ocrx_word' id='word_1_283' title='bbox 401 2718 491 2770; x_wconf 79' lang='lat' dir='ltr'><strong>tiae</strong></span> <span class='ocrx_word' id='word_1_284' title='bbox 509 2715 594 2769; x_wconf 91' lang='lat' dir='ltr'><strong>vel</strong></span> <span class='ocrx_word' id='word_1_285' title='bbox 621 2715 995 2770; x_wconf 79' lang='lat' dir='ltr'><strong>fornicationis</strong></span> <span class='ocrx_word' id='word_1_286' title='bbox 1044 2715 1268 2784; x_wconf 89' lang='lat' dir='ltr'><strong>spiritus</strong></span> <span class='ocrx_word' id='word_1_287' title='bbox 1299 2713 1589 2782; x_wconf 91' lang='lat' dir='ltr'><strong>retinebat,</strong></span> <span class='ocrx_word' id='word_1_288' title='bbox 1614 2713 1877 2786; x_wconf 90' lang='lat' dir='ltr'><strong>deinceps</strong></span> <span class='ocrx_word' id='word_1_289' title='bbox 1901 2728 1993 2770; x_wconf 86' lang='lat' dir='ltr'><strong>ca-</strong></span> 
     </span>
    </p>
   </div>
   <div class='ocr_carea' id='block_1_40' title="bbox 405 2805 1992 2877">
    <p class='ocr_par' dir='ltr' id='par_1_40' title="bbox 405 2805 1992 2877">
     <span class='ocr_line' id='line_1_40' title="bbox 405 2805 1992 2877; baseline -0.001 -16"><span class='ocrx_word' id='word_1_290' title='bbox 405 2807 560 2861; x_wconf 89' lang='lat' dir='ltr'><strong>stitas</strong></span> <span class='ocrx_word' id='word_1_291' title='bbox 586 2805 880 2871; x_wconf 90' lang='lat' dir='ltr'><strong>obtinebit;</strong></span> <span class='ocrx_word' id='word_1_292' title='bbox 926 2820 1088 2877; x_wconf 90' lang='lat' dir='ltr'><strong>quem</strong></span> <span class='ocrx_word' id='word_1_293' title='bbox 1117 2807 1269 2862; x_wconf 90' lang='lat' dir='ltr'><strong>luror</strong></span> <span class='ocrx_word' id='word_1_294' title='bbox 1294 2816 1536 2877; x_wconf 86' lang='lat' dir='ltr'><strong>ceperat,</strong></span> <span class='ocrx_word' id='word_1_295' title='bbox 1579 2807 1836 2877; x_wconf 91' lang='lat' dir='ltr'><strong>patientia</strong></span> <span class='ocrx_word' id='word_1_296' title='bbox 1872 2806 1992 2861; x_wconf 86' lang='lat' dir='ltr'><strong>vin-</strong></span> 
     </span>
    </p>
   </div>
   <div class='ocr_carea' id='block_1_41' title="bbox 407 2896 1991 2968">
    <p class='ocr_par' dir='ltr' id='par_1_41' title="bbox 407 2896 1991 2968">
     <span class='ocr_line' id='line_1_41' title="bbox 407 2896 1991 2968; baseline 0 -16"><span class='ocrx_word' id='word_1_297' title='bbox 407 2896 642 2954; x_wconf 87' lang='lat' dir='ltr'><strong>dicabit:</strong></span> <span class='ocrx_word' id='word_1_298' title='bbox 665 2913 825 2967; x_wconf 92' lang='lat' dir='ltr'><strong>quem</strong></span> <span class='ocrx_word' id='word_1_299' title='bbox 856 2897 1069 2953; x_wconf 85' lang='lat' dir='ltr'><strong>tristitia</strong></span> <span class='ocrx_word' id='word_1_300' title='bbox 1097 2906 1329 2953; x_wconf 90' lang='lat' dir='ltr'><strong>mortem</strong></span> <span class='ocrx_word' id='word_1_301' title='bbox 1347 2912 1584 2968; x_wconf 90' lang='lat' dir='ltr'><strong>operans</strong></span> <span class='ocrx_word' id='word_1_302' title='bbox 1605 2907 1991 2968; x_wconf 89' lang='lat' dir='ltr'><strong>occupaverat,</strong></span> 
     </span>
    </p>
   </div>
   <div class='ocr_carea' id='block_1_42' title="bbox 2083 1865 3688 1953">
    <p class='ocr_par' dir='ltr' id='par_1_42' title="bbox 2083 1865 3688 1953">
     <span class='ocr_line' id='line_1_42' title="bbox 2083 1865 3688 1953; baseline -0.014 -12"><span class='ocrx_word' id='word_1_303' title='bbox 2083 1885 2219 1953; x_wconf 64' lang='lat' dir='ltr'><strong>Quae</strong></span> <span class='ocrx_word' id='word_1_304' title='bbox 2242 1882 2414 1953; x_wconf 81' lang='lat' dir='ltr'><strong>figura</strong></span> <span class='ocrx_word' id='word_1_305' title='bbox 2438 1881 2494 1936; x_wconf 93' lang='lat' dir='ltr'><strong>in</strong></span> <span class='ocrx_word' id='word_1_306' title='bbox 2517 1878 2677 1934; x_wconf 92' lang='lat' dir='ltr'><strong>nobis</strong></span> <span class='ocrx_word' id='word_1_307' title='bbox 2706 1889 2920 1947; x_wconf 87' lang='lat' dir='ltr'><strong>quoque</strong></span> <span class='ocrx_word' id='word_1_308' title='bbox 2948 1883 3096 1930; x_wconf 88' lang='lat' dir='ltr'><strong>stare</strong></span> <span class='ocrx_word' id='word_1_309' title='bbox 3125 1869 3430 1926; x_wconf 90' lang='lat' dir='ltr'><strong>certissima</strong></span> <span class='ocrx_word' id='word_1_310' title='bbox 3468 1865 3688 1921; x_wconf 83' lang='lat' dir='ltr'><strong>ratione</strong></span> 
     </span>
    </p>
   </div>
   <div class='ocr_carea' id='block_1_43' title="bbox 2084 1959 3686 2048">
    <p class='ocr_par' dir='ltr' id='par_1_43' title="bbox 2084 1959 3686 2048">
     <span class='ocr_line' id='line_1_43' title="bbox 2084 1959 3686 2048; baseline -0.014 -14"><span class='ocrx_word' id='word_1_311' title='bbox 2084 1977 2456 2048; x_wconf 76' lang='lat' dir='ltr'><strong>cognoscitur.</strong></span> <span class='ocrx_word' id='word_1_312' title='bbox 2527 1971 2662 2028; x_wconf 83' lang='lat' dir='ltr'><strong>Nam</strong></span> <span class='ocrx_word' id='word_1_313' title='bbox 2709 1970 2963 2024; x_wconf 89' lang='lat' dir='ltr'><strong>voluntas</strong></span> <span class='ocrx_word' id='word_1_314' title='bbox 3018 1963 3232 2020; x_wconf 89' lang='lat' dir='ltr'><strong>Domini</strong></span> <span class='ocrx_word' id='word_1_315' title='bbox 3279 1959 3686 2034; x_wconf 88' lang='lat' dir='ltr'><strong>possessionem</strong></span> 
     </span>
    </p>
   </div>
   <div class='ocr_carea' id='block_1_44' title="bbox 2084 2049 3690 2131">
    <p class='ocr_par' dir='ltr' id='par_1_44' title="bbox 2084 2049 3690 2131">
     <span class='ocr_line' id='line_1_44' title="bbox 2084 2049 3690 2131; baseline -0.013 -4"><span class='ocrx_word' id='word_1_316' title='bbox 2084 2069 2268 2127; x_wconf 88' lang='lat' dir='ltr'><strong>cordis</strong></span> <span class='ocrx_word' id='word_1_317' title='bbox 2290 2067 2488 2131; x_wconf 88' lang='lat' dir='ltr'><strong>nostri,</strong></span> <span class='ocrx_word' id='word_1_318' title='bbox 2521 2079 2632 2120; x_wconf 92' lang='lat' dir='ltr'><strong>non</strong></span> <span class='ocrx_word' id='word_1_319' title='bbox 2665 2061 2837 2129; x_wconf 88' lang='lat' dir='ltr'><strong>vitiis,</strong></span> <span class='ocrx_word' id='word_1_320' title='bbox 2869 2059 2965 2116; x_wconf 91' lang='lat' dir='ltr'><strong>sed</strong></span> <span class='ocrx_word' id='word_1_321' title='bbox 3000 2055 3320 2122; x_wconf 89' lang='lat' dir='ltr'><strong>virtutibus,</strong></span> <span class='ocrx_word' id='word_1_322' title='bbox 3363 2049 3690 2108; x_wconf 82' lang='lat' dir='ltr'><strong>naturaliter</strong></span> 
     </span>
    </p>
   </div>
   <div class='ocr_carea' id='block_1_45' title="bbox 2091 2142 3694 2234">
    <p class='ocr_par' dir='ltr' id='par_1_45' title="bbox 2091 2142 3694 2234">
     <span class='ocr_line' id='line_1_45' title="bbox 2091 2142 3694 2234; baseline -0.014 -16"><span class='ocrx_word' id='word_1_323' title='bbox 2091 2161 2390 2234; x_wconf 86' lang='lat' dir='ltr'><strong>deputavit.</strong></span> <span class='ocrx_word' id='word_1_324' title='bbox 2435 2156 2568 2227; x_wconf 82' lang='lat' dir='ltr'><strong>Quae</strong></span> <span class='ocrx_word' id='word_1_325' title='bbox 2613 2164 2738 2226; x_wconf 87' lang='lat' dir='ltr'><strong>post</strong></span> <span class='ocrx_word' id='word_1_326' title='bbox 2767 2149 3266 2224; x_wconf 61' lang='lat' dir='ltr'><strong>praevaricationem</strong></span> <span class='ocrx_word' id='word_1_327' title='bbox 3311 2145 3446 2202; x_wconf 68' lang='lat' dir='ltr'><strong>Adae</strong></span> <span class='ocrx_word' id='word_1_328' title='bbox 3491 2142 3694 2199; x_wconf 89' lang='lat' dir='ltr'><strong>insole-</strong></span> 
     </span>
    </p>
   </div>
   <div class='ocr_carea' id='block_1_46' title="bbox 2087 2237 3694 2314">
    <p class='ocr_par' dir='ltr' id='par_1_46' title="bbox 2087 2237 3694 2314">
     <span class='ocr_line' id='line_1_46' title="bbox 2087 2237 3694 2314; baseline -0.015 -4"><span class='ocrx_word' id='word_1_329' title='bbox 2087 2252 2366 2310; x_wconf 87' lang='lat' dir='ltr'><strong>scentibus</strong></span> <span class='ocrx_word' id='word_1_330' title='bbox 2392 2249 2560 2314; x_wconf 84' lang='lat' dir='ltr'><strong>vitiis,</strong></span> <span class='ocrx_word' id='word_1_331' title='bbox 2591 2247 2643 2303; x_wconf 92' lang='lat' dir='ltr'><strong>id</strong></span> <span class='ocrx_word' id='word_1_332' title='bbox 2668 2254 2774 2311; x_wconf 92' lang='lat' dir='ltr'><strong>est,</strong></span> <span class='ocrx_word' id='word_1_333' title='bbox 2810 2241 3031 2314; x_wconf 88' lang='lat' dir='ltr'><strong>populis</strong></span> <span class='ocrx_word' id='word_1_334' title='bbox 3077 2237 3427 2303; x_wconf 65' lang='lat' dir='ltr'><strong>Chananaiis,</strong></span> <span class='ocrx_word' id='word_1_335' title='bbox 3475 2250 3508 2290; x_wconf 90' lang='lat' dir='ltr'><strong>a</strong></span> <span class='ocrx_word' id='word_1_336' title='bbox 3557 2247 3694 2304; x_wconf 87' lang='lat' dir='ltr'><strong>pro-</strong></span> 
     </span>
    </p>
   </div>
   <div class='ocr_carea' id='block_1_47' title="bbox 2092 2328 3695 2418">
    <p class='ocr_par' dir='ltr' id='par_1_47' title="bbox 2092 2328 3695 2418">
     <span class='ocr_line' id='line_1_47' title="bbox 2092 2328 3695 2418; baseline -0.012 -15"><span class='ocrx_word' id='word_1_337' title='bbox 2092 2348 2206 2418; x_wconf 90' lang='lat' dir='ltr'><strong>pria</strong></span> <span class='ocrx_word' id='word_1_338' title='bbox 2235 2344 2457 2416; x_wconf 86' lang='lat' dir='ltr'><strong>regione</strong></span> <span class='ocrx_word' id='word_1_339' title='bbox 2479 2341 2745 2412; x_wconf 75' lang='lat' dir='ltr'><strong>depulsae,</strong></span> <span class='ocrx_word' id='word_1_340' title='bbox 2776 2352 2900 2396; x_wconf 93' lang='lat' dir='ltr'><strong>cum</strong></span> <span class='ocrx_word' id='word_1_341' title='bbox 2928 2336 2978 2392; x_wconf 91' lang='lat' dir='ltr'><strong>ei</strong></span> <span class='ocrx_word' id='word_1_342' title='bbox 3002 2347 3190 2390; x_wconf 86' lang='lat' dir='ltr'><strong>rursus</strong></span> <span class='ocrx_word' id='word_1_343' title='bbox 3221 2345 3322 2403; x_wconf 90' lang='lat' dir='ltr'><strong>per</strong></span> <span class='ocrx_word' id='word_1_344' title='bbox 3343 2330 3436 2386; x_wconf 89' lang='lat' dir='ltr'><strong>Dei</strong></span> <span class='ocrx_word' id='word_1_345' title='bbox 3459 2328 3695 2401; x_wconf 85' lang='lat' dir='ltr'><strong>gratiam</strong></span> 
     </span>
    </p>
   </div>
   <div class='ocr_carea' id='block_1_48' title="bbox 2089 2423 3697 2510">
    <p class='ocr_par' dir='ltr' id='par_1_48' title="bbox 2089 2423 3697 2510">
     <span class='ocr_line' id='line_1_48' title="bbox 2089 2423 3697 2510; baseline -0.014 -14"><span class='ocrx_word' id='word_1_346' title='bbox 2089 2437 2366 2510; x_wconf 90' lang='lat' dir='ltr'><strong>diligentia</strong></span> <span class='ocrx_word' id='word_1_347' title='bbox 2408 2443 2592 2490; x_wconf 90' lang='lat' dir='ltr'><strong>nostra</strong></span> <span class='ocrx_word' id='word_1_348' title='bbox 2643 2447 2708 2486; x_wconf 92' lang='lat' dir='ltr'><strong>ac</strong></span> <span class='ocrx_word' id='word_1_349' title='bbox 2743 2431 2932 2486; x_wconf 90' lang='lat' dir='ltr'><strong>labore</strong></span> <span class='ocrx_word' id='word_1_350' title='bbox 2978 2425 3184 2482; x_wconf 80' lang='lat' dir='ltr'><strong>fuerint</strong></span> <span class='ocrx_word' id='word_1_351' title='bbox 3220 2423 3520 2488; x_wconf 67' lang='lat' dir='ltr'><strong>restitutae,</strong></span> <span class='ocrx_word' id='word_1_352' title='bbox 3572 2433 3697 2474; x_wconf 71' lang='lat' dir='ltr'><strong>non</strong></span> 
     </span>
    </p>
   </div>
   <div class='ocr_carea' id='block_1_49' title="bbox 2092 2513 3689 2596">
    <p class='ocr_par' dir='ltr' id='par_1_49' title="bbox 2092 2513 3689 2596">
     <span class='ocr_line' id='line_1_49' title="bbox 2092 2513 3689 2596; baseline -0.013 -8"><span class='ocrx_word' id='word_1_353' title='bbox 2092 2543 2202 2588; x_wconf 87' lang='lat' dir='ltr'><strong>tam</strong></span> <span class='ocrx_word' id='word_1_354' title='bbox 2233 2530 2440 2586; x_wconf 90' lang='lat' dir='ltr'><strong>alienas</strong></span> <span class='ocrx_word' id='word_1_355' title='bbox 2488 2537 2789 2596; x_wconf 88' lang='lat' dir='ltr'><strong>occupasse</strong></span> <span class='ocrx_word' id='word_1_356' title='bbox 2841 2532 3014 2578; x_wconf 87' lang='lat' dir='ltr'><strong>terras</strong></span> <span class='ocrx_word' id='word_1_357' title='bbox 3061 2533 3224 2590; x_wconf 89' lang='lat' dir='ltr'><strong>quam</strong></span> <span class='ocrx_word' id='word_1_358' title='bbox 3281 2513 3529 2587; x_wconf 87' lang='lat' dir='ltr'><strong>proprias</strong></span> <span class='ocrx_word' id='word_1_359' title='bbox 3566 2525 3689 2568; x_wconf 90' lang='lat' dir='ltr'><strong>cre-</strong></span> 
     </span>
    </p>
   </div>
   <div class='ocr_carea' id='block_1_50' title="bbox 2093 2619 2756 2691">
    <p class='ocr_par' dir='ltr' id='par_1_50' title="bbox 2093 2619 2756 2691">
     <span class='ocr_line' id='line_1_50' title="bbox 2093 2619 2756 2691; baseline -0.017 -8"><span class='ocrx_word' id='word_1_360' title='bbox 2093 2624 2282 2683; x_wconf 67' lang='lat' dir='ltr'><strong>denda:</strong></span> <span class='ocrx_word' id='word_1_361' title='bbox 2304 2631 2431 2680; x_wconf 86' lang='lat' dir='ltr'><strong>sunt</strong></span> <span class='ocrx_word' id='word_1_362' title='bbox 2461 2619 2756 2691; x_wconf 89' lang='lat' dir='ltr'><strong>recepisse.</strong></span> 
     </span>
    </p>
   </div>
   <div class='ocr_carea' id='block_1_51' title="bbox 2661 2702 3112 2766">
    <p class='ocr_par' dir='ltr' id='par_1_51' title="bbox 2661 2702 3112 2766">
     <span class='ocr_line' id='line_1_51' title="bbox 2661 2702 3112 2766; baseline -0.018 0"><span class='ocrx_word' id='word_1_363' title='bbox 2661 2705 2894 2766; x_wconf 80' lang='lat' dir='ltr'><strong>CAPUT</strong></span> <span class='ocrx_word' id='word_1_364' title='bbox 2943 2702 3112 2760; x_wconf 78' lang='lat' dir='ltr'><strong>XXV.</strong></span> 
     </span>
    </p>
   </div>
   <div class='ocr_carea' id='block_1_52' title="bbox 2118 2791 3669 2874">
    <p class='ocr_par' dir='ltr' id='par_1_52' title="bbox 2118 2791 3669 2874">
     <span class='ocr_line' id='line_1_52' title="bbox 2118 2791 3669 2874; baseline -0.015 -8"><span class='ocrx_word' id='word_1_365' title='bbox 2118 2807 2432 2866; x_wconf 86' lang='lat' dir='ltr'><strong>Testitnonia</strong></span> <span class='ocrx_word' id='word_1_366' title='bbox 2459 2805 2662 2859; x_wconf 86' lang='lat' dir='ltr'><strong>diversa</strong></span> <span class='ocrx_word' id='word_1_367' title='bbox 2688 2818 2843 2874; x_wconf 84' lang='lat' dir='ltr'><strong>super</strong></span> <span class='ocrx_word' id='word_1_368' title='bbox 2865 2796 3248 2871; x_wconf 76' lang='lat' dir='ltr'><strong>signiﬁcatione</strong></span> <span class='ocrx_word' id='word_1_369' title='bbox 3269 2803 3382 2848; x_wconf 90' lang='lat' dir='ltr'><strong>octo</strong></span> <span class='ocrx_word' id='word_1_370' title='bbox 3402 2791 3669 2847; x_wconf 88' lang='lat' dir='ltr'><strong>vitiorum.</strong></span> 
     </span>
    </p>
   </div>
   <div class='ocr_carea' id='block_1_53' title="bbox 2170 2884 3694 2960">
    <p class='ocr_par' dir='ltr' id='par_1_53' title="bbox 2170 2884 3694 2960">
     <span class='ocr_line' id='line_1_53' title="bbox 2170 2884 3694 2960; baseline -0.013 -3"><span class='ocrx_word' id='word_1_371' title='bbox 2170 2902 2249 2958; x_wconf 89' lang='lat' dir='ltr'><strong>De</strong></span> <span class='ocrx_word' id='word_1_372' title='bbox 2271 2899 2357 2955; x_wconf 89' lang='lat' dir='ltr'><strong>his</strong></span> <span class='ocrx_word' id='word_1_373' title='bbox 2382 2907 2508 2954; x_wconf 91' lang='lat' dir='ltr'><strong>octo</strong></span> <span class='ocrx_word' id='word_1_374' title='bbox 2532 2895 2683 2951; x_wconf 87' lang='lat' dir='ltr'><strong>vitiis</strong></span> <span class='ocrx_word' id='word_1_375' title='bbox 2711 2903 2767 2950; x_wconf 88' lang='lat' dir='ltr'><strong>et</strong></span> <span class='ocrx_word' id='word_1_376' title='bbox 2789 2893 2843 2949; x_wconf 92' lang='lat' dir='ltr'><strong>in</strong></span> <span class='ocrx_word' id='word_1_377' title='bbox 2876 2889 3177 2960; x_wconf 88' lang='lat' dir='ltr'><strong>Evangelio</strong></span> <span class='ocrx_word' id='word_1_378' title='bbox 3221 2888 3296 2942; x_wconf 91' lang='lat' dir='ltr'><strong>ita</strong></span> <span class='ocrx_word' id='word_1_379' title='bbox 3325 2884 3694 2956; x_wconf 82' lang='lat' dir='ltr'><strong>signiﬁcatur:</strong></span> 
     </span>
    </p>
   </div>
   <div class='ocr_carea' id='block_1_54' title="bbox 405 2979 3704 3062">
    <p class='ocr_par' dir='ltr' id='par_1_54' title="bbox 405 2979 3704 3062">
     <span class='ocr_line' id='line_1_54' title="bbox 405 2979 3704 3062; baseline -0.005 -18"><span class='ocrx_word' id='word_1_380' title='bbox 405 2990 653 3045; x_wconf 89' lang='lat' dir='ltr'><strong>salutaris</strong></span> <span class='ocrx_word' id='word_1_381' title='bbox 702 2999 758 3046; x_wconf 91' lang='lat' dir='ltr'><strong>et</strong></span> <span class='ocrx_word' id='word_1_382' title='bbox 804 2991 960 3062; x_wconf 89' lang='lat' dir='ltr'><strong>plena</strong></span> <span class='ocrx_word' id='word_1_383' title='bbox 983 2989 1182 3061; x_wconf 90' lang='lat' dir='ltr'><strong>gaudio</strong></span> <span class='ocrx_word' id='word_1_384' title='bbox 1217 2990 1433 3046; x_wconf 91' lang='lat' dir='ltr'><strong>tristitia</strong></span> <span class='ocrx_word' id='word_1_385' title='bbox 1479 2989 1804 3062; x_wconf 90' lang='lat' dir='ltr'><strong>possidebit;</strong></span> <span class='ocrx_word' id='word_1_386' title='bbox 1833 3005 1994 3061; x_wconf 90' lang='lat' dir='ltr'><strong>quem</strong></span> <span class='ocrx_word' id='word_1_387' title='bbox 2098 2993 2228 3049; x_wconf 87' lang='lat' dir='ltr'><strong>Cum</strong></span> <span class='ocrx_word' id='word_1_388' title='bbox 2253 3002 2424 3046; x_wconf 90' lang='lat' dir='ltr'><strong>autem</strong></span> <span class='ocrx_word' id='word_1_389' title='bbox 2452 2987 2752 3044; x_wconf 87' lang='lat' dir='ltr'><strong>immundus</strong></span> <span class='ocrx_word' id='word_1_390' title='bbox 2779 2985 2993 3057; x_wconf 80' lang='lat' dir='ltr'><strong>spiritus</strong></span> <span class='ocrx_word' id='word_1_391' title='bbox 3022 2982 3202 3038; x_wconf 75' lang='lat' dir='ltr'><strong>exierit</strong></span> <span class='ocrx_word' id='word_1_392' title='bbox 3231 2981 3294 3035; x_wconf 89' lang='lat' dir='ltr'><strong>ab</strong></span> <span class='ocrx_word' id='word_1_393' title='bbox 3325 2979 3549 3043; x_wconf 81' lang='lat' dir='ltr'><strong>homine,</strong></span> <span class='ocrx_word' id='word_1_394' title='bbox 3588 2993 3704 3030; x_wconf 85' lang='lat' dir='ltr'><strong>ant-</strong></span> 
     </span>
    </p>
   </div>
   <div class='ocr_carea' id='block_1_55' title="bbox 406 3069 3700 3154">
    <p class='ocr_par' dir='ltr' id='par_1_55' title="bbox 406 3069 3700 3154">
     <span class='ocr_line' id='line_1_55' title="bbox 406 3069 3700 3154; baseline -0.005 -17"><span class='ocrx_word' id='word_1_395' title='bbox 406 3083 656 3154; x_wconf 88' lang='lat' dir='ltr'><strong>superhia</strong></span> <span class='ocrx_word' id='word_1_396' title='bbox 686 3084 1064 3152; x_wconf 89' lang='lat' dir='ltr'><strong>conculcabat,</strong></span> <span class='ocrx_word' id='word_1_397' title='bbox 1122 3084 1396 3142; x_wconf 85' lang='lat' dir='ltr'><strong>humilitas</strong></span> <span class='ocrx_word' id='word_1_398' title='bbox 1441 3086 1779 3142; x_wconf 88' lang='lat' dir='ltr'><strong>honestabit:</strong></span> <span class='ocrx_word' id='word_1_399' title='bbox 1833 3095 1891 3142; x_wconf 89' lang='lat' dir='ltr'><strong>et</strong></span> <span class='ocrx_word' id='word_1_400' title='bbox 1923 3087 1997 3143; x_wconf 88' lang='lat' dir='ltr'><strong>ita</strong></span> <span class='ocrx_word' id='word_1_401' title='bbox 2099 3085 2244 3140; x_wconf 88' lang='lat' dir='ltr'><strong>bulat</strong></span> <span class='ocrx_word' id='word_1_402' title='bbox 2277 3101 2366 3154; x_wconf 85' lang='lat' dir='ltr'><strong>per</strong></span> <span class='ocrx_word' id='word_1_403' title='bbox 2392 3082 2510 3136; x_wconf 90' lang='lat' dir='ltr'><strong>loca</strong></span> <span class='ocrx_word' id='word_1_404' title='bbox 2539 3079 2711 3146; x_wconf 90' lang='lat' dir='ltr'><strong>arida,</strong></span> <span class='ocrx_word' id='word_1_405' title='bbox 2743 3092 2978 3150; x_wconf 81' lang='lat' dir='ltr'><strong>quterens</strong></span> <span class='ocrx_word' id='word_1_406' title='bbox 2999 3074 3249 3146; x_wconf 86' lang='lat' dir='ltr'><strong>requiem,</strong></span> <span class='ocrx_word' id='word_1_407' title='bbox 3280 3081 3327 3126; x_wconf 92' lang='lat' dir='ltr'><strong>et</strong></span> <span class='ocrx_word' id='word_1_408' title='bbox 3351 3087 3454 3126; x_wconf 89' lang='lat' dir='ltr'><strong>non</strong></span> <span class='ocrx_word' id='word_1_409' title='bbox 3485 3069 3700 3124; x_wconf 83' lang='lat' dir='ltr'><strong>invenit.</strong></span> 
     </span>
    </p>
   </div>
   <div class='ocr_carea' id='block_1_56' title="bbox 407 3160 3708 3247">
    <p class='ocr_par' dir='ltr' id='par_1_56' title="bbox 407 3160 3708 3247">
     <span class='ocr_line' id='line_1_56' title="bbox 407 3160 3708 3247; baseline -0.005 -15"><span class='ocrx_word' id='word_1_410' title='bbox 407 3176 638 3246; x_wconf 90' lang='lat' dir='ltr'><strong>singulis</strong></span> <span class='ocrx_word' id='word_1_411' title='bbox 667 3176 814 3232; x_wconf 91' lang='lat' dir='ltr'><strong>vitiis</strong></span> <span class='ocrx_word' id='word_1_412' title='bbox 845 3177 1110 3247; x_wconf 85' lang='lat' dir='ltr'><strong>expulsis,</strong></span> <span class='ocrx_word' id='word_1_413' title='bbox 1140 3191 1330 3234; x_wconf 91' lang='lat' dir='ltr'><strong>eorum</strong></span> <span class='ocrx_word' id='word_1_414' title='bbox 1361 3179 1501 3244; x_wconf 86' lang='lat' dir='ltr'><strong>loca,</strong></span> <span class='ocrx_word' id='word_1_415' title='bbox 1536 3179 1587 3234; x_wconf 92' lang='lat' dir='ltr'><strong>id</strong></span> <span class='ocrx_word' id='word_1_416' title='bbox 1617 3187 1721 3245; x_wconf 89' lang='lat' dir='ltr'><strong>est,</strong></span> <span class='ocrx_word' id='word_1_417' title='bbox 1747 3178 1996 3242; x_wconf 74' lang='lat' dir='ltr'><strong>affectus,</strong></span> <span class='ocrx_word' id='word_1_418' title='bbox 2024 3183 2072 3246; x_wconf 84' lang='lat' dir='ltr'>C</span> <span class='ocrx_word' id='word_1_419' title='bbox 2103 3177 2253 3233; x_wconf 87' lang='lat' dir='ltr'><strong>Tunc</strong></span> <span class='ocrx_word' id='word_1_420' title='bbox 2279 3177 2402 3232; x_wconf 83' lang='lat' dir='ltr'><strong>dicit</strong></span> <span class='ocrx_word' id='word_1_421' title='bbox 2427 3191 2446 3231; x_wconf 90' lang='lat'><strong><em>:</em></strong></span> <span class='ocrx_word' id='word_1_422' title='bbox 2470 3174 2722 3230; x_wconf 81' lang='lat' dir='ltr'><strong>Revertar</strong></span> <span class='ocrx_word' id='word_1_423' title='bbox 2749 3173 2805 3226; x_wconf 89' lang='lat' dir='ltr'><strong>in</strong></span> <span class='ocrx_word' id='word_1_424' title='bbox 2831 3170 3044 3224; x_wconf 89' lang='lat' dir='ltr'><strong>domum</strong></span> <span class='ocrx_word' id='word_1_425' title='bbox 3071 3181 3236 3220; x_wconf 87' lang='lat' dir='ltr'><strong>meam</strong></span> <span class='ocrx_word' id='word_1_426' title='bbox 3264 3163 3404 3218; x_wconf 87' lang='lat' dir='ltr'><strong>unde</strong></span> <span class='ocrx_word' id='word_1_427' title='bbox 3430 3163 3584 3218; x_wconf 73' lang='lat' dir='ltr'><strong>exivi.</strong></span> <span class='ocrx_word' id='word_1_428' title='bbox 3636 3160 3708 3216; x_wconf 83' lang='lat' dir='ltr'><strong>Et</strong></span> 
     </span>
    </p>
   </div>
   <div class='ocr_carea' id='block_1_57' title="bbox 409 3257 3713 3341">
    <p class='ocr_par' dir='ltr' id='par_1_57' title="bbox 409 3257 3713 3341">
     <span class='ocr_line' id='line_1_57' title="bbox 409 3257 3713 3341; baseline -0.004 -19"><span class='ocrx_word' id='word_1_429' title='bbox 409 3269 636 3325; x_wconf 90' lang='lat' dir='ltr'><strong>virtutes</strong></span> <span class='ocrx_word' id='word_1_430' title='bbox 664 3268 955 3325; x_wconf 73' lang='lat' dir='ltr'><strong>contraria:</strong></span> <span class='ocrx_word' id='word_1_431' title='bbox 979 3269 1357 3341; x_wconf 89' lang='lat' dir='ltr'><strong>possidebunt.</strong></span> <span class='ocrx_word' id='word_1_432' title='bbox 1386 3281 1410 3310; x_wconf 77' lang='grc' dir='ltr'><strong>ο</strong></span> <span class='ocrx_word' id='word_1_433' title='bbox 1441 3271 1574 3339; x_wconf 75' lang='lat' dir='ltr'><strong>Qua:</strong></span> <span class='ocrx_word' id='word_1_434' title='bbox 1601 3270 1696 3326; x_wconf 83' lang='lat' dir='ltr'><strong>lilii</strong></span> <span class='ocrx_word' id='word_1_435' title='bbox 1728 3269 1916 3340; x_wconf 88' lang='lat' dir='ltr'><strong>Israel,</strong></span> <span class='ocrx_word' id='word_1_436' title='bbox 1944 3270 1999 3327; x_wconf 92' lang='lat' dir='ltr'><strong>id</strong></span> <span class='ocrx_word' id='word_1_437' title='bbox 2105 3271 2368 3325; x_wconf 84' lang='lat' dir='ltr'><strong>inveniens</strong></span> <span class='ocrx_word' id='word_1_438' title='bbox 2402 3268 2596 3323; x_wconf 85' lang='lat' dir='ltr'><strong>invenit</strong></span> <span class='ocrx_word' id='word_1_439' title='bbox 2626 3272 2916 3332; x_wconf 85' lang='lat' dir='ltr'><strong>vacantem,</strong></span> <span class='ocrx_word' id='word_1_440' title='bbox 2941 3259 3110 3332; x_wconf 85' lang='lat' dir='ltr'><strong>scopis</strong></span> <span class='ocrx_word' id='word_1_441' title='bbox 3137 3257 3447 3313; x_wconf 77' lang='lat' dir='ltr'><strong>mandatam</strong></span> <span class='ocrx_word' id='word_1_442' title='bbox 3471 3262 3520 3310; x_wconf 88' lang='lat' dir='ltr'><strong>et</strong></span> <span class='ocrx_word' id='word_1_443' title='bbox 3546 3270 3713 3310; x_wconf 82' lang='lat' dir='ltr'><strong>orna-</strong></span> 
     </span>
    </p>
   </div>
   <div class='ocr_carea' id='block_1_58' title="bbox 1469 3399 2617 3459">
    <p class='ocr_par' dir='ltr' id='par_1_58' title="bbox 1469 3399 2617 3459">
     <span class='ocr_line' id='line_1_58' title="bbox 1469 3399 2617 3459; baseline -0.002 -3"><span class='ocrx_word' id='word_1_444' title='bbox 1469 3399 1728 3457; x_wconf 83' lang='lat' dir='ltr'><strong>ALARDI</strong></span> <span class='ocrx_word' id='word_1_445' title='bbox 1767 3400 2007 3459; x_wconf 68' lang='lat' dir='ltr'><strong>GAZr‘EI</strong></span> <span class='ocrx_word' id='word_1_446' title='bbox 2043 3399 2617 3459; x_wconf 80' lang='lat' dir='ltr'><strong>COMMENTARIUS.</strong></span> 
     </span>
    </p>
   </div>
   <div class='ocr_carea' id='block_1_59' title="bbox 417 3511 3716 3587">
    <p class='ocr_par' dir='ltr' id='par_1_59' title="bbox 417 3511 3716 3587">
     <span class='ocr_line' id='line_1_59' title="bbox 417 3511 3716 3587; baseline 0 -20"><span class='ocrx_word' id='word_1_447' title='bbox 417 3511 802 3587; x_wconf 73' lang='lat' dir='ltr'><strong>subjiciendas,</strong></span> <span class='ocrx_word' id='word_1_448' title='bbox 824 3521 880 3568; x_wconf 90' lang='lat' dir='ltr'><strong>et</strong></span> <span class='ocrx_word' id='word_1_449' title='bbox 908 3521 1084 3587; x_wconf 79' lang='lat' dir='ltr'><strong>terras</strong></span> <span class='ocrx_word' id='word_1_450' title='bbox 1104 3528 1296 3587; x_wconf 82' lang='lat' dir='ltr'><strong>earum</strong></span> <span class='ocrx_word' id='word_1_451' title='bbox 1325 3515 1681 3587; x_wconf 82' lang='lat' dir='ltr'><strong>possidendas</strong></span> <span class='ocrx_word' id='word_1_452' title='bbox 1703 3515 2001 3586; x_wconf 82' lang='lat' dir='ltr'><strong>(Abutensis</strong></span> <span class='ocrx_word' id='word_1_453' title='bbox 2108 3517 2377 3582; x_wconf 90' lang='lat' dir='ltr'><strong>relictam,</strong></span> <span class='ocrx_word' id='word_1_454' title='bbox 2410 3526 2465 3574; x_wconf 91' lang='lat' dir='ltr'><strong>et</strong></span> <span class='ocrx_word' id='word_1_455' title='bbox 2488 3516 2614 3587; x_wconf 90' lang='lat' dir='ltr'><strong>jure</strong></span> <span class='ocrx_word' id='word_1_456' title='bbox 2637 3513 2960 3586; x_wconf 89' lang='lat' dir='ltr'><strong>postliminii</strong></span> <span class='ocrx_word' id='word_1_457' title='bbox 2987 3511 3418 3587; x_wconf 79' lang='lat' dir='ltr'><strong>recuperandam</strong></span> <span class='ocrx_word' id='word_1_458' title='bbox 3447 3523 3511 3566; x_wconf 90' lang='lat' dir='ltr'><strong>ac</strong></span> <span class='ocrx_word' id='word_1_459' title='bbox 3533 3511 3716 3581; x_wconf 83' lang='lat' dir='ltr'><strong>possi-</strong></span> 
     </span>
    </p>
   </div>
   <div class='ocr_carea' id='block_1_60' title="bbox 419 3583 3714 3712">
    <p class='ocr_par' dir='ltr' id='par_1_60' title="bbox 419 3583 3714 3712">
     <span class='ocr_line' id='line_1_60' title="bbox 421 3583 3714 3670; baseline 0.001 -34"><span class='ocrx_word' id='word_1_460' title='bbox 421 3583 474 3636; x_wconf 87' lang='lat' dir='ltr'><strong>in</strong></span> <span class='ocrx_word' id='word_1_461' title='bbox 498 3599 612 3668; x_wconf 70' lang='lat' dir='ltr'><strong>cap.</strong></span> <span class='ocrx_word' id='word_1_462' title='bbox 633 3600 714 3670; x_wconf 63' lang='lat' dir='ltr'><strong>vn</strong></span> <span class='ocrx_word' id='word_1_463' title='bbox 743 3583 894 3639; x_wconf 84' lang='lat' dir='ltr'><strong>Deut.</strong></span> <span class='ocrx_word' id='word_1_464' title='bbox 920 3603 973 3656; x_wconf 92' lang='lat' dir='ltr'><strong>q.</strong></span> <span class='ocrx_word' id='word_1_465' title='bbox 1005 3584 1081 3655; x_wconf 80' lang='lat' dir='ltr'><strong>l).</strong></span> <span class='ocrx_word' id='word_1_466' title='bbox 1115 3585 1268 3642; x_wconf 89' lang='lat' dir='ltr'><strong>Unde</strong></span> <span class='ocrx_word' id='word_1_467' title='bbox 1295 3583 1456 3641; x_wconf 81' lang='lat' dir='ltr'><strong>etiam</strong></span> <span class='ocrx_word' id='word_1_468' title='bbox 1481 3586 1652 3642; x_wconf 76' lang='lat' dir='ltr'><strong>Exodi</strong></span> <span class='ocrx_word' id='word_1_469' title='bbox 1677 3583 1723 3641; x_wconf 81' lang='lat' dir='ltr'><strong>ti</strong></span> <span class='ocrx_word' id='word_1_470' title='bbox 1744 3586 2005 3658; x_wconf 76' lang='lat' dir='ltr'><strong>prohibiti</strong></span> <span class='ocrx_word' id='word_1_471' title='bbox 2107 3588 2343 3645; x_wconf 91' lang='lat' dir='ltr'><strong>dendam</strong></span> <span class='ocrx_word' id='word_1_472' title='bbox 2369 3605 2385 3646; x_wconf 85' lang='lat'><strong>:</strong></span> <span class='ocrx_word' id='word_1_473' title='bbox 2416 3583 2562 3644; x_wconf 81' lang='lat' dir='ltr'><strong>unde</strong></span> <span class='ocrx_word' id='word_1_474' title='bbox 2581 3583 2653 3642; x_wconf 52' lang='lat' dir='ltr'><strong>et&#39;</strong></span> <span class='ocrx_word' id='word_1_475' title='bbox 2667 3587 2896 3656; x_wconf 90' lang='lat' dir='ltr'><strong>patrium</strong></span> <span class='ocrx_word' id='word_1_476' title='bbox 2922 3585 3100 3668; x_wconf 73' lang='lat' dir='ltr'><strong>solum</strong></span> <span class='ocrx_word' id='word_1_477' title='bbox 3128 3591 3184 3639; x_wconf 87' lang='lat' dir='ltr'><strong>et</strong></span> <span class='ocrx_word' id='word_1_478' title='bbox 3202 3593 3486 3666; x_wconf 83' lang='lat' dir='ltr'><strong>paternam</strong></span> <span class='ocrx_word' id='word_1_479' title='bbox 3518 3597 3714 3664; x_wconf 81' lang='lat' dir='ltr'><strong>eorum</strong></span> 
     </span>
     <span class='ocr_line' id='line_1_61' title="bbox 419 3653 3714 3712; baseline -0 -4"><span class='ocrx_word' id='word_1_480' title='bbox 419 3665 544 3709; x_wconf 91' lang='lat' dir='ltr'><strong>sunt</strong></span> <span class='ocrx_word' id='word_1_481' title='bbox 575 3658 668 3711; x_wconf 86' lang='lat' dir='ltr'><strong>lilii</strong></span> <span class='ocrx_word' id='word_1_482' title='bbox 691 3655 854 3712; x_wconf 89' lang='lat' dir='ltr'><strong>Israel</strong></span> <span class='ocrx_word' id='word_1_483' title='bbox 879 3672 1119 3712; x_wconf 76' lang='lat' dir='ltr'><strong>nuanare</strong></span> <span class='ocrx_word' id='word_1_484' title='bbox 1144 3657 1408 3712; x_wconf 84' lang='lat' dir='ltr'><strong>adversus</strong></span> <span class='ocrx_word' id='word_1_485' title='bbox 1437 3655 1725 3712; x_wconf 63' lang='lat' dir='ltr'><strong>Idumaeos.</strong></span> <span class='ocrx_word' id='word_1_486' title='bbox 1779 3660 2006 3712; x_wconf 84' lang='lat' dir='ltr'><strong>Ammo-</strong></span> <span class='ocrx_word' id='word_1_487' title='bbox 2109 3659 2484 3712; x_wconf 60' lang='lat' dir='ltr'><strong>hereditatem</strong></span> <span class='ocrx_word' id='word_1_488' title='bbox 2530 3665 2825 3712; x_wconf 78' lang='lat' dir='ltr'><strong>nuncupat.</strong></span> <span class='ocrx_word' id='word_1_489' title='bbox 2856 3655 2958 3711; x_wconf 86' lang='lat' dir='ltr'><strong>Cui</strong></span> <span class='ocrx_word' id='word_1_490' title='bbox 3002 3655 3355 3710; x_wconf 81' lang='lat' dir='ltr'><strong>subscribens</strong></span> <span class='ocrx_word' id='word_1_491' title='bbox 3387 3654 3444 3710; x_wconf 90' lang='lat' dir='ltr'><strong>S.</strong></span> <span class='ocrx_word' id='word_1_492' title='bbox 3477 3653 3714 3712; x_wconf 78' lang='lat' dir='ltr'><strong>Epipha-</strong></span> 
     </span>
    </p>
   </div>
   <div class='ocr_carea' id='block_1_61' title="bbox 421 3657 3718 3792">
    <p class='ocr_par' dir='ltr' id='par_1_61' title="bbox 421 3657 3718 3792">
     <span class='ocr_line' id='line_1_62' title="bbox 421 3657 3718 3728; baseline -0 -20"><span class='ocrx_word' id='word_1_493' title='bbox 421 3665 544 3709; x_wconf 90' lang='lat' dir='ltr'><strong>sunt</strong></span> <span class='ocrx_word' id='word_1_494' title='bbox 575 3657 668 3711; x_wconf 89' lang='lat' dir='ltr'><strong>lilii</strong></span> <span class='ocrx_word' id='word_1_495' title='bbox 691 3657 854 3712; x_wconf 89' lang='lat' dir='ltr'><strong>Israel</strong></span> <span class='ocrx_word' id='word_1_496' title='bbox 879 3672 1119 3728; x_wconf 89' lang='lat' dir='ltr'><strong>pugnare</strong></span> <span class='ocrx_word' id='word_1_497' title='bbox 1144 3657 1408 3713; x_wconf 84' lang='lat' dir='ltr'><strong>adversus</strong></span> <span class='ocrx_word' id='word_1_498' title='bbox 1437 3657 1726 3728; x_wconf 58' lang='lat' dir='ltr'><strong>Idumaeos,</strong></span> <span class='ocrx_word' id='word_1_499' title='bbox 1779 3660 2006 3714; x_wconf 82' lang='lat' dir='ltr'><strong>Ammo-</strong></span> <span class='ocrx_word' id='word_1_500' title='bbox 2109 3659 2484 3716; x_wconf 60' lang='lat' dir='ltr'><strong>hereditatem</strong></span> <span class='ocrx_word' id='word_1_501' title='bbox 2530 3665 2825 3725; x_wconf 88' lang='lat' dir='ltr'><strong>nuncupat.</strong></span> <span class='ocrx_word' id='word_1_502' title='bbox 2856 3657 2958 3711; x_wconf 90' lang='lat' dir='ltr'><strong>Cui</strong></span> <span class='ocrx_word' id='word_1_503' title='bbox 3002 3657 3355 3710; x_wconf 85' lang='lat' dir='ltr'><strong>subscribens</strong></span> <span class='ocrx_word' id='word_1_504' title='bbox 3387 3657 3444 3710; x_wconf 90' lang='lat' dir='ltr'><strong>S.</strong></span> <span class='ocrx_word' id='word_1_505' title='bbox 3477 3657 3718 3723; x_wconf 83' lang='lat' dir='ltr'><strong>Epipha-</strong></span> 
     </span>
     <span class='ocr_line' id='line_1_63' title="bbox 421 3724 3718 3792; baseline 0.001 -13"><span class='ocrx_word' id='word_1_506' title='bbox 421 3727 562 3780; x_wconf 91' lang='lat' dir='ltr'><strong>nitas</strong></span> <span class='ocrx_word' id='word_1_507' title='bbox 582 3737 636 3780; x_wconf 92' lang='lat' dir='ltr'><strong>et</strong></span> <span class='ocrx_word' id='word_1_508' title='bbox 653 3727 934 3783; x_wconf 80' lang='lat' dir='ltr'><strong>Moabitae.</strong></span> <span class='ocrx_word' id='word_1_509' title='bbox 2111 3733 2255 3792; x_wconf 89' lang='lat' dir='ltr'><strong>nius.</strong></span> <span class='ocrx_word' id='word_1_510' title='bbox 2291 3731 2343 3784; x_wconf 93' lang='lat' dir='ltr'><strong>in</strong></span> <span class='ocrx_word' id='word_1_511' title='bbox 2371 3729 2570 3783; x_wconf 89' lang='lat' dir='ltr'><strong>Panar.</strong></span> <span class='ocrx_word' id='word_1_512' title='bbox 2598 3727 2793 3782; x_wconf 71' lang='lat' dir='ltr'><strong>haeresi</strong></span> <span class='ocrx_word' id='word_1_513' title='bbox 2821 3726 2913 3792; x_wconf 78' lang='lat'><strong>66,</strong></span> <span class='ocrx_word' id='word_1_514' title='bbox 2948 3725 3064 3781; x_wconf 68' lang='lat' dir='ltr'><strong>haec</strong></span> <span class='ocrx_word' id='word_1_515' title='bbox 3087 3726 3291 3780; x_wconf 86' lang='lat' dir='ltr'><strong>tradit:</strong></span> <span class='ocrx_word' id='word_1_516' title='bbox 3334 3724 3452 3779; x_wconf 80' lang='lat' dir='ltr'><strong>Noe</strong></span> <span class='ocrx_word' id='word_1_517' title='bbox 3476 3741 3718 3781; x_wconf 86' lang='lat' dir='ltr'><strong>servatus</strong></span> 
     </span>
    </p>
   </div>
   <div class='ocr_carea' id='block_1_62' title="bbox 494 3795 3718 3884">
    <p class='ocr_par' dir='ltr' id='par_1_62' title="bbox 494 3795 3718 3884">
     <span class='ocr_line' id='line_1_64' title="bbox 494 3795 3718 3884; baseline 0 -33"><span class='ocrx_word' id='word_1_518' title='bbox 494 3805 522 3884; x_wconf 56' lang='grc' dir='ltr'><strong>ξ</strong></span> <span class='ocrx_word' id='word_1_519' title='bbox 555 3797 686 3884; x_wconf 85' lang='lat' dir='ltr'><strong>lluic</strong></span> <span class='ocrx_word' id='word_1_520' title='bbox 736 3800 874 3884; x_wconf 79' lang='lat' dir='ltr'><strong>loco_</strong></span> <span class='ocrx_word' id='word_1_521' title='bbox 905 3798 1264 3884; x_wconf 39' lang='lat' dir='ltr'><strong>subobs‘curo.</strong></span> <span class='ocrx_word' id='word_1_522' title='bbox 1289 3799 1464 3883; x_wconf 79' lang='lat' dir='ltr'><strong>lucem</strong></span> <span class='ocrx_word' id='word_1_523' title='bbox 1505 3801 1687 3856; x_wconf 90' lang='lat' dir='ltr'><strong>attulit</strong></span> <span class='ocrx_word' id='word_1_524' title='bbox 1712 3801 2008 3884; x_wconf 64' lang='lat' dir='ltr'><strong>Dionysius</strong></span> <span class='ocrx_word' id='word_1_525' title='bbox 2110 3801 2386 3884; x_wconf 34' lang='lat' dir='ltr'><strong>qndiluvio,</strong></span> <span class='ocrx_word' id='word_1_526' title='bbox 2418 3799 2982 3884; x_wconf 51' lang='lat' dir='ltr'><strong>ejusquec‘oniuateum</strong></span> <span class='ocrx_word' id='word_1_527' title='bbox 3014 3797 3178 3884; x_wconf 70' lang='lat' dir='ltr'><strong>tribus</strong></span> <span class='ocrx_word' id='word_1_528' title='bbox 3199 3797 3349 3884; x_wconf 66' lang='lat' dir='ltr'><strong>ﬁliis,</strong></span> <span class='ocrx_word' id='word_1_529' title='bbox 3389 3795 3718 3884; x_wconf 63' lang='lat' dir='ltr'><strong>totidemque</strong></span> 
     </span>
    </p>
   </div>
   <div class='ocr_carea' id='block_1_63' title="bbox 425 3867 3717 3943">
    <p class='ocr_par' dir='ltr' id='par_1_63' title="bbox 425 3867 3717 3943">
     <span class='ocr_line' id='line_1_65' title="bbox 425 3867 3717 3943; baseline 0 -21"><span class='ocrx_word' id='word_1_530' title='bbox 425 3869 527 3943; x_wconf 79' lang='lat' dir='ltr'><strong>hac</strong></span> <span class='ocrx_word' id='word_1_531' title='bbox 555 3882 650 3922; x_wconf 83' lang='lat' dir='ltr'><strong>sua</strong></span> <span class='ocrx_word' id='word_1_532' title='bbox 693 3869 1005 3943; x_wconf 84' lang='lat' dir='ltr'><strong>paraphrasi</strong></span> <span class='ocrx_word' id='word_1_533' title='bbox 1039 3870 1190 3943; x_wconf 74' lang='lat' dir='ltr'><strong>:Qui</strong></span> <span class='ocrx_word' id='word_1_534' title='bbox 1229 3869 1472 3926; x_wconf 85' lang='lat' dir='ltr'><strong>denarius</strong></span> <span class='ocrx_word' id='word_1_535' title='bbox 1497 3887 1741 3926; x_wconf 87' lang='lat' dir='ltr'><strong>numerus</strong></span> <span class='ocrx_word' id='word_1_536' title='bbox 1771 3867 2010 3943; x_wconf 76' lang='lat' dir='ltr'><strong>(scilicet</strong></span> <span class='ocrx_word' id='word_1_537' title='bbox 2112 3872 2343 3943; x_wconf 82' lang='lat' dir='ltr'><strong>ﬁliabus,</strong></span> <span class='ocrx_word' id='word_1_538' title='bbox 2370 3872 2514 3943; x_wconf 85' lang='lat' dir='ltr'><strong>s_olus</strong></span> <span class='ocrx_word' id='word_1_539' title='bbox 2540 3869 2780 3943; x_wconf 76' lang='lat' dir='ltr'><strong>dividens</strong></span> <span class='ocrx_word' id='word_1_540' title='bbox 2799 3877 2960 3943; x_wconf 76' lang='lat' dir='ltr'><strong>totum</strong></span> <span class='ocrx_word' id='word_1_541' title='bbox 2981 3869 3238 3943; x_wconf 78' lang='lat' dir='ltr'><strong>mundum</strong></span> <span class='ocrx_word' id='word_1_542' title='bbox 3261 3867 3440 3943; x_wconf 72' lang='lat' dir='ltr'><strong>tribus</strong></span> <span class='ocrx_word' id='word_1_543' title='bbox 3457 3867 3580 3943; x_wconf 72' lang='lat' dir='ltr'><strong>filiis</strong></span> <span class='ocrx_word' id='word_1_544' title='bbox 3604 3867 3717 3924; x_wconf 80' lang='lat' dir='ltr'><strong>suis</strong></span> 
     </span>
    </p>
   </div>
   <div class='ocr_carea' id='block_1_64' title="bbox 424 3938 3717 4012">
    <p class='ocr_par' dir='ltr' id='par_1_64' title="bbox 424 3938 3717 4012">
     <span class='ocr_line' id='line_1_66' title="bbox 424 3938 3717 4012; baseline 0.001 -20"><span class='ocrx_word' id='word_1_545' title='bbox 424 3938 702 4012; x_wconf 82' lang='lat' dir='ltr'><strong>vitiorum,</strong></span> <span class='ocrx_word' id='word_1_546' title='bbox 730 3955 825 4008; x_wconf 87' lang='lat' dir='ltr'><strong>per</strong></span> <span class='ocrx_word' id='word_1_547' title='bbox 850 3940 1039 4012; x_wconf 79' lang='lat' dir='ltr'><strong>decem</strong></span> <span class='ocrx_word' id='word_1_548' title='bbox 1067 3941 1188 3994; x_wconf 89' lang='lat' dir='ltr'><strong>illas</strong></span> <span class='ocrx_word' id='word_1_549' title='bbox 1209 3950 1402 4012; x_wconf 87' lang='lat' dir='ltr'><strong>gentes</strong></span> <span class='ocrx_word' id='word_1_550' title='bbox 1428 3943 1707 4012; x_wconf 88' lang='lat' dir='ltr'><strong>moraliter</strong></span> <span class='ocrx_word' id='word_1_551' title='bbox 1755 3938 2012 4011; x_wconf 84' lang='lat' dir='ltr'><strong>designa-</strong></span> <span class='ocrx_word' id='word_1_552' title='bbox 2112 3938 2257 4006; x_wconf 81' lang='lat' dir='ltr'><strong>Sent,</strong></span> <span class='ocrx_word' id='word_1_553' title='bbox 2292 3951 2339 3994; x_wconf 91' lang='lat' dir='ltr'><strong>et</strong></span> <span class='ocrx_word' id='word_1_554' title='bbox 2370 3940 2557 4012; x_wconf 72' lang='lat' dir='ltr'><strong>Citam,</strong></span> <span class='ocrx_word' id='word_1_555' title='bbox 2583 3951 2631 3995; x_wconf 93' lang='lat' dir='ltr'><strong>et</strong></span> <span class='ocrx_word' id='word_1_556' title='bbox 2652 3938 2865 4012; x_wconf 71' lang='lat' dir='ltr'><strong>Japhet,</strong></span> <span class='ocrx_word' id='word_1_557' title='bbox 2885 3939 3060 4012; x_wconf 78' lang='lat' dir='ltr'><strong>divisit</strong></span> <span class='ocrx_word' id='word_1_558' title='bbox 3080 3943 3229 4011; x_wconf 85' lang='lat' dir='ltr'><strong>jacta</strong></span> <span class='ocrx_word' id='word_1_559' title='bbox 3255 3949 3394 4012; x_wconf 80' lang='lat' dir='ltr'><strong>sorte</strong></span> <span class='ocrx_word' id='word_1_560' title='bbox 3421 3940 3477 3992; x_wconf 90' lang='lat' dir='ltr'><strong>in</strong></span> <span class='ocrx_word' id='word_1_561' title='bbox 3507 3938 3717 4012; x_wconf 68' lang='lat' dir='ltr'><strong>Rhino-</strong></span> 
     </span>
    </p>
   </div>
   <div class='ocr_carea' id='block_1_65' title="bbox 429 4008 3716 4094">
    <p class='ocr_par' dir='ltr' id='par_1_65' title="bbox 429 4008 3716 4094">
     <span class='ocr_line' id='line_1_67' title="bbox 429 4008 3716 4094; baseline 0.001 -33"><span class='ocrx_word' id='word_1_562' title='bbox 429 4010 536 4094; x_wconf 58' lang='lat' dir='ltr'><strong>tusj</strong></span> <span class='ocrx_word' id='word_1_563' title='bbox 565 4008 822 4094; x_wconf 75' lang='lat' dir='ltr'><strong>evidenter</strong></span> <span class='ocrx_word' id='word_1_564' title='bbox 845 4010 1108 4094; x_wconf 84' lang='lat' dir='ltr'><strong>impletur,</strong></span> <span class='ocrx_word' id='word_1_565' title='bbox 1133 4008 1249 4094; x_wconf 63' lang='lat' dir='ltr'><strong>cum</strong></span> <span class='ocrx_word' id='word_1_566' title='bbox 1280 4008 2011 4094; x_wconf 70' lang='lat' dir='ltr'><strong>idololatriablaspltemiaque</strong></span> <span class='ocrx_word' id='word_1_567' title='bbox 2115 4015 2332 4094; x_wconf 75' lang='lat' dir='ltr'><strong>coruris.</strong></span> <span class='ocrx_word' id='word_1_568' title='bbox 2365 4008 2784 4094; x_wconf 47' lang='lat' dir='ltr'><strong>Rhinof&#39;oruram</strong></span> <span class='ocrx_word' id='word_1_569' title='bbox 2817 4010 2906 4094; x_wconf 62' lang='grc' dir='ltr'><strong>[Ιιἶ</strong></span> <span class='ocrx_word' id='word_1_570' title='bbox 2935 4008 3368 4094; x_wconf 65' lang='lat' dir='ltr'><strong>Ilhinbcoluram]</strong></span> <span class='ocrx_word' id='word_1_571' title='bbox 3389 4011 3526 4064; x_wconf 86' lang='lat' dir='ltr'><strong>enim</strong></span> <span class='ocrx_word' id='word_1_572' title='bbox 3548 4011 3716 4094; x_wconf 49' lang='lat' dir='ltr'><strong>inte:-</strong></span> 
     </span>
    </p>
   </div>
   <div class='ocr_carea' id='block_1_66' title="bbox 427 4079 3720 4154">
    <p class='ocr_par' dir='ltr' id='par_1_66' title="bbox 427 4079 3720 4154">
     <span class='ocr_line' id='line_1_68' title="bbox 427 4079 3720 4154; baseline 0.002 -23"><span class='ocrx_word' id='word_1_573' title='bbox 427 4079 705 4154; x_wconf 59' lang='lat' dir='ltr'><strong>adduntur</strong></span> <span class='ocrx_word' id='word_1_574' title='bbox 725 4079 944 4154; x_wconf 82' lang='lat' dir='ltr'><strong>(nempe</strong></span> <span class='ocrx_word' id='word_1_575' title='bbox 973 4089 1098 4154; x_wconf 89' lang='lat' dir='ltr'><strong>octo</strong></span> <span class='ocrx_word' id='word_1_576' title='bbox 1122 4081 1270 4137; x_wconf 91' lang='lat' dir='ltr'><strong>vitiis</strong></span> <span class='ocrx_word' id='word_1_577' title='bbox 1302 4083 1689 4154; x_wconf 86' lang='lat' dir='ltr'><strong>principalibus</strong></span> <span class='ocrx_word' id='word_1_578' title='bbox 1709 4079 1830 4138; x_wconf 50' lang='lat' dir='ltr'><strong>&#39;sive</strong></span> <span class='ocrx_word' id='word_1_579' title='bbox 1858 4079 2009 4152; x_wconf 83' lang='lat' dir='ltr'><strong>capi-</strong></span> <span class='ocrx_word' id='word_1_580' title='bbox 2116 4086 2310 4154; x_wconf 85' lang='lat' dir='ltr'><strong>pretari</strong></span> <span class='ocrx_word' id='word_1_581' title='bbox 2339 4099 2498 4152; x_wconf 88' lang='lat' dir='ltr'><strong>queas</strong></span> <span class='ocrx_word' id='word_1_582' title='bbox 2526 4081 2683 4154; x_wconf 85' lang='lat' dir='ltr'><strong>Neel,</strong></span> <span class='ocrx_word' id='word_1_583' title='bbox 2717 4091 2765 4136; x_wconf 89' lang='lat' dir='ltr'><strong>et</strong></span> <span class='ocrx_word' id='word_1_584' title='bbox 2785 4079 2860 4136; x_wconf 80' lang='lat' dir='ltr'><strong>sic</strong></span> <span class='ocrx_word' id='word_1_585' title='bbox 2889 4083 3143 4154; x_wconf 66' lang='lat' dir='ltr'><strong>indigena</strong></span> <span class='ocrx_word' id='word_1_586' title='bbox 3173 4079 3367 4151; x_wconf 54' lang='lat' dir='ltr'><strong>ipsam&#39;</strong></span> <span class='ocrx_word' id='word_1_587' title='bbox 3389 4089 3595 4154; x_wconf 87' lang='lat' dir='ltr'><strong>vocant.</strong></span> <span class='ocrx_word' id='word_1_588' title='bbox 3620 4079 3720 4154; x_wconf 72' lang='lat' dir='ltr'><strong>Ea:</strong></span> 
     </span>
    </p>
   </div>
   <div class='ocr_carea' id='block_1_67' title="bbox 2116 4152 3716 4226">
    <p class='ocr_par' dir='ltr' id='par_1_67' title="bbox 2116 4152 3716 4226">
     <span class='ocr_line' id='line_1_69' title="bbox 2116 4152 3716 4226; baseline -0.003 -17"><span class='ocrx_word' id='word_1_589' title='bbox 2116 4152 2378 4226; x_wconf 67' lang='lat' dir='ltr'><strong>Hebraica</strong></span> <span class='ocrx_word' id='word_1_590' title='bbox 2417 4169 2534 4207; x_wconf 90' lang='lat' dir='ltr'><strong>vero</strong></span> <span class='ocrx_word' id='word_1_591' title='bbox 2562 4153 2742 4226; x_wconf 82' lang='lat' dir='ltr'><strong>lingua</strong></span> <span class='ocrx_word' id='word_1_592' title='bbox 2783 4153 3256 4226; x_wconf 10' lang='lat' dir='ltr'><strong>signiﬁcatrsortes,</strong></span> <span class='ocrx_word' id='word_1_593' title='bbox 3288 4152 3716 4226; x_wconf 70' lang='lat' dir='ltr'><strong>quandoquidem</strong></span> 
     </span>
    </p>
   </div>
   <div class='ocr_carea' id='block_1_68' title="bbox 2120 4223 2923 4280">
    <p class='ocr_par' dir='ltr' id='par_1_68' title="bbox 2120 4223 2923 4280">
     <span class='ocr_line' id='line_1_70' title="bbox 2120 4223 2923 4280; baseline -0.002 0"><span class='ocrx_word' id='word_1_594' title='bbox 2120 4224 2237 4280; x_wconf 84' lang='lat' dir='ltr'><strong>Noe</strong></span> <span class='ocrx_word' id='word_1_595' title='bbox 2261 4226 2374 4280; x_wconf 86' lang='lat' dir='ltr'><strong>illic</strong></span> <span class='ocrx_word' id='word_1_596' title='bbox 2409 4226 2550 4278; x_wconf 85' lang='lat' dir='ltr'><strong>misit</strong></span> <span class='ocrx_word' id='word_1_597' title='bbox 2573 4223 2735 4280; x_wconf 75' lang='lat' dir='ltr'><strong>sortes</strong></span> <span class='ocrx_word' id='word_1_598' title='bbox 2763 4223 2923 4278; x_wconf 86' lang='lat' dir='ltr'><strong>tribus</strong></span> 
     </span>
    </p>
   </div>
   <div class='ocr_carea' id='block_1_69' title="bbox 433 4149 2013 4224">
    <p class='ocr_par' dir='ltr' id='par_1_69' title="bbox 433 4149 2013 4224">
     <span class='ocr_line' id='line_1_71' title="bbox 433 4149 2013 4224; baseline 0.005 -24"><span class='ocrx_word' id='word_1_599' title='bbox 433 4149 651 4224; x_wconf 80' lang='lat' dir='ltr'><strong>talibus,</strong></span> <span class='ocrx_word' id='word_1_600' title='bbox 675 4149 742 4224; x_wconf 79' lang='lat' dir='ltr'><strong>de</strong></span> <span class='ocrx_word' id='word_1_601' title='bbox 770 4149 964 4224; x_wconf 81' lang='lat' dir='ltr'><strong>quibus</strong></span> <span class='ocrx_word' id='word_1_602' title='bbox 987 4152 1043 4206; x_wconf 91' lang='lat' dir='ltr'><strong>in</strong></span> <span class='ocrx_word' id='word_1_603' title='bbox 1073 4153 1174 4224; x_wconf 89' lang='lat' dir='ltr'><strong>hac</strong></span> <span class='ocrx_word' id='word_1_604' title='bbox 1199 4149 1386 4207; x_wconf 47' lang='lat' dir='ltr'><strong>coll&#39;at.</strong></span> <span class='ocrx_word' id='word_1_605' title='bbox 1409 4149 1628 4224; x_wconf 89' lang='lat' dir='ltr'><strong>agitur).</strong></span> <span class='ocrx_word' id='word_1_606' title='bbox 1659 4153 1854 4221; x_wconf 84' lang='lat' dir='ltr'><strong>Quibus</strong></span> <span class='ocrx_word' id='word_1_607' title='bbox 1881 4149 2013 4208; x_wconf 82' lang='lat' dir='ltr'><strong>duo-</strong></span> 
     </span>
    </p>
   </div>
   <div class='ocr_carea' id='block_1_70' title="bbox 431 4220 2011 4296">
    <p class='ocr_par' dir='ltr' id='par_1_70' title="bbox 431 4220 2011 4296">
     <span class='ocr_line' id='line_1_72' title="bbox 431 4220 2011 4296; baseline 0.004 -24"><span class='ocrx_word' id='word_1_608' title='bbox 431 4220 520 4296; x_wconf 78' lang='lat' dir='ltr'><strong>bus</strong></span> <span class='ocrx_word' id='word_1_609' title='bbox 544 4223 771 4296; x_wconf 82' lang='lat' dir='ltr'><strong>peccatis</strong></span> <span class='ocrx_word' id='word_1_610' title='bbox 791 4220 1032 4296; x_wconf 75' lang='lat' dir='ltr'><strong>subjecta</strong></span> <span class='ocrx_word' id='word_1_611' title='bbox 1061 4223 1158 4293; x_wconf 81' lang='lat' dir='ltr'><strong>fuit</strong></span> <span class='ocrx_word' id='word_1_612' title='bbox 1188 4224 1349 4292; x_wconf 88' lang='lat' dir='ltr'><strong>impia</strong></span> <span class='ocrx_word' id='word_1_613' title='bbox 1389 4220 1659 4296; x_wconf 71' lang='lat' dir='ltr'><strong>gentilium</strong></span> <span class='ocrx_word' id='word_1_614' title='bbox 1681 4220 2011 4296; x_wconf 10' lang='lat' dir='ltr'><strong>imuﬁlﬁtitudo,</strong></span> 
     </span>
    </p>
   </div>
   <div class='ocr_carea' id='block_1_71' title="bbox 429 4291 2008 4367">
    <p class='ocr_par' dir='ltr' id='par_1_71' title="bbox 429 4291 2008 4367">
     <span class='ocr_line' id='line_1_73' title="bbox 429 4291 2008 4367; baseline 0.005 -25"><span class='ocrx_word' id='word_1_615' title='bbox 429 4291 797 4367; x_wconf 75' lang='lat' dir='ltr'><strong>etblaspltema</strong></span> <span class='ocrx_word' id='word_1_616' title='bbox 823 4291 1130 4367; x_wconf 71' lang='lat' dir='ltr'><strong>Judteorurtt</strong></span> <span class='ocrx_word' id='word_1_617' title='bbox 1154 4291 1456 4362; x_wconf 37' lang='lat' dir='ltr'><strong>catervafin</strong></span> <span class='ocrx_word' id='word_1_618' title='bbox 1501 4295 1725 4365; x_wconf 82' lang='lat' dir='ltr'><strong>spiritali</strong></span> <span class='ocrx_word' id='word_1_619' title='bbox 1755 4295 2008 4367; x_wconf 65' lang='lat' dir='ltr'><strong>zEggpto,</strong></span> 
     </span>
    </p>
   </div>
   <div class='ocr_carea' id='block_1_72' title="bbox 431 4362 2017 4434">
    <p class='ocr_par' dir='ltr' id='par_1_72' title="bbox 431 4362 2017 4434">
     <span class='ocr_line' id='line_1_74' title="bbox 431 4362 2017 4434; baseline 0.004 -19"><span class='ocrx_word' id='word_1_620' title='bbox 431 4362 486 4434; x_wconf 85' lang='lat' dir='ltr'><strong>id</strong></span> <span class='ocrx_word' id='word_1_621' title='bbox 505 4371 601 4434; x_wconf 82' lang='lat' dir='ltr'><strong>est,</strong></span> <span class='ocrx_word' id='word_1_622' title='bbox 622 4365 676 4417; x_wconf 90' lang='lat' dir='ltr'><strong>in</strong></span> <span class='ocrx_word' id='word_1_623' title='bbox 700 4367 795 4418; x_wconf 88' lang='lat' dir='ltr'><strong>hoc</strong></span> <span class='ocrx_word' id='word_1_624' title='bbox 815 4364 1006 4420; x_wconf 78' lang='lat' dir='ltr'><strong>atecqu</strong></span> <span class='ocrx_word' id='word_1_625' title='bbox 1032 4382 1270 4434; x_wconf 90' lang='lat' dir='ltr'><strong>nequam,</strong></span> <span class='ocrx_word' id='word_1_626' title='bbox 1297 4362 1622 4433; x_wconf 74' lang='lat' dir='ltr'><strong>conversaris,</strong></span> <span class='ocrx_word' id='word_1_627' title='bbox 1641 4375 1761 4421; x_wconf 90' lang='lat' dir='ltr'><strong>ante</strong></span> <span class='ocrx_word' id='word_1_628' title='bbox 1777 4362 2017 4422; x_wconf 74' lang='lat' dir='ltr'><strong>notitiam</strong></span> 
     </span>
    </p>
   </div>
   <div class='ocr_carea' id='block_1_73' title="bbox 436 4432 2019 4508">
    <p class='ocr_par' dir='ltr' id='par_1_73' title="bbox 436 4432 2019 4508">
     <span class='ocr_line' id='line_1_75' title="bbox 436 4432 2019 4508; baseline 0.008 -25"><span class='ocrx_word' id='word_1_629' title='bbox 436 4432 530 4484; x_wconf 80' lang='lat' dir='ltr'><strong>Dei</strong></span> <span class='ocrx_word' id='word_1_630' title='bbox 557 4435 876 4508; x_wconf 85' lang='lat' dir='ltr'><strong>gratiamque</strong></span> <span class='ocrx_word' id='word_1_631' title='bbox 902 4432 1164 4508; x_wconf 81' lang='lat' dir='ltr'><strong>baptismi.</strong></span> <span class='ocrx_word' id='word_1_632' title='bbox 1199 4436 1275 4492; x_wconf 86' lang='lat' dir='ltr'><strong>Ita</strong></span> <span class='ocrx_word' id='word_1_633' title='bbox 1312 4437 1630 4508; x_wconf 83' lang='lat' dir='ltr'><strong>Dionysius,</strong></span> <span class='ocrx_word' id='word_1_634' title='bbox 1666 4438 1754 4492; x_wconf 91' lang='lat' dir='ltr'><strong>ubi</strong></span> <span class='ocrx_word' id='word_1_635' title='bbox 1801 4439 2019 4495; x_wconf 86' lang='lat' dir='ltr'><strong>intelle-</strong></span> 
     </span>
    </p>
   </div>
   <div class='ocr_carea' id='block_1_74' title="bbox 435 4507 2018 4580">
    <p class='ocr_par' dir='ltr' id='par_1_74' title="bbox 435 4507 2018 4580">
     <span class='ocr_line' id='line_1_76' title="bbox 435 4507 2018 4580; baseline 0.005 -23"><span class='ocrx_word' id='word_1_636' title='bbox 435 4508 692 4571; x_wconf 87' lang='lat' dir='ltr'><strong>ctualem,</strong></span> <span class='ocrx_word' id='word_1_637' title='bbox 741 4507 862 4580; x_wconf 80' lang='lat' dir='ltr'><strong>sive</strong></span> <span class='ocrx_word' id='word_1_638' title='bbox 911 4507 1246 4577; x_wconf 87' lang='lat' dir='ltr'><strong>spiritualem</strong></span> <span class='ocrx_word' id='word_1_639' title='bbox 1282 4507 1578 4580; x_wconf 66' lang='grc' dir='ltr'><strong>Εκγριιηιι</strong></span> <span class='ocrx_word' id='word_1_640' title='bbox 1631 4508 2018 4578; x_wconf 80' lang='lat' dir='ltr'><strong>interpretatur</strong></span> 
     </span>
    </p>
   </div>
   <div class='ocr_carea' id='block_1_75' title="bbox 435 4578 2019 4650">
    <p class='ocr_par' dir='ltr' id='par_1_75' title="bbox 435 4578 2019 4650">
     <span class='ocr_line' id='line_1_77' title="bbox 435 4578 2019 4650; baseline 0.006 -25"><span class='ocrx_word' id='word_1_641' title='bbox 435 4590 675 4650; x_wconf 70' lang='lat' dir='ltr'><strong>praesens</strong></span> <span class='ocrx_word' id='word_1_642' title='bbox 703 4578 960 4650; x_wconf 59' lang='lat' dir='ltr'><strong>saeculum</strong></span> <span class='ocrx_word' id='word_1_643' title='bbox 995 4593 1258 4644; x_wconf 82' lang='lat' dir='ltr'><strong>nequam;</strong></span> <span class='ocrx_word' id='word_1_644' title='bbox 1287 4591 1340 4634; x_wconf 93' lang='lat' dir='ltr'><strong>at</strong></span> <span class='ocrx_word' id='word_1_645' title='bbox 1370 4578 1597 4650; x_wconf 81' lang='lat' dir='ltr'><strong>videtur</strong></span> <span class='ocrx_word' id='word_1_646' title='bbox 1614 4580 1794 4644; x_wconf 85' lang='lat' dir='ltr'><strong>potius</strong></span> <span class='ocrx_word' id='word_1_647' title='bbox 1818 4581 2019 4650; x_wconf 90' lang='lat' dir='ltr'><strong>gastri-</strong></span> 
     </span>
    </p>
   </div>
   <div class='ocr_carea' id='block_1_76' title="bbox 437 4648 2017 4720">
    <p class='ocr_par' dir='ltr' id='par_1_76' title="bbox 437 4648 2017 4720">
     <span class='ocr_line' id='line_1_78' title="bbox 437 4648 2017 4720; baseline 0.006 -22"><span class='ocrx_word' id='word_1_648' title='bbox 437 4648 658 4720; x_wconf 71' lang='lat' dir='ltr'><strong>inargia:</strong></span> <span class='ocrx_word' id='word_1_649' title='bbox 692 4662 808 4720; x_wconf 86' lang='lat' dir='ltr'><strong>seu</strong></span> <span class='ocrx_word' id='word_1_650' title='bbox 845 4649 983 4720; x_wconf 70' lang='lat' dir='ltr'><strong>gula:</strong></span> <span class='ocrx_word' id='word_1_651' title='bbox 1031 4650 1221 4720; x_wconf 81' lang='lat' dir='ltr'><strong>vitium</strong></span> <span class='ocrx_word' id='word_1_652' title='bbox 1267 4665 1332 4706; x_wconf 80' lang='lat' dir='ltr'><strong>ex</strong></span> <span class='ocrx_word' id='word_1_653' title='bbox 1391 4649 1719 4720; x_wconf 66' lang='lat' dir='ltr'><strong>praecedenti</strong></span> <span class='ocrx_word' id='word_1_654' title='bbox 1767 4648 2017 4720; x_wconf 75' lang='lat' dir='ltr'><strong>gentium</strong></span> 
     </span>
    </p>
   </div>
   <div class='ocr_carea' id='block_1_77' title="bbox 439 4718 1208 4789">
    <p class='ocr_par' dir='ltr' id='par_1_77' title="bbox 439 4718 1208 4789">
     <span class='ocr_line' id='line_1_79' title="bbox 439 4718 1208 4789; baseline 0.01 -21"><span class='ocrx_word' id='word_1_655' title='bbox 439 4718 736 4789; x_wconf 75' lang='lat' dir='ltr'><strong>tropologia</strong></span> <span class='ocrx_word' id='word_1_656' title='bbox 778 4718 1208 4789; x_wconf 90' lang='lat' dir='ltr'><strong>intelligendum.</strong></span> 
     </span>
    </p>
   </div>
   <div class='ocr_carea' id='block_1_78' title="bbox 2966 4221 3720 4293">
    <p class='ocr_par' dir='ltr' id='par_1_78' title="bbox 2966 4221 3720 4293">
     <span class='ocr_line' id='line_1_80' title="bbox 2966 4221 3720 4293; baseline 0 -17"><span class='ocrx_word' id='word_1_657' title='bbox 2966 4225 3091 4293; x_wconf 78' lang='lat' dir='ltr'><strong>ﬁliis</strong></span> <span class='ocrx_word' id='word_1_658' title='bbox 3129 4224 3261 4278; x_wconf 84' lang='lat' dir='ltr'><strong>suis.</strong></span> <span class='ocrx_word' id='word_1_659' title='bbox 3293 4221 3356 4278; x_wconf 81' lang='lat' dir='ltr'><strong>Et</strong></span> <span class='ocrx_word' id='word_1_660' title='bbox 3384 4221 3523 4278; x_wconf 75' lang='lat' dir='ltr'><strong>infra</strong></span> <span class='ocrx_word' id='word_1_661' title='bbox 3554 4241 3569 4277; x_wconf 92' lang='lat'><strong>:</strong></span> <span class='ocrx_word' id='word_1_662' title='bbox 3601 4221 3720 4292; x_wconf 84' lang='lat' dir='ltr'><strong>Ipsi</strong></span> 
     </span>
    </p>
   </div>
   <div class='ocr_carea' id='block_1_79' title="bbox 2117 4293 3718 4365">
    <p class='ocr_par' dir='ltr' id='par_1_79' title="bbox 2117 4293 3718 4365">
     <span class='ocr_line' id='line_1_81' title="bbox 2117 4293 3718 4365; baseline -0.004 -14"><span class='ocrx_word' id='word_1_663' title='bbox 2117 4312 2234 4351; x_wconf 90' lang='lat' dir='ltr'><strong>vero</strong></span> <span class='ocrx_word' id='word_1_664' title='bbox 2277 4296 2400 4352; x_wconf 84' lang='lat' dir='ltr'><strong>Sent</strong></span> <span class='ocrx_word' id='word_1_665' title='bbox 2450 4297 2634 4350; x_wconf 88' lang='lat' dir='ltr'><strong>cecidit</strong></span> <span class='ocrx_word' id='word_1_666' title='bbox 2674 4312 2787 4350; x_wconf 86' lang='lat' dir='ltr'><strong>sors</strong></span> <span class='ocrx_word' id='word_1_667' title='bbox 2838 4295 2891 4348; x_wconf 89' lang='lat' dir='ltr'><strong>in</strong></span> <span class='ocrx_word' id='word_1_668' title='bbox 2941 4295 3360 4365; x_wconf 83' lang='lat' dir='ltr'><strong>amplitudinem,</strong></span> <span class='ocrx_word' id='word_1_669' title='bbox 3405 4293 3718 4359; x_wconf 70' lang='lat' dir='ltr'><strong>Palastina,</strong></span> 
     </span>
    </p>
   </div>
   <div class='ocr_carea' id='block_1_80' title="bbox 2121 4365 3720 4437">
    <p class='ocr_par' dir='ltr' id='par_1_80' title="bbox 2121 4365 3720 4437">
     <span class='ocr_line' id='line_1_82' title="bbox 2121 4365 3720 4437; baseline -0.002 -15"><span class='ocrx_word' id='word_1_670' title='bbox 2121 4367 2387 4433; x_wconf 69' lang='lat' dir='ltr'><strong>Phoenice,</strong></span> <span class='ocrx_word' id='word_1_671' title='bbox 2404 4376 2452 4422; x_wconf 91' lang='lat' dir='ltr'><strong>et</strong></span> <span class='ocrx_word' id='word_1_672' title='bbox 2478 4366 2618 4421; x_wconf 86' lang='lat' dir='ltr'><strong>Cava</strong></span> <span class='ocrx_word' id='word_1_673' title='bbox 2640 4366 2818 4437; x_wconf 79' lang='lat' dir='ltr'><strong>Syria,</strong></span> <span class='ocrx_word' id='word_1_674' title='bbox 2841 4376 2984 4430; x_wconf 89' lang='lat' dir='ltr'><strong>etc.;</strong></span> <span class='ocrx_word' id='word_1_675' title='bbox 3011 4366 3267 4437; x_wconf 77' lang='lat' dir='ltr'><strong>acpaulo</strong></span> <span class='ocrx_word' id='word_1_676' title='bbox 3303 4372 3458 4433; x_wconf 91' lang='lat' dir='ltr'><strong>post:</strong></span> <span class='ocrx_word' id='word_1_677' title='bbox 3486 4365 3720 4437; x_wconf 76' lang='lat' dir='ltr'><strong>Quando</strong></span> 
     </span>
    </p>
   </div>
   <div class='ocr_carea' id='block_1_81' title="bbox 2118 4434 3720 4503">
    <p class='ocr_par' dir='ltr' id='par_1_81' title="bbox 2118 4434 3720 4503">
     <span class='ocr_line' id='line_1_83' title="bbox 2118 4434 3720 4503; baseline -0.002 -10"><span class='ocrx_word' id='word_1_678' title='bbox 2118 4441 2279 4503; x_wconf 83' lang='lat' dir='ltr'><strong>igitur</strong></span> <span class='ocrx_word' id='word_1_679' title='bbox 2327 4440 2402 4493; x_wconf 87' lang='lat' dir='ltr'><strong>sic</strong></span> <span class='ocrx_word' id='word_1_680' title='bbox 2451 4439 2629 4492; x_wconf 70' lang='lat' dir='ltr'><strong>divisae</strong></span> <span class='ocrx_word' id='word_1_681' title='bbox 2654 4434 2774 4492; x_wconf 81' lang='lat' dir='ltr'><strong>sunt</strong></span> <span class='ocrx_word' id='word_1_682' title='bbox 2825 4443 3008 4503; x_wconf 86' lang='lat' dir='ltr'><strong>sortes,</strong></span> <span class='ocrx_word' id='word_1_683' title='bbox 3044 4434 3182 4499; x_wconf 86' lang='lat' dir='ltr'><strong>Noe,</strong></span> <span class='ocrx_word' id='word_1_684' title='bbox 3229 4436 3521 4490; x_wconf 88' lang='lat' dir='ltr'><strong>convocatis</strong></span> <span class='ocrx_word' id='word_1_685' title='bbox 3555 4435 3720 4490; x_wconf 79' lang='lat' dir='ltr'><strong>tribus</strong></span> 
     </span>
    </p>
   </div>
   <div class='ocr_carea' id='block_1_82' title="bbox 2162 4506 3716 4581">
    <p class='ocr_par' dir='ltr' id='par_1_82' title="bbox 2162 4506 3716 4581">
     <span class='ocr_line' id='line_1_84' title="bbox 2162 4506 3716 4581; baseline -0.004 -16"><span class='ocrx_word' id='word_1_686' title='bbox 2162 4511 2266 4573; x_wconf 79' lang='lat' dir='ltr'><strong>liis,</strong></span> <span class='ocrx_word' id='word_1_687' title='bbox 2297 4510 2517 4564; x_wconf 84' lang='lat' dir='ltr'><strong>decrevit</strong></span> <span class='ocrx_word' id='word_1_688' title='bbox 2558 4507 2904 4581; x_wconf 85' lang='lat' dir='ltr'><strong>jurejurando</strong></span> <span class='ocrx_word' id='word_1_689' title='bbox 2931 4517 2985 4581; x_wconf 78' lang='lat' dir='ltr'><strong>ut</strong></span> <span class='ocrx_word' id='word_1_690' title='bbox 3015 4522 3163 4561; x_wconf 90' lang='lat' dir='ltr'><strong>nemo</strong></span> <span class='ocrx_word' id='word_1_691' title='bbox 3185 4515 3378 4581; x_wconf 84' lang='lat' dir='ltr'><strong>sortem</strong></span> <span class='ocrx_word' id='word_1_692' title='bbox 3399 4506 3596 4581; x_wconf 69' lang='lat' dir='ltr'><strong>fratris</strong></span> <span class='ocrx_word' id='word_1_693' title='bbox 3629 4506 3716 4560; x_wconf 81' lang='lat' dir='ltr'><strong>sui</strong></span> 
     </span>
    </p>
   </div>
   <div class='ocr_carea' id='block_1_83' title="bbox 2118 4575 3714 4650">
    <p class='ocr_par' dir='ltr' id='par_1_83' title="bbox 2118 4575 3714 4650">
     <span class='ocr_line' id='line_1_85' title="bbox 2118 4575 3714 4650; baseline -0.002 -16"><span class='ocrx_word' id='word_1_694' title='bbox 2118 4575 2404 4650; x_wconf 81' lang='lat' dir='ltr'><strong>invaderet,</strong></span> <span class='ocrx_word' id='word_1_695' title='bbox 2435 4589 2488 4634; x_wconf 86' lang='lat' dir='ltr'><strong>et</strong></span> <span class='ocrx_word' id='word_1_696' title='bbox 2513 4575 2727 4650; x_wconf 72' lang='lat' dir='ltr'><strong>fratrem</strong></span> <span class='ocrx_word' id='word_1_697' title='bbox 2753 4595 2904 4631; x_wconf 88' lang='lat' dir='ltr'><strong>suum</strong></span> <span class='ocrx_word' id='word_1_698' title='bbox 2927 4578 3338 4650; x_wconf 62' lang='lat' dir='ltr'><strong>circumveniret.</strong></span> <span class='ocrx_word' id='word_1_699' title='bbox 3375 4575 3714 4650; x_wconf 15' lang='lat' dir='ltr'><strong>AtrChanaan</strong></span> 
     </span>
    </p>
   </div>
   <div class='ocr_carea' id='block_1_84' title="bbox 2122 4648 3718 4721">
    <p class='ocr_par' dir='ltr' id='par_1_84' title="bbox 2122 4648 3718 4721">
     <span class='ocr_line' id='line_1_86' title="bbox 2122 4648 3718 4721; baseline -0.003 -17"><span class='ocrx_word' id='word_1_700' title='bbox 2122 4651 2264 4721; x_wconf 78' lang='lat' dir='ltr'><strong>ﬁlius</strong></span> <span class='ocrx_word' id='word_1_701' title='bbox 2288 4649 2474 4712; x_wconf 76' lang='lat' dir='ltr'><strong>Citam,</strong></span> <span class='ocrx_word' id='word_1_702' title='bbox 2505 4648 2823 4721; x_wconf 79' lang='lat' dir='ltr'><strong>cuntavarus</strong></span> <span class='ocrx_word' id='word_1_703' title='bbox 2851 4659 3006 4716; x_wconf 83' lang='lat' dir='ltr'><strong>esset,</strong></span> <span class='ocrx_word' id='word_1_704' title='bbox 3029 4649 3217 4704; x_wconf 86' lang='lat' dir='ltr'><strong>invasit</strong></span> <span class='ocrx_word' id='word_1_705' title='bbox 3246 4648 3718 4721; x_wconf 66' lang='lat' dir='ltr'><strong>Palmstinam_ter-</strong></span> 
     </span>
    </p>
   </div>
   <div class='ocr_carea' id='block_1_85' title="bbox 2122 4717 3718 4792">
    <p class='ocr_par' dir='ltr' id='par_1_85' title="bbox 2122 4717 3718 4792">
     <span class='ocr_line' id='line_1_87' title="bbox 2122 4717 3718 4792; baseline -0.001 -18"><span class='ocrx_word' id='word_1_706' title='bbox 2122 4717 2257 4789; x_wconf 83' lang='lat' dir='ltr'><strong>ram,</strong></span> <span class='ocrx_word' id='word_1_707' title='bbox 2289 4729 2339 4775; x_wconf 91' lang='lat' dir='ltr'><strong>et</strong></span> <span class='ocrx_word' id='word_1_708' title='bbox 2370 4720 2634 4792; x_wconf 82' lang='lat' dir='ltr'><strong>occupavit</strong></span> <span class='ocrx_word' id='word_1_709' title='bbox 2663 4720 2851 4792; x_wconf 88' lang='lat' dir='ltr'><strong>ipsam,</strong></span> <span class='ocrx_word' id='word_1_710' title='bbox 2881 4729 2950 4792; x_wconf 84' lang='lat' dir='ltr'><strong>et</strong></span> <span class='ocrx_word' id='word_1_711' title='bbox 2990 4721 3357 4792; x_wconf 83' lang='lat' dir='ltr'><strong>appellataest</strong></span> <span class='ocrx_word' id='word_1_712' title='bbox 3405 4728 3544 4773; x_wconf 89' lang='lat' dir='ltr'><strong>terra</strong></span> <span class='ocrx_word' id='word_1_713' title='bbox 3573 4717 3718 4773; x_wconf 77' lang='lat' dir='ltr'><strong>Cha-</strong></span> 
     </span>
    </p>
   </div>
   <div class='ocr_carea' id='block_1_86' title="bbox 507 4785 3721 4882">
    <p class='ocr_par' dir='ltr' id='par_1_86' title="bbox 507 4785 3721 4882">
     <span class='ocr_line' id='line_1_88' title="bbox 507 4785 3721 4882; baseline 0 -41"><span class='ocrx_word' id='word_1_714' title='bbox 507 4785 534 4882; x_wconf 67' lang='grc' dir='ltr'><strong><em>ξ</em></strong></span> <span class='ocrx_word' id='word_1_715' title='bbox 588 4785 766 4882; x_wconf 48' lang='lat' dir='ltr'><strong>idest.</strong></span> <span class='ocrx_word' id='word_1_716' title='bbox 784 4830 801 4854; x_wconf 94' lang='lat'><strong>,</strong></span> <span class='ocrx_word' id='word_1_717' title='bbox 850 4785 1232 4882; x_wconf 42' lang='lat' dir='ltr'><strong>adl&#39;virtu‘tum</strong></span> <span class='ocrx_word' id='word_1_718' title='bbox 1275 4791 1649 4882; x_wconf 29' lang='lat' dir='ltr'><strong>studiumnvel</strong></span> <span class='ocrx_word' id='word_1_719' title='bbox 1676 4793 2016 4882; x_wconf 57' lang='lat' dir='ltr'><strong>spiritualsm</strong></span> <span class='ocrx_word' id='word_1_720' title='bbox 2043 4821 2099 4882; x_wconf 71' lang='grc' dir='ltr'><strong>Β</strong></span> <span class='ocrx_word' id='word_1_721' title='bbox 2125 4785 2288 4882; x_wconf 66' lang='lat' dir='ltr'><strong>riaan,</strong></span> <span class='ocrx_word' id='word_1_722' title='bbox 2313 4807 2373 4844; x_wconf 79' lang='lat' dir='ltr'><strong>eo</strong></span> <span class='ocrx_word' id='word_1_723' title='bbox 2401 4785 2540 4882; x_wconf 55' lang='lat' dir='ltr'><strong>quo}!</strong></span> <span class='ocrx_word' id='word_1_724' title='bbox 2566 4791 2620 4874; x_wconf 77' lang='lat' dir='ltr'><strong>in</strong></span> <span class='ocrx_word' id='word_1_725' title='bbox 2653 4785 2776 4872; x_wconf 67' lang='lat' dir='ltr'><strong>ipsa</strong></span> <span class='ocrx_word' id='word_1_726' title='bbox 2798 4785 3073 4882; x_wconf 54' lang='lat' dir='ltr'><strong>babitavi&#39;t,</strong></span> <span class='ocrx_word' id='word_1_727' title='bbox 3087 4791 3313 4882; x_wconf 71' lang='lat' dir='ltr'><strong>propria</strong></span> <span class='ocrx_word' id='word_1_728' title='bbox 3339 4806 3435 4882; x_wconf 67' lang='lat' dir='ltr'><strong>sua</strong></span> <span class='ocrx_word' id='word_1_729' title='bbox 3460 4799 3610 4882; x_wconf 55' lang='lat' dir='ltr'><strong>Lsorte</strong></span> <span class='ocrx_word' id='word_1_730' title='bbox 3638 4805 3721 4882; x_wconf 50' lang='lat' dir='ltr'><strong>re:</strong></span> 
     </span>
    </p>
   </div>
   <div class='ocr_carea' id='block_1_87' title="bbox 438 4856 2020 4934">
    <p class='ocr_par' dir='ltr' id='par_1_87' title="bbox 438 4856 2020 4934">
     <span class='ocr_line' id='line_1_89' title="bbox 438 4856 2020 4934; baseline 0.006 -24"><span class='ocrx_word' id='word_1_731' title='bbox 438 4856 634 4913; x_wconf 68' lang='lat' dir='ltr'><strong>animae</strong></span> <span class='ocrx_word' id='word_1_732' title='bbox 662 4868 861 4934; x_wconf 79' lang='lat' dir='ltr'><strong>statum</strong></span> <span class='ocrx_word' id='word_1_733' title='bbox 892 4870 946 4916; x_wconf 91' lang='lat' dir='ltr'><strong>et</strong></span> <span class='ocrx_word' id='word_1_734' title='bbox 977 4861 1235 4934; x_wconf 81' lang='lat' dir='ltr'><strong>quietem_,</strong></span> <span class='ocrx_word' id='word_1_735' title='bbox 1283 4864 1458 4918; x_wconf 91' lang='lat' dir='ltr'><strong>victor</strong></span> <span class='ocrx_word' id='word_1_736' title='bbox 1485 4856 1861 4934; x_wconf 65' lang='lat' dir='ltr'><strong>scilicet&#39;gulze</strong></span> <span class='ocrx_word' id='word_1_737' title='bbox 1883 4863 2020 4919; x_wconf 67' lang='lat' dir='ltr'><strong>elle-</strong></span> 
     </span>
    </p>
   </div>
   <div class='ocr_carea' id='block_1_88' title="bbox 435 4930 2018 5052">
    <p class='ocr_par' dir='ltr' id='par_1_88' title="bbox 435 4930 2018 5052">
     <span class='ocr_line' id='line_1_90' title="bbox 435 4930 2018 5052; baseline 0.006 -71"><span class='ocrx_word' id='word_1_738' title='bbox 435 4937 577 5052; x_wconf 58' lang='lat' dir='ltr'><strong>ftus,</strong></span> <span class='ocrx_word' id='word_1_739' title='bbox 610 4931 865 4999; x_wconf 89' lang='lat' dir='ltr'><strong>evaserit,</strong></span> <span class='ocrx_word' id='word_1_740' title='bbox 899 4946 1019 5001; x_wconf 63' lang='lat' dir='ltr'><strong>qua:</strong></span> <span class='ocrx_word' id='word_1_741' title='bbox 1047 4946 1144 5001; x_wconf 91' lang='lat' dir='ltr'><strong>per</strong></span> <span class='ocrx_word' id='word_1_742' title='bbox 1167 4930 1477 5004; x_wconf 66' lang='lat' dir='ltr'><strong>Egyptiam</strong></span> <span class='ocrx_word' id='word_1_743' title='bbox 1515 4930 2018 5004; x_wconf 51' lang='lat' dir='ltr'><strong>gentem‘designa-</strong></span> 
     </span>
     <span class='ocr_line' id='line_1_91' title="bbox 464 5014 544 5052; baseline 0.025 -2"><span class='ocrx_word' id='word_1_744' title='bbox 464 5014 544 5052; x_wconf 82' lang='lat' dir='ltr'><strong>lll&#39;.</strong></span> 
     </span>
    </p>
   </div>
   <div class='ocr_carea' id='block_1_89' title="bbox 464 5014 544 5052">
    <p class='ocr_par' dir='ltr' id='par_1_89' title="bbox 464 5014 544 5052">
     <span class='ocr_line' id='line_1_92' title="bbox 464 5014 544 5052; baseline 0.025 -2"><span class='ocrx_word' id='word_1_745' title='bbox 464 5014 544 5052; x_wconf 89' lang='lat' dir='ltr'><strong>ur.</strong></span> 
     </span>
    </p>
   </div>
   <div class='ocr_carea' id='block_1_90' title="bbox 513 5070 2018 5141">
    <p class='ocr_par' dir='ltr' id='par_1_90' title="bbox 513 5070 2018 5141">
     <span class='ocr_line' id='line_1_93' title="bbox 513 5070 2018 5141; baseline 0.003 -15"><span class='ocrx_word' id='word_1_746' title='bbox 513 5081 534 5108; x_wconf 77' lang='grc' dir='ltr'><em>ε</em></span> <span class='ocrx_word' id='word_1_747' title='bbox 563 5070 711 5126; x_wconf 87' lang='lat' dir='ltr'><strong>Hanc</strong></span> <span class='ocrx_word' id='word_1_748' title='bbox 735 5073 967 5126; x_wconf 90' lang='lat' dir='ltr'><strong>nominis</strong></span> <span class='ocrx_word' id='word_1_749' title='bbox 991 5071 1203 5127; x_wconf 87' lang='lat' dir='ltr'><strong>lsraelis</strong></span> <span class='ocrx_word' id='word_1_750' title='bbox 1231 5073 1729 5141; x_wconf 86' lang='lat' dir='ltr'><strong>interpretationem</strong></span> <span class='ocrx_word' id='word_1_751' title='bbox 1770 5076 1838 5128; x_wconf 88' lang='lat' dir='ltr'><strong>ab</strong></span> <span class='ocrx_word' id='word_1_752' title='bbox 1873 5077 2018 5130; x_wconf 88' lang='lat' dir='ltr'><strong>anti-</strong></span> 
     </span>
    </p>
   </div>
   <div class='ocr_carea' id='block_1_91' title="bbox 437 5141 2020 5212">
    <p class='ocr_par' dir='ltr' id='par_1_91' title="bbox 437 5141 2020 5212">
     <span class='ocr_line' id='line_1_94' title="bbox 437 5141 2020 5212; baseline 0.006 -20"><span class='ocrx_word' id='word_1_753' title='bbox 437 5141 558 5208; x_wconf 89' lang='lat' dir='ltr'><strong>quis</strong></span> <span class='ocrx_word' id='word_1_754' title='bbox 585 5150 859 5211; x_wconf 81' lang='lat' dir='ltr'><strong>acceptam</strong></span> <span class='ocrx_word' id='word_1_755' title='bbox 901 5153 953 5196; x_wconf 91' lang='lat' dir='ltr'><strong>et</strong></span> <span class='ocrx_word' id='word_1_756' title='bbox 999 5144 1262 5212; x_wconf 87' lang='lat' dir='ltr'><strong>vulgatam</strong></span> <span class='ocrx_word' id='word_1_757' title='bbox 1319 5145 1506 5207; x_wconf 81' lang='lat' dir='ltr'><strong>refert.</strong></span> <span class='ocrx_word' id='word_1_758' title='bbox 1559 5162 1665 5200; x_wconf 92' lang='lat' dir='ltr'><strong>non</strong></span> <span class='ocrx_word' id='word_1_759' title='bbox 1695 5155 1872 5200; x_wconf 85' lang='lat' dir='ltr'><strong>tamen</strong></span> <span class='ocrx_word' id='word_1_760' title='bbox 1901 5161 2020 5202; x_wconf 88' lang='lat' dir='ltr'><strong>eam</strong></span> 
     </span>
    </p>
   </div>
   <div class='ocr_carea' id='block_1_92' title="bbox 438 5213 2020 5282">
    <p class='ocr_par' dir='ltr' id='par_1_92' title="bbox 438 5213 2020 5282">
     <span class='ocr_line' id='line_1_95' title="bbox 438 5213 2020 5282; baseline 0.005 -20"><span class='ocrx_word' id='word_1_761' title='bbox 438 5213 661 5265; x_wconf 84' lang='lat' dir='ltr'><strong>omnino</strong></span> <span class='ocrx_word' id='word_1_762' title='bbox 679 5213 1023 5282; x_wconf 81' lang='lat' dir='ltr'><strong>approbatD.</strong></span> <span class='ocrx_word' id='word_1_763' title='bbox 1051 5215 1409 5282; x_wconf 88' lang='lat' dir='ltr'><strong>Hieronymus</strong></span> <span class='ocrx_word' id='word_1_764' title='bbox 1437 5219 1487 5269; x_wconf 91' lang='lat' dir='ltr'><strong>in</strong></span> <span class='ocrx_word' id='word_1_765' title='bbox 1506 5217 1709 5282; x_wconf 68' lang='lat' dir='ltr'><strong>Quiaest.</strong></span> <span class='ocrx_word' id='word_1_766' title='bbox 1738 5217 2020 5282; x_wconf 84' lang='lat' dir='ltr'><strong>llebraic.,</strong></span> 
     </span>
    </p>
   </div>
   <div class='ocr_carea' id='block_1_93' title="bbox 437 5233 2023 5354">
    <p class='ocr_par' dir='ltr' id='par_1_93' title="bbox 437 5233 2023 5354">
     <span class='ocr_line' id='line_1_96' title="bbox 438 5233 2020 5282; baseline 0.005 -20"><span class='ocrx_word' id='word_1_767' title='bbox 438 5233 661 5265; x_wconf 83' lang='lat' dir='ltr'><strong>nnmuio</strong></span> <span class='ocrx_word' id='word_1_768' title='bbox 679 5233 942 5282; x_wconf 82' lang='lat' dir='ltr'><strong>appronat</strong></span> <span class='ocrx_word' id='word_1_769' title='bbox 959 5233 1023 5268; x_wconf 88' lang='grc' dir='ltr'><strong>υ.</strong></span> <span class='ocrx_word' id='word_1_770' title='bbox 1051 5233 1248 5270; x_wconf 86' lang='lat' dir='ltr'><strong>meron</strong></span> <span class='ocrx_word' id='word_1_771' title='bbox 1292 5233 1409 5269; x_wconf 88' lang='lat' dir='ltr'><strong>mus</strong></span> <span class='ocrx_word' id='word_1_772' title='bbox 1437 5233 1487 5269; x_wconf 84' lang='lat' dir='ltr'><strong>in</strong></span> <span class='ocrx_word' id='word_1_773' title='bbox 1506 5233 1709 5282; x_wconf 69' lang='grc' dir='ltr'><strong>ψιεεει.</strong></span> <span class='ocrx_word' id='word_1_774' title='bbox 1739 5233 2020 5282; x_wconf 83' lang='lat' dir='ltr'><strong>nenraic.,</strong></span> 
     </span>
     <span class='ocr_line' id='line_1_97' title="bbox 437 5233 2023 5354; baseline 0.005 -20"><span class='ocrx_word' id='word_1_775' title='bbox 437 5282 527 5354; x_wconf 81' lang='lat' dir='ltr'><strong>ubi</strong></span> <span class='ocrx_word' id='word_1_776' title='bbox 562 5285 702 5338; x_wconf 91' lang='lat' dir='ltr'><strong>inter</strong></span> <span class='ocrx_word' id='word_1_777' title='bbox 719 5282 824 5336; x_wconf 86' lang='lat' dir='ltr'><strong>alia</strong></span> <span class='ocrx_word' id='word_1_778' title='bbox 852 5283 970 5339; x_wconf 67' lang='lat' dir='ltr'><strong>haec</strong></span> <span class='ocrx_word' id='word_1_779' title='bbox 1011 5285 1210 5339; x_wconf 78' lang='lat' dir='ltr'><strong>habet:</strong></span> <span class='ocrx_word' id='word_1_780' title='bbox 1246 5233 1392 5338; x_wconf 70' lang='grc' dir='ltr'><strong>Ῐιιιιά</strong></span> <span class='ocrx_word' id='word_1_781' title='bbox 1432 5297 1604 5339; x_wconf 85' lang='lat' dir='ltr'><strong>autent</strong></span> <span class='ocrx_word' id='word_1_782' title='bbox 1641 5287 1778 5354; x_wconf 89' lang='lat' dir='ltr'><strong>quod</strong></span> <span class='ocrx_word' id='word_1_783' title='bbox 1806 5288 1858 5339; x_wconf 89' lang='lat' dir='ltr'><strong>in</strong></span> <span class='ocrx_word' id='word_1_784' title='bbox 1888 5287 2023 5342; x_wconf 86' lang='lat' dir='ltr'><strong>libro</strong></span> 
     </span>
    </p>
   </div>
   <div class='ocr_carea' id='block_1_94' title="bbox 443 5351 2024 5425">
    <p class='ocr_par' dir='ltr' id='par_1_94' title="bbox 443 5351 2024 5425">
     <span class='ocr_line' id='line_1_98' title="bbox 443 5351 2024 5425; baseline 0.006 -20"><span class='ocrx_word' id='word_1_785' title='bbox 443 5351 492 5404; x_wconf 82' lang='grc' dir='ltr'><em>Ν</em></span> <span class='ocrx_word' id='word_1_786' title='bbox 498 5355 726 5407; x_wconf 87' lang='lat' dir='ltr'><strong>ominum</strong></span> <span class='ocrx_word' id='word_1_787' title='bbox 768 5356 1137 5425; x_wconf 88' lang='lat' dir='ltr'><strong>interpretatur</strong></span> <span class='ocrx_word' id='word_1_788' title='bbox 1166 5354 1335 5410; x_wconf 86' lang='lat' dir='ltr'><strong>Israel</strong></span> <span class='ocrx_word' id='word_1_789' title='bbox 1357 5357 1432 5408; x_wconf 89' lang='lat' dir='ltr'><strong>vir</strong></span> <span class='ocrx_word' id='word_1_790' title='bbox 1462 5351 1876 5421; x_wconf 30' lang='lat' dir='ltr'><strong>videns&#39;Deum,</strong></span> <span class='ocrx_word' id='word_1_791' title='bbox 1920 5360 2024 5414; x_wconf 82' lang='lat' dir='ltr'><strong>sive</strong></span> 
     </span>
    </p>
   </div>
   <div class='ocr_carea' id='block_1_95' title="bbox 439 5425 2020 5496">
    <p class='ocr_par' dir='ltr' id='par_1_95' title="bbox 439 5425 2020 5496">
     <span class='ocr_line' id='line_1_99' title="bbox 439 5425 2020 5496; baseline 0.004 -21"><span class='ocrx_word' id='word_1_792' title='bbox 439 5440 579 5477; x_wconf 88' lang='lat' dir='ltr'><strong>mens</strong></span> <span class='ocrx_word' id='word_1_793' title='bbox 608 5426 781 5480; x_wconf 80' lang='lat' dir='ltr'><strong>videns</strong></span> <span class='ocrx_word' id='word_1_794' title='bbox 822 5425 1010 5492; x_wconf 87' lang='lat' dir='ltr'><strong>Deum,</strong></span> <span class='ocrx_word' id='word_1_795' title='bbox 1043 5428 1272 5480; x_wconf 83' lang='lat' dir='ltr'><strong>omnium</strong></span> <span class='ocrx_word' id='word_1_796' title='bbox 1314 5442 1439 5496; x_wconf 85' lang='lat' dir='ltr'><strong>pene</strong></span> <span class='ocrx_word' id='word_1_797' title='bbox 1486 5442 1718 5480; x_wconf 89' lang='lat' dir='ltr'><strong>sermone</strong></span> <span class='ocrx_word' id='word_1_798' title='bbox 1755 5429 2020 5495; x_wconf 87' lang='lat' dir='ltr'><strong>detritum,</strong></span> 
     </span>
    </p>
   </div>
   <div class='ocr_carea' id='block_1_96' title="bbox 439 5495 2025 5567">
    <p class='ocr_par' dir='ltr' id='par_1_96' title="bbox 439 5495 2025 5567">
     <span class='ocr_line' id='line_1_100' title="bbox 439 5495 2025 5567; baseline 0.006 -22"><span class='ocrx_word' id='word_1_799' title='bbox 439 5511 546 5546; x_wconf 85' lang='lat' dir='ltr'><strong>non</strong></span> <span class='ocrx_word' id='word_1_800' title='bbox 579 5503 684 5546; x_wconf 84' lang='lat' dir='ltr'><strong>tant</strong></span> <span class='ocrx_word' id='word_1_801' title='bbox 713 5512 826 5567; x_wconf 79' lang='lat' dir='ltr'><strong>vere</strong></span> <span class='ocrx_word' id='word_1_802' title='bbox 853 5512 1008 5566; x_wconf 87' lang='lat' dir='ltr'><strong>quam</strong></span> <span class='ocrx_word' id='word_1_803' title='bbox 1038 5497 1284 5550; x_wconf 85' lang='lat' dir='ltr'><strong>violenter</strong></span> <span class='ocrx_word' id='word_1_804' title='bbox 1309 5495 1437 5550; x_wconf 83' lang='lat' dir='ltr'><strong>mihi</strong></span> <span class='ocrx_word' id='word_1_805' title='bbox 1469 5497 1859 5567; x_wconf 87' lang='lat' dir='ltr'><strong>interpretatum</strong></span> <span class='ocrx_word' id='word_1_806' title='bbox 1887 5499 2025 5554; x_wconf 85' lang='lat' dir='ltr'><strong>vide-</strong></span> 
     </span>
    </p>
   </div>
   <div class='ocr_carea' id='block_1_97' title="bbox 444 5565 2027 5641">
    <p class='ocr_par' dir='ltr' id='par_1_97' title="bbox 444 5565 2027 5641">
     <span class='ocr_line' id='line_1_101' title="bbox 444 5565 2027 5641; baseline 0.008 -27"><span class='ocrx_word' id='word_1_807' title='bbox 444 5573 547 5641; x_wconf 69' lang='lat' dir='ltr'><strong>tur,</strong></span> <span class='ocrx_word' id='word_1_808' title='bbox 569 5574 680 5641; x_wconf 63' lang='lat' dir='ltr'><strong>etc.</strong></span> <span class='ocrx_word' id='word_1_809' title='bbox 721 5565 880 5641; x_wconf 76' lang='lat' dir='ltr'><strong>(Vide</strong></span> <span class='ocrx_word' id='word_1_810' title='bbox 895 5567 1211 5641; x_wconf 79' lang='lat' dir='ltr'><strong>notationem</strong></span> <span class='ocrx_word' id='word_1_811' title='bbox 1239 5567 1575 5641; x_wconf 27' lang='lat' dir='ltr'><strong>adAl._vn_de</strong></span> <span class='ocrx_word' id='word_1_812' title='bbox 1597 5565 2027 5641; x_wconf 13' lang='lat' dir='ltr'><strong>Incar.icap.ﬁ9).</strong></span> 
     </span>
    </p>
   </div>
   <div class='ocr_carea' id='block_1_98' title="bbox 511 5633 2026 5704">
    <p class='ocr_par' dir='ltr' id='par_1_98' title="bbox 511 5633 2026 5704">
     <span class='ocr_line' id='line_1_102' title="bbox 511 5633 2026 5704; baseline 0.006 -17"><span class='ocrx_word' id='word_1_813' title='bbox 511 5633 537 5672; x_wconf 72' lang='grc' dir='ltr'><strong>τι</strong></span> <span class='ocrx_word' id='word_1_814' title='bbox 568 5633 738 5704; x_wconf 73' lang='lat' dir='ltr'><strong>Huius</strong></span> <span class='ocrx_word' id='word_1_815' title='bbox 768 5637 1072 5692; x_wconf 82' lang='lat' dir='ltr'><strong>traditionis</strong></span> <span class='ocrx_word' id='word_1_816' title='bbox 1101 5637 1346 5690; x_wconf 89' lang='lat' dir='ltr'><strong>meminit</strong></span> <span class='ocrx_word' id='word_1_817' title='bbox 1378 5638 1436 5690; x_wconf 90' lang='lat' dir='ltr'><strong>D.</strong></span> <span class='ocrx_word' id='word_1_818' title='bbox 1469 5639 1718 5694; x_wconf 89' lang='lat' dir='ltr'><strong>Clemens</strong></span> <span class='ocrx_word' id='word_1_819' title='bbox 1742 5640 1838 5694; x_wconf 78' lang='lat' dir='ltr'><strong>Ili).</strong></span> <span class='ocrx_word' id='word_1_820' title='bbox 1868 5633 1883 5694; x_wconf 84' lang='lat' dir='ltr'><strong>i</strong></span> <span class='ocrx_word' id='word_1_821' title='bbox 1919 5633 2026 5696; x_wconf 77' lang='lat' dir='ltr'><strong>Re-</strong></span> 
     </span>
    </p>
   </div>
   <div class='ocr_carea' id='block_1_99' title="bbox 442 5705 2026 5777">
    <p class='ocr_par' dir='ltr' id='par_1_99' title="bbox 442 5705 2026 5777">
     <span class='ocr_line' id='line_1_103' title="bbox 442 5705 2026 5777; baseline 0.009 -24"><span class='ocrx_word' id='word_1_822' title='bbox 442 5705 682 5777; x_wconf 81' lang='lat' dir='ltr'><strong>rngnit.,</strong></span> <span class='ocrx_word' id='word_1_823' title='bbox 739 5708 827 5762; x_wconf 87' lang='lat' dir='ltr'><strong>ubi</strong></span> <span class='ocrx_word' id='word_1_824' title='bbox 885 5707 1048 5762; x_wconf 83' lang='lat' dir='ltr'><strong>docet</strong></span> <span class='ocrx_word' id='word_1_825' title='bbox 1101 5707 1266 5761; x_wconf 81' lang='lat' dir='ltr'><strong>Deum</strong></span> <span class='ocrx_word' id='word_1_826' title='bbox 1321 5708 1448 5762; x_wconf 84' lang='lat' dir='ltr'><strong>(iliis</strong></span> <span class='ocrx_word' id='word_1_827' title='bbox 1500 5710 1665 5765; x_wconf 83' lang='lat' dir='ltr'><strong>Israel</strong></span> <span class='ocrx_word' id='word_1_828' title='bbox 1721 5712 2026 5768; x_wconf 81' lang='lat' dir='ltr'><strong>restituisse</strong></span> 
     </span>
    </p>
   </div>
   <div class='ocr_carea' id='block_1_100' title="bbox 446 5777 2026 5850">
    <p class='ocr_par' dir='ltr' id='par_1_100' title="bbox 446 5777 2026 5850">
     <span class='ocr_line' id='line_1_104' title="bbox 446 5777 2026 5850; baseline 0.004 -18"><span class='ocrx_word' id='word_1_829' title='bbox 446 5790 648 5837; x_wconf 81' lang='lat' dir='ltr'><strong>teriam</strong></span> <span class='ocrx_word' id='word_1_830' title='bbox 677 5779 950 5838; x_wconf 66' lang='lat' dir='ltr'><strong>Chanaan</strong></span> <span class='ocrx_word' id='word_1_831' title='bbox 974 5793 1008 5835; x_wconf 88' lang='lat' dir='ltr'><strong>a</strong></span> <span class='ocrx_word' id='word_1_832' title='bbox 1035 5777 1329 5849; x_wconf 83' lang='lat' dir='ltr'><strong>majoribus</strong></span> <span class='ocrx_word' id='word_1_833' title='bbox 1371 5779 1497 5850; x_wconf 91' lang='lat' dir='ltr'><strong>jure</strong></span> <span class='ocrx_word' id='word_1_834' title='bbox 1546 5781 1892 5839; x_wconf 72' lang='lat' dir='ltr'><strong>litereditario</strong></span> <span class='ocrx_word' id='word_1_835' title='bbox 1921 5782 2026 5840; x_wconf 86' lang='lat' dir='ltr'><strong>sibi</strong></span> 
     </span>
    </p>
   </div>
   <div class='ocr_carea' id='block_1_101' title="bbox 2123 4861 3722 4932">
    <p class='ocr_par' dir='ltr' id='par_1_101' title="bbox 2123 4861 3722 4932">
     <span class='ocr_line' id='line_1_105' title="bbox 2123 4861 3722 4932; baseline -0.001 -17"><span class='ocrx_word' id='word_1_836' title='bbox 2123 4861 2268 4926; x_wconf 91' lang='lat' dir='ltr'><strong>licta,</strong></span> <span class='ocrx_word' id='word_1_837' title='bbox 2299 4877 2362 4915; x_wconf 91' lang='lat' dir='ltr'><strong>eo</strong></span> <span class='ocrx_word' id='word_1_838' title='bbox 2375 4865 2514 4932; x_wconf 87' lang='lat' dir='ltr'><strong>quod</strong></span> <span class='ocrx_word' id='word_1_839' title='bbox 2541 4861 2700 4915; x_wconf 88' lang='lat' dir='ltr'><strong>nimio</strong></span> <span class='ocrx_word' id='word_1_840' title='bbox 2729 4861 2903 4932; x_wconf 85' lang='lat' dir='ltr'><strong>calore</strong></span> <span class='ocrx_word' id='word_1_841' title='bbox 2941 4863 3137 4930; x_wconf 80' lang='lat' dir='ltr'><strong>referta</strong></span> <span class='ocrx_word' id='word_1_842' title='bbox 3180 4877 3291 4916; x_wconf 88' lang='lat' dir='ltr'><strong>esse</strong></span> <span class='ocrx_word' id='word_1_843' title='bbox 3339 4861 3608 4932; x_wconf 85' lang='lat' dir='ltr'><strong>videbatur</strong></span> <span class='ocrx_word' id='word_1_844' title='bbox 3630 4902 3644 4924; x_wconf 90' lang='lat'><strong>,</strong></span> <span class='ocrx_word' id='word_1_845' title='bbox 3673 4869 3722 4914; x_wconf 86' lang='lat' dir='ltr'><strong>et</strong></span> 
     </span>
    </p>
   </div>
   <div class='ocr_carea' id='block_1_102' title="bbox 2124 4931 3722 5001">
    <p class='ocr_par' dir='ltr' id='par_1_102' title="bbox 2124 4931 3722 5001">
     <span class='ocr_line' id='line_1_106' title="bbox 2124 4931 3722 5001; baseline -0.003 -12"><span class='ocrx_word' id='word_1_846' title='bbox 2124 4937 2306 4989; x_wconf 84' lang='lat' dir='ltr'><strong>sedens</strong></span> <span class='ocrx_word' id='word_1_847' title='bbox 2331 4931 2395 4986; x_wconf 87' lang='lat' dir='ltr'><strong>in</strong></span> <span class='ocrx_word' id='word_1_848' title='bbox 2415 4942 2554 4987; x_wconf 86' lang='lat' dir='ltr'><strong>terra</strong></span> <span class='ocrx_word' id='word_1_849' title='bbox 2590 4934 2753 5001; x_wconf 89' lang='lat' dir='ltr'><strong>ipsius</strong></span> <span class='ocrx_word' id='word_1_850' title='bbox 2791 4931 2934 4994; x_wconf 86' lang='lat' dir='ltr'><strong>Sem,</strong></span> <span class='ocrx_word' id='word_1_851' title='bbox 2973 4947 3088 5000; x_wconf 74' lang='lat' dir='ltr'><strong>qua:</strong></span> <span class='ocrx_word' id='word_1_852' title='bbox 3114 4948 3248 4985; x_wconf 90' lang='lat' dir='ltr'><strong>nunc</strong></span> <span class='ocrx_word' id='word_1_853' title='bbox 3274 4931 3462 4987; x_wconf 68' lang='lat' dir='ltr'><strong>Iudaea</strong></span> <span class='ocrx_word' id='word_1_854' title='bbox 3483 4931 3722 5001; x_wconf 76' lang='lat' dir='ltr'><strong>appella-</strong></span> 
     </span>
    </p>
   </div>
   <div class='ocr_carea' id='block_1_103' title="bbox 2127 4949 3723 5087">
    <p class='ocr_par' dir='ltr' id='par_1_103' title="bbox 2127 4949 3723 5087">
     <span class='ocr_line' id='line_1_107' title="bbox 2127 4949 3722 5001; baseline -0.003 -12"><span class='ocrx_word' id='word_1_855' title='bbox 2127 4949 2306 4989; x_wconf 86' lang='lat' dir='ltr'><strong>seaens</strong></span> <span class='ocrx_word' id='word_1_856' title='bbox 2331 4950 2381 4986; x_wconf 83' lang='lat' dir='ltr'><strong>tn</strong></span> <span class='ocrx_word' id='word_1_857' title='bbox 2415 4949 2554 4987; x_wconf 86' lang='lat' dir='ltr'><strong>terra</strong></span> <span class='ocrx_word' id='word_1_858' title='bbox 2590 4949 2605 4985; x_wconf 88' lang='lat' dir='ltr'><strong>t</strong></span> <span class='ocrx_word' id='word_1_859' title='bbox 2646 4949 2753 4987; x_wconf 79' lang='lat' dir='ltr'><strong>sius</strong></span> <span class='ocrx_word' id='word_1_860' title='bbox 2791 4949 2934 4994; x_wconf 71' lang='lat' dir='ltr'><strong>nem,</strong></span> <span class='ocrx_word' id='word_1_861' title='bbox 2973 4949 3088 5000; x_wconf 75' lang='lat' dir='ltr'><strong>qua:</strong></span> <span class='ocrx_word' id='word_1_862' title='bbox 3114 4949 3248 4985; x_wconf 90' lang='lat' dir='ltr'><strong>nunc</strong></span> <span class='ocrx_word' id='word_1_863' title='bbox 3274 4949 3462 4987; x_wconf 76' lang='lat' dir='ltr'><strong>Juacea</strong></span> <span class='ocrx_word' id='word_1_864' title='bbox 3483 4949 3722 5001; x_wconf 86' lang='lat' dir='ltr'><strong>appeua-</strong></span> 
     </span>
     <span class='ocr_line' id='line_1_108' title="bbox 2127 4949 3723 5087; baseline 0.001 -31"><span class='ocrx_word' id='word_1_865' title='bbox 2127 5014 2234 5070; x_wconf 88' lang='lat' dir='ltr'><strong>tur,</strong></span> <span class='ocrx_word' id='word_1_866' title='bbox 2265 5005 2440 5087; x_wconf 65' lang='lat' dir='ltr'><strong>genuit</strong></span> <span class='ocrx_word' id='word_1_867' title='bbox 2467 5007 2559 5057; x_wconf 82' lang='lat' dir='ltr'><strong>hos</strong></span> <span class='ocrx_word' id='word_1_868' title='bbox 2582 4949 2743 5087; x_wconf 50' lang='grc' dir='ltr'><strong>βῖὼῂ</strong></span> <span class='ocrx_word' id='word_1_869' title='bbox 2771 5002 3150 5087; x_wconf 64' lang='grc' dir='ltr'><strong>Αηιοννζιωωηι,</strong></span> <span class='ocrx_word' id='word_1_870' title='bbox 3178 5001 3528 5087; x_wconf 69' lang='lat' dir='ltr'><strong>Gergesaenni,</strong></span> <span class='ocrx_word' id='word_1_871' title='bbox 3556 5002 3723 5087; x_wconf 73' lang='lat' dir='ltr'><strong>Mere-</strong></span> 
     </span>
    </p>
   </div>
   <div class='ocr_carea' id='block_1_104' title="bbox 2127 5073 3712 5141">
    <p class='ocr_par' dir='ltr' id='par_1_104' title="bbox 2127 5073 3712 5141">
     <span class='ocr_line' id='line_1_109' title="bbox 2127 5073 3712 5141; baseline -0.002 -11"><span class='ocrx_word' id='word_1_872' title='bbox 2127 5073 2310 5140; x_wconf 74' lang='lat' dir='ltr'><strong>steum,</strong></span> <span class='ocrx_word' id='word_1_873' title='bbox 2343 5073 2659 5140; x_wconf 77' lang='lat' dir='ltr'><strong>Jebustettm,</strong></span> <span class='ocrx_word' id='word_1_874' title='bbox 2691 5073 2923 5139; x_wconf 76' lang='lat' dir='ltr'><strong>vaum,</strong></span> <span class='ocrx_word' id='word_1_875' title='bbox 2948 5074 3228 5132; x_wconf 83' lang='lat' dir='ltr'><strong>Arucanm.</strong></span> <span class='ocrx_word' id='word_1_876' title='bbox 3262 5073 3574 5141; x_wconf 69' lang='lat' dir='ltr'><strong>(Isthmum,</strong></span> <span class='ocrx_word' id='word_1_877' title='bbox 3598 5075 3712 5128; x_wconf 79' lang='lat' dir='ltr'><strong>Ase-</strong></span> 
     </span>
    </p>
   </div>
   <div class='ocr_carea' id='block_1_105' title="bbox 2128 5143 3706 5211">
    <p class='ocr_par' dir='ltr' id='par_1_105' title="bbox 2128 5143 3706 5211">
     <span class='ocr_line' id='line_1_110' title="bbox 2128 5143 3706 5211; baseline 0.001 -13"><span class='ocrx_word' id='word_1_878' title='bbox 2128 5146 2683 5211; x_wconf 70' lang='lat' dir='ltr'><strong>vteum,Samaratum,</strong></span> <span class='ocrx_word' id='word_1_879' title='bbox 2720 5146 3018 5208; x_wconf 83' lang='lat' dir='ltr'><strong>Sidonium,</strong></span> <span class='ocrx_word' id='word_1_880' title='bbox 3040 5155 3090 5200; x_wconf 88' lang='lat' dir='ltr'><strong>et</strong></span> <span class='ocrx_word' id='word_1_881' title='bbox 3127 5143 3469 5200; x_wconf 77' lang='lat' dir='ltr'><strong>Philisiceum.</strong></span> <span class='ocrx_word' id='word_1_882' title='bbox 3521 5151 3597 5199; x_wconf 80' lang='lat' dir='ltr'><strong>Ac</strong></span> <span class='ocrx_word' id='word_1_883' title='bbox 3628 5148 3706 5200; x_wconf 71' lang='lat' dir='ltr'><strong>de</strong></span> 
     </span>
    </p>
   </div>
   <div class='ocr_carea' id='block_1_106' title="bbox 2132 5215 3708 5282">
    <p class='ocr_par' dir='ltr' id='par_1_106' title="bbox 2132 5215 3708 5282">
     <span class='ocr_line' id='line_1_111' title="bbox 2132 5215 3708 5282; baseline -0.004 -12"><span class='ocrx_word' id='word_1_884' title='bbox 2132 5231 2278 5270; x_wconf 92' lang='lat' dir='ltr'><strong>mum</strong></span> <span class='ocrx_word' id='word_1_885' title='bbox 2301 5217 2484 5271; x_wconf 91' lang='lat' dir='ltr'><strong>subdit</strong></span> <span class='ocrx_word' id='word_1_886' title='bbox 2515 5234 2526 5267; x_wconf 89' lang='lat'><strong>:</strong></span> <span class='ocrx_word' id='word_1_887' title='bbox 2553 5217 2954 5282; x_wconf 80' lang='lat' dir='ltr'><strong>lntemporibus</strong></span> <span class='ocrx_word' id='word_1_888' title='bbox 2985 5215 3229 5269; x_wconf 82' lang='lat' dir='ltr'><strong>Naasson</strong></span> <span class='ocrx_word' id='word_1_889' title='bbox 3257 5215 3452 5269; x_wconf 82' lang='lat' dir='ltr'><strong>tribuni</strong></span> <span class='ocrx_word' id='word_1_890' title='bbox 3472 5215 3642 5280; x_wconf 77' lang='lat' dir='ltr'><strong>Iuda,</strong></span> <span class='ocrx_word' id='word_1_891' title='bbox 3671 5223 3708 5265; x_wconf 71' lang='grc' dir='ltr'><strong>ει</strong></span> 
     </span>
    </p>
   </div>
   <div class='ocr_carea' id='block_1_107' title="bbox 2129 5284 3703 5358">
    <p class='ocr_par' dir='ltr' id='par_1_107' title="bbox 2129 5284 3703 5358">
     <span class='ocr_line' id='line_1_112' title="bbox 2129 5284 3703 5358; baseline -0.002 -18"><span class='ocrx_word' id='word_1_892' title='bbox 2129 5288 2185 5340; x_wconf 82' lang='lat' dir='ltr'><strong>in</strong></span> <span class='ocrx_word' id='word_1_893' title='bbox 2210 5288 2524 5358; x_wconf 86' lang='lat' dir='ltr'><strong>temporibus</strong></span> <span class='ocrx_word' id='word_1_894' title='bbox 2567 5284 2692 5340; x_wconf 72' lang='lat' dir='ltr'><strong>Iesu</strong></span> <span class='ocrx_word' id='word_1_895' title='bbox 2739 5285 2912 5358; x_wconf 65' lang='lat' dir='ltr'><strong>Nave,</strong></span> <span class='ocrx_word' id='word_1_896' title='bbox 2937 5297 3246 5353; x_wconf 84' lang='lat' dir='ltr'><strong>acceperunt</strong></span> <span class='ocrx_word' id='word_1_897' title='bbox 3290 5287 3388 5356; x_wconf 78' lang='lat' dir='ltr'><strong>ﬁlii</strong></span> <span class='ocrx_word' id='word_1_898' title='bbox 3435 5287 3560 5341; x_wconf 87' lang='lat' dir='ltr'><strong>Sem</strong></span> <span class='ocrx_word' id='word_1_899' title='bbox 3598 5303 3703 5355; x_wconf 84' lang='lat' dir='ltr'><strong>pro-</strong></span> 
     </span>
    </p>
   </div>
   <div class='ocr_carea' id='block_1_108' title="bbox 2130 5356 3704 5441">
    <p class='ocr_par' dir='ltr' id='par_1_108' title="bbox 2130 5356 3704 5441">
     <span class='ocr_line' id='line_1_113' title="bbox 2130 5356 3704 5441; baseline -0.003 -31"><span class='ocrx_word' id='word_1_900' title='bbox 2130 5356 2528 5441; x_wconf 53' lang='lat' dir='ltr'><strong>priam&#39;terram,</strong></span> <span class='ocrx_word' id='word_1_901' title='bbox 2560 5356 2928 5441; x_wconf 63' lang='lat' dir='ltr'><strong>nullainjuria</strong></span> <span class='ocrx_word' id='word_1_902' title='bbox 2957 5358 3320 5441; x_wconf 58' lang='lat' dir='ltr'><strong>intercedente,</strong></span> <span class='ocrx_word' id='word_1_903' title='bbox 3353 5358 3613 5441; x_wconf 29' lang='grc' dir='ltr'><strong>κελαδεῖς)</strong></span> <span class='ocrx_word' id='word_1_904' title='bbox 3629 5358 3704 5425; x_wconf 74' lang='lat' dir='ltr'><strong>ji-</strong></span> 
     </span>
    </p>
   </div>
   <div class='ocr_carea' id='block_1_109' title="bbox 2130 5427 3694 5498">
    <p class='ocr_par' dir='ltr' id='par_1_109' title="bbox 2130 5427 3694 5498">
     <span class='ocr_line' id='line_1_114' title="bbox 2130 5427 3694 5498; baseline 0.003 -16"><span class='ocrx_word' id='word_1_905' title='bbox 2130 5428 2290 5482; x_wconf 87' lang='lat' dir='ltr'><strong>dicio.</strong></span> <span class='ocrx_word' id='word_1_906' title='bbox 2319 5427 2590 5498; x_wconf 83' lang='lat' dir='ltr'><strong>Hactenus</strong></span> <span class='ocrx_word' id='word_1_907' title='bbox 2639 5427 2994 5497; x_wconf 85' lang='lat' dir='ltr'><strong>Epiphanius,</strong></span> <span class='ocrx_word' id='word_1_908' title='bbox 3047 5427 3360 5498; x_wconf 79' lang='lat' dir='ltr'><strong>signiﬁcans</strong></span> <span class='ocrx_word' id='word_1_909' title='bbox 3394 5427 3536 5483; x_wconf 77' lang='lat' dir='ltr'><strong>ﬁlius</strong></span> <span class='ocrx_word' id='word_1_910' title='bbox 3567 5429 3694 5486; x_wconf 68' lang='lat' dir='ltr'><strong>Sent.</strong></span> 
     </span>
    </p>
   </div>
   <div class='ocr_carea' id='block_1_110' title="bbox 2134 5497 3697 5570">
    <p class='ocr_par' dir='ltr' id='par_1_110' title="bbox 2134 5497 3697 5570">
     <span class='ocr_line' id='line_1_115' title="bbox 2134 5497 3697 5570; baseline 0.001 -18"><span class='ocrx_word' id='word_1_911' title='bbox 2134 5500 2236 5570; x_wconf 86' lang='lat' dir='ltr'><strong>hoc</strong></span> <span class='ocrx_word' id='word_1_912' title='bbox 2263 5507 2366 5570; x_wconf 80' lang='lat' dir='ltr'><strong>est,</strong></span> <span class='ocrx_word' id='word_1_913' title='bbox 2409 5497 2680 5570; x_wconf 84' lang='lat' dir='ltr'><strong>lsraelitas</strong></span> <span class='ocrx_word' id='word_1_914' title='bbox 2706 5499 2825 5555; x_wconf 92' lang='lat' dir='ltr'><strong>sive</strong></span> <span class='ocrx_word' id='word_1_915' title='bbox 2861 5497 3196 5565; x_wconf 67' lang='lat' dir='ltr'><strong>Judaeos,ex</strong></span> <span class='ocrx_word' id='word_1_916' title='bbox 3229 5499 3441 5570; x_wconf 84' lang='lat' dir='ltr'><strong>Egypto</strong></span> <span class='ocrx_word' id='word_1_917' title='bbox 3475 5507 3697 5554; x_wconf 70' lang='lat' dir='ltr'><strong>vocatas.</strong></span> 
     </span>
    </p>
   </div>
   <div class='ocr_carea' id='block_1_111' title="bbox 2127 5568 3704 5644">
    <p class='ocr_par' dir='ltr' id='par_1_111' title="bbox 2127 5568 3704 5644">
     <span class='ocr_line' id='line_1_116' title="bbox 2127 5568 3704 5644; baseline -0.001 -20"><span class='ocrx_word' id='word_1_918' title='bbox 2127 5569 2280 5644; x_wconf 88' lang='lat' dir='ltr'><strong>justo</strong></span> <span class='ocrx_word' id='word_1_919' title='bbox 2318 5568 2468 5624; x_wconf 85' lang='lat' dir='ltr'><strong>bello</strong></span> <span class='ocrx_word' id='word_1_920' title='bbox 2498 5577 2554 5624; x_wconf 89' lang='lat' dir='ltr'><strong>et</strong></span> <span class='ocrx_word' id='word_1_921' title='bbox 2593 5571 2837 5644; x_wconf 85' lang='lat' dir='ltr'><strong>leg_itimo</strong></span> <span class='ocrx_word' id='word_1_922' title='bbox 2873 5571 2994 5640; x_wconf 89' lang='lat' dir='ltr'><strong>jure</strong></span> <span class='ocrx_word' id='word_1_923' title='bbox 3025 5568 3425 5644; x_wconf 22' lang='lat' dir='ltr'><strong>terram_suamA</strong></span> <span class='ocrx_word' id='word_1_924' title='bbox 3440 5570 3632 5624; x_wconf 87' lang='lat' dir='ltr'><strong>avitam</strong></span> <span class='ocrx_word' id='word_1_925' title='bbox 3649 5570 3704 5644; x_wconf 57' lang='grc' dir='ltr'><strong>ξι</strong></span> 
     </span>
    </p>
   </div>
   <div class='ocr_carea' id='block_1_112' title="bbox 2133 5639 3704 5710">
    <p class='ocr_par' dir='ltr' id='par_1_112' title="bbox 2133 5639 3704 5710">
     <span class='ocr_line' id='line_1_117' title="bbox 2133 5639 3704 5710; baseline -0.001 -16"><span class='ocrx_word' id='word_1_926' title='bbox 2133 5639 2386 5710; x_wconf 84' lang='lat' dir='ltr'><strong>patriam,</strong></span> <span class='ocrx_word' id='word_1_927' title='bbox 2421 5656 2620 5708; x_wconf 89' lang='lat' dir='ltr'><strong>nempe</strong></span> <span class='ocrx_word' id='word_1_928' title='bbox 2656 5639 2900 5697; x_wconf 63' lang='lat' dir='ltr'><strong>Iudaeam</strong></span> <span class='ocrx_word' id='word_1_929' title='bbox 2935 5647 3080 5709; x_wconf 65' lang='lat' dir='ltr'><strong>(quae</strong></span> <span class='ocrx_word' id='word_1_930' title='bbox 3113 5649 3163 5695; x_wconf 92' lang='lat' dir='ltr'><strong>et</strong></span> <span class='ocrx_word' id='word_1_931' title='bbox 3215 5639 3501 5695; x_wconf 68' lang='lat' dir='ltr'><strong>Palaestina</strong></span> <span class='ocrx_word' id='word_1_932' title='bbox 3553 5639 3704 5693; x_wconf 81' lang='lat' dir='ltr'><strong>conli-</strong></span> 
     </span>
    </p>
   </div>
   <div class='ocr_carea' id='block_1_113' title="bbox 2135 5711 3708 5782">
    <p class='ocr_par' dir='ltr' id='par_1_113' title="bbox 2135 5711 3708 5782">
     <span class='ocr_line' id='line_1_118' title="bbox 2135 5711 3708 5782; baseline -0.003 -17"><span class='ocrx_word' id='word_1_933' title='bbox 2135 5712 2339 5781; x_wconf 88' lang='lat' dir='ltr'><strong>netur),</strong></span> <span class='ocrx_word' id='word_1_934' title='bbox 2357 5711 2459 5764; x_wconf 91' lang='lat' dir='ltr'><strong>sibi</strong></span> <span class='ocrx_word' id='word_1_935' title='bbox 2485 5712 2538 5764; x_wconf 92' lang='lat' dir='ltr'><strong>in</strong></span> <span class='ocrx_word' id='word_1_936' title='bbox 2561 5722 2766 5766; x_wconf 90' lang='lat' dir='ltr'><strong>sortem</strong></span> <span class='ocrx_word' id='word_1_937' title='bbox 2789 5712 3136 5782; x_wconf 86' lang='lat' dir='ltr'><strong>assignatam,</strong></span> <span class='ocrx_word' id='word_1_938' title='bbox 3162 5725 3534 5779; x_wconf 86' lang='lat' dir='ltr'><strong>recuperasse,</strong></span> <span class='ocrx_word' id='word_1_939' title='bbox 3554 5713 3708 5778; x_wconf 76' lang='lat' dir='ltr'><strong>atque</strong></span> 
     </span>
    </p>
   </div>
   <div class='ocr_carea' id='block_1_114' title="bbox 2133 5781 3414 5852">
    <p class='ocr_par' dir='ltr' id='par_1_114' title="bbox 2133 5781 3414 5852">
     <span class='ocr_line' id='line_1_119' title="bbox 2133 5781 3414 5852; baseline -0.001 -15"><span class='ocrx_word' id='word_1_940' title='bbox 2133 5782 2262 5839; x_wconf 90' lang='lat' dir='ltr'><strong>inde</strong></span> <span class='ocrx_word' id='word_1_941' title='bbox 2285 5781 2626 5838; x_wconf 72' lang='lat' dir='ltr'><strong>Chananteos</strong></span> <span class='ocrx_word' id='word_1_942' title='bbox 2655 5781 2931 5851; x_wconf 86' lang='lat' dir='ltr'><strong>expulisse</strong></span> <span class='ocrx_word' id='word_1_943' title='bbox 2957 5791 3050 5838; x_wconf 88' lang='lat' dir='ltr'><strong>aut</strong></span> <span class='ocrx_word' id='word_1_944' title='bbox 3076 5782 3414 5852; x_wconf 77' lang='lat' dir='ltr'><strong>subiugasse.</strong></span> 
     </span>
    </p>
   </div>
  </div>
