4012 6336
262 243 363 303 641.
1030 235 1372 297 COLLATIO
1409 236 1477 295 ν.
1504 264 1577 281 -ο
1606 236 1696 294 DE
1732 232 1916 294 OCTO
1955 231 2483 294 PRINCIPALIBUS
2519 233 2744 294 VITIIS.
3422 243 3532 304 642

262 354 569 418 tamfme’
596 354 739 412 vadit
788 360 837 410 et
864 354 1081 409 assumit
1108 352 1243 409 alios
1270 360 1465 426 septem
1491 352 1762 425 nequiores
1790 364 1845 405 se
1869 354 1921 415 Α
1947 347 2073 404 culo
2121 348 2404 420 gloriatur,
2435 348 2841 405 dominantibus
2868 348 2975 407 sibi
3018 358 3142 408 octo
3172 344 3532 427 vitiis,“quant

264 454 501 527 spiritus;
532 458 580 506 et
610 450 866 504 intrantes
894 446 1125 502 habitant
1167 446 1261 514 ibi,
1293 455 1343 501 et
1384 446 1518 516 ﬁunt
1568 443 1848 499 novissima

263 547 474 603 hominis
522 546 663 600 illius
689 544 870 616 pejora
897 540 1162 614 prioribus
1193 538 1346 611 (Luc.
1376 538 1477 611 xt).
1520 537 1661 595 Ecce
1688 546 1747 592 ut
1775 535 1850 592 ibi

263 648 460 709 septem
490 646 684 708 gentes
705 634 958 704 legimus,
983 640 1208 702 excepta
1239 630 1641 703 Egyptiorum,
1665 628 1731 685 de
1746 642 1850 699 qua

264 730 459 801 egressi
485 729 702 784 fuerant
728 726 826 781 ﬁlii
864 725 1056 790 Israel,
1084 726 1158 779 ita
1186 732 1241 779 et
1286 722 1375 778 hic
1404 730 1613 793 septem
1652 719 1852 776 reverti

263 826 477 895 Spiritus
498 822 756 878 dicuntur
776 818 1063 885 immundi,
1082 825 1310 887 excepto
1332 831 1399 872 eo
1426 817 1517 887 qui
1540 815 1609 870 ab
1632 813 1851 869 homine

264 918 404 987 prius
432 924 684 971 narratur
728 926 1007 984 egressus.
1050 911 1128 967 De
1166 910 1268 966 hoc
1296 909 1606 979 septenario
1658 907 1851 963 fomite

261 1008 504 1063 vitiorum
527 1005 789 1063 Salomon
809 1017 1032 1073 quoque
1054 1004 1106 1058 in
1134 1002 1441 1057 Proverbiis
1466 1002 1537 1055 ita
1562 998 1850 1056 describit:

265 1112 288 1137 ἰ
311 1100 369 1157 Si
397 1109 446 1154 te
474 1098 732 1170 rogaverit
783 1097 1021 1151 inimicus
1061 1104 1183 1149 tuus
1216 1110 1336 1148 voce
1377 1110 1589 1165 magna,
1621 1108 1685 1148 ne
1724 1106 1851 1146 con-

261 1193 476 1247 senseris
504 1191 577 1256 ei,
620 1199 811 1261 septem
840 1188 977 1243 enim
1021 1186 1264 1257 nequitia:
1306 1195 1423 1241 sunt
1446 1186 1502 1239 in
1540 1184 1713 1239 anima
1739 1186 1853 1257 ejus

263 1286 436 1357 (Prov.
470 1284 649 1355 xxvt);
676 1283 730 1339 id
765 1289 869 1349 est,
904 1280 951 1335 si
995 1288 1284 1350 superatus
1310 1278 1701 1349 gastrimargiae
1743 1276 1855 1346 spi-

262 1377 391 1431 ritus
430 1376 667 1446 casperit
700 1374 796 1429 tibi
825 1388 919 1428 sua
954 1372 1330 1428 humiliatione
1360 1369 1625 1435 blandiri,
1656 1383 1853 1440 rogans

259 1465 656 1539 quodammodo
704 1474 761 1520 ut
809 1464 1014 1535 aliquid
1065 1465 1317 1520 relaxans
1356 1478 1387 1519 a
1435 1471 1615 1533 empto
1640 1462 1855 1518 fervore

261 1561 537 1631 impertias
566 1559 640 1628 ei,
666 1556 811 1629 quod
835 1556 1188 1612 continentiae
1212 1556 1433 1611 modum
1461 1564 1519 1611 et
1542 1568 1852 1609 mensuram

258 1654 411 1723 iusta:
458 1650 816 1708 districtionis
846 1648 1096 1718 excedat,
1141 1663 1209 1705 ne
1238 1648 1534 1704 resolvaris
1582 1646 1699 1717 ejus
1727 1646 1856 1703 sub-

1949 443 2126 498 fuerat
2168 441 2442 513 quondam
2496 443 2549 498 in
2602 442 2802 499 saeculo
2841 442 3157 513 constituta,
3194 456 3217 485 ο
3259 462 3381 503 cum
3432 464 3535 507 nec

1951 534 2287 605 disciplinam
2347 536 2595 591 monachi
2643 536 2835 592 fuisset
2878 538 3147 607 professa,
3178 556 3277 597 nec
3308 557 3537 601 nomen.

1950 628 2085 685 Nam
2114 628 2400 700 nequiores
2448 628 2505 684 hi
2550 638 2761 700 septem
2807 631 3032 701 spiritus
3081 633 3177 689 illo
3211 636 3395 705 priore
3445 641 3535 708 qui

1950 737 2201 795 egressus
2243 721 2419 777 fuerat
2463 721 2669 777 idcirco
2699 722 2982 792 dicuntur,
3033 726 3158 795 quia
3205 727 3537 784 desiderium

1951 817 2114 888 gulae,
2146 816 2199 873 id
2226 826 2330 883 est,
2360 816 2734 888 gastrimargia
2764 832 2863 887 per
2888 833 3012 875 sese
3041 834 3149 875 non
3180 829 3325 877 esset
3355 823 3537 892 noxia,

1952 908 2057 963 nisi
2087 907 2471 962 intromitteret
2498 910 2777 978 graviores
2805 910 2943 965 alias
2988 913 3291 980 passiones,
3332 912 3387 967 id
3434 925 3536 979 est,

1952 998 2351 1067 fornicationis,
2379 1000 2745 1073 philargyriaa,
2772 1002 2887 1071 irae,
2913 1002 3173 1071 tristitiae,
3204 1005 3320 1060 sive
3344 1020 3541 1075 super-

1952 1091 2087 1157 bia),
2140 1106 2261 1163 quae
2292 1107 2385 1159 per
2416 1101 2593 1148 semet
2641 1095 2799 1148 noxia
2830 1096 3023 1149 anima:
3067 1110 3131 1151 ac
3174 1099 3541 1169 peremptoria

1954 1200 2077 1241 esse
2116 1201 2224 1241 non
2249 1186 2469 1242 dubium
2497 1196 2601 1241 est.
2641 1186 2711 1242 Et
2732 1188 2938 1246 idcirco
2967 1190 3316 1261 perfectionis
3342 1196 3545 1262 purita-

1953 1287 2062 1334 tem
2113 1292 2403 1346 numquam
2445 1278 2646 1347 poterit
2689 1280 2957 1344 obtinere,
3012 1284 3255 1352 quisquis
3309 1299 3429 1338 eam
3474 1284 3545 1339 de

1956 1368 2060 1425 hac
2083 1370 2198 1425 sola
2222 1369 2579 1437 continentia,
2612 1370 2665 1426 id
2708 1380 2813 1440 est,
2840 1371 3050 1442 jejunio
3082 1376 3374 1445 corporali,
3414 1391 3543 1446 spe-

1956 1463 2162 1519 raverit
2212 1463 2631 1533 acquirendam,
2683 1465 2791 1519 nisi
2838 1468 3048 1523 noverit
3096 1469 3166 1523 ob
3196 1468 3249 1524 id
3295 1486 3354 1525 se
3407 1470 3547 1525 hanc

1957 1570 2217 1611 exercere
2248 1554 2418 1627 [Lips.
2443 1556 2497 1609 in
2517 1572 2684 1628 marg.
2714 1556 2996 1632 exhibere]
3018 1560 3238 1627 debere,
3276 1570 3333 1617 ut
3375 1562 3548 1617 itumi-

1957 1649 2085 1705 liata
2110 1663 2275 1705 carne
2293 1649 2538 1718 jejuniis,
2568 1650 2782 1706 facilius
2806 1654 2980 1722 possit
3005 1652 3264 1709 adversus
3292 1654 3396 1708 alia
3419 1656 3546 1709 vitia

259 1743 515 1814 jectione,
575 1756 678 1798 nec
726 1740 1009 1796 arridente
1052 1738 1482 1810 impugnationis
1540 1737 1853 1800 securitate,
1886 1740 1933 1801 Β
1962 1740 2099 1795 inire
2123 1749 2421 1807 certamen,
2454 1756 2562 1797 non
2620 1741 2982 1800 insolescente
3026 1760 3190 1802 carne
3238 1748 3546 1803 saturitatis

264 1850 357 1907 qua
388 1835 597 1891 videris
630 1833 905 1904 paulisper
938 1847 968 1886 a
1000 1831 1314 1887 carnalibus
1344 1827 1636 1885 incentivis
1683 1828 1856 1882 factus

261 1929 512 1999 quietior,
559 1926 627 1982 ad
678 1925 956 1995 pristinam
1008 1923 1387 1979 remissionem
1419 1922 1505 1977 vel
1556 1922 1855 1991 praeteritas

261 2022 395 2093 gula:
414 2020 897 2090 concupiscentias
936 2019 1257 2074 revertaris.
1282 2015 1387 2072 Per
1414 2016 1517 2071 hoc
1557 2016 1703 2071 enim
1728 2014 1859 2069 dicit

260 2116 474 2187 spiritus
502 2113 599 2169 ille
616 2127 777 2184 quem
808 2111 1020 2167 viceras
1048 2128 1061 2164 :
1096 2108 1346 2165 Revertar
1374 2110 1426 2162 in
1455 2109 1665 2162 domum
1691 2124 1857 2162 meam

260 2208 387 2262 unde
416 2206 557 2261 exivi
590 2203 744 2275 (Luc.
775 2205 875 2273 χι).
908 2201 977 2257 Et
997 2202 1361 2275 procedentes
1382 2214 1451 2257 ex
1473 2216 1539 2256 eo
1568 2200 1853 2256 confestim

257 2310 461 2369 septem
491 2298 722 2368 spiritus
747 2296 1021 2361 vitiorum,
1068 2304 1233 2351 erunt
1267 2294 1362 2349 tibi
1411 2294 1649 2349 acriores
1692 2307 1853 2363 quam

259 2394 343 2448 illa
370 2392 561 2463 passio
589 2404 713 2462 quae
738 2391 792 2444 in
826 2386 1137 2459 primordiis
1178 2388 1353 2442 fuerat
1377 2395 1654 2457 superata,
1681 2385 1770 2455 qui
1802 2394 1855 2441 te

259 2501 375 2543 mox
402 2485 471 2540 ad
500 2482 779 2540 deteriora
802 2482 1119 2553 pertrahent
1137 2496 1338 2551 genera
1364 2489 1734 2549 peccatorum.

829 2594 1058 2653 CAPUT
1098 2593 1293 2650 XXVI.

286 2696 456 2765 Quod,
487 2694 691 2749 devicta
719 2691 960 2764 passione
986 2690 1144 2761 quite,
1179 2687 1552 2765 impendendus
1582 2689 1649 2743 sit
1678 2687 1827 2743 labor

615 2765 683 2819 ad
708 2760 919 2818 uirtutes
942 2760 1155 2817 crateras
1176 2760 1499 2815 obtinendas.

321 2858 677 2930 Quapropter
700 2854 926 2926 jejuniis
955 2862 1010 2911 et
1036 2854 1387 2909 continentia:
1418 2850 1855 2908 incumbentibus

258 2953 429 3018 nobis,
476 2947 853 3006 festinandum
901 2954 987 3003 est
1014 2957 1098 3015 ut,
1126 2945 1267 3017 gulae
1298 2943 1551 3015 passione
1602 2952 1857 3014 superata

259 3046 528 3116 protinus,
562 3042 799 3097 animam
831 3048 1071 3096 nostram
1103 3053 1327 3094 vacuam
1362 3052 1484 3094 esse
1525 3051 1557 3091 a
1603 3051 1857 3093 necessa-

1958 1831 2220 1903 ingluvie.

2513 1902 2743 1960 CAPUT
2789 1904 3005 1960 XXVII.

2034 1994 2186 2063 Quod
2212 2012 2315 2051 non
2336 1997 2472 2051 idem
2500 1999 2631 2052 ordo
2661 2001 2963 2069 praeliorum
2984 2001 3071 2066 sit,
3100 2002 3192 2071 qui
3216 2002 3476 2059 vitiorum.

2030 2107 2325 2164 Sciendum
2371 2117 2552 2166 tamen
2607 2127 2716 2166 non
2766 2112 3016 2168 eumdem
3048 2128 3170 2170 esse
3218 2114 3271 2170 in
3300 2117 3554 2172 omnibus

1958 2201 2209 2257 ordinem
2236 2202 2571 2271 prteliorum,
2600 2205 2748 2274 quia,
2776 2205 2918 2260 sicut
2940 2205 3205 2274 diximus,
3250 2204 3276 2244 ἀ
3308 2223 3415 2263 non
3446 2225 3555 2264 uno

1959 2293 2119 2349 modo
2150 2294 2530 2364 impugnamur
2566 2310 2779 2362 omnes,
2828 2306 2882 2352 et
2926 2307 3146 2367 oportet
3194 2315 3558 2371 unumquem-

1958 2401 2065 2458 que
2096 2395 2343 2441 nostrum
2376 2387 2675 2442 secundum
2705 2387 3019 2457 qualitatem
3052 2389 3181 2445 belli
3213 2406 3321 2459 quo
3353 2391 3553 2461 princi-

1957 2477 2157 2549 paliter
2180 2476 2487 2545 infestatur,
2505 2480 2974 2534 concertationum
3000 2480 3266 2536 luctamen
3284 2484 3552 2551 arripere,

1956 2569 2031 2625 ita
2059 2578 2121 2625 ut
2148 2569 2311 2625 alium
2343 2583 2569 2625 necesse
2617 2570 2691 2624 sit
2741 2569 3004 2627 adversus
3032 2572 3217 2627 vitium
3247 2574 3393 2644 quod
3444 2584 3556 2630 ter-

1959 2665 2097 2720 tium
2130 2664 2374 2736 ponitur,
2421 2665 2652 2736 primum
2707 2681 2965 2723 exercere
2999 2667 3309 2724 conflictum
3337 2686 3353 2736 ;
3386 2671 3553 2727 alium

1958 2766 2145 2813 contra
2174 2766 2424 2829 quartum
2454 2771 2552 2813 seu
2590 2757 2865 2828 quintum,
2887 2767 2943 2813 et
2969 2758 3043 2814 ita
3073 2769 3234 2829 prout
3272 2760 3388 2832 ipsa
3419 2762 3549 2816 vitia

1960 2850 2013 2906 in
2040 2850 2195 2907 nobis
2222 2850 2470 2907 obtinent
2493 2850 2852 2921 principatum
2880 2868 2892 2906 :
2924 2860 3094 2924 utque
3130 2854 3553 2925 impugnationis

1958 2943 2128 3015 exigit
2154 2942 2368 3009 modus,
2398 2956 2497 2998 nos
2517 2957 2731 3014 quoque
2758 2954 2974 3013 oportet
2995 2944 3242 2999 ordinem
3266 2945 3558 3002 instituere

1962 3036 2299 3107 praeliorum,
2318 3032 2617 3090 secundum
2637 3049 2797 3105 quem
2824 3045 3117 3104 proventus
3139 3050 3357 3105 quoque
3384 3036 3556 3090 victo-

258 3135 344 3191 riis
374 3133 681 3190 virtutibus
713 3147 819 3186 non
866 3130 1130 3198 sinamus,
1172 3130 1268 3187 sed
1313 3131 1395 3186 eis
1434 3130 1721 3186 universos
1772 3144 1862 3185 re-
1885 3124 1932 3187 C
1967 3128 2061 3183 riae
2092 3125 2464 3197 triumphique
2503 3125 2807 3181 succedens
2834 3123 3001 3181 faciet
3029 3140 3128 3181 nos
3168 3128 3236 3181 ad
3273 3127 3557 3197 puritatem

259 3244 440 3285 cessus
471 3226 663 3284 cordis
698 3224 870 3280 nostri
923 3223 1223 3280 studiosius
1252 3238 1627 3294 occupemus;
1655 3238 1723 3279 ne
1771 3238 1859 3279 re-

258 3336 443 3376 versus
490 3318 956 3385 concupiscentia:
1004 3316 1230 3387 spiritus
1277 3318 1468 3372 inanes
1500 3331 1597 3371 nos
1623 3316 1692 3371 ab
1724 3317 1861 3387 ipsis

257 3423 627 3484 meantesque
666 3412 926 3482 reperiat,
960 3418 1017 3467 et
1045 3425 1152 3466 non
1191 3410 1293 3465 sibi
1338 3410 1450 3479 jam
1495 3410 1599 3466 soli
1643 3410 1851 3466 aditum

258 3523 444 3577 parare
472 3513 793 3570 contentus,
835 3502 1143 3559 introducat
1184 3517 1370 3558 secum
1409 3503 1461 3557 in
1488 3503 1722 3558 animam
1764 3518 1863 3558 no-

257 3598 475 3656 stram”
533 3596 907 3667 septenarium
968 3596 1113 3650 hunc
1169 3593 1414 3650 fomitem
1473 3594 1754 3660 vitiorum,
1800 3602 1857 3649 et

256 3694 407 3750 iaciat
464 3703 661 3749 nostra
717 3690 1011 3746 novissima
1048 3688 1233 3760 pejora
1294 3688 1593 3760 prioribus.
1621 3687 1857 3759 Turpior

256 3787 394 3841 enim
417 3786 531 3842 erit
566 3793 692 3855 post
721 3782 838 3838 haec
862 3791 920 3837 et
948 3779 1281 3836 immundior
1325 3780 1527 3845 anima,
1560 3794 1624 3835 ac
1650 3780 1857 3851 suppli-

254 3880 334 3935 cio
357 3877 631 3950 graviore
662 3876 947 3946 plectetur,
970 3888 1090 3944 quae
1117 3888 1179 3930 se
1208 3873 1552 3928 renuntiasse
1580 3871 1703 3927 huic
1753 3887 1857 3927 saa-

1957 3210 2157 3275 cordis
2182 3229 2237 3274 et
2260 3217 2608 3290 perfectionis
2659 3216 3051 3287 plenitudinem
3096 3222 3411 3288 pervenire.
3443 3220 3560 3276 lluc

1960 3327 2134 3382 usque
2159 3312 2329 3369 abbas
2360 3312 2627 3381 Serapion
2655 3310 2725 3366 de
2772 3321 2961 3367 natura
3013 3320 3137 3367 octo
3180 3314 3559 3384 principalium

1962 3407 2221 3462 vitiorum
2254 3405 2415 3461 nobis
2440 3406 2743 3470 disserens,
2778 3404 3065 3460 latentium
3092 3406 3146 3460 in
3178 3407 3344 3463 corde
3374 3419 3562 3463 nostro

1962 3498 2273 3571 passionum
2300 3512 2524 3568 genera,
2549 3512 2779 3567 quarum
2802 3510 2997 3553 causas
3029 3508 3189 3567 atque
3238 3498 3558 3570 afﬁnitates,

1962 3608 2087 3649 cum
2130 3592 2199 3647 ab
2238 3591 2371 3660 ipsis
2416 3589 2659 3661 quotidie
2697 3597 3061 3657 vastaremur,
3096 3603 3199 3645 nec
3226 3606 3561 3661 cognoscere

1964 3686 2183 3757 penitus
2210 3692 2370 3739 antea
2404 3697 2505 3738 nec
2530 3682 2847 3737 discernere
2889 3689 3225 3751 poteramus,
3261 3682 3333 3737 ita
3382 3682 3562 3737 lucide

1964 3777 2252 3842 reseravit,
2297 3785 2354 3830 ut
2393 3788 2487 3830 eas
2529 3772 2933 3845 quodammodo
2958 3784 3084 3828 ante
3128 3774 3321 3828 oculos
3360 3774 3562 3843 positas

1963 3873 2161 3930 intueri
2188 3871 2368 3935 nobis,
2403 3870 2551 3926 velut
2583 3870 2636 3925 in
2668 3867 2914 3939 Speculo,
2938 3867 3269 3925 videremur.

1347 3964 1605 4020 ALARDI
1644 3965 1881 4025 GAZ/EI
1918 3965 2479 4025 COMMENTARIUS.

324 4069 351 4099 ι
373 4060 595 4117 'l‘extus
626 4057 868 4129 Vulgata:
891 4056 1146 4114 editionis
1175 4073 1188 4111 :
1214 4056 1395 4130 Labiis
1412 4058 1521 4130 suis
1552 4058 1864 4130 intelligitur

256 4133 517 4199 inimicus,
558 4146 676 4185 cum
701 4128 753 4183 in
778 4130 932 4185 corde
962 4130 1256 4184 tractaverit
1279 4128 1446 4183 dolos.
1484 4128 1708 4196 Quando
1724 4128 1857 4185 'sub-

258 4204 449 4258 miserit
466 4218 648 4257 vocem
673 4218 841 4263 suam,
878 4217 942 4253 ne
966 4201 1249 4255 credideris
1274 4200 1347 4268 ei,
1377 4200 1623 4271 quoniam
1667 4212 1859 4268 septem

260 4278 499 4343 nequitiae
523 4283 647 4328 sunt
667 4273 722 4326 in
747 4271 901 4327 corde
929 4271 1093 4325 illius.

324 4340 353 4385 δ
380 4348 436 4401 Id
466 4356 578 4410 est,
611 4351 819 4413 septem
864 4343 995 4398 vitia
1027 4340 1303 4412 capitalia,
1339 4356 1408 4397 ex
1438 4343 1632 4411 quibus
1659 4354 1860 4402 caetera

1970 4062 2171 4119 dixerit
2199 4061 2532 4133 Augustinus
2562 4059 2761 4133 (Epist.
2802 4059 2930 4131 137)
2972 4075 3032 4115 se
3062 4074 3167 4133 non
3200 4059 3406 4115 vidisse
3447 4074 3563 4115 me-

1966 4135 2130 4190 liores
2170 4147 2331 4202 quam
2361 4132 2454 4201 qui
2488 4132 2541 4187 in
2576 4132 2942 4188 monasteriis
2977 4132 3344 4201 profecerunt,
3387 4148 3563 4201 neque

1966 4205 2181 4276 pejores
2210 4218 2371 4275 quam
2402 4204 2550 4276 quia
2576 4206 2918 4276 monasteriis
2946 4203 3282 4259 defecerunt.
3318 4204 3564 4256 Conversi

1966 4274 2108 4342 sunt,
2136 4276 2308 4344 inquit
2340 4274 2505 4328 David
2539 4275 2734 4345 psalm.
2781 4289 2984 4341 Lxxvn,
3032 4276 3085 4327 in
3114 4290 3291 4327 arcum
3320 4291 3559 4345 prarum,

1968 4348 2020 4403 id
2049 4358 2153 4412 est,
2185 4349 2237 4401 in
2269 4348 2486 4401 modum
2519 4359 2676 4401 arcus
2699 4347 2839 4413 duri,
2867 4357 2919 4401 et
2947 4345 3128 4399 manui
3156 4360 3261 4399 non
3296 4345 3563 4398 obedien-

261 4424 670 4508 na‘scunturft
700 4413 1321 4508 -lll_i-ljrill‘l.ll.l.l.l;.‘§BU(IAi‘l
1364 4415 1578 4508 Auctor
1627 4416 1703 4497 illi
1728 4489 1739 4501 .
1765 4433 1860 4502 pa-
1890 4446 1944 4508 D
1969 4420 2059 4483 tis,
2093 4419 2181 4502 qui
2212 4418 2257 4472 si
2314 4417 2454 4499 forte
2508 4417 2845 4508 retendatur,
2901 4427 2992 4471 ant
3030 4419 3080 4470 vi
3133 4424 3189 4470 et
3222 4418 3423 4498 impetu
3458 4431 3561 4469 suo

262 4489 460 4544 rabula:
518 4501 645 4554 qua:
699 4486 840 4556 apud
895 4485 1205 4541 Matthteum
1258 4492 1315 4539 et
1362 4484 1562 4539 Lucam
1608 4488 1687 4541 sic
1727 4484 1861 4545 ilici-

262 4562 336 4630 pit
356 4558 585 4633 (Matth.
618 4572 723 4633 x_tt;
746 4556 880 4611 Luc.
908 4556 985 4633 χι)
1007 4575 1026 4633 ξ
1060 4555 1188 4611 Cum
1214 4556 1514 4633 immundu_s
1539 4558 1754 4624 spiritus
1774 4576 1865 4615 ea:-

259 4626 374 4685 ierit
396 4632 464 4685 ab
501 4630 737 4687 nomine.
763 4639 896 4694 etc.,
930 4627 1019 4682 ubi
1060 4636 1118 4682 et
1152 4627 1438 4682 subditur:
1465 4626 1611 4681 Tunc
1651 4632 1788 4685 vadit
1816 4640 1867 4687 et

260 4704 475 4756 assumit
507 4711 707 4771 septem
732 4700 864 4753 alios
896 4700 1110 4771 spiritus
1140 4700 1408 4771 nequiores
1437 4714 1525 4771 se;
1564 4711 1625 4771 et
1662 4703 1866 4757 intrari-

260 4784 329 4827 (es
353 4774 599 4827 habitant
628 4770 721 4845 ibi,
744 4780 791 4825 et
812 4768 1489 4845 ﬁungtnovi‘ssima‘hominis
1507 4768 1657 4845 illius
1685 4776 1864 4845 pejora

262 4846 547 4911 prioribus.
583 4842 790 4911 Quibus
815 4842 1000 4897 verbis
1022 4840 1157 4895 nihil
1182 4840 1327 4895 aliud
1355 4840 1863 4910 signiﬁcaturquam

262 4931 351 4969 eos
391 4916 486 4984 qui
520 4913 715 4984 optimi
746 4922 894 4978 sunt,
926 4913 1044 4984 sive
1079 4911 1353 4982 religiosi,
1380 4912 1495 4966 sive
1524 4916 1862 4984 saeculares.

261 4989 301 5040 si
327 4982 581 5057 quando,
609 4992 916 5057 contempta
940 4983 1121 5057 divina
1141 4984 1340 5052 gratia,
1366 4984 1492 5057 mali
1512 4982 1662 5052 ﬁant,
1688 4987 1866 5057 pessi-

262 5053 376 5112 mos
407 5058 531 5113 ﬁeri
568 5056 776 5123 solere;
824 5053 978 5126 quasi
1013 5069 1112 5125 pro
1145 5053 1496 5126 unorqspiritn
1556 5053 1859 5123 immundo,

263 5131 347 5196 qui
379 5131 707 5198 priusquam
754 5124 879 5181 boni
906 5124 1120 5191 fierent,
1156 5127 1210 5179 in
1241 5124 1347 5198 illis
1386 5134 1524 5189 erat,
1554 5138 1764 5198 septeni
1809 5130 1861 5184 in

262 5197 392 5254 illos
445 5197 850 5269 ingrediantur.
899 5198 1231 5269 Experimur
1282 5197 1385 5251 hoc
1413 5197 1654 5269 quotidie
1680 5242 1695 5266 ,
1730 5200 1863 5255 nulli

263 5270 481 5339 pejores
512 5266 647 5340 sunt
672 5268 914 5324 htereticl
935 5266 1096 5340 quam
1126 5266 1239 5336 qui,
1273 5282 1393 5322 cum
1417 5269 1542 5321 boni
1571 5268 1864 5337 aliquando

263 5338 526 5396 catholici
559 5338 809 5407 fuissent,
838 5338 1076 5395 divinam
1108 5340 1379 5407 aspernati
1426 5340 1653 5407 gratiam
1687 5352 1742 5395 et
1772 5357 1864 5397 ca-

267 5413 482 5467 tholica:
514 5411 648 5467 ﬁdei
682 5411 1106 5480 simplicitatem,
1135 5409 1289 5479 quasi
1314 5408 1495 5464 cibum
1528 5410 1861 5469 levissimum

266 5482 639 5548 fastidientes,
668 5493 725 5538 ut
742 5482 891 5552 juxta
919 5481 1336 5552 ollasicarnium
1382 5480 1661 5549 sederent,
1690 5485 1862 5539 haere-

266 5554 354 5610 tici
386 5556 515 5611 lacti
547 5563 707 5618 sunt,
741 5551 796 5607 id
824 5562 929 5620 est,
954 5554 1010 5608 in
1039 5551 1359 5623 Egyptum,
1392 5552 1535 5623 unde
1567 5569 1661 5622 per
1700 5554 1859 5610 ﬁdem

266 5628 542 5691 exierant,
570 5624 780 5693 perdita
794 5624 920 5692 ﬁde,
945 5622 1249 5680 redierunt.
1268 5622 1410 5677 Nulli
1437 5622 1654 5693 pejores
1676 5626 1864 5680 catho-

266 5696 376 5764 lici,
397 5712 568 5768 quam
582 5698 699 5767 qui,
718 5710 839 5751 cum
863 5696 1155 5768 aliquando
1182 5695 1580 5768 religiosissimi
1608 5696 1860 5766 fuissent,

268 5784 373 5833 non
400 5766 545 5829 bene
588 5766 879 5831 tenuerunt
927 5766 1071 5845 quod
1120 5766 1414 5835 habebant,
1467 5775 1529 5826 ut
1578 5770 1865 5839 verissime

1970 4490 2262 4558 rumpitur,
2295 4498 2386 4543 aut
2411 4489 2461 4541 in
2492 4487 2733 4557 pejorem
2772 4490 2997 4541 formam
3028 4503 3189 4558 quam
3228 4489 3278 4540 in
3308 4503 3432 4557 qua,
3466 4503 3564 4541 an-

1970 4570 2185 4630 tequam
2243 4560 2577 4625 tenderetur,
2629 4567 2773 4625 erat,
2825 4568 2975 4613 certo
3030 4558 3560 4630 convertitursilmc

1967 4628 2312 4687 doctissimus
2353 4630 2711 4696 Maldonatus,
2770 4645 2891 4701 qua:
2935 4645 3057 4684 cum
3108 4630 3359 4684 doctrina
3406 4628 3561 4696 hujus

1966 4703 2160 4772 capitis
2192 4702 2393 4772 optime
2421 4702 2773 4768 conveniunt,
2806 4716 3034 4771 eamque
3064 4703 3384 4756 Confirmant
3409 4716 3423 4772 ;
3444 4771 3448 4772 ί
3471 4714 3553 4749 at-

1966 4771 2072 4845 que
2100 4775 2151 4827 in
2175 4788 2298 4829 eum
2322 4771 2487 4845 ﬁnem
2510 4787 2539 4825 a
2567 4788 2654 4827 me
2680 4772 2861 4836 allata,
2886 4786 3264 4839 ncmo,spero,
3298 4771 3554 4845 fastidiet.

2042 4856 2065 4884 ε
2101 4845 2177 4899 En
2209 4844 2563 4913 professionis
2602 4845 2917 4899 monasticae
2951 4845 3207 4913 antiquus
3230 4858 3379 4903 usus,
3403 4842 3559 4909 cujus

1965 4915 2094 4970 alibi
2124 4918 2321 4985 saepius
2349 4914 2677 4969 mentionem
2708 4916 2936 4969 fecimus
2965 4913 3105 4985 (Lib.
3140 4930 3193 4969 tv
3240 4913 3555 4985 Instincti)».

1965 4985 2098 5055 55):
2152 4984 2213 5040 ut
2254 4986 2523 5055 intelligas
2569 5003 2672 5040 non
2722 4988 2896 5041 solum
2945 4984 3273 5040 obedientia:
3317 4994 3373 5039 et
3399 4984 3559 5037 disci-

1967 5059 2131 5128 plinae
2189 5059 2503 5111 monasticae
2557 5073 2713 5112 ttsum
2782 5057 2920 5126 apud
2988 5067 3197 5111 veteres
3259 5055 3558 5128 monachos

1967 5131 2132 5253 lfuisse
2158 5145 2171 5184 :
2203 5129 2297 5183 sed
2328 5138 2383 5185 et
2414 5139 2621 5195 votum,
2650 5128 2792 5200 quod
2822 5144 2918 5199 per
2966 5128 3361 5197 professionem
3398 5127 3555 5180 intel-

1990 5211 2172 5253 liilllll'.

1990 5217 2035 5254 ια
2048 5211 2172 5254 11111⁵.

2048 5217 2120 5253 nu
2160 5240 2172 5253 .

2007 5217 2064 5308 8d
2092 5217 2308 5340 R'epetit
2336 5280 2390 5325 et
2446 5271 2683 5326 inculcat
2729 5267 3149 5340 saluberrimum
3173 5267 3358 5340 __illud
3389 5268 3560 5321 docn-

1965 5337 2231 5407 menlutn,
2264 5358 2372 5411 quo
2411 5344 2663 5411 superius
2694 5343 2900 5394 monuit
2942 5340 3091 5411 (Cap.
3126 5337 3216 5407 M)
3269 5338 3563 5405 unicuique

1966 5414 2385 5468 examinandum
2417 5412 2889 5481 etexplorandum
2920 5411 3112 5463 vitium
3152 5411 3236 5464 cui
3270 5412 3353 5463 vel
3394 5426 3421 5461 ει
3468 5428 3560 5463 ua-

1968 5492 2088 5539 tura
2122 5486 2208 5539 vel
2258 5499 2421 5554 prava
2450 5482 2842 5538 consuetudine
2873 5482 3108 5554 maxime
3149 5481 3223 5535 sit
3264 5481 3556 5554 obnoxius,

1967 5560 2103 5612 etin
2134 5570 2201 5611 eo
2241 5553 2602 5624 expugnando
2642 5562 2697 5608 et
2738 5553 3062 5622 corrigendo
3104 5555 3373 5621 praecipue
3406 5553 3557 5605 Ialm-

1966 5627 2195 5683 randum
2220 5646 2231 5680 :
2270 5626 2338 5681 Ut
2360 5628 2727 5696 unusquisque,
2756 5627 2947 5693 inquit,
2976 5624 3179 5696 uitium,
3213 5640 3311 5692 quo
3339 5625 3563 5696 maxime

1964 5699 2262 5766 infestatur,
2287 5694 2597 5769 explorans,
2624 5694 2881 5753 adversus
2924 5694 3059 5751 illud
3109 5697 3330 5769 arripiat
3367 5694 3561 5768 princi-

1965 5770 2088 5849 pate
2112 5782 2392 5841 certamen,
2420 5776 2527 5829 etc.
