4012 6336
474 316 578 377 647

1518 312 1808 376 JOANNIS
1845 310 2162 376 CASSIANI
2199 309 2694 373 COLLATIONES.

3624 313 3717 379 618

476 433 670 486 virum.
730 431 828 487 Hic
878 445 1113 503 namque
1169 430 1482 487 morabatur
1539 432 1595 487 in
1640 442 1667 470 α
1723 429 1923 502 Cellis,
1969 431 2059 500 qui
2084 434 2254 497 Aaut
2275 446 2370 486 cur
2398 430 2538 486 Deus
2567 428 2776 486 admitti
2803 427 2856 485 in
2883 427 3237 488 servos'suos
3263 436 3470 487 tantum
3516 430 3710 495 facinus

476 524 626 579 locus
653 523 796 580 inter
822 523 1044 580 Nitriam
1075 540 1138 580 ac
1167 523 1391 596 Scythin
1420 524 1559 580 situs
1577 568 1596 596 ,
1640 535 1695 581 et
1724 540 1756 580 a
1789 533 2063 580 monaste-

475 617 573 676 riis
601 619 818 691 quidem
848 619 1036 676 Nitriae
1066 619 1305 691 quinque
1343 618 1584 674 millibus
1610 618 1822 674 distans
1846 657 1862 684 ,
1913 627 2066 673 octo-

477 713 624 783 ginta
655 712 882 767 millium
921 711 1214 768 solitudine
1260 710 1330 766 ab
1375 724 1560 766 eremo
1587 709 1807 782 Scythi,
1862 709 1917 765 in
1962 724 2067 781 qua

477 804 954 862 commorabamur
984 844 998 869 ,
1048 803 1445 861 interveniente
1486 844 1501 866 .
1559 803 1914 860 discernitur.
1969 801 2069 857 Cui

478 909 600 952 eum
648 894 718 950 de
765 894 1144 964 praedictorum
1197 894 1437 948 virorum
1486 908 1618 948 nece
1669 891 2068 963 querimoniam

481 986 857 1050 fudissemus,
928 986 1257 1040 admirantes
1322 993 1524 1040 tantam
1598 983 1697 1039 Del
1755 984 2069 1054 patientiam

481 1077 622 1144 quod
641 1077 667 1115 δ
693 1077 838 1133 viros
859 1076 1066 1134 scilicet
1088 1077 1231 1132 illius
1249 1075 1427 1132 meriti
1454 1076 1635 1132 taliter
1656 1075 1851 1147 perimi
1873 1075 2072 1144 permi-

482 1167 673 1232 sisset,
712 1176 768 1222 ut
793 1168 884 1238 qui
909 1168 1044 1222 alios
1073 1181 1289 1238 quoque
1317 1182 1430 1222 suae
1479 1167 1782 1222 sanctitatis
1833 1165 2072 1236 pondere

482 1258 550 1313 de
572 1257 878 1328 huiusmodi
907 1259 1138 1314 liberare
1180 1260 1481 1314 tentatione
1535 1257 1866 1324 debuerint,
1915 1271 1984 1312 ne
2013 1269 2074 1312 se

485 1348 631 1421 ipsos
673 1351 894 1423 quidem
917 1352 1307 1423 prteripuerint
1331 1351 1400 1407 de
1430 1351 1682 1407 manibus
1735 1351 2026 1421 impiorum
2051 1390 2068 1416 ,

2164 524 2545 582 concessisset.

2794 591 3022 650 CAPUT
3070 591 3134 650 ll.

2170 686 2455 760 Responsio
2473 685 2672 740 abbatis
2694 683 2949 741 Theodori
2965 686 3035 740 ad
3047 685 3363 758 prepositam
3381 687 3723 758 quastionent.

2241 796 2439 852 Beatus
2465 795 2786 852 Theodorus
2811 795 3092 864 respondit
3119 814 3131 850 :
3160 806 3183 835 ε
3210 795 3338 853 Haec
3362 800 3585 869 quastio
3605 805 3730 860 solet

2174 886 2386 943 animos
2407 901 2729 957 permovere
2758 899 2947 941 eorum
2979 888 3068 956 qui
3096 901 3279 956 parum
3306 888 3432 944 ﬁdei
3460 891 3543 946 vel
3569 895 3732 951 scien-

2176 981 2268 1038 tiae
2309 980 2673 1051 possidentes,
2705 979 2895 1034 merita
2929 989 3237 1034 sanctorum
3269 980 3353 1036 vel
3383 983 3600 1051 praemia
3626 1001 3732 1055 qua

2179 1086 2288 1126 non
2308 1071 2362 1126 in
2385 1071 2641 1142 praesenti
2667 1070 2987 1139 redduntur,
3005 1071 3101 1126 sed
3127 1073 3363 1141 reposita
3389 1084 3513 1128 sunt
3531 1075 3580 1129 in
3604 1076 3730 1134 futu-

2178 1177 2321 1231 rum,
2354 1161 2688 1217 arbitrantur
2714 1162 2770 1216 in
2797 1160 2958 1230 hujus
2995 1163 3307 1232 temporalis
3335 1163 3457 1218 vitae
3493 1165 3736 1224 brevitate

2180 1255 2412 1311 restitui.
2455 1253 2723 1311 Caeterum
2767 1269 2867 1310 nos
2904 1255 2994 1324 qui
3040 1271 3146 1311 non
3187 1273 3366 1311 sumus
3418 1257 3474 1312 in
3517 1258 3612 1314 hac
3641 1264 3736 1317 vita

2182 1356 2382 1402 tantum
2403 1358 2664 1416 sperantes
2683 1349 2738 1402 in
2765 1345 2993 1414 Christo,
3020 1343 3048 1386 α
3077 1363 3166 1416 ne,
3195 1348 3492 1405 secundum
3520 1354 3736 1423 Aposto-

1548 1461 1807 1518 ALARDI
1845 1457 2082 1518 GAZAEI
2118 1457 2686 1516 COMMENTARIUS.

555 1572 583 1601 ⁸
611 1562 796 1627 Cellae,
827 1560 914 1616 vel
944 1560 1112 1616 Cellia
1147 1561 1300 1616 locus
1328 1559 1428 1615 fuit
1452 1561 1508 1614 in
1538 1559 1757 1630 Egypti
1787 1573 1970 1614 eremo
1992 1601 2007 1624 ,
2039 1571 2070 1611 a

486 1633 639 1688 cellis
666 1632 1075 1699 monachorum,
1108 1648 1226 1702 quae
1255 1630 1563 1701 frequentes
1589 1630 1645 1684 in
1681 1644 1747 1684 eo
1786 1638 1853 1702 et,
1869 1642 2073 1702 sparsae

485 1704 820 1768 visebantur,
853 1704 924 1757 ita
954 1698 1194 1756 vocatus.
1240 1698 1575 1758 Sozbmenus
1613 1703 1705 1755 lib.
1732 1715 1784 1754 v1
1820 1698 2072 1754 llistorize

485 1789 607 1841 cap.
641 1775 733 1838 51,
759 1767 828 1828 de
852 1773 1020 1829 Nitria
1044 1783 1096 1828 et
1126 1771 1316 1827 Nitriae
1341 1773 1623 1826 monachis
1643 1781 1695 1825 et
1713 1767 2073 1841 monasteriis

487 1839 688 1914 agens:
723 1844 917 1898 Locum
940 1845 1115 1908 istum,
1149 1844 1346 1911 inquit,
1379 1843 1645 1914 appellant
1676 1839 1929 1914 Nitriam,
1952 1855 2074 1914 pro-

486 1910 662 1984 plerea
682 1915 823 1986 quod
869 1923 941 1966 est
990 1931 1152 1986 pagus
1181 1910 1467 1986 ﬁnitimus,
1495 1913 1549 1965 in
1579 1928 1677 1986 quo
1694 1911 1905 1986 nitrum
1926 1910 2074 1986 colli-

486 1932 823 2038 pterealtvyuoa
869 1932 941 1966 est
990 1932 1152 1986 pagus
1181 1932 1431 1983 [struimus
1453 1953 1467 1976 ,
1495 1932 1549 1965 in
1579 1932 1677 1974 quo
1709 1932 1899 1964 nurum
1926 1932 2072 1964 cotu-

485 1993 631 2056 gunt.
725 1986 1001 2056 onexigua
1029 1985 1233 2053 quidem
1262 1985 1526 2056 hominth
1557 1981 1832 2036 multitudo
1866 1981 1938 2034 ibi
1964 1997 2072 2034 mo-

487 2051 734 2108 nasticam
768 2051 1100 2123 disciplinam
1125 2054 1408 2108 exercebat.
1437 2051 1607 2108 Erant
1649 2067 1868 2124 namque
1895 2069 2076 2106 mona-

489 2126 644 2179 steria
675 2126 874 2179 circiter
894 2126 1263 2194 quinquaginta
1287 2125 1551 2194 contigua,
1575 2139 1792 2193 quorum
1808 2139 1930 2194 pars
1953 2139 2078 2178 con-

488 2207 689 2261 ventus,
721 2211 841 2263 pars
873 2195 1101 2249 homines
1143 2195 1422 2262 separatim
1459 2195 1520 2248 ab
1561 2195 1680 2248 aliis
1711 2195 1947 2263 degentes
1977 2194 2076 2247 ha-

490 2264 653 2320 bebat.
685 2265 853 2337 Porro
877 2277 1047 2337 autem
1071 2281 1187 2337 cum
1215 2266 1314 2319 iter
1338 2266 1501 2337 facias
1531 2265 1588 2337 in
1601 2265 1923 2337 linteriorem
1949 2263 2076 2337 soli-

489 2337 739 2403 tudinem,
782 2335 852 2389 ibi
879 2345 955 2389 est
982 2335 1119 2390 alius
1152 2336 1295 2389 locus
1314 2335 1346 2401 ,ἡ
1363 2337 1453 2405 qui
1477 2353 1509 2388 a
1537 2335 1718 2391 Nitria
1743 2336 1882 2389 abest
1909 2335 2076 2390 stadia

488 2407 593 2476 fere
613 2407 958 2475 septuaginta,
977 2408 1060 2459 cui
1082 2422 1265 2460 nomen
1287 2416 1396 2460 erat
1414 2404 1577 2461 Cellia
1591 2422 1610 2460 :
1635 2408 1691 2461 in
1711 2421 1771 2459 eo
1791 2416 1911 2459 sunt
1934 2406 2078 2460 cella:

489 2476 856 2548 monachorum
882 2477 1151 2548 permultae
1177 2478 1396 2548 sparsim
1435 2478 1645 2546 positae,
1681 2491 1784 2546 qua
1825 2477 1888 2530 de
1918 2490 2077 2548 causa

487 2546 587 2599 hoc
615 2563 795 2600 nomen
819 2546 1018 2601 habuit.
1051 2546 1275 2601 Tantum
1313 2547 1447 2601 inter
1467 2563 1522 2602 se
1557 2548 1784 2614 distant,
1818 2555 1872 2599 ut
1900 2547 1988 2615 qui
2020 2547 2076 2600 in

485 2617 612 2688 ipsis
642 2617 907 2683 habitant,
944 2634 1101 2687 neque
1128 2617 1298 2671 videre
1322 2633 1376 2671 se
1405 2618 1536 2671 inter
1582 2619 1743 2688 ipsos,
1778 2632 1935 2685 neque
1964 2632 2078 2688 om-

489 2686 610 2758 nino
630 2689 812 2758 audire
832 2686 1046 2758 possint.
1073 2687 1199 2742 Haec
1216 2688 1576 2758 szomenus,
1593 2687 1888 2758 eademque
1913 2686 2076 2757 paulo

487 2755 662 2812 fusius
688 2755 1019 2826 Nicephorus
1055 2757 1150 2813 lib.
1182 2773 1220 2812 ll
1251 2757 1386 2813 Hist.
1411 2773 1533 2825 cap.
1567 2757 1658 2823 38,
1692 2758 1783 2812 ubi
1804 2755 1882 2811 ad
1917 2755 2077 2811 'mar-

490 2826 668 2898 ginem
694 2831 871 2898 posuit
900 2830 1172 2898 interpres
1193 2828 1298 2883 hoc
1311 2829 1579 2884 scholium
1603 2837 1788 2883 notatu
1815 2828 2071 2898 dignum:

489 2897 631 2953 Sunt
658 2897 818 2970 hodie
835 2900 888 2954 in
911 2897 1055 2954 Atho
1081 2909 1264 2955 monte
1291 2899 1478 2970 viginti
1501 2900 1609 2954 duo
1632 2899 2077 2970 insigniaimona-

489 2970 652 3024 steria
701 2968 1016 3024 Grtecorum
1046 2968 1470 3034 monachorum,
1513 2971 1724 3024 ordinis
1745 2968 1816 3024 Ι).
1861 2969 2070 3033 Basilii,

493 3054 613 3112 qua:
642 3039 1083 3112 tributiinomine
1113 3040 1412 3112 Turcarum
1440 3038 1981 3112 tyrannoiqumannis
2006 3053 2074 3094 ex

492 3111 687 3166 vinetis
714 3121 771 3165 et
789 3110 1004 3166 olivetis
1034 3112 1148 3166 suis
1189 3111 1430 3181 pendunt
1456 3109 1550 3167 sex
1591 3109 1759 3165 millia
1791 3109 2072 3181 obolorum

492 3182 1050 3256 Turcicorum.iiions
1088 3183 1139 3256 _i_s
1163 3178 1211 3256 _a
1251 3181 1750 3256 Christianisha
1791 3178 1939 3256 spec,
1971 3179 2074 3235 hoc

492 3263 597 3317 est,
632 3265 849 3308 sanctus
878 3254 1030 3309 Mons
1069 3253 1300 3315 dicitur;
1331 3266 1364 3304 a
1412 3250 1861 3306 Rutenis'Snvata
1914 3250 2068 3305 hora.

495 3316 619 3395 llaec
643 3324 736 3379 ibi.
768 3324 874 3380 Sed
906 3336 962 3378 u-t
991 3325 1056 3377 ad
1087 3321 1660 3395 Nitriamredeamus,
1692 3322 1762 3376 de
1789 3321 2070 3395 monachis
2099 3331 2145 3395 ο
2177 3316 2476 3395 diuturnus,

488 3393 678 3466 Nitriae
708 3395 956 3449 meminit
997 3397 1158 3449 etiam
1198 3397 1264 3466 ρ.
1306 3394 1669 3466 Hieronymus
1704 3391 1881 3466 epist.
1919 3391 2074 3466 22et

491 3463 584 3530 27,
613 3467 703 3519 ubi
730 3473 889 3519 vocat
911 3467 1159 3535 oppidum
1186 3463 1395 3519 Domini
1420 3463 1671 3526 Nitriam,
1693 3465 1747 3536 in
1778 3480 1879 3536 quo
1904 3463 2075 3536 puris-

490 3536 619 3588 simo
645 3537 888 3590 uirtutum
917 3533 1054 3590 nitro
1082 3536 1257 3590 sordes
1292 3536 1533 3590 lavantur
1569 3535 1795 3604 quotidie
1821 3533 2073 3604 plurimo-

488 3605 922 3731 ﬂuttngItlpilt'us
954 3605 1160 3677 Dialog.
1193 3612 1262 3689 de
1309 3605 1500 3688 Virtut.
1526 3606 1779 3687 monac/ts
1804 3604 2006 3687 Orient.
2026 3604 2068 3677 ).

493 3675 595 3731 Ubt
665 3692 880 3731 artanus
903 3675 1005 3731 (In
1041 3675 1312 3731 scholusl:
1344 3677 1599 3731 Ntlrtam.
1636 3685 1840 3731 tnautt.
1867 3691 1896 3730 a
1926 3687 2068 3731 nitro

493 3675 595 3749 Ubi
615 3675 880 3732 Marianas
903 3675 1005 3749 (In
1041 3675 1312 3747 scholiis):
1344 3677 1599 3740 Nitriam,
1636 3677 1840 3746 inquit,
1867 3691 1896 3730 a
1926 3675 2072 3731 nitro

491 3748 805 3814 spiritaliter
828 3748 1023 3802 dictam
1062 3749 1465 3816 interpretatur,
1508 3757 1731 3816 propter
1755 3759 2070 3803 sanctorum

491 3819 874 3873 monachorum
908 3832 1099 3887 greges
1144 3817 1218 3873 ibi
1262 3818 1595 3888 degentium,
1647 3817 1736 3882 qui
1779 3817 2071 3885 purissimo

496 3891 749 3943 virtutum
782 3891 922 3943 nitro
953 3888 1200 3943 homines
1229 3903 1257 3942 a
1288 3889 1539 3943 sordibus
1569 3894 1913 3956 peccatorum
1947 3904 2072 3954 pur-

489 3970 638 4027 gant.
674 3960 768 4013 Est
807 3960 948 4013 enim
997 3959 1126 4013 nitri
1157 3959 1236 4012 vis
1282 3959 1605 4023 abstersiva,
1653 3969 1713 4011 ut
1744 3959 1795 4012 in
1836 3958 2071 4012 Jeremia

491 4029 760 4097 proditur,
796 4029 922 4083 dum
954 4030 1029 4084 ait
1056 4047 1068 4081 :
1102 4029 1162 4085 Si
1187 4030 1368 4083 laveris
1403 4037 1452 4082 te
1478 4029 1637 4093 nitro,
1667 4037 1770 4082 etc.
1805 4029 1970 4082 Porro
2001 4029 2070 4084 de

491 4101 674 4170 Scythi
702 4102 818 4154 sive
855 4098 1104 4170 Scythica
1143 4115 1326 4154 eremo
1370 4100 1504 4154 alias
1536 4099 1732 4168 sapius
1757 4099 1958 4153 dictum
1987 4107 2072 4156 est

491 4168 651 4240 (Vide
677 4170 848 4223 collat.
881 4171 904 4224 1
930 4168 978 4223 c.
1011 4168 1095 4240 1).

562 4239 590 4279 δ
613 4240 748 4294 Hinc
777 4250 988 4309 sumpta
1010 4239 1171 4309 hujus
1195 4239 1378 4294 collat.
1410 4240 1626 4294 occasio
1663 4249 1717 4294 et
1744 4239 2028 4310 inscriptio
2051 4257 2064 4294 :

493 4307 573 4363 De
602 4327 720 4365 nece
739 4307 1035 4382 sanctarum
1053 4307 1215 4382 ,‘qure
1244 4319 1352 4364 tota
1385 4311 1437 4365 in
1470 4310 1575 4382 hoc.
1601 4307 1929 4382 argumento
1948 4326 2070 4366 ver-

492 4389 660 4444 satur,
685 4391 742 4436 ut
766 4381 958 4435 doceat
994 4395 1090 4436 cur
1143 4381 1284 4435 Deus
1324 4391 1540 4436 sanctos
1572 4381 1728 4436 'viros
1767 4381 1836 4434 ab
1886 4381 2067 4452 impiis

494 4452 698 4518 vexari,
723 4462 814 4505 aut
847 4452 1024 4506 necari
1057 4453 1347 4520 permittat.

566 4534 588 4560 ο
613 4520 744 4577 Erat
771 4521 885 4577 haec
913 4521 1139 4592 quaestio
1167 4521 1277 4576 illis
1300 4522 1636 4591 temporibus
1667 4521 1983 4592 pervulgata
2011 4531 2069 4578 et

491 4594 730 4647 omnium
769 4607 864 4648 ore
899 4585 1110 4647 versata
1142 4594 1214 4647 ob
1251 4585 1555 4662 ingruentia
1589 4585 1790 4661 ubique
1822 4585 1984 4660 mala,
2012 4603 2068 4649 et

491 4663 751 4735 barbaros
782 4665 939 4732 longe
959 4663 1171 4733 lateque
1198 4673 1530 4735 grassantes.
1565 4666 1637 4718 De
1663 4678 1726 4718 ea
1759 4665 1902 4718 enim
1944 4679 2054 4735 non

488 4734 775 4804 Cassianus
817 4745 1020 4788 tantum
1057 4737 1186 4804 egit,
1207 4733 1301 4788 sed
1343 4735 1532 4789 eadem
1577 4735 1866 4789 occasione
1891 4733 2053 4788 etiam

489 4802 553 4875 D.
587 4805 918 4872 Augustinus
945 4805 998 4859 in
1028 4802 1176 4858 dicta
1197 4807 1354 4870 epist.
1395 4805 1460 4858 ad
1494 4805 1882 4875 Victorianum,
1912 4806 2057 4875 quod

488 4873 579 4930 ille
609 4877 747 4929 inter
772 4875 876 4929 alia
906 4875 1298 4944 interpellasset
1330 4875 1538 4940 :Quare
1565 4884 1612 4928 et
1651 4877 1777 4929 servi
1819 4874 1918 4930 Dei
1931 4873 2057 4928 'bar-

488 4944 907 5020 barorumjerro
943 4947 1363 5020 perentpti‘sunt,
1388 4957 1437 5020 et
1485 4945 1688 5020 anei/lie
1725 4944 1820 5020 Dei
1844 4944 2058 5020 captiva:

486 5014 695 5069 ductw.’
723 5014 819 5070 Cui
859 5014 1143 5086 qumstioni
1184 5015 1345 5071 docet
1386 5016 1718 5086 Augustinus
1760 5014 2054 5083 humiliter,

485 5097 539 5138 et
568 5087 846 5151 veraciter,
874 5099 925 5140 et
960 5089 1043 5155 pie
1073 5087 1144 5140 ita
1173 5087 1606 5156 respondendum
1634 5105 1646 5139 :
1675 5087 2058 5151 Quatttamlibel

480 5158 741 5228 justitiam
766 5173 1041 5222 servemus,
1071 5155 1437 5228 quantumlibet
1469 5155 1690 5210 Domino
1721 5158 2059 5212 obedientiant

485 5226 834 5298 exhibeamus,
866 5227 1110 5296 numquid
1137 5228 1370 5282 meliores
1392 5243 1497 5280 esse
1527 5243 1796 5298 possumus
1824 5228 1931 5280 illis
1955 5229 2053 5280 tri-

485 5295 578 5350 bus
607 5298 855 5364 viris,qui
872 5299 928 5351 in
955 5295 1158 5351 camino
1186 5299 1320 5364 ignis
1339 5295 1565 5350 ardentis
1589 5313 1681 5364 pro
1708 5299 2059 5364 conservanda

485 5365 594 5439 lege
624 5366 718 5439 Dei
740 5363 957 5439 projecti
990 5377 1110 5439 sunt
1132 5369 1156 5421 ?
1177 5363 1248 5422 Et
1283 5379 1454 5422 tamen
1483 5365 1593 5436 lege
1621 5367 1744 5437 quid
1784 5368 1894 5421 illic
1918 5363 2058 5422 dict)!

483 5436 697 5490 Azarias
728 5436 954 5507 unusea:
981 5437 1164 5503 tribus,
1195 5440 1280 5507 qui
1300 5439 1617 5507 aperiensios
1633 5453 1786 5507 suum
1808 5439 1861 5491 in
1887 5439 2056 5494 medio

480 5507 616 5576 ignis
641 5507 773 5562 dixit
800 5524 818 5560 .'
848 5506 1156 5563 Benedictus
1175 5506 1247 5572 es,
1282 5507 1502 5562 Domine
1532 5506 1670 5562 Deus
1699 5506 1914 5562 Patrum
1935 5525 2056 5564 nos-

479 5585 697 5660 trorum,
728 5587 775 5631 et
797 5577 1085 5660 laudabile,
1110 5588 1160 5634 et
1191 5579 1476 5660 gloriosum
1509 5588 1862 5660 nomen_tuur_n
1885 5579 1940 5634 in
1961 5596 2058 5660 sa:-

479 5646 624 5732 ςξιέαν
650 5648 895 5729 quoniam
907 5652 1085 5732 justus
1112 5667 1164 5732 ε*
1183 5646 1238 5702 in
1265 5650 1860 5732 °t"".‘."'.‘".‘l?“¥f€°“‘€
1881 5652 2052 5732 μορίαι

478 5719 871 5798 οιοημαοηὶαηι
900 5719 953 5776 in
974 5722 1184 5776 ueritate
1221 5732 1267 5774 et
1287 5721 1488 5789 judicio
1522 5719 1746 5798 intulisti
1774 5720 1918 5798 nobis
1946 5720 2057 5778 hinc

480 5791 659 5851 omnia
678 5800 896 5860 propter
917 5803 1130 5865 peccata
1156 5802 1348 5860 nostra,
1378 5792 1617 5868 quoniam
1641 5791 1982 5866 peccavimus,
2003 5804 2056 5853 et

2101 1963 2152 2026 Β
2177 1963 2441 2032 humiliari
2478 1963 2750 2046 noverant,
2775 1995 2868 2033 nec
2894 1963 3146 2033 iubebam.
3182 1979 3273 2033 Nu

2085 4701 2138 4761 D

2178 1555 2282 1626 legi
2305 1563 2415 1630 tua?
2447 1571 2550 1630 ngn
2582 1555 2873 1630 paruimus,
2902 1565 2956 1612 et
2991 1564 3186 1630 caetera
3225 1571 3346 1630 quae
3375 1569 3666 1630 sequuntur
3691 1563 3738 1618 in

2179 1625 2427 1697 oratione
2474 1625 2734 1697 Dan’ielis,
2767 1643 2864 1683 seu
2916 1627 3098 1697 potius
3150 1629 3379 1689 Azariae.
3407 1625 3612 1687 Daniel.
3663 1648 3733 1689 ιη.

2177 1695 2384 1769 Deinde
2403 1697 2587 1750 subdit
2618 1714 2631 1750 :
2676 1695 2827 1752 Vides
2852 1695 3004 1769 certe,
3030 1697 3212 1769 frater,
3243 1699 3419 1766 quales
3450 1703 3570 1768 viri,
3599 1719 3739 1769 quam

2175 1767 2365 1830 sancti,
2392 1783 2546 1836 quam
2579 1770 2737 1836 fortes
2774 1770 2828 1822 in
2853 1767 3425 1837 medio'tribulationis,
3471 1767 3562 1828 ubi
3591 1767 3742 1827 tamen

2177 1838 2250 1892 eis
2286 1841 2618 1911 parcebatur,
2649 1847 2695 1891 et
2726 1854 2814 1911 eos
2864 1855 3008 1893 urere
3052 1839 3175 1911 ipsa
3208 1841 3423 1909 ﬂamma
3469 1843 3739 1910 verebatur,

2177 1909 2389 1984 peccata
2410 1925 2503 1984 sua
2529 1909 2926 1972 conﬁtebantur,
2952 1925 3045 1984 pro
3069 1909 3252 1984 quibus
3274 1927 3328 1964 se
3349 1911 3525 1984 digne,
3555 1925 3598 1967 et
3612 1909 3742 1984 juste

3276 1982 3449 2050 mquid
3476 1982 3630 2037 etiam
3649 2002 3745 2038 me-

2179 2048 2332 2121 liores
2363 2050 2902 2121 esse_possumus'ips9
2925 2049 3164 2115 Daniele,
3195 2052 3259 2104 de
3277 2048 3376 2120 quo
3407 2069 3498 2118 per
3524 2053 3747 2108 Ezechie-

2178 2117 2280 2194 ἰείη
2334 2117 2639 2194 prophetam
2683 2117 2820 2194 dicit
2857 2119 3115 2194 Dominus
3154 2121 3227 2194 ad
3238 2117 3550 2194 principem
3594 2124 3746 2194 Tyri:
3788 2137 3790 2141 '

2179 2189 2445 2266 Numquid
2457 2200 2510 2244 tu
2521 2191 2804 2266 sapientior
2813 2207 2967 2258 quam
2982 2190 3167 2266 Daniel
3174 2193 3193 2266 _(
3204 2191 3392 2266 Ezech.
3410 2189 3599 2266 una)
3612 2189 3744 2252 Tete.

2180 2260 2317 2337 Lege
2359 2270 2541 2337 tamen
2589 2260 2758 2337 etiam
2795 2261 3302 2337 precem-Danielis,
3333 2274 3380 2318 et
3425 2265 3540 2321 uide
3580 2260 3749 2337 quem-

2177 2331 2458 2385 admodum
2488 2332 2542 2384 in
2571 2333 2868 2403 captivitate
2913 2333 3108 2403 positus
3154 2345 3363 2402 peccata
3411 2352 3520 2391 non
3557 2331 3744 2392 tantum

2179 2403 2358 2480 populi
2387 2403 2490 2480 sui,
2530 2418 2707 2480 verum
2744 2402 3406 2480 etiamsuu__c0ttﬁteatur,
3447 2417 3501 2480 et
3537 2424 3630 2480 pro
3674 2409 3750 2462 his

2175 2471 2315 2525 dicat
2347 2487 2437 2548 per
2453 2473 2716 2548 justitiam
2740 2471 2834 2548 Dei
2855 2473 3006 2548 senad
3035 2474 3182 2548 illam
3211 2471 3751 2548 captivitatis'pomam

2175 2553 2221 2596 et
2247 2541 2527 2618 opprobria
2552 2544 2882 2618 peruenisse:
2888 2543 2978 2598 Sic
3005 2545 3142 2618 enim
3172 2541 3422 2614 scriptum
3449 2558 3524 2603 est
3551 2541 3647 2603 EEt
3668 2565 3753 2618 po-

2175 2613 2257 2685 sui
2282 2613 2468 2685 faciem
2493 2630 2678 2685 meam,
2713 2622 2819 2668 etc.
2854 2615 3206 2685 Prosequitur
3246 2613 3410 2671 tutam
3451 2613 3744 2675 orationem

2176 2683 2346 2755 ipsius
2377 2684 2640 2755 Danielis.
2665 2699 2787 2755 quas
2815 2683 3054 2740 habetur
3070 2699 3190 2755 cap.
3221 2701 3296 2751 ιχ,
3321 2703 3382 2740 ac
3409 2688 3625 2744 demum
3656 2691 3749 2745 ista

2176 2754 2455 2823 subiungit
2497 2770 2513 2806 :
2568 2753 2696 2808 Herc
2740 2755 2967 2824 ﬁdeliter
3010 2753 3150 2830 lege,
3173 2757 3397 2830 ﬁdeliter
3437 2762 3683 2830 prtedica,
3709 2770 3754 2816 et

2210 2833 2423 2877 uantum
2456 2835 2600 2893 potes
2638 2841 2780 2893 cave,
2813 2835 2862 2880 et
2901 2827 3183 2880 cavendum
3214 2829 3340 2882 doce
3364 2870 3381 2894 ,
3413 2827 3478 2884 ne
3515 2833 3752 2886 adversus

2227 2911 2340 2948 eum
2378 2896 2434 2949 in
2460 2897 2542 2948 his
2573 2896 2934 2951 tentationibus
2955 2906 3000 2951 et
3024 2898 3440 2954 tribulationibus
3470 2918 3754 2955 murmure-

2176 2973 2276 3042 ριν.
2291 2964 2473 3042 _Bonos
2499 2966 2626 3020 dicis
2650 2966 2747 3021 Dei
2768 2983 2958 3042 seruos,
2975 2977 3037 3042 et
3062 2968 3263 3042 ﬁdeles,
3285 2981 3334 3022 et
3357 2979 3563 3026 sanctos
3583 2973 3752 3042 gladio

2173 3033 2526 3108 Barbarorum
2549 3047 2858 3108 peremptos.
2885 3033 3022 3104 Quid
3049 3033 3222 3092 autem
3250 3041 3461 3095 interest
3484 3033 3653 3096 utrum
3672 3059 3751 3097 eos

2174 3106 2330 3176 febris
2352 3123 2422 3161 an
2444 3106 2639 3180 ferrum
2669 3108 2733 3160 de
2744 3123 2970 3180 corpore
2990 3111 3240 3164 solverit?
3257 3127 3371 3180 non
3398 3129 3501 3180 qua
3525 3115 3750 3167 occasio-

2175 3193 2239 3248 ne
2273 3187 2481 3243 exeant,
2503 3179 2592 3232 sed
2629 3179 2806 3248 quales
2831 3179 2898 3231 ad
2925 3195 2978 3232 se
3005 3190 3216 3243 exeant,
3241 3179 3496 3237 Dominus
3537 3184 3753 3238 attendit

2173 3246 2232 3326 in
2260 3250 2418 3303 servis
2445 3249 2576 3312 suis,
2593 3246 2690 3303 nisi
2711 3251 2847 3326 quod
2868 3249 3290 3326 majoremhabet
3310 3268 3512 3321 poenam
3540 3254 3755 3326 languor

2556 3335 2675 3396 nam
2715 3321 2996 3396 citissimus
3049 3323 3247 3396 exitus;
3277 3331 3326 3396 et
3371 3333 3542 3396 tamen
3593 3321 3755 3396 ipsum

2177 3386 2813 3466 languorem_diuturnum
2853 3399 2899 3446 et
2938 3386 3251 3466 horrendum
3287 3393 3528 3466 legimus,
3558 3386 3753 3466 qualem

2174 3457 2357 3531 passus
2379 3471 2452 3516 est
2471 3457 2595 3536 Job,
2621 3464 2769 3536 cujus
2788 3463 3174 3536 Acertejustitite
3208 3457 3357 3536 Deus"
3370 3468 3498 3534 ipse,
3514 3457 3613 3532 qui
3641 3465 3754 3536 falli

2173 3530 2277 3584 non
2307 3542 2492 3602 potest,
2518 3530 2624 3604 tale
2653 3530 2881 3604 perhibet
2905 3530 3268 3588 testimonium.
3298 3530 3619 3590 Gravissima
3639 3530 3756 3589 sane

2173 3611 2223 3655 et
2253 3605 2475 3656 multum
2500 3603 2728 3658 dolenda
2747 3603 2841 3656 illa
2866 3605 3136 3675 captivitas
3161 3605 3471 3674 feminarum
3492 3618 3754 3662 castarum

2174 3683 2328 3741 atque
2361 3683 2657 3728 sanctarum
2688 3692 2708 3730 :
2737 3675 2828 3729 sed
2863 3691 2967 3729 non
3003 3684 3076 3728 est
3109 3676 3339 3742 captivus
3367 3693 3553 3731 earum
3592 3677 3750 3740 Deus,

2173 3759 2263 3796 nec
2288 3746 2519 3812 captivas
2541 3744 2728 3799 deserit
2747 3745 2951 3810 suas,si
2975 3747 3108 3798 novit
3128 3762 3268 3799 suas.
3295 3744 3434 3800 Nam
3461 3761 3508 3802 et
3536 3750 3616 3802 illi
3636 3764 3754 3802 san-

2171 3813 2264 3878 cti,
2305 3831 2524 3889 quorum
2572 3817 2836 3886 passiones
2867 3825 2927 3889 et?
2965 3817 3311 3889 confessiones
3357 3818 3421 3870 de
3467 3817 3752 3889 Scripturis

2170 3886 2362 3959 sanctis
2384 3885 2799 3959 commemoravi,
2823 3887 2886 3940 ab
2909 3885 3138 3940 hostibus
3159 3887 3321 3959 ducti,
3344 3897 3498 3958 atque
3517 3890 3574 3943 in
3593 3885 3756 3959 capti-

2172 3955 2325 4030 uitate
2368 3958 2542 4030 positi,
2576 3955 2668 4009 illa
2708 3957 2948 4010 dixerunt
2973 3971 3090 4030 quq:
3114 3955 3420 4030 conscripta
3445 3955 3688 4030 leguntur
3721 3975 3753 4012 a

2171 4026 2346 4095 nobis,
2376 4036 2432 4079 ut
2480 4027 2736 4080 discamus
2774 4030 3000 4095 captivos
3040 4026 3136 4080 Dei
3179 4026 3346 4084 servos
3388 4026 3514 4084 non'
3529 4030 3695 4084 deseri
3721 4046 3754 4083 a

2173 4093 2392 4149 Domino
2413 4113 2527 4150 suo.
2550 4097 2674 4152 Hmc
2694 4107 2748 4152 et
2768 4093 2871 4152 alia
2901 4097 3233 4167 Augustinus
3262 4099 3313 4153 in
3343 4101 3592 4156 eamdem
3625 4115 3751 4155 sen-

2171 4168 2418 4238 tentiam,
2448 4167 2539 4238 qui
2573 4167 2675 4221 hoc
2701 4167 2840 4221 idem
2873 4177 3247 4238 argumentum
3280 4169 3450 4225 fusius
3480 4172 3751 4226 tractatitt

2170 4235 2322 4310 libris
2350 4237 2418 4292 de
2456 4235 2685 4310 Civitate
2717 4237 2837 4310 Dei.
2865 4235 3054 4294 eadem
3095 4241 3386 4310 occasione
3423 4243 3751 4310 conscriptis

2172 4304 2337 4380 (Vide
2364 4324 2415 4363 c.
2454 4309 2487 4363 9
2515 4319 2562 4362 et
2606 4307 2674 4362 l4
2705 4308 2846 4380 lib.)
2877 4310 2938 4363 de
2967 4308 3166 4380 Civit.).
3195 4309 3364 4364 Porro
3405 4313 3592 4366 multae
3634 4304 3756 4367 sunt

2168 4377 2289 4450 alia!
2317 4392 2518 4443 causae,
2557 4390 2756 4448 praeter
2795 4379 2939 4435 illam
2983 4377 3384 4450 correptionem
3423 4383 3668 4438 divinam
3697 4391 3753 4438 et

2169 4448 2491 4504 delictorum
2519 4456 2680 4504 etiam
2708 4449 2762 4504 in
2787 4450 2948 4520 justis
2977 4461 3033 4507 et
3053 4448 3254 4507 sanctis
3283 4452 3602 4510 hominibus
3629 4469 3753 4509 cas-

2170 4521 2503 4588 tigationem,
2534 4536 2629 4575 cur
2671 4521 2814 4575 Deus
2861 4536 2957 4576 eos
3001 4522 3144 4576 sinat
3191 4526 3244 4577 in
3289 4523 3391 4578 hac
3419 4526 3527 4580 vita
3577 4525 3746 4578 variis

2167 4591 2424 4664 utrumuis
2466 4601 2520 4646 et
2554 4591 3167 4664 calamitatibusamigi,
3201 4595 3270 4647 ab
3301 4595 3483 4664 impiis
3532 4593 3752 4660 vexari,

2169 4660 2332 4716 immo
2353 4674 2405 4716 et
2428 4671 2601 4717 morte
2620 4660 2938 4736 afﬁci,quas
2962 4663 3048 4736 hic
3073 4660 3504 4736 commemorare
3527 4666 3750 4736 longum

2165 4743 2342 4806 esset,
2361 4739 2417 4786 et
2447 4733 2798 4806 superﬂuum,
2828 4748 2952 4788 cum
2986 4734 3040 4788 in
3075 4733 3374 4804 Scripturis
3416 4733 3756 4806 passim'ob-

2164 4801 2264 4856 vim
2302 4803 2431 4869 sint,
2459 4801 2526 4875 et
2555 4819 2586 4858 a
2637 4803 2890 4875 Patribus
2927 4801 3240 4874 explicatae;
3301 4801 3531 4875 quarum
3587 4809 3752 4862 etiam

2163 4873 2556 4955 plerasque
2578 4877 2778 4955 Auctor
2798 4876 2851 4955 in
2879 4873 2979 4928 hac
3001 4873 3554 4955 collatione,_et_alibi
3583 4879 3752 4932 variis

2164 4943 2217 4998 in
2248 4943 2380 5018 locis
2423 4944 2657 5014 attingit,
2678 4944 2778 5018 ubi
2809 4945 2877 5000 de
2898 4946 3167 5018 patientia
3188 4955 3256 5018 et
3294 4947 3754 5018 similibusgargn-

2165 5014 2361 5068 mentis
2420 5013 2633 5069 tractat.
2678 5013 2836 5082 Vide,
2869 5013 2921 5070 si
2971 5016 3142 5082 lubet,
3184 5017 3326 5072 inter
3369 5017 3504 5072 alios
3559 5013 3756 5073 Patres

2162 5084 2219 5158 S_.
2251 5084 2693 5158 Chrysostomum
2718 5085 2770 5158 in
2805 5086 3025 5140 homilia
3057 5088 3232 5156 prima
3261 5087 3330 5143 ad
3355 5087 3638 5158 populum,
3662 5089 3754 5144 ubi

2164 5154 2352 5225 decem
2369 5154 2440 5210 et
2467 5156 2646 5225 plures
2671 5157 2908 5211 rationes
2939 5154 3242 5212 enumerat.

2236 5224 2263 5263 ἀ
2298 5227 2318 5280 l
2348 5224 2597 5280 Corinth.
2627 5242 2696 5280 xv
2731 5243 2743 5277 :
2778 5227 2838 5282 Si
2861 5229 2915 5280 in
2941 5227 3040 5279 hac
3068 5230 3172 5281 vita
3210 5237 3413 5282 tantum
3447 5228 3501 5280 in
3539 5226 3754 5283 Christo

2164 5306 2426 5369 sperantes
2453 5313 2652 5360 sumus,
2675 5297 3082 5369 miserabiliores
3106 5315 3285 5354 sumus
3313 5299 3550 5352 omnibus
3581 5300 3754 5352 homi-

2163 5367 2574 5438 n’ibus.Quippe
2600 5367 2690 5438 qui
2718 5367 2773 5420 in
2801 5367 2899 5438 hac
2924 5369 3057 5433 vita,
3089 5384 3197 5424 non
3231 5380 3517 5438 sperantes
3559 5370 3750 5428 aliam.

2166 5454 2262 5505 pro
2297 5435 2519 5492 Christo
2565 5435 2701 5490 adeo
2742 5435 2906 5506 afﬂigi
2937 5447 2991 5492 et
3031 5440 3168 5493 mori
3217 5435 3573 5505 sustinemus,
3623 5440 3752 5494 nibit

2163 5510 2230 5563 ab
2259 5523 2323 5563 eo
2347 5507 2552 5578 praemii
2576 5515 2700 5579 post
2740 5517 2970 5579 mortem
3017 5517 3414 5577 exSpectantes.
3448 5510 3752 5579 Argumen-

2161 5589 2271 5632 tum
2301 5577 2370 5633 ab
2407 5577 2664 5634 absurdo.
2695 5577 3162 5633 Absurdissimum
3193 5583 3339 5636 enim
3371 5577 3546 5644 esset,
3577 5589 3636 5635 et
3664 5595 3755 5632 or-

2157 5649 2269 5704 dini
2297 5649 2492 5704 divina:
2517 5648 2876 5704 Providentiae
2906 5664 2969 5704 ac
2995 5649 3216 5720 justitize
3253 5652 3486 5705 maxime
3516 5660 3753 5706 contra-

2156 5721 2320 5788 rium,
2348 5722 2392 5775 si
2425 5721 2579 5774 bonis
2606 5727 2662 5774 et
2688 5720 2850 5789 justis
2891 5721 3031 5776 mala
3061 5733 3114 5777 et
3144 5721 3371 5777 adversa
3402 5735 3642 5790 quaeque
3697 5721 3751 5773 in

2159 5793 2262 5850 hoc
2306 5790 2506 5850 saecqu
2535 5791 2912 5864 tolerantibus,
2963 5808 3071 5849 non
3118 5793 3224 5850 alia
3267 5800 3584 5867 superesset
3624 5803 3762 5866 spes
