4012 6336
278 261 387 321 649

1229 256 1571 318 οοιιΑτιο
1609 256 1697 315 Vl.
1732 288 1803 301 —
1830 254 1920 315 DE
1959 253 2613 317 NECE-SA'N'CTORUM.

3456 248 3564 315 950

276 377 391 432 lum
442 366 847 431 miserabiliores
872 373 1035 429 simus
1070 374 1305 430 omnibus
1346 374 1633 430 hominibus
1674 370 1716 446 (l
1743 371 1865 430 Cor.
1894 375 1946 437 Α
1971 370 2195 439 bonum,
2245 372 2471 439 malum,
2514 369 2776 429 medium.
2838 369 3105 429 Debemus
3163 372 3347 444 itaque
3393 388 3562 431 nosse

274 469 391 539 Ir),
424 466 553 539 quia
594 467 805 524 scilicet
831 465 886 524 in
912 464 1016 523 hoc
1043 466 1247 524 mundo
1278 466 1413 522 nihil
1435 464 1863 538 promissionum

273 557 627 630 recipientes,
656 559 897 616 etiamin
926 560 1104 615 futuro
1126 573 1220 616 eas
1242 573 1341 630 pro
1367 558 1469 615 hac
1495 557 1871 615 incredulitate

269 653 576 724 perdimus,
602 653 953 725 opinionibus
976 669 1165 710 eorum
1199 668 1309 709 non
1335 652 1595 709 debemus
1626 667 1813 708 errare
1838 667 1855 708 :

242 806 251 819 ἐ
272 760 342 801 ne
374 746 621 817 ignorata
647 760 795 802 verae
829 745 1164 803 deﬁnitionis
1187 747 1456 803 sententia
1481 746 1780 804 titubantes
1802 761 1867 801 ac

248 834 495 911 trepidi,
537 838 932 895 tentationibus
974 854 1310 908 moveamur,
1360 855 1483 897 cum
1533 840 1738 897 eisdem
1767 853 1866 895 nos

269 946 488 1004 quoque
527 931 762 988 traditos
788 932 1107 1000 viderimus,
1131 933 1218 989 vel
1266 932 1586 1004 injustitiam
1629 931 1863 998 scilicet,

268 1026 354 1080 vel
401 1023 674 1081 incuriam
724 1023 1081 1082 humanarum
1135 1040 1319 1083 rerum
1364 1025 1499 1094 Deo,
1527 1025 1671 1095 quod
1718 1024 1866 1081 dictu

271 1133 491 1189 quoque
541 1120 696 1173 nefas
738 1127 842 1183 est,
874 1119 1237 1183 ascribentes,
1272 1119 1396 1190 quia
1449 1128 1669 1175 sanctos
1714 1117 1863 1173 viros

268 1217 529 1279 recteque
563 1208 816 1265 viventes
867 1209 921 1264 in
964 1209 1269 1265 tentatione
1304 1225 1412 1266 non
1456 1218 1727 1281 protegat,
1760 1223 1860 1265 nec

267 1298 425 1355 bonis
450 1315 515 1356 ea
536 1316 663 1371 qua:
693 1300 833 1356 bona
859 1310 1004 1369 sunt,
1029 1316 1131 1358 nec
1162 1302 1300 1356 mala
1330 1301 1488 1357 malis
1518 1302 1784 1359 retribuat
1808 1301 1862 1357 in

268 1390 547 1460 pmsenti,
580 1401 636 1447 et
667 1406 790 1446 cum
832 1390 940 1447 illis
967 1390 1215 1448 damnari
1241 1408 1571 1461 mereamur,
1604 1408 1741 1465 quos
1761 1394 1865 1449 So-

268 1482 500 1553 phonias
528 1482 794 1554 propheta
825 1484 1095 1555 castigans
1127 1493 1153 1538 τ
1173 1484 1277 1553 Qui
1319 1486 1519 1551 dicunt,
1568 1484 1766 1556 inquit,
1806 1485 1862 1539 in

265 1573 513 1629 cordibus
559 1576 691 1644 suis,
726 1573 852 1630 Non
896 1576 1051 1643 faciet
1097 1575 1352 1631 Dominus
1395 1576 1539 1643 bene,
1572 1578 1664 1633 sed
1698 1593 1863 1648 neque

261 1670 419 1740 faciet
450 1668 589 1723 male
624 1667 882 1741 (Sophon.
918 1668 982 1739 l);
1014 1668 1102 1725 vel
1134 1678 1285 1726 certe
1322 1684 1447 1726 cum
1478 1669 1589 1725 illis
1618 1669 1861 1726 invenia-

1972 464 2100 535 quid
2146 466 2364 536 proprie
2406 465 2631 533 bonum,
2664 462 2795 537 quid
2823 465 3046 535 malum,
3076 464 3278 537 quidve
3324 465 3562 533 sit,me-

1970 554 2155 622 dium,
2185 564 2243 612 ut
2285 567 2471 612 nostra
2504 556 2661 625 fides,
2692 571 2819 613 vera
2860 556 3090 614 scientia
3130 552 3464 614 communita
3506 558 3562 614 in

1968 650 2180 705 cunctis
2223 650 2653 718 tentationibus,
2700 651 3028 708 inconcussa
3080 651 3361 722 perduret.
3414 650 3562 707 Nihil

1969 740 2136 813 igitur
2186 741 2238 795 in
2270 741 2435 798 rebus
2466 743 2745 799 dumtaxat
2788 744 3041 801 humanis
3068 754 3095 783 ιι
3124 744 3427 816 principale
3456 745 3561 802 bo-

1970 848 2099 889 num
2145 848 2269 892 esse
2315 835 2645 892 credendum
2690 846 2797 905 est,
2830 838 2931 892 nisi
2980 837 3154 893 virtus
3203 838 3371 893 animi
3417 837 3557 905 sola,

1969 941 2092 996 quae
2121 926 2227 982 fide
2253 928 2468 985 sincera
2498 944 2599 985 nos
2620 929 2686 985 ad
2701 929 2889 985 divina
2912 930 3237 1000 perducens,
3261 930 3339 986 illi
3364 931 3562 986 immu-

1967 1017 2119 1073 tabili
2173 1018 2318 1074 bono
2368 1018 2497 1075 facit
2544 1020 2748 1092 jugiter
2794 1021 3078 1078 inhaerere.
3127 1021 3197 1077 Et
3247 1019 3557 1079 econtrario

1968 1109 2100 1166 nihil
2136 1112 2337 1167 malum
2370 1128 2493 1169 esse
2519 1112 2811 1170 dicendum
2842 1124 2947 1179 est,
2980 1115 3083 1171 nisi
3132 1124 3417 1186 peccatum
3458 1128 3553 1170 so-

1969 1202 2105 1271 lum,
2137 1205 2283 1275 quod
2314 1220 2344 1260 a
2372 1206 2517 1261 bono
2544 1207 2655 1263 Deo
2686 1223 2787 1264 nos
2816 1222 3097 1279 separans,
3121 1208 3266 1264 malo
3290 1208 3419 1264 facit
3440 1207 3557 1264 dia-

1968 1293 2093 1351 bolo
2118 1296 2380 1365 copulari.
2414 1295 2444 1336 δ
2472 1296 2645 1354 Media
2685 1309 2812 1354 sunt
2841 1315 2963 1371 quae
3016 1301 3070 1356 in
3117 1310 3405 1371 utramque
3432 1315 3557 1371 par-

1967 1399 2075 1446 tem
2106 1405 2202 1461 pro
2234 1390 2430 1447 affectu
2461 1400 2516 1447 et
2556 1392 2784 1449 arbitrio
2808 1394 3012 1451 utentis
3036 1393 3269 1450 derivari
3300 1402 3549 1464 possunt,

1965 1489 2026 1537 ut
2070 1494 2195 1553 puta
2243 1483 2468 1551 divitiae,
2501 1494 2766 1555 potestas,
2821 1484 3016 1554 honor,
3068 1489 3236 1541 robur
3281 1486 3551 1557 corporis,

1962 1574 2189 1641 sanitas,
2227 1576 2597 1645 pulchritudo,
2620 1576 2730 1633 vita
2761 1578 2901 1649 ipsa,
2928 1578 3015 1635 vel
3040 1594 3209 1646 mors,
3234 1588 3551 1650 paupertas,

1962 1663 2252 1720 inﬁrmitas
2301 1666 2504 1735 carnis,
2564 1667 2811 1737 injuriae,
2844 1677 2900 1725 et
2945 1677 3145 1725 caetera
3191 1669 3276 1724 his
3323 1668 3551 1733 similia,

265 1778 413 1828 mur,
441 1762 537 1833 qui
566 1761 879 1833 huiusmodi
917 1762 1279 1833 querimoniis
1309 1763 1479 1819 Deum
1512 1762 1857 1834 blasphema-
1886 1765 1936 1827 B
1961 1774 2101 1830 quae,
2133 1770 2155 1799 α
2181 1775 2281 1831 pro
2302 1761 2567 1831 qualitate
2594 1770 2648 1819 et
2675 1761 2869 1819 affectu
2894 1763 3119 1831 utentis,
3146 1764 3230 1819 vel
3254 1764 3319 1819 ad
3347 1763 3544 1819 bonam

264 1871 326 1911 re
382 1855 643 1911 dicuntur
673 1872 688 1909 :
732 1854 914 1910 Omnis
942 1856 1035 1926 qui
1062 1855 1190 1926 facit
1239 1856 1457 1925 malum,
1484 1856 1645 1912 bonus
1689 1866 1765 1912 est
1800 1858 1855 1913 in

262 1956 540 2020 conspectu
577 1945 812 2013 Domini,
852 1956 901 2002 et
933 1948 1061 2002 tales
1089 1948 1138 2001 ei
1180 1948 1425 2021 placent;
1452 1959 1541 2003 aut
1582 1958 1736 2019 certe,
1770 1950 1855 2003 ubi

261 2048 334 2096 est
368 2039 507 2095 Deus
528 2040 756 2113 justitite
779 2038 1038 2111 (Malach.
1073 2040 1160 2111 tt)?
1190 2040 1335 2095 illam
1357 2055 1575 2111 quoque
1600 2039 1862 2110 blasphe-

259 2132 447 2199 miam,
481 2146 608 2202 quae
649 2130 702 2185 in
732 2130 1192 2201 subsequentibus
1221 2132 1571 2198 describitur,
1603 2132 1857 2189 similiter

256 2222 619 2293 adjungentes
641 2238 657 2276 ε
688 2220 869 2278 Vanus
892 2235 967 2278 est
982 2224 1071 2294 qui
1092 2225 1242 2278 seruit
1269 2222 1381 2278 Deo
1402 2241 1423 2291 ;
1444 2233 1535 2280 aut
1555 2226 1697 2295 quod
1719 2242 1858 2280 emo-

258 2314 545 2369 lumentum
590 2317 714 2387 quia
761 2315 1133 2369 custodivimus
1172 2328 1431 2387 praecepta
1471 2319 1610 2390 ejus,
1643 2331 1692 2373 et
1733 2319 1857 2389 quia

257 2407 639 2463 ambulavimus
667 2410 835 2463 tristes
866 2424 1042 2463 coram
1065 2406 1333 2464 Domino?
1361 2410 1498 2485 Ergo
1519 2428 1658 2466 nunc
1681 2412 1857 2468 beatos

262 2500 485 2555 dicimus
512 2509 841 2569 arrogantes,
864 2499 1120 2572 siquidem
1148 2501 1297 2556 dilati
1331 2513 1451 2557 sunt
1481 2505 1731 2575 facientes
1759 2505 1859 2559 im-

260 2594 531 2663 pietatem,
561 2601 613 2648 et
640 2602 960 2648 tentaverunt
982 2593 1149 2649 Deum
1174 2604 1222 2650 et
1253 2596 1383 2650 salvi
1411 2596 1537 2666 facti
1561 2608 1682 2653 sunt
1708 2596 1857 2670 (Ma-

258 2683 532 2757 lach.tn).
570 2684 941 2751 Quamobrem
994 2695 1051 2741 ut
1096 2686 1235 2742 hanc
1280 2686 1701 2759 ignorationem,
1735 2705 1857 2761 qua

258 2776 571 2847 pravissimi
616 2776 778 2847 hujus
818 2778 1022 2834 erroris
1050 2778 1207 2835 radix
1236 2789 1293 2837 et
1334 2796 1498 2837 causa
1543 2791 1649 2851 est,
1682 2784 1858 2854 possi-

258 2884 383 2925 mus
410 2869 672 2933 evadere,
703 2870 940 2941 primum
970 2884 1134 2926 nosse
1160 2870 1425 2928 debemus
1462 2873 1594 2946 quid
1626 2890 1757 2931 vere
1785 2874 1856 2930 sit

257 2965 499 3030 bonum,
526 2964 656 3035 quid
706 2965 931 3031 malum,
959 2972 1017 3021 et
1052 2965 1126 3021 ita
1156 2964 1375 3023 demum
1411 2983 1575 3039 super
1614 2969 1698 3025 his
1748 2985 1855 3027 non

256 3056 457 3114 falsum
479 3057 653 3129 vulgi,
692 3057 789 3115 sed
819 3072 1005 3114 veram
1045 3058 1455 3132 Scripturarnm
1481 3061 1852 3120 definitionem

1960 1863 2188 1923 possunt
2226 1863 2433 1923 partem
2482 1856 2785 1926 prolicere,
2818 1856 2901 1912 vel
2950 1856 3017 1912 ad
3064 1857 3279 1914 malam.
3313 1857 3447 1913 Nam
3498 1867 3555 1913 et

1958 1943 2162 2001 divitia!
2204 1946 2491 2015 proficiunt
2520 1946 2835 2017 frequenter
2872 1947 2938 2002 ad
2982 1948 3201 2014 bonum,
3250 1948 3553 2006 secundum

1957 2035 2301 2107 Apostolum,
2336 2040 2425 2109 qui
2456 2040 2696 2095 divitibus
2731 2041 2887 2114 hujus
2913 2042 3095 2095 mundi
3117 2042 3351 2113 prrecipit
3379 2049 3438 2096 ut
3463 2040 3553 2111 fa-

1957 2132 2057 2187 cile
2098 2132 2351 2200 tribuant,
2384 2134 2759 2189 communicent
2797 2134 3169 2207 indigentibus,
3201 2134 3556 2190 thesaurisent

1958 2223 2057 2277 sibi
2096 2225 2494 2294 fundamentum
2544 2224 2732 2279 bonum
2758 2225 2812 2279 in
2837 2229 3094 2295 futurum,
3119 2236 3173 2279 ut
3209 2241 3306 2296 per
3335 2227 3431 2281 has
3460 2242 3555 2297 ap-

1958 2312 2277 2385 prehendant
2306 2331 2477 2370 veram
2516 2315 2675 2370 vitam
2728 2314 2767 2385 (l
2802 2314 2940 2369 Tim.
2994 2317 3091 2385 vr).
3136 2316 3203 2371 Et
3248 2316 3551 2374 secundum

1960 2404 2312 2477 Evangelium
2344 2406 2505 2462 bona:
2527 2416 2651 2463 sunt
2688 2407 2794 2462 illis
2819 2408 2908 2478 qui
2937 2408 3131 2477 faciunt
3151 2409 3247 2464 sibi
3267 2409 3462 2463 amicos
3488 2410 3554 2466 de

1958 2498 2139 2571 iniquo
2166 2514 2461 2554 mammona
2483 2498 2637 2572 (Luc.
2662 2498 2799 2570 xvi).
2828 2499 2960 2567 Qua:
2991 2515 3205 2556 rursum
3230 2509 3553 2572 retorquen-

1960 2600 2048 2648 tur
2077 2592 2143 2648 ad
2187 2592 2414 2660 malum,
2441 2608 2563 2648 cum
2611 2591 2678 2648 ad
2727 2592 3127 2649 recondendum
3180 2592 3554 2656 tantummodo

1962 2685 2046 2741 vel
2077 2684 2143 2740 ad
2169 2684 2437 2741 luxuriam
2465 2694 2858 2755 congeruntur,
2885 2692 2940 2739 et
2986 2699 3092 2739 non
3141 2685 3206 2739 ad
3241 2700 3370 2741 usus
3414 2685 3553 2742 indi-

1958 2780 2205 2849 gentium
2236 2777 2639 2848 dispensantur.
2688 2777 2937 2833 Potestas
2988 2791 3203 2848 quoque
3249 2788 3304 2832 et
3352 2776 3547 2845 honor,

1958 2870 2313 2942 corporisque
2362 2870 2526 2927 robur
2573 2884 2638 2925 ac
2685 2868 2924 2935 sanitas,
2955 2884 3114 2940 quam
3156 2871 3263 2924 sint
3291 2869 3468 2925 media
3498 2878 3555 2925 et

1959 2962 2254 3034 utrobique
2274 2960 2678 3027 convenientia,
2696 2962 2858 3015 etiam
2884 2976 2952 3016 ex
2982 2960 3084 3015 huc
3111 2960 3271 3017 facile
3300 2975 3555 3031 compro-

1959 3053 2142 3121 batur,
2171 3054 2313 3126 quod
2353 3053 2509 3110 multi
2551 3063 2864 3109 sanctorum
2910 3055 2963 3109 in
3002 3054 3174 3110 veteri
3204 3054 3554 3109 Testamento

257 3160 537 3222 tenentes,
570 3151 801 3209 minime
841 3152 1143 3211 infidelium
1188 3153 1471 3213 hominum
1516 3156 1859 3229 accipiamur
1887 3137 1934 3204 C
1968 3147 2128 3218 potiti
2166 3147 2251 3203 his
2277 3146 2531 3202 omnibus
2557 3155 2612 3201 et
2640 3146 2695 3200 in
2738 3146 2963 3201 summis
2993 3146 3204 3201 divitiis
3233 3153 3289 3202 et
3316 3145 3556 3201 culmine

255 3256 475 3300 errore.

884 3356 1116 3416 CAPUT
1155 3358 1243 3416 lli.

249 3489 343 3548 De
388 3489 559 3547 tribus
602 3505 719 3561 qua
747 3491 802 3547 in
842 3490 1176 3565 hocgmundo
1224 3502 1370 3565 sunt,
1392 3495 1448 3551 id
1499 3504 1593 3565 est,
1619 3496 1786 3564 bonis,
1812 3505 1862 3554 et

837 3563 1014 3633 malis,
1042 3573 1089 3619 et
1119 3564 1322 3621 mediis.

326 3696 465 3754 Tria
494 3705 621 3754 sunt
649 3711 831 3755 omnia
859 3713 981 3770 quae
1017 3698 1072 3756 in
1111 3699 1213 3758 hoc
1245 3701 1453 3758 mundo
1485 3711 1632 3772 sunt,
1663 3702 1716 3759 id
1746 3712 1851 3773 est,

1967 3240 2291 3313 dignitatum
2332 3254 2395 3295 ac
2448 3238 2769 3296 fortitudine
2820 3239 3066 3309 corporis
3107 3239 3414 3307 constituti,
3443 3238 3555 3295 Deo

1964 3349 2183 3407 quoque
2211 3333 2572 3404 acceptissimi
2605 3332 2774 3389 fuisse
2814 3340 3134 3388 noscuntur.
3166 3331 3235 3386 Et
3265 3347 3297 3387 e
3323 3331 3551 3387 diverso

1963 3427 2058 3500 qui
2083 3427 2168 3483 his
2194 3428 2337 3483 male
2358 3426 2440 3482 usi
2475 3436 2621 3492 sunt,
2652 3437 2708 3481 et
2727 3440 2789 3481 ea
2816 3424 2882 3481 ad
2911 3425 3277 3482 ministerium
3308 3440 3421 3481 sua:
3447 3441 3543 3482 ne-

1964 3521 2152 3593 quitiaa
2174 3520 2543 3587 detorserunt,
2576 3536 2682 3575 non
2716 3519 2990 3576 immerito
3014 3520 3097 3574 vel
3122 3520 3294 3590 puniti
3319 3528 3446 3575 sunt
3463 3521 3553 3575 vel

1968 3614 2247 3681 exstincti,
2275 3612 2421 3686 quod
2448 3612 2766 3683 frequenter
2803 3610 3119 3682 Regnorum
3159 3611 3280 3665 libri
3314 3611 3554 3667 indicant

1967 3706 2193 3763 factum.
2239 3706 2317 3763 De
2346 3705 2465 3777 ipsa
2501 3705 2664 3761 etiam
2702 3713 2877 3760 morte
2913 3718 2977 3757 ac
3005 3702 3114 3757 vita
3156 3702 3278 3773 quia
3304 3700 3331 3740 τι
3360 3704 3553 3759 medias

1336 3819 1594 3875 ALARDI
1634 3820 1868 3879 GAZIEI
1904 3820 2473 3881 COMMENTARIUS.

254 3907 589 3997 [amaris-Aac
618 3907 878 3997 ielicipris
902 3910 1026 3966 vitae
1057 3910 1109 3966 in
1134 3910 1482 3997 futuro._AtJ
1500 3915 1671 3997 longe.
1706 3916 1855 3974 aliud

247 3981 551 4060 promittit
575 3982 689 4060 ipsa
733 3981 973 4060 Veritas,
1003 3997 1142 4060 cum_
1163 3984 1285 4060 ait:
1332 3983 1482 4060 Beati
1520 3981 1620 4055 qui
1652 3986 1849 4060 lugent,

245 4052 640 4130 quoniamipsi
663 4054 1081 4130 consolabuntur.
1100 4052 1250 4109 Beati
1259 4056 1358 4130 qui
1379 4072 1514 4109 nunc
1532 4052 1697 4127 ﬂetis,
1710 4052 1854 4130 'quoé

244 4121 691 4208 niamaidebitis.
716 4121 875 4207 Beati.
896 4126 1001 4208 qui.
1016 4121 1421 4193 persecutionem
1448 4121 1715 4208 patiuntur
1726 4121 1854 4200 pro-

245 4203 379 4266 pter
392 4202 689 4318 iustitiam,
720 4202 962 4264 quoniam
981 4202 1213 4265 ipsorum
1237 4206 1313 4251 est
1340 4214 1557 4270 regnum
1580 4203 1850 4256 malorum.

331 4273 366 4302 ιι
444 4265 698 4335 rincipale
726 4265 927 4321 bonum
959 4267 1131 4321 virtus
1160 4266 1381 4331 dicitur,
1414 4283 1519 4324 non
1544 4271 1668 4335 quia
1704 4287 1853 4326 sum-

331 4286 366 4302 ’“
396 4286 698 4335 ΙἸἹΙΙΒΙΡἎΙΕ
727 4286 927 4321 Donum
959 4286 1131 4321 νει-ωε
1160 4286 1381 4331 (ιιειιυτ,
1414 4286 1519 4324 non
1544 4286 1668 4340 quia
1704 4287 1853 4326 sum-

245 4350 428 4393 murn
468 4345 524 4389 et
566 4338 784 4391 unicum
834 4337 1058 4403 bonum,
1092 4347 1149 4392 ut
1192 4337 1366 4393 Stoici
1400 4341 1709 4406 voluerunt,
1757 4341 1853 4397 sed

1963 3927 2080 3972 sunt
2100 3934 2118 3979 :
2138 3925 2311 3970 manet
2344 3916 2483 3970 enim
2512 3914 2888 3970 dissimilitudo
2919 3929 3194 3986 passorum
3221 3913 3374 3969 etiam
3400 3914 3453 3968 in
3475 3918 3548 3971 si-

1957 3989 2249 4042 militudine
2298 3988 2618 4056 passionum,
2651 3996 2699 4040 et
2727 3986 2847 4039 licet
2897 3983 2989 4039 sub
3037 3983 3217 4038 eodem
3244 3994 3549 4056 _tormento,

1958 4076 2060 4113 non
2088 4068 2161 4113 est
2180 4054 2317 4130 idem
2346 4059 2503 4130 virtus
2533 4067 2581 4111 et
2607 4059 2805 4130 vitium.
2835 4056 2976 4130 Nam
3004 4056 3138 4130 sicut
3169 4054 3262 4108 sub
3291 4072 3394 4130 uno
3424 4057 3550 4130 igne

1957 4146 2141 4183 aurum
2180 4128 2382 4196 rutilat,
2416 4129 2562 4197 palea
2592 4128 2783 4199 fumat,
2808 4138 2856 4181 et
2891 4128 2984 4180 sub
3026 4127 3207 4181 eadem
3238 4126 3427 4181 tribula
3446 4126 3551 4183 sti-

1956 4200 2095 4272 pulte
2131 4202 2884 4272 comminuuntur,frumenta
2933 4206 3247 4272 purgantur,
3290 4213 3383 4272 nec
3430 4199 3548 4254 ideo

1958 4269 2073 4325 cum
2102 4270 2213 4324 oleo
2239 4287 2451 4324 amurca
2482 4271 2841 4341 confunditur,
2873 4270 2995 4340 quia
3025 4270 3199 4341 eodem
3238 4269 3547 4341 prtulipon-

1924 4386 1927 4389 ,
1958 4341 2079 4395 dere
2107 4342 2414 4412 exprimitur
2442 4356 2458 4393 :
2493 4339 2696 4394 ita'una
2725 4339 3001 4410 eademque
3039 4341 3115 4393 vis
3160 4339 3363 4393 irruens
3388 4340 3547 4395 bonos

244 4407 740 4490 quinpraecipuunt
765 4408 998 4490 hominis
1020 4408 1219 4490 bonum
1252 4411 1306 4464 in
1341 4412 1439 4466 hac
1461 4413 1661 4480 vita,et
1684 4412 1856 4490 tnaxi-
1882 4429 1937 4490 Ι)
1960 4407 2718 4490 probat,'purifirat,eliquat;
2760 4407 2925 4490 malos:
2971 4412 3205 4490 damnat,
3228 4418 3549 4490 pastat,_ex-

242 4478 354 4535 me
407 4478 798 4551 expetendum;
828 4494 931 4531 non
962 4488 1140 4534 tamen
1189 4481 1303 4548 ipsa
1350 4478 1583 4551 propter
1598 4497 1658 4538 se
1683 4484 1856 4538 virtus

243 4548 601 4622 expetenda,
625 4548 725 4622 sed
768 4558 990 4622 prapter
1036 4566 1307 4622 summum
1341 4548 1563 4613 bonum.
1597 4553 1741 4622 quod
1772 4563 1859 4609 est

245 4617 444 4691 Deus,
462 4633 562 4691 seu
590 4617 1094 4691 beatitudo_:eterna
1134 4620 1291 4691 (Aug.
1323 4622 1362 4675 l.
1396 4637 1448 4677 rx
1478 4624 1543 4677 de
1572 4617 1724 4677 Civil.
1759 4623 1858 4679 Dei

244 4707 301 4745 e.
331 4687 385 4762 _4
410 4686 681 4762 abactam.
714 4688 752 4762 l.
776 4704 834 4744 tu
860 4688 1036 4762 Instit.
1060 4686 1178 4762 cap:
1218 4686 1333 4762 2'2).

328 4760 363 4799 δ
512 4758 836 4833 Augustinum
868 4761 962 4816 lib.
995 4762 1101 4817 tde
1125 4757 1301 4817 'Civiti
1352 4777 1472 4831 cap.
1507 4764 1540 4819 8
1573 4782 1586 4818 :
1621 4763 1857 4833 Placuit,

252 4829 479 4907 inquit,
524 4830 727 4907 divinas.
752 4827 1104 4907 Providentia:
1146 4827 1444 4907 prteparare
1485 4835 1540 4889 in
1592 4827 1859 4907 posterum

244 4904 407 4979 bona
424 4901 597 4971 justis,
619 4900 801 4968 quibus
824 4917 925 4979 non
957 4900 1195 4979 fruentur
1220 4900 1424 4979 injusti,
1456 4915 1504 4959 et
1527 4900 1665 4960 mala
1684 4909 1858 4979 impiis

288 4972 466 5029 uibus
506 4988 606 5025 non
646 4972 1081 5049 excruciabantur
1114 4972 1375 5030 boniflta
1406 4993 1521 5030 vero
1553 4972 1858 5049 temporalia

283 5060 414 5101 ana
465 5051 511 5095 et
549 5043 690 5114 mala
738 5042 901 5097 voluit
944 5048 1171 5114 utrisque
1200 5063 1307 5101 esse
1342 5042 1663 5112 communia,
1690 5058 1746 5102 ut
1768 5067 1857 5104 nec

240 5118 412 5171 bona
442 5113 672 5185 cupidius
698 5124 1009 5188 appetantur
1037 5113 1153 5187 qua:
1176 5118 1299 5171 mali
1322 5135 1517 5188 quoque
1539 5119 1724 5173 habere
1744 5136 1856 5174 cer-

241 5184 613 5246 nuntunnec
648 5184 796 5258 mala
843 5184 1059 5258 turpiter
1106 5184 1359 5242 evitentur
1411 5190 1595 5258 quibus
1651 5200 1699 5243 et
1742 5189 1859 5246 boni

239 5260 573 5328 plerumque
596 5256 906 5331 afﬁciuntur.
930 5255 1161 5313 interest
1187 5270 1358 5313 autem
1382 5255 1663 5330 plurimum
1689 5263 1860 5331 qualis

236 5332 321 5383 sit
377 5342 509 5401 usus
539 5327 610 5379 vel
638 5341 812 5401 earum
860 5344 1035 5401 rerum
1082 5346 1199 5401 qum
1247 5327 1528 5401 prosperae,
1572 5335 1649 5385 vel
1680 5327 1858 5387 earum

234 5412 383 5464 σιαε
420 5395 653 5469 dicuntur
673 5399 918 5453 adserere.
942 5395 1187 5454 Nam'his
1209 5395 1355 5455 bonis
1369 5395 1751 5469 temporalibus
1766 5420 1859 5459 nec

236 5472 446 5541 bonus
482 5468 763 5541 extollitur,
810 5486 901 5541 nec
943 5471 1093 5525 malis
1132 5473 1428 5541 frangitur;
1480 5468 1646 5528 mulus
1689 5484 1857 5530 autem

236 5540 387 5596 ideo
415 5538 709 5614 hujasmodi
733 5540 1044 5614 infelicitate
1076 5538 1309 5609 punitur,
1331 5544 1455 5610 quia
1474 5544 1723 5614 felicitate
1751 5562 1860 5599 cor-

234 5608 555 5686 rumpitur.
585 5609 649 5686 Et
667 5608 845 5686 infra“:
877 5610 1005 5686 litae
1031 5628 1148 5667 cum
1176 5616 1250 5667 ita
1277 5608 1399 5674 sint.
1417 5608 1721 5686 quicumque
1740 5616 1859 5670 boni

231 5680 499 5750 malique
527 5680 718 5758 pariter
739 5680 915 5758 afﬂicti
934 5694 1072 5749 sunt,
1104 5701 1207 5740 non
1232 5686 1348 5758 ideo
1375 5680 1474 5758 ipsi
1497 5680 1729 5741 distincti
1756 5704 1858 5741 non

230 5761 417 5818 sunt,
458 5752 583 5822 quia
624 5753 928 5808 distinctum
955 5772 1057 5809 non
1096 5765 1169 5811 est
1209 5756 1349 5829 quod
1393 5752 1595 5827 utrique
1632 5758 1859 5830 perpessi

556 5856 834 5921 ΡΔτιοι.
882 5855 1119 5921 XLIX.

1962 4478 2228 4536 terminat.
2285 4481 2517 4551 Undein
2546 4478 2719 4534 eadem
2749 4481 3020 4551 afﬂictione
3048 4481 3172 4532 mali
3220 4478 3382 4533 Deum
3410 4482 3550 4537 dete-

1961 4562 2163 4607 stantur
2206 4562 2357 4623 atque
2403 4550 3142 4623 blnsphemant,'bonirautem
3183 4563 3459 4619 precantur
3501 4564 3549 4607 et

1961 4624 2193 4677 laudant.
2213 4621 2431 4676 Tantum
2453 4622 2658 4674 interest
2682 4638 2783 4674 non
2807 4621 3005 4692 qualia,
3030 4622 3119 4673 sed
3141 4624 3311 4691 qualis
3332 4624 3551 4691 quisque

1960 4695 2210 4765 patiatur.
2249 4692 2387 4746 Nam
2419 4696 2532 4761 pari
2564 4701 2705 4765 motu
2736 4691 3050 4763 exagitatam
3066 4704 3112 4745 et
3142 4692 3348 4746 exhalat
3379 4691 3549 4765 horri-

1961 4764 2130 4818 bilitcr
2171 4779 2391 4831 canum,
2417 4773 2464 4816 et
2513 4764 2741 4834 suaviter
2782 4765 2982 4834 fragrat
3027 4773 3366 4833 unguentum.
3405 4764 3549 4818 [luc-

1963 4850 2131 4905 usque
2161 4834 2537 4903 pereleganter
2576 4833 2639 4887 D.
2672 4833 3005 4905 Augustinus
3039 4851 3051 4887 :
3095 4834 3185 4903 qui
3212 4842 3267 4887 et
3294 4836 3545 4903 sequenti

1960 4904 2080 4973 cap.
2115 4904 2229 4959 haec
2251 4907 2453 4965 subdit.
2488 4906 2649 4959 etiam
2679 4904 2804 4961 huic
2832 4906 2951 4960 loco
2977 4913 3338 4958 consentanea
3363 4922 3374 4956 :
3400 4904 3542 4970 Quid

1959 4977 2119 5047 igitur
2153 4977 2207 5029 in
2245 4975 2339 5029 illa
2386 4992 2556 5029 rerum
2604 4978 2842 5031 vastitate
2887 4975 3181 5047 Christiani
3211 4975 3365 5047 passi
3402 4987 3543 5041 sunt,

1959 5045 2099 5118 quod
2139 5048 2210 5100 eis
2248 5063 2358 5118 non
2400 5047 2559 5111 magis
2604 5047 2826 5115 ﬁdeliter
2860 5048 2959 5101 ista
3004 5045 3444 5118 considerantibus
3480 5048 3549 5099 (ιιι

1960 5116 2248 5189 profectum
2276 5116 2504 5171 valeret?
2526 5130 2585 5189 et
2607 5133 2728 5187 qua:
2756 5125 3077 5189 sequuntur,
3116 5116 3215 5189 ubi
3236 5129 3428 5189 causas
3450 5132 3544 5170 ex-

1960 5186 2115 5259 ponit
2149 5188 2221 5243 ob
2245 5203 2381 5258 quas
2421 5196 2477 5244 et
2522 5186 2646 5243 boni
2678 5196 2734 5245 et
2775 5186 2903 5245 mali
2953 5188 3156 5259 pariter
3187 5186 3545 5259 ﬂagellantur.

1961 5258 2113 5329 Quod
2143 5268 2518 5330 argumentum
2548 5260 2707 5316 etiam
2738 5258 3090 5331 sequentibus
3122 5272 3243 5327 cap.
3280 5258 3387 5311 late
3420 5273 3547 5327 pro-

1962 5334 2228 5387 sequitur.

2025 5348 2340 5457 guligientii
2382 5402 2649 5457 sententia
2678 5410 2763 5457 est
2807 5416 2873 5458 ex
2906 5401 3148 5457 Platone.
3192 5400 3319 5463 Quae
3357 5398 3413 5451 in
3458 5400 3547 5453 ho-

1961 5474 2179 5527 minibus
2209 5473 2447 5527 dicuntur
2487 5474 2637 5536 bona,
2669 5483 2923 5545 parentes,
2956 5473 3178 5545 patriam
3208 5468 3549 5535 incolumem,

1961 5545 2179 5617 amicos,
2210 5560 2391 5617 genus,
2425 5542 2699 5617 cognatos,
2722 5544 2949 5617 divitias,
2983 5542 3193 5617 perinde
3242 5555 3351 5617 esse
3389 5549 3445 5591 ut
3480 5552 3548 5617 est

1960 5616 2104 5670 illius
2132 5610 2336 5669 animus
2360 5616 2446 5685 qui
2469 5610 2529 5669 ea
2563 5613 2808 5685 possidet.
2847 5614 2949 5668 Oui
2985 5610 3063 5666 uti
3098 5613 3215 5678 scit,
3246 5610 3290 5663 ei
3323 5610 3478 5675 bona;
3505 5614 3549 5669 ei

1960 5688 2053 5757 qui
2092 5703 2193 5740 non
2228 5684 2395 5741 utitur
2414 5696 2568 5747 recte,
2593 5684 2754 5742 mala.

2032 5756 2058 5794 ά
2092 5757 2300 5826 Mediae,
2325 5758 2381 5815 id
2408 5767 2512 5827 est,
2545 5757 2689 5816 inter
2728 5755 2903 5815 media
2943 5753 3252 5823 censenda,
3296 5752 3422 5826 quia
3460 5768 3545 5825 per

2999 5855 3076 5917 21
