4012 6336
501 335 609 399 655

1557 327 1843 390 JOANNIS
1861 325 2727 392 -CASSIANIsCOLLATlONES.

497 457 593 514 sed
617 453 697 513 illi
723 452 941 527 proﬁcit
970 449 1036 510 ad
1057 449 1364 510 mercedem
1411 448 1501 521 qui
1520 447 1669 505 illata
1691 448 1792 504 sibi
1815 448 2084 517 patienter
2108 460 2158 520 Α
2185 447 2417 517 famam,
2459 457 2515 503 ut
2559 449 2852 505 seductum
2887 457 2938 504 et
2979 464 3222 518 veraces;
3261 456 3314 506 ut
3339 452 3523 523 tristes,
3561 473 3744 534 semper

496 548 732 620 excepit.
763 547 998 616 Ideoque
1017 553 1073 602 et
1095 544 1184 600 hic
1203 543 1398 600 merito
1414 541 1667 614 punietur
1683 555 1780 612 pro
1797 538 2088 594 crudelita-

500 643 571 698 tis
599 642 832 710 savitia,
861 655 966 710 qua
998 638 1199 694 malum
1235 635 1412 693 voluit
1434 635 1658 703 inferre,
1689 643 1745 692 et
1768 634 1862 690 ille
1889 632 2087 689 nihilo-

499 735 683 791 minus
711 733 846 790 nihil
894 731 1021 788 mali
1056 745 1348 803 perpessus
1383 738 1489 796 est,
1512 728 1661 800 quia,
1691 727 1890 783 virtute
1921 723 2088 782 animi

498 828 585 885 sui
625 828 894 898 patienter
919 825 1249 882 tentationes
1294 823 1620 893 doloresque
1644 830 1978 888 sustentans,
2022 836 2087 878 ea

493 935 619 991 quae
648 919 794 976 malo
819 916 1102 990 proposito
1125 916 1273 972 illata
1295 922 1441 980 sunt,
1471 914 1538 970 ad
1567 913 1866 984 profectum
1897 912 2088 970 melio-

500 1015 577 1070 ris
600 1022 773 1070 status
799 1021 856 1070 et
883 1021 1101 1069 aeterna:
1131 1009 1259 1066 vitae
1302 1007 1437 1066 fecit
1485 1006 1874 1065 beatitudinem
1924 1006 2090 1078 perti-

496 1121 650 1164 nere.

1111 1193 1341 1252 CAPUT
1379 1193 1504 1276 tx.‘~

499 1312 811 1378 Exemplum
855 1311 984 1364 beati
1019 1307 1119 1362 Job
1157 1325 1190 1360 a
1228 1306 1434 1361 diabolo
1471 1307 1686 1374 tentati,
1728 1313 1778 1359 et
1817 1304 2029 1361 Domini
2052 1321 2091 1378 να

569 1377 713 1438 Iuda
740 1382 952 1446 traditi;
981 1391 1030 1436 et
1057 1379 1197 1450 quod
1229 1381 1381 1448 justo
1403 1386 1507 1430 tam
1539 1393 1785 1448 prospera
1812 1393 1963 1448 quam
1989 1377 2090 1432 ad-

566 1471 716 1510 uersa
753 1453 1030 1524 proficiant
1069 1450 1137 1503 ad
1173 1451 1417 1504 salutem.

568 1567 756 1638 Neque
802 1566 948 1622 enim
989 1573 1015 1602 α
1045 1563 1305 1635 patientia
1347 1561 1452 1618 Job
1497 1561 1802 1619 mercedem
1846 1562 2087 1631 diabolo,

499 1660 592 1732 qui
617 1674 741 1716 eum
762 1658 1113 1714 illustriorem
1148 1657 1264 1712 suis
1287 1653 1674 1710 tentationibus
1704 1653 1965 1720 reddidit,
1991 1652 2088 1710 sed

497 1755 578 1811 illi
607 1753 710 1825 ipsi
739 1754 830 1824 qui
868 1766 961 1808 eas
989 1750 1224 1806 viriliter
1267 1749 1522 1819 pertulit,
1553 1749 1876 1821 acquisivit;
1917 1749 1946 1790 δ
1985 1764 2088 1807 nec

2187 548 2356 594 autem
2399 541 2710 613 gaudentes;
2751 553 2808 597 ut
2835 552 3066 616 egentes,
3100 544 3290 599 multos
3325 553 3491 602 autem
3531 549 3743 625 locuple-

2189 640 2354 687 tantes
2394 631 2469 703 (ll
2503 630 2624 688 Cor.
2653 633 2754 704 v1),
2786 643 2893 690 etc.
2937 635 3129 692 Omnia
3149 651 3303 707 rergo
3345 653 3462 708 qua:
3507 655 3744 715 prospera

2189 733 2524 794 reputantur,
2567 735 2623 782 et
2660 725 2869 783 dextra:
2895 727 3150 784 dicuntur
3176 730 3376 800 partis,
3403 747 3521 802 quae
3544 749 3747 794 sanctus

2189 814 2482 888 Apostolus
2511 817 2706 889 gloriae
2741 827 2796 875 et
2826 819 2983 876 bona;
3031 820 3191 877 fama;
3228 824 3491 880 vocabulo
3523 825 3750 900 designa-

2189 908 2296 975 vit,
2329 909 2421 965 illa
2457 909 2620 966 etiam
2655 925 2778 982 quae
2812 912 3196 970 existimantur
3224 917 3479 984 adversa,
3515 935 3630 991 quae
3665 938 3750 992 per

2191 1001 2582 1073 ignobilitatem
2611 1010 2667 1060 et
2695 1004 2969 1070 infamiam
2997 1007 3284 1066 evidenter
3313 1013 3594 1083 expressit,
3615 1032 3746 1085 quat-

2193 1109 2300 1166 que
2327 1111 2360 1152 a
2384 1097 2626 1154 sinistris
2655 1111 2778 1154 esse
2806 1098 3091 1168 describit,
3123 1101 3432 1160 efﬁciuntur
3453 1105 3565 1161 viro
3586 1107 3744 1177 perle-

2189 1194 2280 1242 cto
2303 1200 2452 1243 arma
2479 1187 2723 1259 iustitia,
2751 1190 2796 1246 si
2821 1190 2968 1247 illata
2995 1191 3099 1248 sibi
3122 1196 3530 1265 magnanimiter
3553 1212 3748 1256 susten-

2192 1283 2420 1350 taverit,
2470 1284 2613 1356 quod
2642 1285 2891 1342 videlicet
2931 1301 3029 1358 per
3075 1287 3192 1344 haec
3231 1288 3515 1360 dimicans,
3557 1302 3610 1350 et
3648 1294 3751 1350 istis

2193 1373 2325 1446 ipsis
2378 1375 2574 1446 quibus
2624 1377 2925 1449 impugnari
2975 1388 3225 1450 putatur,
3285 1391 3552 1454 tamquam
3601 1385 3749 1442 armis

2192 1467 2418 1534 utendo,
2459 1468 2649 1539 eisque
2694 1469 2842 1526 velut
2868 1486 2997 1527 arcu
3041 1485 3096 1528 et
3133 1473 3313 1545 gladio
3351 1485 3603 1549 scutoque
3631 1479 3753 1535 vali-

2192 1557 2422 1615 dissimo
2463 1570 2653 1617 contra
2694 1562 2816 1619 illos
2843 1563 2937 1634 qui
2978 1563 3094 1620 haec
3120 1565 3372 1634 ingerunt
3400 1570 3754 1640 communitus,

2192 1653 2492 1724 profectum
2525 1669 2640 1712 sua:
2668 1656 2946 1726 patientiae
2966 1673 3031 1714 ac
3051 1658 3264 1714 virtutis
3290 1661 3550 1732 acquirat,
3575 1663 3758 1733 glorio-

2193 1746 2466 1804 sissimum
2497 1750 2817 1806 constantia
2845 1751 3176 1821 triumphum
3209 1767 3275 1808 ex
3311 1752 3445 1824 ipsis
3467 1772 3582 1824 qua:
3607 1755 3761 1812 letha-

501 1846 668 1903 Judas
701 1846 889 1901 aeterni
940 1843 1190 1914 supplicii
1230 1841 1572 1898 immunitate
1611 1841 1924 1911 donabitur,
1963 1839 2086 1912 quia
2119 1854 2168 1913 Β
2193 1839 2319 1896 liter
2341 1839 2648 1896 inferuntur
2673 1841 2894 1912 capiens
2935 1843 3166 1898 hostium
3199 1845 3349 1913 telis;
3381 1861 3482 1903 nec
3511 1850 3761 1919 prosperis

498 1938 736 2008 proditio
765 1937 884 2008 ejus
923 1935 990 1990 ad
1033 1935 1264 1990 salutem
1307 1934 1526 2005 generis
1563 1931 1796 2004 profecit
1845 1933 2088 1990 humani.

499 2029 617 2085 Non
645 2029 790 2086 enim
821 2035 1118 2096 proventus
1157 2026 1588 2083 considerandus
1631 2035 1714 2083 est
1743 2029 1957 2098 operis,
1996 2027 2092 2083 sed

500 2124 780 2194 operantis
823 2122 1069 2178 aﬁ‘ectus.
1103 2120 1448 2191 Quapropter
1485 2119 1602 2174 hanc
1643 2119 1806 2176 debet
1843 2121 1897 2174 in
1935 2120 2095 2176 nobis

501 2219 746 2276 deﬁnitio
789 2219 1138 2276 immobiliter
1166 2217 1461 2285 custodiri,
1496 2217 1640 2289 quod
1674 2219 1806 2274 nulli
1840 2229 1864 2259 ο
1891 2218 2093 2275 malum

503 2315 572 2372 ab
602 2315 709 2370 alio
735 2314 908 2386 possit
934 2313 1155 2380 inferri,
1185 2313 1289 2369 nisi
1322 2314 1412 2384 qui
1445 2313 1578 2368 illud
1623 2312 1832 2384 ignavia
1861 2312 1945 2368 sui
1973 2326 2096 2368 cor-

503 2407 592 2462 dis
634 2421 700 2462 ac
744 2404 1188 2477 pusillanimitate
1234 2406 1608 2471 contraxerit,
1661 2405 1802 2461 hanc
1846 2403 2094 2460 eamdem

501 2499 826 2556 sententiam
851 2499 1013 2554 beato
1043 2497 1308 2568 Apostolo
1335 2511 1443 2552 uno
1476 2497 1745 2553 versiculo
1769 2496 2098 2552 conﬁrman-

500 2600 595 2649 te:
625 2592 831 2648 Scimus
870 2600 1043 2646 autem
1078 2590 1321 2662 quoniam
1356 2588 1686 2663 diligentibus
1728 2588 1894 2644 Deum
1924 2589 2098 2644 omnia

501 2695 844 2755 coaperantur
892 2685 961 2738 ad
1011 2684 1199 2738 bonum
1243 2683 1438 2755 (Rom.
1471 2681 1631 2754 vni).
1681 2682 1878 2740 Dicens
1926 2684 2094 2750 enim,

502 2779 678 2834 omnia
723 2785 1068 2849 cooperantur
1109 2775 1177 2830 ad
1225 2774 1444 2842 bonum,
1491 2776 1745 2831 universa
1785 2791 1892 2831 non
1923 2776 2097 2831 solum

501 2885 625 2941 qute
665 2873 958 2939 prospera,
994 2882 1181 2923 verum
1221 2866 1387 2922 etiam
1432 2881 1552 2938 quae
1585 2875 1842 2938 putantur
1870 2867 2096 2923 adversa

502 2962 708 3036 pariter
732 2960 1164 3032 comprehendit.
1199 2960 1301 3014 Per
1327 2974 1450 3030 qute
1476 2968 1536 3015 et
1575 2960 1630 3016 in
1670 2960 1779 3016 alio
1806 2960 1926 3016 loco
1956 2960 2098 3019 idem

503 3053 798 3126 Apostolus
827 3068 888 3110 se
917 3052 1182 3108 transisse
1211 3049 1493 3116 describit,
1519 3065 1643 3108 cum
1675 3051 1806 3107 dicit
1833 3069 1847 3106 :
1882 3051 1982 3108 Per
2005 3068 2098 3106 ar-

503 3167 592 3204 ma
611 3148 834 3220 justitite
863 3163 978 3219 qua:
1014 3163 1048 3200 a
1078 3144 1272 3200 dextris
1309 3154 1430 3198 sunt
1472 3154 1521 3199 et
1549 3161 1582 3199 a
1613 3145 1868 3214 sinistris,
1909 3145 1965 3202 id
1992 3155 2097 3212 est,

2195 1932 2482 1988 dumtaxat
2507 1932 2712 2000 elatus,
2746 1949 2847 1990 nec
2879 1934 3120 2005 dejectus
3147 1938 3426 2007 adversis,
3469 1939 3561 1996 sed
3589 1940 3764 1999 itinere

2194 2025 2358 2096 plano
2398 2039 2464 2080 ac
2509 2027 2594 2081 via
2637 2026 2784 2096 regia
2814 2042 3031 2097 semper
3079 2029 3354 2096 incedens,
3398 2032 3581 2089 abillo
3634 2043 3764 2090 tran-

2194 2119 2479 2191 quillitatis
2523 2127 2666 2176 statu
2710 2135 3047 2192 nequaquam
3098 2121 3287 2179 laetitia
3337 2128 3763 2195 superveniente,

2194 2213 2348 2284 quasi
2387 2213 2442 2269 in
2471 2211 2716 2269 dextram
2744 2223 2954 2282 motus,
2982 2229 3080 2271 nec
3112 2216 3490 2285 ingruentibus
3519 2218 3763 2288 adversis,

2197 2306 2522 2378 tristitiaque
2550 2305 2886 2374 dominante,
2925 2309 3072 2364 velut
3113 2307 3179 2363 ad
3223 2307 3415 2365 lteram
3453 2326 3633 2368 rursus
3673 2312 3766 2368 im-

2197 2401 2406 2473 pulsus.
2439 2399 2558 2456 Pas:
2579 2401 2723 2458 enim
2752 2402 2917 2456 multa
2956 2402 3286 2474 diligentibus
3314 2420 3502 2460 nomen
3542 2415 3699 2471 tuum,
3723 2414 3767 2460 et

2196 2512 2301 2551 non
2326 2503 2403 2550 est
2428 2495 2535 2551 illis
2563 2497 2868 2552 scandalum
2895 2494 3140 2569 (Psalm.
3171 2497 3384 2570 cxvm).
3419 2499 3497 2556 De
3524 2499 3626 2556 illis
3651 2513 3770 2556 vero

2196 2588 2287 2660 qui
2320 2603 2414 2658 per
2442 2588 2684 2660 singulos
2714 2589 3055 2646 incurrentes
3083 2605 3240 2646 casus
3267 2606 3368 2662 pro
3399 2607 3586 2648 eorum
3615 2590 3772 2662 quali-

2199 2689 2308 2738 tate
2331 2696 2395 2738 ac
2416 2682 2674 2738 varietate
2699 2691 2996 2746 mutantur.
3023 2682 3099 2738 ita
3125 2682 3319 2739 dicitur
3345 2701 3358 2738 :
3393 2684 3595 2740 Stultus
3613 2693 3770 2738 autem

2198 2776 2334 2831 sicut
2356 2775 2484 2831 luna
2506 2785 2737 2832 mutatur
2759 2775 2928 2847 (Eccl.
2947 2782 3141 2848 xxvii).
3168 2777 3237 2834 Ut
3261 2777 3410 2833 enim
3438 2778 3508 2834 de
3531 2775 3767 2847 perlectis

2198 2868 2533 2939 sapientibus
2560 2868 2760 2924 dicitur
2791 2887 2804 2922 :
2829 2865 3179 2940 Ditigentibus
3213 2868 3375 2924 Deum
3410 2871 3584 2925 omnia
3606 2884 3776 2940 coepe.

2197 2968 2387 3014 rantur
2423 2959 2493 3013 ad
2533 2959 2751 3027 bonum,
2799 2961 2874 3015 ita
2918 2959 2988 3016 de
3031 2960 3256 3017 inﬁrmis
3301 2963 3682 3033 pronuntiatur
3716 2975 3776 3018 ac

2200 3052 2382 3109 stultis
2405 3097 2420 3122 ,
2453 3050 2481 3089 ά
2508 3052 2698 3108 Omnia
2740 3053 2960 3108 adversa
3003 3054 3115 3108 uiro
3156 3055 3462 3125 insipienti;
3511 3070 3610 3113 nec
3644 3053 3777 3111 enim

2201 3144 2477 3215 prosperis
2517 3145 2680 3201 rebus
2727 3142 2971 3214 prolicit,
3021 3159 3122 3201 nec
3163 3145 3490 3203 emendatur
3519 3145 3770 3202 adversis.

506 3261 600 3315 per
627 3243 848 3316 gloriam
887 3250 934 3296 et
973 3237 1368 3314 ignobilitatem,
1412 3251 1503 3304 per
1541 3237 1811 3308 infamiam
1835 3247 1884 3294 et
1912 3239 2096 3294 bonam
2121 3231 2168 3295 C
2202 3236 2457 3310 Ejusdem
2481 3250 2715 3308 namque
2742 3234 2961 3293 virtutis
2987 3247 3070 3293 est
3093 3236 3266 3294 tristia
3299 3239 3513 3295 fortiter
3541 3238 3776 3304 talents,

1559 3384 1818 3442 ALARDI
1857 3381 2092 3441 GAZIEI
2129 3376 2702 3440 COMMENTARIUS.

580 3518 607 3544 ιι
647 3505 963 3576 Patientiam
1008 3501 1112 3576 Job
1134 3501 1665 3576 egregie_describit
1697 3501 1757 3556 D.
1791 3499 2094 3576 Cyprianus

509 3578 606 3661 lib.
643 3580 712 3659 de
737 3577 884 3630 Bono
909 3569 1224 3661 Patienti.ng
1243 3569 1316 3661 et
1355 3573 1775 3646 Chrysostomus
1805 3569 1993 3626 homil.
2023 3569 2095 3626 28

513 3650 572 3706 in
603 3649 830 3718 primam
857 3645 922 3729 ad
952 3644 1285 3728 Corinthios.
1471 3644 1482 3646 ’
1526 3715 1539 3729 ,
1675 3715 1688 3729 ⁸
1971 3713 1984 3726 υ

580 3720 626 3798 δ.
651 3715 952 3798 Pulchreid
977 3718 1209 3798 explicat
1232 3716 1647 3798 [1..Augt‘tsttttus
1667 3731 1728 3798 ‘tn
1746 3724 2096 3798 enarratione

510 3788 705 3862 psalmi
735 3804 859 3862 xcm
891 3787 976 3842 bis
1001 3784 1178 3862 verbis
1203 3804 1215 3840 :
1250 3786 1312 3862 Si
1339 3784 1550 3862 traditio
1571 3784 1744 3862 Judte,
1773 3795 1820 3862 et
1849 3801 1953 3862 non
1982 3795 2094 3862 traf

512 3855 678 3916 dentis
703 3861 904 3912 animus
936 3857 1338 3912 considerandus
1367 3867 1463 3926 est,
1493 3857 1591 3910 hoc
1621 3857 1740 3920 fecit
1765 3855 1935 3910 ludas
1962 3855 2099 3926 quod

515 3934 633 4002 fecit
652 3929 787 3984 Deus
808 3928 1048 4002 Pater,d_e
1066 3944 1164 3994 quo
1189 3929 1437 4002 scriptum
1452 3924 1563 4002 est;
1585 3927 1720 3995 Quia
1732 3927 1942 4002 proprio
1957 3924 2100 4002 filio

512 3998 618 4057 non
665 3999 1359 4072 pepercithedApromobis
1406 3998 1639 4072 omnibus
1687 3999 1900 4072 tradidit
1948 3998 2100 4072 illum

514 4067 694 4142 (Rom.
720 4067 854 4142 vin).
886 4067 1002 4123 Hoc
1029 4067 1148 4136 fecit
1173 4067 1363 4131 ludas,
1393 4070 1530 4142 quod
1562 4069 1814 4142 [eeltipse
1845 4067 2101 4142 Dominus

515 4137 773 4207 Christus,
814 4137 878 4194 de
919 4155 1021 4208 quo
1063 4143 1312 4202 scriptum
1337 4137 1457 4193 est:
1485 4137 1587 4209 Qui
1627 4137 1851 4209 seipsum
1885 4140 2100 4192 tradidit

514 4231 614 4283 pro
641 4213 783 4283 nobis
811 4207 1116 4283 oblationem
1157 4220 1202 4283 et
1231 4209 1463 4283 hostium
1487 4207 1593 4283 Deo
1618 4209 1671 4283 in
1692 4207 1903 4283 odorem
1932 4211 2102 4262 suavi-

516 4277 656 4340 tatis.
692 4280 757 4335 Et
786 4284 971 4336 iterum
999 4295 1015 4333 :
1047 4279 1281 4333 Christus
1305 4280 1483 4334 dilexit
1513 4277 1799 4334 Ecclesium
1837 4295 2006 4342 suam,
2051 4291 2101 4335 et

515 4358 738 4423 seipsum
767 4351 982 4423 tradidit
1011 4368 1103 4419 pro
1129 4367 1190 4404 ea
1230 4349 1471 4423 (Ephesi
1494 4349 1586 4423 γ).
1623 4348 1687 4404 Et
1714 4360 1880 4405 tamen
1905 4352 2103 4423 gratias

515 4418 718 4497 agimus
757 4422 873 4497 Deo
902 4418 1044 4476 Patri
1063 4461 1080 4497 ,
1093 4423 1194 4497 _qui
1233 4418 1400 4497 unico
1423 4418 1568 4497 ilio
1594 4436 1687 4475 suo
1727 4437 1831 4497 non
1856 4418 2098 4497 pepercit,

515 4491 924 4574 sedprojtobis
943 4491 1178 4574 omnibus
1207 4493 1421 4574 tradidit
1456 4491 1608 4546 illum
1629 4507 1657 4574 ;¹
1677 4491 1873 4574 gratias
1901 4491 2102 4563 agimus

515 4568 621 4637 ipsi
639 4562 924 4637 'Filio._qui
943 4564 1172 4637 seipsnm
1198 4564 1416 4637 tradidit
1437 4579 1540 4637 pro
1567 4562 1734 4628 nobis,
1765 4572 1811 4637 e_t
1838 4563 1894 4637 in
1922 4562 1982 4618 eo
2008 4580 2100 4618 vo-

2199 3496 2383 3566 Pater,
2419 3506 2468 3551 et
2512 3495 2683 3566 Filius
2711 3495 2766 3548 in
2795 3494 3073 3566 charitate,
3102 3489 3271 3566 ludas
3298 3493 3353 3547 in
3385 3491 3689 3566 proditione.
3718 3488 3782 3566 Et

2199 3561 2478 3624 concludit
2514 3586 2526 3622 :
2561 3563 2776 3638 Diuersa
2805 3581 2926 3638 ergo
2961 3565 3174 3638 intentio
3215 3561 3422 3638 diuersa
3465 3563 3606 3638 facta
3639 3561 3778 3638 facit,

2199 3655 2314 3694 cum
2352 3648 2523 3693 tamen
2561 3637 2630 3692 sit
2673 3653 2778 3691 una
2821 3630 2904 3690 rés
2939 3650 3006 3690 ex
3041 3634 3256 3692 diuersis
3296 3630 3684 3691 intentionibus.
3709 3630 3780 3688 Its

2199 3709 2553 3785 Augustinus.
3035 3777 3048 3785 _
3388 3777 3402 3785 _
3720 3773 3732 3785 ι

2277 3777 2310 3820 θ’
2338 3780 2532 3834 Malum
2581 3777 2790 3835 scilicet
2841 3777 3080 3849 peccati,
3133 3786 3190 3834 ut
3217 3777 3474 3846 superius
3500 3777 3780 3849 expressit,

2199 3851 2323 3922 quia
2353 3866 2547 3922 nemo,
2565 3849 2666 3904 nisi
2695 3847 2911 3915 volens,
2940 3857 3146 3922 peccat.
3181 3850 3480 3922 Estgautem
3511 3847 3777 3922 hecyra:-

2199 3915 2347 3979 clara
2377 3922 2475 4005 δβ.
2523 3921 2768 4004 Patrum,
2805 3915 3084 3990 speciatim
3111 3934 3248 4003 vero.
3271 3919 3332 3975 D.
3360 3917 3588 3975 Joannis
3616 3915 3776 4040 Chri-

2199 4005 2426 4040 snstnmt
2457 3992 2703 4040 doctrina
2735 3990 3134 4040 (Aperantiam)-
3163 4006 3318 4040 cuius
3339 4005 3504 4040 snnra
3529 3991 3546 4040 l
3561 3987 3689 4040 Cap.
3755 3984 3776 4040 ὶ

2199 3992 2428 4050 sostomi
2457 3992 2704 4063 doctrina
2735 3984 3134 4063 (Apoplitheg.),
3163 3991 3318 4063 cujus
3339 4005 3504 4063 supra
3529 3987 3689 4059 (Cap.
3715 3984 3776 4057 ι)

2202 4065 2534 4120 mentionem
2562 4061 2814 4126 fecimus,
2851 4063 2979 4118 licet
3011 4061 3182 4130 prima
3210 4062 3392 4118 fronte
3421 4061 3667 4117 videatur
3694 4073 3779 4130 pa-

2202 4135 2402 4190 radoxa
2432 4152 2447 4189 :
2479 4132 2755 4189 Neminem
2795 4134 2938 4200 (redi,
2988 4129 3090 4187 nisi
3129 4149 3161 4186 a
3199 4134 3498 4200 semetipso.
3548 4130 3605 4186 In
3635 4129 3776 4200 cujus

2202 4207 2672 4261 conﬁrmationem
2706 4205 2928 4275 scripsit
2958 4205 3280 4274 peculiarem
3325 4213 3618 4258 tractatum
3662 4214 3777 4257 cum

2203 4277 2257 4332 in
2283 4277 2481 4332 exsilio
2511 4289 2697 4347 agens,
2729 4285 2784 4330 et
2810 4275 2990 4330 multis
3031 4275 3290 4330 aerumnis
3321 4288 3641 4347 oppressus,
3673 4279 3772 4347 tam

2202 4348 2438 4419 seipsuiii
2467 4343 2626 4419 quam
2665 4348 2868 4419 amicos
2891 4347 3262 4419 consolaretur
3302 4364 3323 4419 ιζ
3348 4343 3410 4402 et
3435 4345 3649 4419 quidem
3678 4343 3769 4398 bu-

2198 4416 2460 4488 jus’modi,
2486 4416 2550 4474 ut
2590 4418 2679 4473 hic
2722 4416 2863 4488 inter
2905 4426 3082 4472 tantos
3120 4418 3251 4471 tanti
3293 4416 3544 4488 doctoris
3574 4416 3774 4488 labores

2203 4484 2339 4544 satis
2376 4484 2497 4544 esse
2546 4489 2745 4558 possit,
2791 4487 2857 4542 ad
2902 4489 3360 4544 absolutissimum
3412 4484 3774 4558 Chrisaianum

2203 4553 2622 4624 eﬁ‘ormanduin,
2653 4568 2708 4613 et
2729 4553 3028 4628 quemlibet
3051 4560 3409 4631 afﬂictionutn
3434 4560 3636 4631 abysso
3663 4553 3780 4631 sub-

517 4626 769 4693 litntatem
807 4626 978 4688 Patris
1021 4626 1245 4706 implevit
1283 4649 1304 4688 :
1335 4643 1383 4688 et
1409 4626 1728 4706 detestamur
1761 4632 1992 4706 Iudam,
2040 4637 2105 4690 de
2205 4646 2445 4706 mersum
2475 4626 2842 4706 consolatione
2875 4630 3204 4706 erigendum
3232 4645 3296 4686 ac
3323 4626 3556 4706 Spirjta'ti
3597 4626 3776 4706 laetitia

517 4712 668 4780 cujus
694 4710 829 4780 [acto
858 4716 1056 4780 tantum
1080 4704 1230 4780 nobis
1259 4705 1561 4780 beneﬁcium
1590 4706 1829 4780 priestitit
1857 4704 2020 4780 Deus.
2053 4715 2100 4780 et

2275 4702 2633 4758 rlundeudutn
2667 4700 2948 4772 (Baronius
2972 4696 3114 4756 tome
3143 4701 3210 4768 ν,
3241 4717 3379 4772 anno
3409 4696 3780 4772 Citristiﬁws).

515 4763 650 4835 recte
681 4763 900 4832 dicimus
926 4792 944 4830 :
979 4775 1228 4830 Reddidit
1255 4776 1303 4830 ei
1335 4763 1890 4830 Dominus'secundum
1915 4763 2100 4846 iniqui-
2126 4763 2180 4824 Ι)
2204 4763 2540 4846 Novissimus
2565 4763 2697 4828 sane
2727 4773 2857 4828 tanti
2887 4773 3062 4846 Patris
3089 4763 3293 4846 partus.
3321 4771 3556 4844 ideoque
3585 4763 3783 4846 dignis-

516 4857 672 4905 tatem
716 4851 862 4918 ejus,
915 4856 963 4900 et
1004 4846 1288 4918 secundum
1337 4847 1590 4918 malitiam
1616 4850 1746 4918 ejus
1794 4847 2101 4913 disperdidit

516 4938 654 4976 eum.
689 4917 814 4974 Non
852 4920 986 4972 enim
1030 4917 1117 4970 ille
1144 4933 1237 4988 pro
1278 4917 1422 4971 nobis
1451 4917 1667 4971 tradidit
1694 4917 1979 4982 Christum,
2009 4919 2099 4973 sed

514 5009 610 5063 pro
639 5001 849 5061 argento
873 5004 972 5063 quo
995 4988 1221 5063 vendidit
1248 4990 1645 5063 curritquanwis
1667 4989 1874 5042 traditio
1905 4989 2099 5063 Christi

513 5057 579 5118 sit
606 5057 781 5116 nosira
806 5060 1102 5130 redemptio.
1134 5057 1222 5114 Sic
1253 5069 1297 5112 et
1327 5057 1552 5129 illi,”qui
1579 5069 1824 5130 martyres
1853 5061 2100 5126 persecuti

513 5143 663 5198 sunt,
709 5128 1058 5203 persequendo
1102 5130 1157 5182 in
1189 5138 1358 5203 terra,
1405 5128 2016 5203 in'ctzlttrnjnittebant;
2051 5140 2098 5184 et

512 5200 728 5259 scientes
753 5201 958 5274 quidem
984 5202 1251 5274 praesentis
1269 5201 1384 5274 vita;
1407 5200 1653 5254 damnum
1682 5201 2100 5274 inferebant,_tte-

512 5275 730 5328 scientes
766 5271 936 5326 autem
973 5275 1163 5337 futurte
1205 5271 1322 5324 vita:
1359 5272 1558 5324 lucrum
1586 5272 1936 5338 conferebant.
1975 5271 2102 5335 Qui-

511 5360 727 5411 cumque
747 5352 918 5414 tamen
935 5350 1375 5414 perseuerauerunt
1391 5342 1444 5395 in
1465 5341 1583 5414 odio
1602 5343 1794 5412 injuste
1811 5344 2098 5414 justorum,

510 5416 740 5469 reddidit
767 5415 841 5469 eis
877 5412 1122 5466 Dominus
1146 5413 1432 5466 secundum
1459 5413 1752 5478 iniquitates
1775 5412 2026 5477 ipsorum,
2050 5424 2098 5466 et

511 5486 800 5539 secundum
831 5484 1086 5538 malitiam
1110 5498 1286 5537 eorum
1315 5482 1621 5554 disperdidit
1647 5498 1751 5536 eos.
1786 5482 1935 5554 Sicut
1964 5485 2097 5536 enim

513 5554 670 5636 malis
697 5555 832 5636 obest
860 5555 1058 5636 bonitas
1089 5557 1378 5636 justorum,
1400 5552 1481 5606 sic
1505 5552 1649 5636 bonis
1676 5552 1883 5636 prodest
1908 5553 2100 5636 iniqui-

513 5635 596 5680 tas
634 5626 930 5695 impiorum.
970 5624 1174 5682 Similis
1214 5624 1353 5695 apud
1397 5624 1667 5695 eumdem
1692 5624 1844 5695 locus
1877 5634 2100 5695 esttra-

513 5706 661 5751 ctatu
692 5691 922 5764 septimo
964 5697 1016 5750 in
1048 5691 1272 5764 primam
1302 5694 1599 5765 Epistulam
1641 5693 1900 5765 Joan_t_tis:
1932 5691 2102 5749 Facta

516 5777 610 5832 est,
647 5762 846 5838 inquit,
887 5762 1098 5838 traditio
1131 5762 1366 5838 aAPatre,
1395 5767 1532 5838 facta
1571 5775 1645 5821 est
1685 5762 1921 5838 a_I“ilio,
1963 5766 2102 5836 facta

509 5849 593 5893 est
609 5856 640 5892 α
669 5835 832 5895 Iuda.
853 5837 990 5906 Quid
1007 5853 1125 5909 ergo
1149 5835 1403 5893 discernis
1415 5837 1542 5894 inter
1563 5837 1686 5895 eos?
1709 5835 1846 5904 Quia
1863 5836 1956 5895 hoc
1981 5839 2102 5909 fecit

2207 4843 2398 4914 simus,
2427 4845 2517 4914 qui
2542 4858 2762 4914 semper
2786 4859 2898 4913 pra:
2925 4844 3173 4899 manibus
3199 4843 3484 4903 habeatur;
3523 4843 3782 4914 volvatur,

2212 4913 2485 4986 foveatur.
2535 4913 2706 4971 Porro
2741 4916 2915 4971 simile
2942 4924 3322 4986 argumentum
3352 4913 3575 4986 egregie
3607 4917 3786 4986 tracta-

2213 4985 2288 5040 vit
2338 4985 2558 5041 Boetius
2605 4986 2898 5043 Severinus
2944 4983 3134 5041 in'suo
3184 4985 3366 5040 libello
3409 4983 3784 5040 deConsolat.

2206 5055 2608 5124 Philosophica.
2657 5056 2715 5112 In
2748 5073 2908 5126 quem
2956 5066 3132 5113 exstat
3165 5053 3784 5126 Continentarius_'l‘ho-

2207 5143 2310 5183 mae
2357 5128 2638 5194 cujusdam
2687 5124 2943 5196 Anglici,
2994 5131 3054 5182 υ.
3101 5128 3323 5182 Thema:
3368 5124 3634 5196 Aqutnati
3685 5125 3786 5192 (ut

2207 5198 2312 5254 hoc
2335 5198 2515 5254 obiter
2534 5197 2807 5266 moneam)
2837 5199 2971 5253 falso
2996 5202 3282 5266 ascriptus.
3314 5198 3448 5253 Cum
3473 5198 3622 5252 enim
3653 5197 3783 5249 inter

2204 5269 2486 5340 Anglicum
2515 5279 2570 5324 et
2595 5265 2910 5339 Angelicntn
2949 5265 3151 5340 magna
3167 5278 3317 5326 esset
3345 5269 3496 5322 vocis
3535 5265 3781 5322 similitu-

2201 5338 2312 5405 do,‘
2325 5340 2578 5409 paulatim
2601 5338 2849 5396 effectum
2880 5351 2983 5400 est.
3014 5338 3092 5407 ut,
3136 5356 3233 5410 per
3260 5341 3525 5395 incuriam
3559 5345 3614 5394 et
3638 5348 3782 5410 erro-

2201 5406 2338 5477 rem,
2366 5411 2589 5467 Thema:
2618 5413 2832 5476 Anglici
2859 5417 3058 5480 scripta
3084 5406 3313 5467 Thema:
3342 5411 3592 5479 Angelici
3635 5406 3784 5480 titulo

2201 5491 2542 5607 nataEenttur,
2568 5487 2657 5553 qui
2685 5482 2906 5539 Thema
2935 5478 3191 5554 Aquinati
3226 5498 3257 5538 a
3290 5478 3562 5553 theologis
3597 5478 3785 5536 merito

2201 5566 2228 5607 a
2279 5569 2322 5607 I‘I
2367 5569 2416 5607 ut
2450 5569 2532 5607 ur.

2197 5555 2532 5609 attribuitur.

2272 5621 2300 5662 ά
2339 5623 2418 5680 Ita
2445 5640 2512 5679 ex
2536 5623 2730 5704 Graeco
2755 5643 2774 5704 :_
2801 5627 2972 5684 πάντα
2993 5626 3364 5704 ὶναντρρςῃᾴνδρὶ
3381 5623 3591 5704 ᾇὶφρεοιοι.⁸

2205 5697 2348 5767 tinus
2386 5705 2441 5752 et
2470 5699 2717 5767 vulgatus
2760 5698 3030 5766 interpres
3068 5716 3082 5752 :
3123 5698 3267 5754 Filio
3308 5694 3494 5754 doloso
3535 5694 3668 5751 nihil
3698 5694 3792 5750 erit

2203 5765 2322 5843 boni
2363 5782 2381 5821 .'
2421 5765 2583 5843 serva
2612 5778 2782 5843 autem
2821 5765 3040 5840 sapienti
3087 5770 3316 5843 prosperi
3344 5777 3495 5827 erunt
3548 5775 3714 5836 actus,
3739 5771 3792 5823 st

2203 5839 2451 5910 dirigetur
2489 5839 2572 5894 uia
2609 5841 2744 5912 ejus.
