4012 6336
212 279 313 339 657

1180 271 1524 333 COLLATIO
1562 273 1645 331 Vl.
1678 305 1744 315 —
1772 274 1861 333 DE
1898 276 2078 335 NECE
2119 277 2557 339 SANCTORUM.

3391 289 3502 350 658

211 401 364 471 cujus
405 393 578 455 etiam
625 392 861 454 secunda
906 391 1209 459 moderari,
1242 400 1298 448 et
1339 406 1463 447 eum
1494 390 1584 459 qui
1613 390 1665 446 in
1696 406 1803 447 uno
1830 396 1883 456 Α
1908 393 2074 449 etiam
2122 396 2323 451 clarius
2372 397 2632 468 intuetur,
2672 412 2796 454 cum
2844 397 3118 456 efﬁcacius
3163 398 3496 471 spiritalibus

210 506 395 550 eorum
427 499 743 562 superatur,
774 496 1024 543 neutrum
1057 482 1282 540 sufferre
1312 484 1675 539 certissimum
1698 491 1805 538 est.

212 586 451 644 Facilius
494 593 677 639 tamen
712 581 832 652 quis
860 578 988 635 elidi
1018 585 1195 645 potest
1226 576 1499 646 prosperis
1523 591 1684 646 quam
1714 574 1809 629 ad-

214 678 408 735 versis.
452 674 579 732 Bac
626 675 772 728 enim
804 669 1073 727 interdum
1120 669 1285 725 etiam
1330 666 1527 721 invitos
1571 668 1809 722 retinent

217 780 376 845 atqne
406 766 733 836 humiliant,
780 774 835 821 et
869 760 1293 832 compunctione
1330 760 1683 815 saluberrima
1723 758 1808 815 vel

218 865 399 922 minus
423 874 652 933 peccare
683 858 907 921 faciunt,
931 854 1017 911 vel
1048 852 1371 918 emendant;
1404 851 1493 907 illa
1520 866 1651 907 vero
1678 851 1810 906 mol-

214 958 358 1016 libus
403 964 643 1011 mentem
672 966 738 1007 ac
766 950 1094 1023 perniciosis
1124 946 1433 1004 extollentia
1472 945 1808 1001 blandimen-

215 1053 314 1117 tis,
359 1061 589 1105 securos
630 1045 907 1102 felicitatis
944 1057 1056 1099 sua:
1103 1047 1371 1115 proventu
1401 1040 1557 1097 ruina
1602 1038 1809 1109 majore

214 1148 586 1218 prosternunt.

833 1232 1062 1291 CAPUT
1102 1231 1173 1289 Χ.

289 1328 367 1386 De
402 1330 595 1385 virtuts
628 1328 727 1383 viri
754 1326 978 1452 perfecti
1000 1368 1015 1393 ,
1054 1324 1143 1395 qui
1179 1322 1497 1379 ambidexter
1531 1321 1734 1395 ﬁgura-

777 1408 873 1453 tter
908 1405 1254 1466 nuncupatur.

777 1414 873 1453 ιιεν
908 1414 1254 1453 nuncupatur.

281 1518 378 1576 isti
415 1526 546 1575 sunt
571 1531 701 1588 ergo
727 1516 821 1588 qui
857 1514 1153 1585 ﬁguraliter
1189 1512 1242 1567 in
1276 1508 1574 1582 Scripturis
1604 1509 1807 1566 sanctis

218 1622 245 1653 ⁸
274 1609 707 1691 ἆμφοτεροδέξιοι,
753 1608 805 1664 id
860 1618 974 1676 est,
1024 1605 1353 1662 ambidextri
1399 1610 1803 1674 nuncupantur,

218 1715 273 1764 ut
308 1708 403 1763 ille
433 1706 461 1745 δ
500 1704 642 1762 Aoth
680 1703 734 1761 in
774 1702 915 1759 libro
948 1701 1200 1758 Iudicum
1242 1699 1410 1755 fuisse
1450 1698 1803 1765 describitur,

1912 486 2155 556 pascitur
2181 488 2406 544 theoriis
2426 532 2441 555 ,
2468 504 2591 545 cum
2624 489 2859 547 lucidius
2885 490 2985 546 sibi
3018 500 3254 547 reserata
3281 496 3501 565 conspi-

1910 580 1985 633 cit
2010 580 2251 635 ctnlestia
2278 593 2636 649 sacramenta,
2667 598 2789 638 cum
2820 582 3094 639 orationes
3126 584 3309 654 purius
3336 596 3501 657 atque

1910 670 2142 725 alacrius
2167 672 2365 726 emittit
2392 674 2458 727 ad
2488 672 2798 743 Dominum,
2830 690 2952 731 cum
2984 676 3056 731 ita
3096 676 3320 746 spiritus
3342 679 3505 732 ardo—

1910 780 1971 821 re
2006 781 2299 823 succensus
2346 766 2413 821 ad
2459 783 2523 824 ea
2567 784 2686 839 qua:
2715 770 3006 826 invisibilia
3051 780 3176 826 sunt
3216 778 3272 826 et
3296 780 3501 827 aeterna

1910 866 2021 914 tota
2050 859 2211 914 animi
2242 860 2519 916 alacritate
2564 864 2936 930 transmigrat,
2979 874 3032 919 ut
3066 880 3408 935 nequaquam
3444 882 3502 921 se

1904 952 2016 1024 jam
2046 952 2231 1009 credat
2259 954 2311 1008 in
2333 969 2498 1011 carne
2531 956 2853 1012 consistere.
2883 957 3057 1013 Habet
3082 958 3330 1014 similiter
3357 970 3410 1015 et
3435 960 3503 1014 sl-

1910 1044 2166 1112 nistram,
2213 1061 2335 1100 cum
2392 1047 2746 1103 tentationum
2807 1049 3113 1107 turbinibus
3164 1051 3494 1121 implicatur,

1907 1152 2030 1195 cum
2053 1140 2119 1194 ad
2142 1139 2409 1196 desideria
2425 1142 2606 1197 carnis
2627 1143 3021 1199 incentivorum
3048 1145 3271 1201 aestibus
3291 1145 3501 1201 inflante

1910 1242 2108 1300 matur,
2139 1247 2263 1288 cum
2299 1233 2366 1289 ad
2403 1234 2694 1291 iracundia:
2734 1234 2976 1293 furorem
3033 1240 3499 1310 perturbationum

1907 1323 2033 1395 igne
2070 1325 2435 1397 succenditur,
2467 1342 2591 1383 cum
2620 1328 2890 1399 superbia:
2926 1344 3019 1386 seu
3046 1329 3362 1387 cenodoxia:
3389 1331 3501 1386 ela-

1908 1420 2059 1475 tione
2097 1420 2360 1491 pulsatur,
2408 1435 2530 1476 cum
2574 1422 2788 1478 tristitia
2824 1434 3053 1479 mortem
3102 1436 3365 1493 operante
3396 1425 3495 1480 de-

1908 1511 2179 1581 primitur,
2208 1527 2327 1567 cum
2352 1512 2618 1569 machinis
2636 1514 2840 1570 acedia:
2867 1523 2923 1571 et
2945 1500 3346 1587 impugnatioue
3368 1531 3501 1571 con-

1906 1605 2133 1671 cutitur,
2180 1621 2433 1678 cumque,
2480 1608 2628 1663 omni
2658 1609 2892 1678 spiritali
2936 1608 3153 1667 fervore
3197 1612 3494 1676 subtracto,

1906 1698 2139 1769 quodam
2173 1707 2358 1769 tepore
2380 1708 2539 1771 atque
2562 1701 2922 1758 irrationabili
2950 1717 3187 1760 mterorc
3213 1706 3494 1776 torpescit,

216 1800 300 1869 qui
333 1809 561 1864 utraque
602 1813 760 1850 manu
803 1794 1048 1849 utebatur
1092 1809 1187 1864 pro
1226 1793 1437 1848 dextera
1458 1789 1668 1865 (Judic.
1691 1790 1799 1862 ιη).
1833 1790 1881 1853 Β
1908 1802 1965 1847 ιιι
1991 1807 2099 1847 non
2130 1792 2304 1849 solum
2332 1795 2748 1865 cogitationibus
2770 1797 2932 1852 rectis
2960 1811 3023 1852 ac
3048 1798 3383 1854 ferventibus
3403 1798 3500 1853 de-

214 1893 381 1961 Quam
403 1892 657 1946 virtutem
688 1889 759 1944 ita
779 1888 1080 1959 poterimus
1104 1901 1204 1942 nos
1226 1899 1442 1956 quoque
1465 1884 1803 1940 intellectua-

214 1984 333 2043 liter
359 1981 665 2055 possidere,
688 1981 734 2035 si
768 1994 835 2035 ea
872 1994 993 2051 qua:
1022 1993 1283 2050 prospera
1311 1984 1438 2033 sunt
1466 1976 1805 2045 dexteraque

213 2084 526 2143 censentur,
556 2082 614 2130 et
636 2088 701 2130 ea
728 2088 850 2143 qua:
878 2073 1105 2128 adversa
1138 2082 1263 2127 sunt
1289 2085 1353 2125 ac
1381 2069 1598 2125 sinistra
1622 2068 1808 2124 dicun-

214 2178 317 2235 tur,
349 2167 500 2223 bono
530 2174 791 2236 rectoque
826 2178 927 2219 usu
962 2162 1027 2218 ad
1055 2173 1261 2235 partem
1306 2160 1593 2217 fecerimus
1620 2159 1808 2216 dexte-

214 2277 322 2320 ram
365 2263 683 2333 pertinere,
726 2267 784 2315 ut
824 2273 1179 2331 quaecumque
1218 2256 1419 2313 fuerint
1457 2256 1637 2321 illata,
1678 2255 1808 2310 ﬁant

212 2354 392 2423 nobis,
434 2350 737 2409 secundum
769 2351 1109 2421 Apostolum,
1138 2366 1286 2403 arma
1326 2348 1545 2421 iustitiae
1569 2346 1651 2415 (Ii
1680 2346 1802 2401 Cor.

210 2446 314 2518 vt).
342 2444 569 2501 Duabus
617 2456 850 2513 namque
896 2443 1139 2513 partibus
1182 2449 1239 2497 et
1284 2442 1375 2511 (ut
1420 2442 1493 2496 ita
1539 2437 1806 2513 dixerim)

210 2538 461 2597 manibus
502 2547 528 2576 ε
569 2534 883 2592 interiorem
910 2535 1185 2591 hominem
1225 2543 1473 2590 nostrum
1507 2534 1807 2590 subsistere

211 2630 559 2703 pervidemus
600 2646 613 2680 :
652 2642 756 2683 nec
792 2628 1077 2699 quisquam
1122 2636 1437 2681 sanctorum
1477 2640 1665 2683 carere
1706 2624 1808 2682 hac

208 2725 427 2781 sinistra
453 2736 620 2792 quam
648 2720 878 2777 dicimus
905 2728 1103 2791 potest,
1134 2720 1231 2775 sed
1271 2719 1324 2774 in
1358 2718 1461 2773 hoc
1491 2718 1666 2773 virtus
1687 2731 1808 2788 per-

211 2816 344 2873 lecta
383 2814 739 2883 discernitur,
779 2810 807 2851 δ
848 2812 894 2868 si
942 2820 1228 2882 utramque
1265 2812 1319 2866 in
1358 2810 1638 2868 dexteram
1668 2810 1810 2867 bene

212 2908 412 2965 utendo
439 2915 747 2963 convertat.
783 2905 848 2960 Et
877 2913 936 2960 ut
972 2903 1315 2959 manifestius
1356 2903 1460 2959 hoc
1498 2902 1644 2974 quod
1673 2902 1811 2958 dici-

211 3015 328 3057 mus
374 2998 555 3070 possit
600 2996 859 3067 intelligi,
901 2996 1067 3052 habet
1105 2996 1189 3051 vir
1232 3004 1454 3051 sanctus
1502 2994 1806 3068 dexteram,

211 3107 503 3151 successus
533 3092 783 3147 videlicet
823 3091 1133 3161 spiritales,
1171 3090 1225 3146 in
1256 3104 1360 3163 qua
1396 3099 1525 3145 tunc
1560 3090 1810 3147 consistit

1906 1894 2141 1953 seratur,
2180 1886 2275 1942 sed
2306 1887 2470 1943 etiam
2509 1887 2781 1959 psalmus,
2813 1890 3009 1953 oratio,
3059 1890 3239 1956 lectio,
3270 1890 3499 1946 remotio

1907 1979 2060 2034 cella:
2090 1979 2252 2035 simul
2285 1979 2573 2051 horreant,
2606 1988 2663 2036 et
2707 1981 3034 2037 intolerabili
3064 1982 3295 2052 quodam
3323 1990 3500 2038 tetro-

1906 2085 2013 2143 que
2036 2071 2254 2127 fastidio
2275 2072 2527 2129 universa
2554 2072 2813 2129 sordeant
2834 2075 3193 2130 instrumenta
3216 2076 3498 2143 virtutum,

1907 2164 2103 2236 quibus
2132 2180 2256 2222 cum
2286 2168 2533 2237 pulsatur
2558 2168 2877 2234 monachus,
2909 2169 3148 2224 sinistris
3176 2170 3417 2240 partibus
3439 2182 3500 2224 se

1907 2265 2199 2328 cognoscat
2226 2259 2430 2329 urgeri.
2472 2258 2731 2331 Quisquis
2771 2260 2933 2331 igitur
2964 2262 3017 2315 in
3055 2262 3164 2316 illis
3203 2276 3327 2332 quae
3354 2260 3501 2316 dex-

1910 2357 2008 2405 trae
2031 2353 2199 2421 partis
2212 2366 2334 2408 esse
2349 2351 2724 2423 praediximus,
2742 2354 2963 2411 minime
2976 2354 3134 2410 fuerit
3158 2356 3500 2411 subintrante

1908 2442 2077 2515 gloria
2110 2443 2361 2499 vanitatis
2388 2446 2591 2514 elatus,
2628 2456 2686 2503 et
2714 2448 2768 2502 in
2804 2447 2921 2501 istis
2958 2460 3079 2516 qua:
3110 2446 3344 2502 sinistra:
3376 2462 3501 2517 par-

1910 2535 1981 2591 tis
2009 2544 2136 2591 sunt
2155 2580 2169 2606 ,
2202 2536 2435 2593 viriliter
2463 2538 2749 2604 dimicans,
2785 2540 2929 2594 nulla
2960 2538 3345 2611 desperatione
3370 2553 3502 2595 con-

1908 2626 2123 2695 ciderit,
2158 2641 2221 2684 ac
2246 2631 2421 2701 potius
2444 2629 2512 2686 de
2534 2630 2823 2686 contrariis
2847 2645 2996 2686 arma
3018 2630 3262 2701 quaedam
3297 2632 3504 2699 patien-

1908 2720 2001 2775 tia:
2019 2719 2086 2775 ad
2107 2722 2423 2776 exercitium
2445 2724 2664 2778 virtutis
2686 2722 3063 2794 assumpserit,
3088 2733 3314 2793 utraque
3338 2736 3503 2777 manu

1909 2820 2097 2869 utetur
2122 2828 2221 2885 pro
2260 2814 2485 2882 dextra,
2535 2825 2592 2871 et
2620 2816 2674 2871 in
2714 2826 2947 2887 utroque
2978 2827 3102 2871 actu
3134 2814 3502 2885 triumphator

1911 2904 2159 2974 eﬁ‘ectus,
2191 2917 2300 2961 tam
2326 2907 2396 2963 de
2437 2906 2662 2963 sinistro
2691 2916 2833 2962 statu
2863 2922 3025 2977 quam
3062 2906 3131 2962 de
3160 2906 3355 2963 dextro
3386 2906 3506 2976 pal-

1912 3013 2055 3055 mam
2086 2998 2328 3055 victoria:
2341 3010 2725 3071 consequetur.
2751 3000 2977 3069 Qualem
3006 3000 3221 3056 beatum
3243 2998 3346 3055 Job
3374 2998 3508 3069 legi-

1912 3106 2032 3147 mus
2050 3092 2335 3159 meruisse,
2366 3092 2455 3163 qui
2484 3093 2674 3163 utique
2698 3108 2791 3163 per
2812 3091 3093 3148 dexteram
3116 3090 3504 3157 coronabatur,

214 3184 434 3257 quando
465 3186 690 3240 fervens
728 3183 919 3252 spiritu
948 3182 1233 3238 desideriis
1267 3190 1325 3238 et
1350 3181 1808 3255 concupiscentiis
1833 3173 1882 3241 C
1910 3184 2125 3257 quando
2172 3193 2381 3257 septem
2433 3186 2669 3240 ﬁliorum
2713 3194 2867 3254 pater
2914 3184 3208 3254 opulentus
3239 3199 3303 3238 ac
3347 3183 3503 3239 dives

215 3276 468 3334 omnibus
500 3274 835 3342 dominatur,
858 3274 1077 3345 quando
1122 3274 1191 3330 ab
1219 3274 1365 3329 omni
1409 3274 1672 3331 diabolica
1702 3275 1806 3329 im-

217 3369 549 3441 pngnatione
571 3381 798 3423 securus
816 3366 1024 3438 absque
1049 3365 1161 3422 ullo
1188 3366 1376 3423 labore
1399 3381 1464 3422 ac
1490 3366 1810 3423 difﬁcultate

216 3464 337 3518 vitia
359 3462 546 3517 carnis
572 3461 657 3516 vel
681 3460 887 3532 respuit
906 3458 992 3515 vel
1018 3458 1307 3525 abscindit,
1332 3475 1457 3515 cum
1483 3458 1809 3515 sublimatus

216 3569 247 3611 a
269 3565 440 3622 terra,
474 3553 731 3609 universa
758 3552 1044 3623 praesentia
1081 3561 1244 3622 atque
1275 3559 1492 3608 terrena
1521 3552 1667 3608 velut
1693 3552 1811 3607 ina-

216 3665 337 3707 nem
366 3648 582 3705 fumum
602 3648 957 3717 umbramque
977 3660 1200 3702 vacuam
1226 3645 1647 3715 contemplatur,
1677 3653 1734 3701 et
1752 3654 1812 3700 ut

217 3756 337 3798 mox
367 3741 667 3796 transitura
688 3739 1013 3807 contemnit,
1045 3752 1167 3794 cum
1193 3737 1375 3793 futura
1400 3752 1497 3809 per
1524 3752 1807 3794 excessum

218 3837 412 3894 mentis
430 3877 446 3904 ,
474 3850 586 3891 non
618 3833 793 3891 solum
824 3832 1203 3889 ardentissime
1228 3833 1585 3905 concupiscit,
1614 3846 1805 3887 verum

1910 3281 2166 3337 incedens
2198 3280 2511 3351 quotidiana
2540 3295 2641 3351 pro
2668 3293 2860 3335 eorum
2893 3277 3269 3347 puriﬁcatione
3294 3276 3509 3332 sacriﬁ-

1910 3371 1991 3429 cia
2024 3372 2254 3427 Domino
2287 3370 2574 3436 offerebat,
2608 3386 2712 3425 non
2743 3380 2851 3425 tam
2886 3369 2991 3423 sibi
3022 3384 3120 3424 eos
3151 3383 3309 3437 quam
3340 3377 3363 3404 ο
3394 3366 3508 3422 Deo

1912 3472 2188 3534 susceptos
2210 3476 2275 3518 ac
2302 3462 2593 3517 familiares
2617 3465 2843 3530 cupiens
2871 3462 3155 3523 exhibere.
3185 3458 3403 3530 quando
3422 3458 3509 3527 ja-

1911 3570 2017 3611 nua
2056 3554 2176 3624 ejus
2202 3555 2349 3609 omni
2377 3553 2687 3609 advenienti
2728 3552 2977 3623 patebat,
3012 3550 3229 3621 quando
3261 3560 3379 3605 erat
3408 3564 3507 3619 pes

1912 3646 2253 3713 claudorum,
2276 3655 2331 3701 et
2351 3646 2538 3700 oculus
2562 3660 2850 3713 cmcorum,
2876 3642 3094 3713 quando
3118 3642 3186 3697 de
3209 3640 3509 3696 velleribus

1915 3740 2096 3795 ovium
2125 3740 2263 3810 ejus,
2294 3738 2507 3793 humeri
2534 3738 2854 3794 caleﬁebant
2878 3735 3219 3792 infirmorum
3239 3777 3254 3801 ,
3289 3733 3509 3803 quando

1915 3841 2034 3888 erat
2060 3832 2425 3904 orphanorum
2455 3840 2609 3901 pater
2636 3836 2691 3885 et
2720 3827 2803 3884 vir
2826 3826 3131 3892 viduarum,
3163 3822 3383 3896 quando
3405 3836 3512 3877 nec

1277 3986 1532 4045 ALARDI
1572 3986 1806 4043 GAZEI
1841 3986 2409 4046 COMMENTARIUS.

284 4117 313 4148 ⁸
338 4103 796 4185 ’Δμφοτσρῴἕξιος,
818 4119 923 4185 seu
950 4104 1319 4185 ambidexter,
1336 4105 1427 4185 ait
1454 4102 1648 4185 Suidas
1667 4145 1682 4167 ,
1711 4103 1807 4185 qui

220 4174 407 4235 laevam
445 4174 572 4249 'pro'
594 4177 1001 4249 dextraAhahet,
1029 4191 1124 4249 seu
1156 4177 1245 4244 qui
1278 4175 1495 4249 sinistra
1540 4174 1715 4249 utitur
1750 4183 1809 4229 ut

216 4254 429 4317 dextra,
454 4244 551 4317 qui
576 4258 632 4302 et
650 4246 941 4321 άμφςδᾶξιος
957 4248 1156 4321 dicitur
1183 4244 1803 4321 contractiorevocabu-

215 4323 296 4389 lo;
326 4315 439 4392 quo
468 4315 985 4392 prmter'a'liosusus
1012 4328 1091 4392 est
1117 4316 1413 4392 Gregorius
1440 4315 1808 4392 Nazianzenus

217 4386 552 4449 in‘or'atio'ne
591 4390 802 4446 funebri
839 4389 891 4444 in
921 4388 979 4443 S.
1014 4386 1292 4450 Basilium,
1327 4388 1416 4441 ubi
1447 4401 1543 4442 eas
1586 4388 1678 4454 qui
1718 4396 1810 4441 aut

215 4466 316 4519 vita
361 4473 585 4518 tantum
630 4471 723 4516 ant
767 4459 1069 4516 eruditione
1118 4459 1397 4512 dumtaxat
1438 4456 1802 4522 excellerent,

215 4535 343 4590 nihil
374 4533 598 4590 aluscis
626 4531 844 4588 differre
863 4530 1023 4585 dicit:
1066 4531 1155 4599 qui
1184 4544 1313 4583 vero
1353 4543 1537 4599 parem
1570 4530 1622 4582 in
1653 4536 1805 4599 utro-

218 4621 315 4677 que
348 4606 574 4661 landem
604 4605 880 4658 consecuti
903 4612 1107 4677 essent,
1130 4614 1223 4677 eos
1246 4598 1591 4677 ἀμφιᾷἇξιᾳυς,
1621 4598 1672 4653 id
1699 4605 1802 4663 est,

217 4670 594 4733 anthidextros
615 4716 630 4739 ,
656 4688 719 4729 ac
772 4672 1012 4728 numeris
1049 4670 1298 4725 omnibus
1328 4670 1621 4723 absolutos
1660 4683 1799 4723 esse.

219 4748 322 4803 Bud
342 4764 450 4803 eus
483 4749 539 4801 in
575 4744 989 4800 Commentariis
1016 4758 1029 4796 :
1082 4741 1235 4809 Apud
1257 4740 1531 4795 Platonem
1558 4780 1573 4803 ,
1601 4740 1806 4809 inquit,

221 4818 356 4889 (Lib.
386 4834 468 4874 νιι
495 4817 561 4869 de
589 4813 852 4891 Legibus),
879 4810 1176 4891 ἀρτίποδας.
1201 4816 1285 4867 καὶ
1308 4814 1606 4889 ἁρτίχιιρος
1623 4812 1809 4865 dicun—

222 4886 316 4951 tur,
345 4890 438 4960 qui
465 4898 685 4960 utroque
712 4886 839 4956 pede
854 4886 927 4960 ρι’
947 4894 1159 4960 utraque
1198 4886 1361 4960 manu
1392 4886 1533 4947 teque
1562 4892 1809 4960 utuntur,

223 4953 413 5031 utsunt
443 4953 749 5031 ἀμφιδέξιοὶ,
773 4954 925 5009 nullo
956 4972 1046 5022 per
1072 4954 1480 5008 dissueludinem
1516 4953 1692 5006 utendi
1722 4954 1811 5006 de-

221 5030 439 5084 bilitata.
534 5030 537 5031 ⁷
972 5040 987 5059 κ

285 5100 315 5140 δ
355 5100 686 5155 Nominatur
729 5097 815 5151 hic
864 5097 1008 5150 inter
1046 5094 1267 5150 Judiccs
1294 5096 1480 5165 populi
1530 5092 1811 5149 israelitici

222 5182 339 5241 pust
358 5170 832 5241 Judamitertius:
869 5168 943 5241 lle
964 5181 1070 5235 quo
1097 5172 1148 5220 in
1178 5167 1271 5219 lib.
1294 5166 1473 5241 ludio.
1505 5179 1624 5241 cap.
1657 5180 1713 5241 Ill
1739 5166 1808 5241 it_a

220 5236 479 5298 scribitur
505 5260 519 5294 :
552 5238 837 5296 Suscitavit
869 5239 941 5292 eis
969 5241 1275 5291 salvatorem
1301 5236 1550 5291 vocabulo
1582 5236 1715 5300 Aod,
1748 5236 1811 5305 ﬁ-

222 5314 345 5367 lium
370 5312 531 5382 Cera,
564 5311 664 5382 filii
692 5307 919 5370 Gemini,
949 5312 1036 5382 qui
1064 5319 1279 5382 utraque
1310 5324 1466 5361 manu
1498 5322 1593 5382 pro
1632 5308 1814 5360 dextra

222 5384 479 5437 utebatur.
514 5378 1106 5455 Uitdeitpporspodiﬁtae
1135 5378 1448 5455 dimittes};
1479 5379 1599 5455 ait.
1633 5390 1813 5455 autent

225 5455 563 5526 Hieronymo
594 5448 734 5515 (Lib:
759 5448 857 5526 itit
882 5448 1149 5526 Ilouinian.
1178 5466 1224 5526 ρ.
1261 5449 1348 5517 17)
1379 5448 1695 5522 ἀμφιδέξιος,
1725 5448 1815 5517 qui

224 5522 498 5580 interiecit
536 5539 723 5594 regem
758 5522 925 5592 Eglon
953 5522 1386 5594 pinguissimum.

222 5596 410 5722 helld
433 5607 542 5661 est,
576 5588 851 5660 mentem,
883 5596 998 5648 sive
1045 5588 1303 5646 animam.
1351 5592 1443 5648 Sic
1488 5606 1635 5661 saepe
1675 5588 1817 5661 apud

296 5684 328 5721 ll
356 5683 469 5721 υηι.

296 5668 469 5722 nium.

291 5740 318 5775 ἀ
364 5738 463 5793 llis
502 5736 799 5793 admodum
838 5745 1200 5792 consentanea
1220 5735 1424 5805 scribit
1454 5734 1813 5805 Hieronymus

224 5823 282 5864 III
308 5810 470 5864 illum
511 5810 839 5865 versiculum
891 5807 1033 5864 Psal.
1067 5821 1164 5861 xc:
1198 5804 1397 5859 Cadent
1440 5823 1470 5858 η
1516 5804 1673 5858 latere
1722 5816 1810 5859 tuo

1909 4104 2076 4167 mille,
2109 4112 2157 4158 et
2186 4104 2359 4159 decem
2398 4105 2565 4159 millia
2593 4120 2625 4160 a
2658 4104 2857 4160 dextris
2888 4104 3039 4175 tuis._
3066 4103 3145 4158 Ab
3171 4119 3264 4167 eo,
3297 4102 3507 4175 inquit,

1908 4178 2001 4248 qui
2017 4175 2218 4248 habitat
2243 4177 2297 4229 in
2318 4177 2583 4248 adjutorio
2614 4176 2890 4241 Altissimi,
2916 4247 2921 4248 γ
2943 4173 3127 4248 cadent
3157 4191 3191 4228 a
3216 4173 3385 4229 latere
3396 4173 3513 4240 eius

1911 4244 2077 4315 mille,
2108 4255 2157 4301 et
2186 4246 2357 4300 decem
2381 4244 2565 4302 'millia
2593 4265 2627 4301 a
2650 4248 2847 4301 dextris
2876 4247 3008 4315 ejus.
3058 4244 3286 4315 Dextera
3338 4249 3511 4303 sancti

1911 4312 2135 4383 dicitur;
2184 4318 2398 4372 sinistra
2426 4335 2529 4371 non
2567 4318 2787 4381 dicitur,
2817 4312 2910 4371 sed
2956 4318 3117 4371 latus.
3160 4312 3342 4371 Videte
3372 4318 3510 4373 enim

1911 4390 2048 4457 quod
2078 4390 2271 4441 dicitur
2289 4405 2309 4443 :
2338 4387 2405 4441 Et
2436 4388 2608 4442 decem
2637 4388 2806 4441 millia
2830 4404 2861 4439 a
2889 4387 3089 4441 dextris
3121 4388 3246 4441 tuis.
3288 4387 3351 4440 Et
3378 4404 3509 4457 quo-

1912 4459 2067 4513 modo
2090 4460 2298 4513 dia-eras
2314 4475 2332 4512 :
2354 4457 2551 4513 Cadent
2572 4476 2603 4511 a
2626 4460 2782 4512 latere
2808 4467 2897 4511 tuo
2921 4458 3102 4513 mille?
3125 4458 3348 4525 Quando
3369 4460 3511 4514 enim

1910 4529 2125 4583 dextera
2155 4531 2365 4593 dicitur,
2390 4540 2439 4582 et
2465 4530 2675 4583 sinistra
2701 4544 2805 4583 non
2825 4530 3144 4590 nominatur,
3174 4544 3267 4596 pro
3293 4528 3511 4585 sinistra

1911 4600 2050 4654 latus
2080 4600 2393 4654 nominatur.
2423 4598 2547 4653 Non
2596 4600 2729 4655 enim
2779 4608 2977 4670 poterat
3019 4603 3217 4665 iustum
3269 4615 3377 4654 esse
3404 4640 3418 4662 ,
3449 4609 3510 4655 ut

1904 4673 2081 4743 justus
2112 4672 2315 4724 haberet
2344 4672 2627 4743 sinistram.
2658 4670 2763 4743 Qui
2793 4681 2859 4733 te,
2890 4671 3076 4739 inquit,
3102 4670 3408 4743 percusserit
3446 4672 3509 4743 in

1918 4742 2184 4795 dexteram
2213 4739 2499 4806 maxillam,
2539 4742 2708 4811 pra’be
2742 4743 2789 4796 ei
2820 4751 2867 4794 et
2893 4743 3116 4795 alteram
3140 4739 3356 4809 (Matth.
3388 4742 3505 4811 vt);

1919 4828 2023 4866 non
2051 4813 2207 4875 dixit,
2236 4823 2284 4865 st
2311 4812 2593 4867 sinistram.
2619 4811 2669 4866 Ν
2675 4829 2741 4867 an
2760 4814 2895 4865 enim
2918 4823 2991 4866 est
3012 4813 3223 4866 sinistra
3242 4826 3357 4881 qua
3373 4826 3507 4880 pra:-

1920 4884 2084 4953 betur,
2117 4881 2206 4937 sed
2230 4882 2445 4935 dextera
2477 4883 2658 4938 altera.
2712 4883 2849 4953 Ergo
2885 4884 3189 4953 simpliciter
3217 4885 3331 4935 dico
3375 4898 3506 4953 quo-

1920 4952 2060 5028 niam
2082 4957 2259 5028 justus
2282 4954 2416 5028 duas
2443 4952 2681 5028 dexteras
2698 4951 2875 5028 liabet.
2896 4951 3200 5028 Deniqueet
3226 4951 3499 5028 illeAiotIt.

1956 5025 2011 5077 ui
2038 5022 2279 5080 scribitur
2306 5026 2358 5078 in
2382 5022 2628 5079 Iudicum
2647 5026 2799 5089 libro,
2824 5022 3095 5095 propterea
3114 5027 3243 5077 duas
3266 5026 3505 5095 dexteras

1956 5040 2009 5077 ut
2038 5040 2279 5080 serantur
2306 5040 2358 5078 tn
2382 5040 2628 5079 tumcum
2647 5040 2799 5089 noro,
2824 5040 3095 5095 propterea
3114 5040 3243 5077 auas
3266 5040 3505 5076 dexteras

1920 5040 2107 5169 zabere
2132 5096 2319 5169 dicitur
2346 5137 2360 5159 ,
2401 5098 2522 5165 quia
2562 5100 2737 5169 justus
2765 5102 3009 5169 erat,_iet
3066 5093 3508 5169 interfecit_illum

1915 5167 2313 5293 Binﬁuissimum
2351 5163 2711 5238 regemfﬂac
2757 5166 3039 5222 moraliter
3077 5173 3132 5219 et
3167 5163 3506 5234 tropologim:

1966 5277 1980 5291 .
2061 5252 2393 5293 teronvmus.

1966 5277 1980 5291 .
2010 5252 2393 5292 ηιετοηνιηυε.

2010 5252 2393 5309 Hieronymus.

1993 5317 2018 5346 ε
2048 5308 2394 5376 Manuscripti
2439 5308 2723 5363 nonnulli:
2761 5305 2871 5376 Dee
2894 5303 3508 5376 subjectos.fDi0nysius

1918 5379 2047 5449 legit
2092 5374 2329 5449 acceptos
2356 5377 2525 5445 (Libr.
2558 5393 2588 5432 x
2616 5376 2789 5432 Instit.
2826 5374 2903 5445 6).
2949 5374 3057 5431 Sed
3089 5375 3271 5449 verior
3297 5385 3505 5449 nostr-.-

1919 5445 2105 5515 lectio,
2140 5463 2191 5505 ut
2215 5445 2590 5504 communior.
2630 5449 2921 5513 Susceptos
2953 5458 3135 5499 autem
3183 5445 3425 5515 intellige
3456 5447 3505 5496 iu

1920 5535 2103 5577 Curam
2135 5535 2231 5575 seu
2258 5521 2564 5575 clientelam
2615 5528 2880 5584 receptos.
2910 5516 3160 5584 Suscc-pti
3196 5518 3341 5570 enim
3375 5516 3505 5569 οιιηι

1921 5592 2241 5647 dicebantur
2274 5594 2527 5655 clientes,
2558 5604 2694 5656 quos
2723 5588 2935 5654 patroni
2981 5586 3208 5640 tuendos
3247 5601 3506 5654 suscepe-

1919 5673 2063 5725 rant,
2091 5672 2148 5719 ut
2171 5664 2305 5718 alias
2338 5663 2657 5727 notavimus.
2702 5657 2838 5712 Hinc
2880 5656 2943 5727 ι).
2975 5656 3297 5712 Ambrosius
3332 5672 3503 5711 serm.

1917 5734 2017 5791 93:
2043 5731 2110 5789 In
2136 5744 2332 5789 tantum
2361 5726 2526 5785 uicina
2550 5731 2819 5801 praeculta
2846 5726 3060 5797 efﬁcacis
3072 5728 3374 5801 praebebitur
3401 5728 3505 5783 ad-

1919 5807 2109 5867 uocati,
2139 5806 2190 5858 in
2219 5814 2466 5873 qttanlttm
2494 5801 2646 5869 fuerit
2677 5800 2803 5858 fides
2837 5801 3020 5854 devota
3048 5800 3287 5872 suscepti.
