4012 6336
530 311 637 378 659

1571 313 1848 374 JDANNIS
1885 307 2200 376 cassum
2235 287 2725 380 commones.

3683 319 3804 403 ιϐθθ

540 438 595 494 in
624 433 787 492 corde
816 431 1035 505 quidem
1058 447 1156 489 suo
1185 447 1348 504 super
1375 429 1576 489 inimici
1606 433 1692 488 sui
1718 429 1873 488 ruina
1897 433 2109 506 gavisus
2135 423 2189 496 Δ
2213 427 2425 490 sibimet
2453 435 2728 493 cohaerere
2756 439 2915 507 atque
2941 429 3297 495 insolnbililer
3319 435 3369 497 ei
3391 439 3541 512 optat
3566 425 3798 500 innecti.

528 539 613 587 est
639 527 792 594 (Job.
828 527 904 600 ι).
940 525 1194 599 idemque
1234 541 1424 583 rursus
1463 542 1557 598 per
1596 523 1871 584 sinistram
1900 538 2109 598 partem

527 623 847 680 sublimiore
887 624 1090 679 virtute
1133 621 1203 678 de
1249 619 1667 678 adversitalibus
1717 617 2106 692 triumphabat,

526 733 648 774 cum
680 727 886 788 septem
913 715 1038 772 ﬁliis
1073 730 1183 771 uno
1212 715 1440 771 orbatus
1467 721 1768 781 momento,
1792 731 1896 771 non
1924 725 1983 771 ut
2012 731 2109 786 pa-

528 823 611 869 ter
635 811 831 869 acerbo
856 811 1000 866 luctu
1039 808 1447 879 conﬁciebatur,
1487 808 1585 866 sed
1625 820 1685 864 ut
1721 823 1880 864 verus
1913 807 2006 864 Dei
2035 803 2104 864 la-

525 907 703 960 mulus
722 918 884 974 super
903 901 1177 960 Creatoris
1197 903 1282 958 sui
1303 901 1581 958 voluntate
1602 902 1867 975 gaudebat
1889 893 2107 974 (Ibid.):

522 1012 644 1052 cum
673 1011 738 1051 ex
768 996 1036 1066 locuplete
1067 989 1475 1066 pauperrimus.
1521 987 1701 1050 nudus
1725 1011 1791 1050 ex
1819 993 2008 1063 divite,
2041 1002 2110 1050 ex

520 1088 702 1144 valido
734 1088 976 1155 tabidus,
1004 1104 1072 1144 ex
1103 1089 1302 1159 inclyto
1330 1098 1384 1145 et
1406 1089 1640 1162 glorioso
1671 1089 1921 1162 ignobilis
1947 1099 2110 1161 atque

518 1181 836 1251 despectus,
871 1181 1234 1250 incorruptam
1265 1179 1431 1236 animi
1462 1179 1832 1238 fortitudinem
1873 1191 2110 1238 retenta-

520 1274 643 1338 hat;
673 1289 794 1330 cum
825 1272 1058 1346 denique
1083 1273 1230 1330 omni
1270 1271 1573 1330 substantia
1601 1283 1760 1345 atque
1789 1274 1982 1345 opibus
2014 1269 2108 1330 de-

517 1371 742 1426 stitutus
781 1369 1104 1439 sterquilinii
1151 1377 1269 1425 erat
1313 1368 1484 1424 factus
1534 1367 1827 1438 habitator,
1860 1377 1915 1425 et
1954 1369 2106 1426 velut

517 1462 734 1533 quidam
758 1461 1002 1530 corporis
1028 1462 1108 1516 sui
1137 1461 1517 1517 severissimus
1545 1459 1811 1531 carnifex,
1843 1470 1981 1518 testa
2012 1476 2103 1517 ra-

517 1553 681 1610 de‘bat
725 1555 929 1610 saniem
979 1553 1363 1623 proﬂuentem,
1416 1563 1583 1626 atque
1633 1570 1702 1611 ex
1751 1554 1900 1610 omni
1951 1564 2106 1626 parte

517 1645 885 1702 membrorum
913 1646 1097 1716 glebas
1121 1644 1386 1702 vermium
1406 1686 1421 1712 ,
1453 1643 1636 1718 digitis
1665 1647 1861 1702 mersis
1890 1645 1946 1702 in
1974 1661 2103 1718 pro-

517 1738 681 1795 funda
723 1740 1038 1806 vulnerum,
1070 1739 1413 1796 detrahebat.
1466 1737 1524 1796 lu
1563 1739 1765 1811 quibus
1814 1745 2023 1798 cunctis
2049 1741 2103 1797 in

515 1833 716 1888 nullam
745 1831 1084 1904 desperando
1112 1833 1398 1905 prolapsus
1433 1843 1516 1889 est
1545 1826 1968 1905 blasphemiam,
2001 1851 2102 1894 nec
2129 1825 2178 1896 Β

513 1923 774 1980 adversus
785 1923 1094 1980 Creatorem
1112 1940 1267 1981 suum
1282 1923 1334 1980 in
1353 1922 1539 1998 aliquo
1550 1925 1927 1997 murmuravit;
1946 1929 2104 1999 quin-

515 2017 715 2084 imtno,
755 2031 1091 2088 nequaquam
1120 2017 1476 2074 tentationum
1519 2019 1666 2076 mole
1705 2029 1865 2089 atque
1894 2023 2103 2080 acerbi-

517 2117 627 2164 tate
653 2107 1004 2177 conterritus,
1035 2110 1208 2181 ipsum
1237 2124 1454 2180 quoque
1479 2110 1622 2184 quod
1653 2127 1719 2169 ex
1745 2113 1893 2169 omni
1922 2109 2102 2184 pristi-

515 2216 583 2256 na
613 2199 866 2258 facultate
908 2216 1006 2258 suo
1052 2202 1271 2274 corpori
1315 2205 1656 2276 superfuerat
1699 2203 2099 2278 indumentum,

515 2295 765 2367 quodque
795 2295 1000 2365 solum,
1031 2299 1155 2367 quia
1183 2297 1302 2368 ipso
1329 2292 1683 2364 vestiebatur,
1711 2316 1742 2354 a
1773 2290 1974 2357 diaboli
2004 2306 2101 2373 po-

513 2395 693 2445 tuerat
719 2389 1022 2446 vastatione
1043 2387 1264 2462 salvari,
1288 2389 1605 2449 rescindens
1626 2403 1788 2466 atque
1810 2393 2094 2466 abiiciens,

512 2481 712 2550 adjecit
737 2496 902 2552 super
932 2483 1074 2538 illam
1106 2499 1268 2554 quam
1294 2477 1620 2542 durissimus
1645 2477 1814 2561 [Lips.
1845 2488 1902 2542 in
1927 2500 2095 2562 marg.

513 2571 841 2647 dirissimus]
871 2577 1055 2647 praedo
1088 2577 1345 2634 intulerat
1371 2589 1728 2648 spontaneam
1773 2577 2095 2636 nuditatem.

511 2671 738 2727 Comam
767 2685 982 2742 quoque
1020 2672 1213 2742 capitis
1231 2711 1246 2738 ,
1286 2686 1409 2743 qua:
1451 2672 1566 2730 sola
1593 2671 1661 2730 de
1687 2673 1882 2745 prioris
1908 2673 2097 2746 gloriae

513 2763 754 2834 reliquiis
797 2764 1000 2820 intacta
1028 2775 1402 2834 remanserat,
1445 2767 1686 2824 vexatori
1723 2783 1824 2825 suo
1868 2755 2097 2840 proiecit

513 2858 808 2914 abscissam
826 2896 842 2925 ,
867 2865 925 2914 et
950 2868 1233 2929 amputans
1259 2858 1504 2917 etiamid
1538 2860 1682 2933 quod
1705 2863 1941 2918 saeviens
1968 2861 2096 2918 roli-

513 2961 706 3024 querat
734 2952 1006 3021 inimicus,
1039 2953 1125 3008 illa
1155 2953 1366 3010 caelesti
1389 2953 1650 3012 adversus
1680 2970 1805 3012 eum
1836 2970 1969 3012 voce
1994 2955 2093 3012 tri-

512 3048 702 3118 pudiat
729 3057 785 3102 et
814 3047 1043 3103 insultat
1068 3065 1084 3110 ;
1113 3048 1174 3105 Si
1201 3041 1340 3104 bona
1363 3051 1684 3120 suscepimus
1716 3051 1780 3106 ds
1808 3065 1966 3105 manu
1990 3037 2096 3106 Do-

513 3137 664 3202 mini,
707 3139 849 3194 mala
891 3155 986 3193 cur
1028 3155 1132 3194 non
1175 3140 1583 3196 sustinebimus?
1625 3125 1818 3197 Nudus
1861 3158 2094 3214 egressus

514 3247 629 3286 sum
652 3234 716 3287 de
740 3241 885 3287 utero
913 3233 1092 3287 matris
1113 3249 1258 3300 mete,
1287 3235 1705 3291 nudusrevertar
1737 3193 2094 3292 illuc.'Domi-
2117 3193 2168 3278 ε

515 3339 611 3378 nus
633 3325 806 3393 dedit,
835 3323 1088 3380 Dominus
1113 3324 1358 3391 abstulit,
1379 3329 1633 3400 quomodo
1656 3328 1878 3384 Domino
1899 3330 2096 3398 placuit

513 3415 588 3468 sic
610 3421 805 3486 factum
833 3426 910 3471 est
932 3432 952 3472 :
967 3418 1033 3472 sit
1059 3433 1238 3473 nomen
1262 3417 1476 3474 Domini
1501 3421 1822 3478 benedictum
1841 3420 1986 3495 (Job.
2011 3421 2092 3494 tt).

513 3507 929 3563 Ambidextrum
958 3511 1154 3566 merito
1179 3511 1418 3568 dixerim
1441 3521 1496 3570 et
1522 3512 1747 3584 Josepb,
1777 3513 1868 3586 qui
1893 3513 1947 3570 in
1970 3529 2097 3585 pro-

512 3599 689 3667 speris
712 3600 920 3671 gratior
950 3601 1118 3670 patri,
1160 3601 1465 3675 religiosior
1502 3604 1782 3671 fratribus,
1821 3607 2096 3676 acceptior

516 3693 656 3759 Deo;
692 3695 743 3748 in
799 3694 1041 3750 adversis
1080 3705 1295 3768 castus,
1347 3698 1568 3754 domino
1614 3697 1812 3768 fidelis,
1860 3701 2094 3756 carceris

514 3786 832 3842 mitissimus
868 3786 1101 3856 vinctus,
1130 3788 1448 3859 iniuriarum
1487 3789 1795 3858 immemor,
1822 3783 2095 3848 beneficus

517 3876 769 3944 inimicis,
805 3878 1022 3947 invidis,
1047 3888 1101 3936 et
1121 3890 1382 3951 quantum
1411 3881 1466 3936 in
1496 3881 1629 3952 ipsis
1658 3881 1759 3937 fuit
1782 3879 2097 3939 interiecto-

515 3968 697 4036 ribus,
742 3968 998 4026 fratribus
1035 3987 1145 4028 non
1174 3973 1350 4028 solum
1383 3975 1534 4042 pius,
1561 3974 1655 4031 sed
1686 3974 1846 4030 etiam
1880 3975 2096 4031 munitis

516 4074 612 4114 cus
655 4061 951 4118 invenitur.
1002 4063 1068 4117 lli
1105 4078 1236 4134 ergo
1269 4078 1569 4136 eorumque
1610 4066 1920 4123 consimiles
1947 4076 2096 4124 recte

515 4151 834 4208 ambidestri
865 4161 1274 4226 nuneupantur;
1305 4164 1537 4227 utraque
1555 4158 1704 4214 enim
1735 4167 1900 4214 manu
1935 4167 2096 4216 utun-

520 4247 606 4299 tur
635 4255 732 4316 pro
758 4245 967 4318 dextra,
993 4251 1046 4304 et
1075 4247 1217 4305 inter
1243 4248 1360 4306 haec
1382 4251 1504 4322 qua!
1533 4251 1827 4324 Apostoms
1846 4252 2095 4311 dinume-

518 4348 604 4397 rat
647 4347 1011 4408 transeuntes,
1058 4339 1263 4416 pariter
1304 4331 1528 4401 dicunt:
1565 4335 1672 4402 Per
1701 4363 1847 4402 arma
1868 4344 2096 4422 justitiaa

515 4441 633 4500 quise
657 4447 689 4486 α
713 4431 907 4487 deut-is
941 4443 1059 4488 sunt
1086 4442 1137 4488 et
1165 4451 1200 4488 a
1221 4435 1466 4503 sinistris,
1497 4447 1588 4507 per
1612 4435 1834 4509 gloriam
1863 4446 1913 4493 et
1938 4439 2094 4508 igno-

519 4520 795 4591 sunutem,
829 4535 920 4594 per
943 4527 1216 4597 infamiam
1241 4535 1290 4584 et
1312 4529 1494 4586 bbttam
1515 4531 1709 4603 {unum
1727 4531 1752 4604 (
1767 4520 1812 4587 il
1833 4530 1952 4587 cor.
1977 4537 2030 4588 vr
2046 4529 2088 4606 ),

2209 516 2425 582 Erimus
2449 517 2611 599 igitur
2631 524 2977 597 ambidextri,
3000 529 3217 602 quando
3237 535 3336 588 nos
3363 521 3582 606 quoque
3613 549 3802 592 rerum

2209 620 2559 690 praesentium
2601 619 2750 691 copia
2777 613 2863 678 vel
2894 615 3071 693 inopia
3103 639 3210 680 nou
3241 621 3463 681 mutarit
3488 633 3544 681 et
3569 633 3670 683 nec
3700 626 3794 683 illa

2209 727 2310 768 nos
2345 711 2413 768 ad
2439 713 2740 785 voluptates
2769 717 2943 771 noxiae
2976 714 3315 775 remissionis
3345 717 3660 790 impulerit,
3693 729 3800 778 nec

2211 804 2312 860 ista
2342 805 2410 861 ad
2453 799 2887 878 desperationem
2937 807 3220 867 attraxerit
3259 819 3313 868 et
3347 812 3657 883 querelam,
3700 813 3801 870 sed

2211 896 2458 953 similiter
2499 895 2610 956 Deo
2651 895 2854 970 gratias
2894 895 2947 956 in
2990 913 3218 974 utroque
3269 903 3570 962 referentes
3609 917 3798 978 parem

2211 983 2442 1047 fructum
2470 987 2537 1049 de
2564 992 2814 1049 secundis
2860 987 3209 1063 adversisque
3237 999 3547 1067 capiamus;
3579 995 3798 1070 quaient

2209 1079 2382 1140 seille
2412 1100 2571 1142 verus
2617 1083 2950 1143 ambidexter
2982 1085 3182 1144 Doctor
3229 1085 3468 1162 gentium
3510 1081 3678 1148 fuisse
3713 1103 3796 1148 te-

2208 1184 2404 1244 statur,
2428 1177 2614 1235 dicens
2639 1197 2651 1233 :
2679 1179 2790 1251 Ego
2832 1182 2969 1234 enim
3005 1182 3166 1236 didici
3193 1183 3247 1236 in
3274 1183 3454 1254 quibus
3494 1191 3606 1238 sunt
3654 1173 3800 1256 ευθε.

2208 1270 2346 1325 ciens
2369 1287 2514 1338 esse;
2541 1273 2647 1326 scio
2676 1281 2725 1326 et
2751 1271 3047 1341 humiliari,
3073 1273 3179 1328 scio
3211 1286 3258 1329 et
3287 1275 3581 1343 abundare;
3611 1278 3800 1348 ubique

2206 1371 2256 1418 et
2282 1348 2335 1417 in
2357 1362 2589 1418 omnibus
2627 1363 2890 1419 institutus
2919 1375 3053 1432 sum,
3084 1373 3131 1422 et
3157 1367 3381 1422 saturari
3418 1371 3466 1422 et
3491 1371 3720 1436 esurire,
3747 1381 3796 1424 et

2206 1455 2471 1511 abundare
2505 1465 2558 1512 et
2606 1461 2873 1529 penuriam
2899 1460 3042 1531 pati;
3072 1461 3244 1516 omnia
3268 1477 3474 1533 possum
3511 1463 3565 1518 in
3605 1479 3664 1519 eo
3701 1466 3797 1535 qui

2207 1569 2286 1608 me
2308 1553 2565 1622 confortat
2589 1541 2867 1623 (Philipp.
2900 1546 3008 1624 tv).

2809 1654 3039 1725 CAPUT
3079 1667 3164 1724 x1.

2275 1759 2354 1818 De
2380 1759 2576 1834 duplici
2603 1775 2785 1833 genere
2811 1761 3180 1834 tentationum,
3212 1775 3327 1832 quis
3355 1749 3545 1833 triplici
3563 1761 3719 1818 modo

2835 1833 3146 1904 inferuntur.

2275 1915 2420 1998 Ergo
2451 1917 2580 1982 licet
2606 1917 2902 1982 dixerimus
2925 1915 3234 1996 bipartitam
3259 1933 3382 1982 esse
3403 1913 3790 1995 tentatiottem,

2201 2011 2255 2073 id
2277 2027 2381 2082 est,
2407 2015 2461 2073 in
2488 2015 2653 2074 rebus
2679 2017 2762 2074 vel
2789 2017 3066 2088 prosperis
3096 2009 3186 2074 vel
3215 2007 3481 2085 adversis,
3504 2011 3791 2075 sciendum

2203 2120 2288 2168 est
2317 2121 2498 2168 tamen
2528 2127 2716 2168 omnes
2755 2101 3005 2168 homines
3031 2101 3228 2181 triplici
3257 2101 3468 2166 ralione
3504 2101 3704 2167 tentari
3735 2113 3787 2167 δ.

2202 2207 2529 2278 Plerumque
2553 2203 2624 2262 ob
2655 2203 3051 2277 probationem,
3074 2213 3479 2274 nonnumquam
3501 2197 3571 2260 ob
3597 2211 3794 2260 entert-

2201 2289 2505 2366 dationem,
2551 2297 2822 2352 interdum
2854 2293 2923 2352 ob
2968 2297 3162 2352 merita
3210 2289 3552 2352 delictorum.
3604 2285 3671 2352 Et
3713 2287 3793 2352 ob

2199 2385 2577 2459 probationem
2609 2383 2822 2460 quidem
2841 2383 3060 2445 beatum
3086 2375 3378 2456 Abraham,
3410 2385 3470 2443 ttt
3497 2379 3620 2456 iob,
3637 2381 3792 2444 mul-

2198 2485 2392 2555 tosque
2421 2493 2728 2539 sanctorum
2773 2467 3150 2538 tribuiationes
3193 2478 3504 2537 innumeras
3549 2471 3793 2552 legimus

2198 2578 2521 2654 pertulisse;
2563 2569 2648 2634 vel
2696 2569 2828 2634 illud
2858 2575 3001 2648 quod
3033 2577 3083 2634 in
3116 2569 3540 2634 Deuteronomio
3579 2563 3794 2633 dicitur

2197 2671 2266 2728 ad
2292 2663 2549 2745 populum
2564 2687 2665 2744 per
2681 2661 2921 2744 Moysen,
2935 2662 3003 2725 Et
3030 2663 3376 2727 recordaberis
3389 2667 3560 2725 cuncti
3579 2664 3793 2726 itineris

2196 2753 2362 2832 illius,
2384 2781 2476 2836 per
2498 2755 2636 2834 quod
2659 2761 2878 2820 adduxit
2900 2775 2947 2819 te
2965 2747 3217 2818 Dominus
3243 2761 3383 2818 Deus
3409 2771 3527 2818 tuus
3549 2755 3792 2833 quadra-

2195 2861 2341 2934 ginta
2369 2855 2520 2915 annis
2541 2875 2634 2932 per
2650 2853 2927 2927 desertum,
2943 2869 2997 2914 ut
3021 2857 3264 2931 aﬂligeret
3289 2865 3335 2913 te
3359 2861 3511 2928 atque
3541 2857 3788 2927 tentaret,

2195 2959 2246 3005 et
2272 2960 2394 3005 nota
2419 2945 2602 3021 fierent
2628 2966 2743 3023 quis
2767 2945 2824 3005 in
2854 2959 2941 3004 tuo
2989 2945 3166 3004 animo
3204 2947 3567 3017 versabantur,
3605 2953 3794 3004 utrum

2195 3035 2480 3102 oustodires
2501 3041 2926 3115 mandataillius,
2941 3061 3007 3099 an
3022 3035 3378 3114 non(Deuter.
3398 3043 3539 3115 Vlll).
3556 3031 3622 3098 Et
3641 3037 3790 3098 illud

2197 3137 2342 3210 quod
2374 3133 2425 3193 in
2452 3131 2661 3210 psalmo
2689 3131 2887 3194 dicitur
2911 3155 2925 3190 :
2959 3127 3184 3192 Probavi
3207 3148 3254 3192 te
3277 3135 3420 3209 apud
3445 3152 3628 3206 aquam
3655 3146 3793 3192 co'n-

2199 3225 2526 3288 tradictionis
2553 3223 2728 3302 (Psal.
2759 3225 2946 3302 sxxx).
2969 3225 3052 3286 Ad
3083 3223 3184 3286 Job
3217 3245 3470 3301 quoque:
3515 3230 3593 3283 An
3625 3227 3792 3300 putas

2198 3339 2280 3380 me
2308 3317 2398 3380 tibi
2425 3317 2578 3379 aliter
2605 3324 2858 3392 locutum,
2888 3339 3044 3394 quam
3071 3332 3126 3375 ut
3155 3336 3432 3395 appareres
3449 3315 3658 3392 justus?
3698 3311 3791 3376 0b

2195 3417 2629 3474 emendationem
2681 3430 3002 3484 vero,cum
3051 3407 3226 3485 iustos
3277 3430 3405 3470 suos
3443 3429 3543 3484 pro
3589 3405 3790 3485 parvis

2197 3502 2525 3585 quibusdam
2547 3501 2864 3581 levibusque
2887 3508 3145 3580 peccatis,
3167 3519 3262 3564 seu
3285 3523 3384 3578 pro
3413 3499 3643 3564 elatione
3663 3522 3792 3566 sua:

2198 3595 2447 3678 puritatis
2477 3601 2766 3658 humilians
2810 3597 3039 3657 diversis
3072 3593 3462 3657 testationibus
3495 3597 3692 3663 tradit,
3727 3601 3792 3654 ut

2195 3713 2412 3755 omnem
2436 3695 2655 3753 sordem
2682 3691 3091 3765 cogitationum,
3112 3693 3190 3762 et,
3211 3701 3270 3748 ut
3296 3689 3474 3748 verbis
3495 3683 3790 3763 propheta:

2195 3791 2397 3861 dicam,
2412 3790 2641 3847 scoriam
2662 3804 2821 3860 quam
2842 3787 2897 3844 in
2923 3783 3148 3844 occultis
3169 3802 3356 3842 eorum
3382 3784 3629 3856 pervidet
3650 3799 3792 3844 esae

2197 3873 2530 3950 concretam,
2554 3889 2862 3949 excoquens
2890 3872 2942 3934 in
2976 3869 3229 3948 praesenti
3247 3919 3263 3946 ,
3288 3867 3433 3933 velut
3459 3881 3646 3933 aurum
3679 3884 3792 3947 pu-

2195 3980 2316 4030 l'ttut
2346 3973 2526 4028 futuro
2551 3973 2880 4027 transmittat
2907 3970 3165 4038 examini,
3193 3971 3325 4025 nihil
3351 3970 3403 4026 in
3436 3970 3513 4026 eis
3534 3968 3793 4029 residere

2196 4068 2514 4139 permittens
2539 4065 2683 4138 quod
2712 4077 2960 4122 scrutans
2987 4074 3109 4136 post
3140 4063 3258 4120 hazc
3278 4064 3463 4135 iudicii
3493 4062 3630 4136 ignis
3659 4076 3791 4134 pce-

2196 4161 2306 4218 nali
2333 4162 2575 4216 cruciatu
2598 4169 2996 4232 expurgaturus
3041 4153 3278 4216 inveniat
3306 4149 3443 4230 (Isti.
3471 4155 3535 4228 ι),
3577 4171 3792 4213 secun-

2193 4251 2322 4311 dum
2348 4250 2482 4308 illud
2509 4269 2522 4309 :
2566 4250 2749 4309 ﬂuitat
2769 4252 3118 4308 tributariam
3133 4250 3396 4323 iustorum
3417 4248 3587 4320 (Psal.
3612 4249 3739 4318 xm)
3769 4266 3790 4307 :

2197 4354 2283 4416 et,
2315 4339 2446 4416 Fili,
2476 4341 2582 4402 noti
2607 4341 2861 4419 negligere
2886 4335 3213 4416 disciplinam
3243 4337 3474 4413 Domini,
3508 4349 3666 4411 neque
3698 4345 3794 4413 fa-

2196 4440 2372 4510 tigaris
2398 4438 2524 4494 dum
2549 4438 2612 4493 ab
2641 4455 2701 4495 so
2721 4439 3035 4510 inereparis:
3069 4453 3216 4508 quem
3241 4431 3378 4491 enim
3406 4433 3573 4506 diligit
3597 4426 3797 4490 Domi-

2195 4537 2319 4602 r'tiis,
2345 4532 2596 4603 corripit:
2615 4533 2846 4605 ﬂagellat
2876 4541 3045 4586 autem
3086 4539 3287 4586 omnem
3317 4531 3484 4599 illium
3511 4539 3662 4600 quem
3691 4541 3794 4583 re-

514 4626 623 4674 etc.
657 4617 733 4675 De
759 4635 860 4690 qua
893 4611 1078 4677 dextra
1107 4618 1190 4680 vel
1229 4622 1446 4681 sinistra
1486 4599 1561 4681 ita
1585 4599 1849 4682 Salomon
1879 4633 1943 4682 ex
1973 4599 2094 4698 per-
2122 4599 2176 4663 Β
2197 4599 2344 4697 cipit,
2372 4599 2647 4697 «prima:
2675 4599 2747 4680 ett
2775 4619 2916 4695 ﬁlius
2965 4633 3114 4696 quem
3164 4634 3269 4678 non
3319 4599 3535 4691 corripit
3588 4625 3742 4690 pater
3769 4623 3799 4678 .9

515 4721 649 4768 sana
678 4723 891 4784 sponsas
919 4714 1155 4786 loquitur
1183 4717 1238 4772 in
1265 4709 1492 4774 Cantico
1518 4717 1870 4775 Canticorum
1900 4717 2095 4774 ama

513 4807 628 4878 ejus
654 4805 745 4858 sub
779 4806 944 4878 capite
984 4819 1115 4874 meo,
1142 4816 1188 4862 et
1212 4808 1424 4864 dextera
1443 4813 1557 4883 ejus
1593 4809 1971 4881 stuptembitur
2011 4821 2095 4867 me

516 4893 740 4967 (Cantia.
767 4899 848 4966 ιι).
867 4895 1010 4969 Quas
1040 4899 1170 4958 licet
1192 4909 1446 4975 ulraSQue
1475 4901 1634 4961 utiles
1654 4913 1777 4961 eSse
1799 4899 2090 4975 significet,

514 5001 695 5048 tamen
721 4992 866 5048 illam
891 4995 995 5049 sub
1014 4995 1190 5064 capite
1212 5011 1312 5053 suo
1342 4998 1513 5068 ponit,
1539 4999 1665 5070 quia
1692 4997 1972 5068 subiacere
1999 4991 2094 5054 de-

513 5081 642 5136 bent
669 5083 910 5140 adversm
937 5095 1117 5154 partes
1143 5087 1429 5159 principali
1455 5089 1658 5147 cordis.
1687 5088 1770 5146 Ad
1798 5092 1902 5147 hoc
1924 5088 2092 5160 siqui-

510 5173 635 5229 de’m
661 5179 866 5230 tantum
899 5177 1057 5233 utiles
1086 5185 1231 5245 sunt,
1277 5177 1334 5234 ut
1369 5188 1466 5251 pro
1509 5183 1753 5252 tempore
1781 5185 1878 5236 n‘o’s
1925 5181 2086 5238 exei-

511 5277 672 5322 ceant
700 5279 756 5323 et
783 5269 1033 5325 erudiant
1053 5270 1122 5326 ad
1141 5273 1473 5342 salutem,ac
1494 5274 1764 5346 perfectos
1787 5273 1853 5328 ad
1875 5276 2086 5343 patien-

511 5351 638 5412 t'iam
668 5360 927 5428 reddant;
957 5359 1237 5417 dexteram
1259 5367 1391 5418 vero
1415 5363 1485 5418 ad
1514 5362 1906 5421 saniorendasu
1934 5379 1997 5422 se
2019 5379 2084 5421 ac

511 5457 772 5524 perpetuo
824 5453 1251 5512 conservandam
1307 5454 1529 5514 salutari
1594 5459 1844 5530 amplexu
1896 5461 2083 5530 sponsi

2199 4720 2350 4788 Quod
2369 4719 2416 4776 si
2443 4729 2588 4776 extra
2627 4718 2960 4789 disciplinam
2988 4718 3130 4784 estis,
3159 4718 3308 4789 cujus
3331 4713 3610 4786 participes
3650 4713 3799 4783 facti

2193 4820 2316 4868 sunt
2339 4825 2536 4883 omna,
2559 4817 2682 4883 ergo
2716 4809 3024 4880 adulterini,
3059 4817 3107 4864 st
3144 4823 3247 4863 non
3272 4807 3375 4876 ﬁlii
3413 4807 3534 4862 estis
3580 4801 3794 4874 (Hebr.

2197 4904 2314 4977 an).
2348 4901 2414 4961 El.
2442 4901 2495 4961 in
2525 4903 2888 4976 Apocalypsi:
2935 4901 3047 4976 Ego
3075 4909 3200 4974 quos
3227 4907 3364 4967 timo,
3404 4908 3564 4970 arguo
3590 4894 3643 4952 et
3687 4909 3796 4952 cta-

2196 5000 2326 5071 stigo
2357 4993 2541 5069 (Apoc.
2570 4997 2673 5070 tu).
2702 4993 2781 5052 Ad
2803 5010 2940 5066 quos
2960 4995 3121 5050 etiam
3148 4991 3248 5048 sub
3275 4983 3442 5062 llgura
3468 4985 3793 5046 Jerusalem

2197 5103 2264 5146 ex
2297 5093 2524 5160 persbna
2558 5089 2655 5143 Dei
2700 5088 2771 5142 ita
2802 5103 2896 5157 per
2923 5085 3212 5142 Jeremiam
3258 5098 3437 5140 sermo
3479 5079 3745 5152 dirigitur
3772 5097 3792 5137 :

2191 5171 2411 5235 Faciam
2436 5181 2572 5235 enim
2591 5179 3082 5235 Consummationem
3104 5178 3159 5233 in
3176 5175 3411 5231 omnibus
3451 5173 3688 5248 gentibus
3726 5175 3792 5229 ia

2189 5271 2373 5344 quibus
2403 5271 2622 5343 dispersi
2645 5277 2722 5339 te;
2749 5277 2797 5328 te
2821 5279 2994 5325 autem
3012 5285 3114 5325 non
3143 5263 3333 5338 faciant
3360 5263 3415 5321 iit
3443 5265 3793 5321 Consumma-

2189 5365 2400 5434 tionem,
2428 5366 2518 5422 sed
2545 5367 2805 5438 castigabo
2832 5376 2881 5418 te
2905 5365 2961 5418 in
2980 5363 3210 5436 judicio,
3236 5369 3417 5417 utnon
3443 5355 3532 5413 tibi
3548 5353 3794 5413 videaris

2189 5461 2432 5518 innoxius
2456 5461 2675 5533 (1mm;
2705 5458 2864 5531 axx).
2891 5457 2998 5515 Pro
3018 5473 3119 5530 qua
3140 5456 3364 5513 salutari
3389 5451 3796 5511 emendatione

1536 5574 1820 5630 MLARDI
1857 5573 2092 5632 GAZEI
2130 5574 2691 5633 COMMENTARIUS.

581 5669 606 5698 ⁸
629 5657 855 5738 Scilicet
873 5679 902 5720 a
926 5663 1080 5738 Deo;
1112 5663 1180 5722 de
1209 5679 1270 5723 ea
1295 5665 1436 5723 enim
1467 5667 1768 5723 tentatione
1794 5665 1882 5723 hic
1911 5667 2084 5738 inqui-

506 5737 618 5820 tur.
636 5743 794 5820 quam
824 5731 1103 5820 Scriptura
1122 5738 1463 5820 (disciplinam
1482 5781 1497 5806 ,
1519 5737 1884 5820 eruditionem
1908 5781 1922 5806 ,

503 5803 807 5874 bationern,
834 5803 1695 5880 casrigationem[percussiOnern
1718 5803 2081 5881 vocatz’c'njus

2184 5669 2380 5796 alia?!
2403 5712 2418 5740 ,
2451 5670 2618 5725 immo
2644 5668 2979 5741 quadruplex
3009 5681 3171 5725 causa
3207 5667 3323 5725 sive
3347 5645 3484 5724 ratio
3514 5661 3606 5720 hic
3647 5661 3796 5721 red-

2224 5755 2237 5795 I
2335 5780 2348 5794 ο

2224 5755 2348 5795 “llr.
