4012 6336
500 332 606 392 θϐὄ

1551 310 1832 380 IOANNIS
1868 316 2191 379 CASSIANI
2226 313 2724 377 COLLATIONES.

3648 305 3762 379 ’σοι

498 456 807 515 excoquere
834 441 1021 500 brevis
1049 454 1114 496 ac
1152 448 1529 497 momentanea
1581 451 1737 509 poena
1784 435 2091 503 sufﬁceret,
2118 438 2168 499 Α
2198 440 2357 503 atque
2398 430 2631 501 imagine
2661 430 2952 503 ﬁguratur,
2981 445 3257 503 quamque
3283 446 3338 489 tn
3368 446 3428 490 se
3453 434 3657 493 tamdiu
3683 454 3766 496 re.

498 540 597 597 sed
629 548 686 595 ut
707 536 925 595 caeteris
952 548 1167 606 quoque
1188 534 1279 605 qui
1304 530 1485 587 futura
1512 531 1598 587 vel
1622 530 1976 601 negligentes,
1999 528 2088 585 vel

500 632 715 703 penitus
744 645 851 685 non
879 627 1165 684 credentes
1187 667 1203 695 ,
1236 623 1675 682 consideratione
1718 622 2090 677 tantummodo

498 724 853 796 praesentium
886 721 1300 791 frangebantur,
1335 727 1507 774 terror
1552 718 1773 772 istarum
1813 731 1948 787 quas
1975 729 2091 772 me-

501 815 727 872 tuebant
777 812 1039 867 ultionum
1088 811 1420 866 incuteretur
1465 808 1745 878 exemplo,
1800 820 1899 862 nec
1947 805 2090 877 apud

501 906 651 962 illam
698 904 893 959 summi
923 902 1161 957 numinis
1202 900 1541 971 majestatem
1579 914 1702 955 esse
1733 898 2089 953 humanarum

500 1014 691 1056 rerum
721 1008 774 1054 et
800 996 1131 1068 quotidiana:
1174 994 1596 1066 dispensationis
1632 993 1891 1050 incuriam
1924 992 2092 1049 docu-

501 1100 689 1159 mento
711 1090 873 1159 hujus
890 1087 1196 1145 severitatis
1225 1094 1602 1157 agnoscerent,
1623 1100 1686 1141 ac
1712 1084 2089 1141 retributorem

503 1183 675 1239 Deum
704 1192 1019 1238 cunctorum
1073 1188 1287 1234 actuum
1326 1192 1423 1248 per
1451 1177 1567 1232 hzec
1607 1192 1726 1246 quae
1768 1177 2093 1247 gravissime

500 1273 870 1330 formidabant
930 1270 1268 1327 manilestius
1311 1268 1673 1339 perviderent.
1718 1276 1745 1305 ι
1785 1267 2095 1322 Invenimus

504 1382 638 1423 sane
663 1366 825 1422 etiam
855 1380 952 1437 pro
986 1364 1284 1420 levioribus
1310 1362 1483 1433 culpis
1522 1361 1810 1417 nonnullos
1846 1361 2092 1418 eamdem

504 1459 701 1516 mortis
727 1458 793 1514 ad
826 1472 1066 1528 prmsens
1090 1456 1370 1527 excepisse
1391 1455 1736 1520 sententiam,
1759 1468 1864 1526 qua
1894 1462 2019 1510 sunt
2039 1462 2096 1511 et

502 1549 585 1606 illi
609 1549 783 1621 puniti
816 1563 952 1620 quos
986 1547 1333 1619 praediximus
1360 1544 1632 1601 exstitisse
1659 1545 1937 1616 sacrilega:
1960 1560 2096 1616 pra:-

502 1642 852 1699 varicationis
880 1651 1133 1695 auctores
1153 1680 1168 1706 ,
1198 1649 1257 1695 ut
1284 1638 1485 1694 factum
1514 1647 1597 1694 est
1635 1636 1689 1693 in
1722 1636 1815 1694 illo
1842 1638 1934 1709 qui
1971 1637 2098 1693 sab-

500 1735 630 1793 bato
676 1734 819 1805 ligna
856 1733 1149 1803 collegerat
1179 1730 1369 1803 (Num.
1415 1728 1554 1799 xv),
1600 1714 1686 1785 vel
1713 1731 1769 1785 in
1808 1729 2016 1786 Anania
2042 1737 2099 1786 et

2193 526 2347 591 tinet,
2370 522 2545 579 donec
2569 522 2676 577 alio
2706 536 2892 579 rursus
2922 524 3184 594 impresso
3209 523 3486 597 signaculo
3514 527 3759 587 reforme-

2193 627 2299 682 tur,
2330 626 2489 686 atque
2516 616 2586 670 ita
2615 614 2709 670 fiet
2728 624 2811 682 ut,
2844 631 3135 685 numquam
3167 616 3222 672 in
3246 632 3344 672 sua
3376 617 3627 688 qualitate
3646 636 3764 691 per.

2190 709 2409 775 sistens,
2443 705 2513 761 ad
2543 706 2769 762 formam
2795 721 2985 763 eorum
3009 722 3131 777 qua:
3153 706 3538 777 imprimuntur
3563 725 3764 781 semper

2191 808 2541 856 convertatur
2581 812 2647 853 ac
2694 806 2938 855 transeat
2973 816 2989 853 :
3026 801 3157 869 quin
3206 802 3386 869 potius
3434 798 3595 857 debet
3632 804 3765 860 velut

2192 892 2463 964 quoddam
2486 905 2609 948 esse
2632 889 2662 930 ιι
2689 890 3093 947 adamantinum
3126 892 3504 963 signatorium,
3531 902 3587 950 ut
3607 895 3765 953 invio-

2193 984 2410 1040 labilem
2442 998 2597 1039 mens
2623 991 2809 1039 nostra
2848 984 3074 1055 ﬁguram
3103 983 3187 1040 sui
3215 998 3433 1056 semper
3462 985 3759 1044 custodiens

2195 1079 2553 1147 characteris,
2588 1081 2839 1135 universa
2868 1093 2991 1149 qua:
3016 1079 3343 1136 incurrerint
3372 1078 3475 1134 sibi
3507 1079 3577 1135 ad
3607 1080 3769 1150 quali-

2198 1180 2360 1226 tatem
2384 1168 2465 1225 sui
2487 1180 2661 1225 status
2682 1169 2863 1239 signet
2890 1180 3054 1241 atque
3080 1169 3464 1235 transformet;
3507 1170 3619 1241 ipsa
3648 1187 3767 1228 vero

2199 1261 2451 1333 insigniri
2479 1258 2647 1317 nullis
2678 1260 2987 1317 incursibus
3014 1263 3205 1331 possit.

2788 1377 3022 1435 CAPUT
3062 1378 3202 1435 XIII.

2202 1470 2575 1543 Interrogatio,
2615 1471 2660 1527 si
2687 1472 2852 1544 possit
2870 1488 3024 1544 utens
3060 1474 3116 1544 in
3145 1489 3250 1527 una
3275 1480 3425 1543 atque
3449 1472 3630 1528 eadm
3654 1487 3771 1544 qua-

2686 1543 2835 1597 litate
2848 1543 3045 1615 jugiter
3075 1542 3287 1599 durare.

2272 1636 2576 1693 Germanus
2606 1653 2619 1690 :
2645 1634 2903 1692 Potestne
2948 1650 3103 1692 mens
3150 1645 3337 1692 nostra
3380 1651 3547 1692 unum
3586 1644 3772 1693 statum

2196 1726 2397 1798 jugiter
2426 1727 2683 1795 retinere,
2728 1735 2785 1782 et
2814 1725 2870 1782 in
2900 1726 3094 1784 eadem
3125 1742 3342 1799 semper
3368 1728 3631 1801 qualitate
3653 1743 3770 1801 per-

500 1825 769 1898 Sappbira
788 1867 803 1893 ,
832 1824 925 1896 qui
956 1839 1149 1895 parum
1173 1822 1431 1894 quiddam
1456 1822 1526 1878 de
1554 1820 1860 1878 substantia
1889 1836 1986 1878 sua
2013 1822 2097 1876 in-
2126 1807 2176 1868 Β
2202 1819 2439 1878 sistere?

500 1916 779 1973 ﬁdelitatis
832 1929 1021 1970 errore
1063 1920 1415 1969 servaverant
1459 1912 1659 1983 (Actor.
1689 1912 1778 1983 v):
1812 1928 1920 1968 non
1950 1911 2097 1983 quod

502 2008 733 2078 equalia
760 2007 963 2063 fuerint
985 2006 1223 2077 pondera
1248 2013 1612 2076 peccatorum,
1637 2004 1733 2060 sed
1749 2006 1874 2076 quia
1895 2006 2097 2075 reperti

503 2115 665 2157 novae
690 2098 1145 2170 transgressionis
1174 2106 1619 2168 praasumptores,
1646 2098 1947 2154 debuerunt
1967 2114 2098 2169 pra:-

500 2194 639 2252 bere
658 2193 892 2258 caeteris,
917 2190 1373 2262 quemadmodum
1390 2190 1619 2262 peccati,
1637 2192 1706 2246 ita
1730 2193 1890 2246 etiam
1921 2206 2096 2261 pinnae

502 2301 570 2343 ac
600 2284 826 2342 terroris
854 2285 1202 2355 exemplum,
1235 2292 1293 2338 ut
1321 2284 1567 2356 quisquis
1611 2282 1798 2339 eadem
1837 2283 2096 2354 deinceps

503 2377 759 2435 aﬂ'ectare
804 2384 1070 2433 tentasset
1095 2417 1111 2441 ,
1154 2384 1339 2432 nosset
1366 2376 1469 2432 sibi
1500 2375 1800 2432 secundum
1849 2375 2095 2431 eamdem

501 2472 737 2528 formam
766 2485 871 2543 qua
900 2470 975 2525 illi
1003 2470 1243 2526 damnati
1291 2478 1437 2537 sunt,
1482 2469 1643 2524 etiam
1674 2469 1718 2524 si
1758 2468 1810 2523 in
1842 2468 2097 2539 praesenti

502 2563 829 2634 supplicium
856 2561 1154 2627 diﬂ‘eratur,
1190 2561 1245 2615 in
1296 2559 1459 2615 futuri
1486 2558 1671 2629 judicii
1700 2558 2098 2615 examinatione

505 2654 865 2712 reddendum.
903 2654 968 2709 Et
994 2654 1119 2724 quia
1153 2652 1400 2709 videmur
1449 2666 1733 2709 excessum
1762 2652 2049 2724 quemdam
2076 2692 2095 2719 ,

504 2746 637 2803 dum
678 2760 878 2817 genera
926 2745 1284 2800 tentationum
1331 2744 1417 2799 vel
1460 2743 1722 2799 ultiouum
1777 2757 2098 2813 percurrere

503 2839 777 2900 volumus.
802 2852 833 2891 a
863 2837 1136 2907 proposita
1166 2834 1478 2891 narratione
1503 2836 1720 2899 iecisse,
1739 2849 1846 2905 qua
1876 2834 2097 2891 diceba-

504 2944 632 2986 mus
683 2930 861 2983 virum
915 2928 1209 2997 perfectum
1250 2927 1307 2982 in
1355 2935 1584 2998 utraque
1626 2926 1927 2983 tentatione
1977 2941 2095 2981 ma-

502 3037 641 3079 nere
680 3036 897 3093 semper
934 3020 1264 3078 immobilem
1286 3059 1303 3089 ,
1342 3021 1410 3077 ad
1434 3021 1680 3078 eamdem
1721 3035 1864 3077 nunc
1899 3020 2097 3078 iterum

502 3123 866 3173 revertamur.

1108 3182 1336 3241 CAPUT
1376 3182 1495 3239 XII.

508 3275 783 3347 Quomodo
812 3277 888 3331 uir
903 3277 1208 3351 justusnon
1237 3293 1387 3343 certe,
1427 3277 1517 3332 sed
1539 3277 1891 3351 adamantina
1920 3277 2101 3351 signa-

891 3351 1023 3403 torio
1062 3346 1243 3402 debeat
1271 3364 1379 3403 esse
1406 3347 1710 3402 consimilis.

574 3464 766 3537 Itaque
793 3480 946 3521 mens
968 3465 1070 3519 viri
1091 3465 1221 3534 justi
1247 3478 1355 3519 non
1377 3463 1540 3520 debet
1558 3478 1681 3520 esse
1705 3464 1902 3521 similis
1930 3480 2095 3535 cerae,

512 3557 605 3614 vel
630 3558 854 3614 alterius
891 3557 1206 3629 cujusquam
1234 3557 1475 3613 materia:
1503 3556 1792 3623 mollioris,
1815 3573 1937 3627 quae
1958 3574 2100 3615 sem-

509 3663 614 3722 per
652 3651 955 3707 cliaracteri
996 3649 1327 3720 signantium
1369 3648 1575 3706 cedens
1617 3664 1715 3720 pro
1759 3650 1879 3721 ejus
1925 3650 2099 3709 forma

2794 1889 3025 1948 CAPUT
3061 1889 3207 1949 XIV.

2378 1982 2671 2051 Responsio
2696 1982 2765 2037 ad
2790 1984 3162 2054 interrogantis
3192 1984 3615 2055 propositionem.

2271 2076 2626 2134 Theodorus:
2653 2076 2887 2133 Necesse
2908 2085 3092 2143 estut,
3124 2076 3421 2131 secundum
3450 2076 3774 2147 Apostolum,

2202 2178 2294 2223 aut
2322 2176 2595 2223 renovatus
2612 2168 2731 2239 quis
2757 2167 2942 2237 spiritu
2972 2167 3155 2221 mentis
3185 2182 3293 2220 suae
3318 2165 3554 2237 (Ephes.
3577 2182 3626 2223 Iv
3648 2165 3668 2238 )
3693 2181 3779 2238 per

2202 2263 2446 2333 singulos
2463 2260 2582 2317 dies
2603 2260 2855 2332 proﬁciat
2872 2302 2887 2326 ,
2910 2262 2978 2314 ad
3006 2276 3064 2314 ea
3083 2275 3197 2330 qua:
3216 2260 3271 2314 in
3296 2268 3416 2314 ante
3438 2268 3560 2314 sunt
3585 2276 3637 2315 se
3654 2276 3776 2315 seat-

2203 2369 2295 2425 per
2318 2354 2598 2411 extendens
2620 2352 2893 2425 (Philipp.
2918 2367 2977 2408 ιιι
2996 2353 3042 2419 );
3076 2360 3169 2407 aut
3189 2352 3234 2407 si
3256 2352 3580 2421 neglexerit,
3613 2363 3636 2392 ο
3660 2367 3779 2409 con-

2203 2460 2437 2517 sequens
2466 2455 2551 2501 est
2579 2456 2639 2500 ut
2668 2454 2816 2500 retro
2846 2444 3037 2501 redeat
3075 2455 3235 2515 atque
3278 2445 3332 2499 in
3372 2443 3617 2500 deterius
3645 2444 3777 2500 rela-

2203 2538 2382 2595 batur;
2413 2538 2484 2593 Et
2522 2537 2725 2593 idcirco
2768 2537 2917 2593 nullo
2954 2535 3117 2592 modo
3163 2550 3317 2592 ruens
3361 2537 3565 2607 poterit
3592 2536 3645 2591 in
3681 2548 3778 2591 una

2202 2641 2365 2700 atque
2393 2629 2583 2685 eadem
2610 2628 2874 2699 qualitate
2912 2627 3135 2691 durare,
3166 2628 3317 2683 velut
3356 2628 3402 2683 si
3446 2629 3572 2697 quis
3601 2635 3778 2685 contra

2206 2736 2375 2792 aquas
2424 2719 2663 2776 ﬂuminis
2706 2718 2936 2775 violenti
2982 2733 3174 2775 navem
3217 2719 3473 2790 subigere
3515 2732 3777 2775 remorum

2203 2814 2533 2884 impulsione
2580 2820 2833 2879 conetur,
2884 2825 3111 2868 necesse
3156 2820 3240 2868 est
3285 2826 3411 2867 eum
3458 2820 3553 2867 aut
3594 2810 3780 2867 virtute

2203 2900 2555 2961 brachiorum
2584 2904 2844 2960 torrentis
2885 2903 3026 2959 alvei
3054 2904 3317 2975 impetum
3345 2903 3689 2960 desecantem
3715 2901 3779 2957 ad

2203 2997 2483 3069 superiora
2503 2997 2896 3063 conscendere,
2915 3004 3010 3051 aut
3028 2996 3272 3053 remissis
3292 2996 3546 3052 manibus
3565 2995 3631 3051 ad
3655 3010 3781 3065 pra:-

2205 3106 2338 3163 ceps
2381 3105 2558 3163 prono
2589 3106 2748 3147 autne
2792 3090 3062 3146 revocari.
3110 3089 3450 3160 Quapropter
3500 3087 3641 3145 istud
3684 3088 3781 3144 erit

2123 3198 2169 3261 ο
2202 3187 2426 3244 evidens
2450 3188 2622 3244 nostri
2644 3186 2908 3243 indicium
2933 3184 3269 3255 detrimenti,
3294 3184 3340 3240 si
3362 3183 3780 3241 intellexerimus

2206 3296 2309 3338 nos
2331 3282 2467 3338 nihil
2494 3280 2733 3351 amplius
2758 3278 3093 3350 acquisisse;
3120 3292 3220 3334 nec
3246 3277 3563 3334 dubitemus
3590 3284 3781 3333 retror-

2203 3388 2325 3429 sum
2359 3388 2459 3429 nos
2499 3370 2827 3429 omnimodis
2858 3379 3158 3441 revocatos,
3193 3385 3299 3440 qua
3341 3369 3432 3426 die
3461 3384 3572 3424 non
3602 3382 3781 3425 sense-

2202 3470 2376 3525 rimus
2403 3466 2470 3522 ad
2494 3467 2772 3538 superiora
2802 3478 3147 3536 progressos,
3181 3462 3330 3533 quia,
3363 3469 3423 3517 ut
3440 3461 3580 3528 dixi,
3612 3476 3710 3517 nec
3732 3460 3782 3516 in

2203 3560 2398 3617 eodem
2422 3568 2567 3615 statu
2590 3573 2745 3615 mens
2768 3556 3005 3612 hominis
3031 3563 3206 3628 potest
3223 3555 3427 3627 jugiter
3448 3568 3780 3626 permanere,

2204 3668 2306 3710 nec
2344 3654 2396 3709 in
2428 3653 2531 3708 bac
2571 3666 2739 3708 carne
2780 3649 3117 3717 consistens,
3165 3648 3240 3704 ita
3277 3650 3541 3705 virtutum
3586 3649 3782 3720 apicem

1588 3806 1850 3866 ALARDI
1887 3808 2119 3866 GAZEI
2157 3806 2723 3868 COMMENTARIUS.

586 3933 614 3961 ι
652 3921 714 3978 In
756 3920 1001 3977 eamdem
1048 3918 1371 3976 sententiam
1416 3918 1656 3975 Isidorus
1700 3918 1972 3976 Pelusiota
2021 3923 2091 3978 ad

510 3992 779 4065 orionem,
798 3991 1119 4065 monachum
1142 3992 1214 4045 ita
1237 3991 1513 4065 rescripsit
1535 3988 1677 4065 (Lib.
1700 4005 1717 4044 ι
1737 3994 1890 4065 epist.
1926 3991 2049 4065 181)
2074 4013 2086 4046 :

511 4062 643 4121 Non
664 4064 1003 4127 credulitatis,
1028 4074 1179 4132 atque
1198 4062 1438 4115 amentia:
1464 4064 1585 4130 fuit,
1602 4063 1680 4115 vir
1701 4062 2090 4131 studiosissime,

509 4135 668 4208 quod;
692 4131 1101 4208 sapientissimus
1130 4131 1315 4187 Petrus
1346 4147 1428 4208 eos
1454 4133 1543 4208 qui
1567 4145 2097 4208 peccaverantmorte

512 4202 691 4274 affecit
718 4204 861 4274 (Act.
890 4218 921 4257 v
942 4202 984 4273 ),
1008 4220 1180 4256 verum
1201 4204 1515 4275 prcescientis
1542 4204 1789 4257 doctrina:
1818 4206 1981 4275 multa
2001 4204 2096 4259 Ito-

512 4272 955 4345 ant'numpeccata
981 4272 1341 4346 praisanantis.
1376 4272 1517 4326 Nam
1544 4289 1657 4326 cum
1678 4282 1796 4327 tunc
1827 4274 2098 4346 Evangelii

513 4344 790 4403 sementem
830 4344 996 4416 facere
1035 4344 1380 4415 incaspissent,
1418 4361 1478 4398 ac
1512 4346 1681 4398 statim
1717 4354 1867 4398 enata
1898 4344 2098 4403 zizania

513 4417 919 4485 conspexissent,
942 4417 1159 4498 sapienti
1182 4416 1394 4498 consilio
1416 4432 1476 4470 ea
1494 4418 1762 4498 confestim
1784 4417 2095 4498 evulserunt,

515 4504 585 4545 ne
625 4504 730 4542 una
772 4504 885 4541 cum
947 4488 1116 4541 tritico
1146 4495 1300 4540 aucta
1328 4489 1506 4557 futuro
1534 4488 1643 4557 igni
1682 4488 1749 4539 ad
1777 4488 2095 4557 exustionem

514 4568 861 4616 servarentur.
892 4558 971 4611 Ad
999 4557 1233 4611 eumdem
1262 4555 1471 4629 modum
1502 4555 1706 4610 divinus
1726 4574 1927 4627 quoque
1946 4555 2099 4629 Moy-

514 4649 601 4687 ses
628 4632 786 4701 legem
814 4629 878 4683 ab
901 4629 1050 4683 initio
1074 4630 1247 4681 statim
1277 4626 1519 4681 violatam
1552 4626 1883 4701 perspiciens,
1912 4630 2006 4701 etsi
2034 4626 2097 4683 ob

515 4699 761 4774 exiguum
790 4708 1074 4774 peccatum,
1098 4701 1237 4774 saxis
1264 4708 1432 4774 tamen
1465 4699 1755 4774 eumobrai
1784 4699 1968 4774 jussit,
2010 4702 2099 4770 qui

2195 3940 2315 3994 que,
2347 3922 2539 3994 inquit,
2572 3923 2970 3995 hicrixerimus,
3003 3932 3479 3995 quantumcumque
3501 3925 3587 3979 hic
3615 3924 3779 3994 profe-

2199 3993 2438 4055 cerimus,
2463 4009 2611 4066 nemo
2631 3993 2767 4047 dicat
2790 4010 2806 4048 :
2831 3993 3052 4065 Suﬁicit,
3074 3999 3246 4066 iustus
3267 3993 3401 4049 sum.
3435 3995 3541 4060 Qui
3580 3996 3776 4060 dixerit,

2198 4066 2447 4137 remansit
2476 4066 2531 4137 in
2557 4065 2659 4137 via,
2690 4081 2793 4137 non
2825 4069 2964 4118 nouit
2995 4065 3273 4137 pervenire.
3308 4066 3412 4120 Ubi
3430 4069 3643 4130 dixerit,
3673 4067 3779 4136 suf-

2201 4136 2332 4208 ficit,
2376 4136 2445 4189 ibi
2493 4136 2663 4189 Iussit.
2710 4136 2928 4190 Attende
2956 4136 3284 4205 Apostolum,
3314 4137 3400 4191 cui
3437 4152 3542 4191 non
3567 4137 3779 4208 sufficit.

2204 4205 2439 4279 Fratres,
2486 4209 2807 4279 inquit,_ego
2851 4222 2932 4259 me
2972 4223 3074 4279 non
3118 4209 3343 4279 arbitror
3390 4205 3781 4279 appreherilisse

2204 4275 2479 4349 (Philipp.
2523 4277 2639 4348 ut).
2665 4275 2988 4349 Et‘rursum
3028 4278 3194 4331 dicit:
3221 4278 3323 4343 Qui
3364 4275 3597 4347 se'putat
3630 4283 3777 4349 scire,

2205 4346 2436 4419 nondum
2456 4350 2573 4413 scit,
2594 4346 3027 4418 quemadmodum
3048 4364 3165 4403 eum
3187 4359 3419 4416 oporteat
3434 4346 3569 4403 scire
3591 4351 3609 4419 (
3631 4347 3777 4404 ICor.

2204 4419 2355 4489 vm).
2389 4416 2565 4473 Unum
2599 4416 2768 4472 autem
2796 4433 2911 4488 qua
2945 4428 3082 4473 retro
3120 4436 3233 4474 sum
3262 4420 3471 4483 oblitus,
3515 4420 3570 4473 in
3593 4416 3650 4474 ea
3675 4434 3779 4483 qua

2148 4520 2156 4531 ι
2204 4500 2321 4560 ante
2364 4500 2501 4555 sunt,
2532 4498 2785 4551 extentus,
2826 4489 3470 4560 secundumiintentionent
3508 4506 3692 4560 sequor
3717 4491 3779 4543 ad

2206 4557 2435 4630 palmam
2478 4574 2725 4632 supernis
2749 4560 3031 4632 uocationis
3070 4559 3341 4632 (Philipp.
3392 4560 3504 4632 ut).
3540 4557 3639 4615 Ille
3666 4576 3778 4630 ergo

2206 4626 2390 4701 currit,
2421 4639 2475 4682 tu
2500 4626 2731 4701 laesisti?
2760 4626 2862 4701 Ille
2887 4632 3011 4701 dicit
3041 4626 3096 4685 se
3120 4626 3349 4701 nondum
3380 4626 3683 4701 perfectum,
3722 4626 3777 4701 tu

2209 4699 2273 4753 de
2336 4700 2611 4770 erfectione
2636 4700 2914 4768 gloriaris?
2942 4698 3000 4756 S.
3034 4701 3146 4757 Leo
3189 4698 3428 4771 pontifex
3471 4705 3525 4755 in
3559 4717 3722 4757 serm.
3748 4699 3781 4752 2

2209 4769 2271 4825 de
2291 4718 2709 4833 auadragesima
2731 4786 2744 4823 :
2766 4768 2975 4825 Natura
2988 4782 3182 4833 nostra,
3200 4782 3433 4827 "tenente
3450 4773 3625 4826 adhuc
3644 4788 3778 4827 nter-

517 4748 1322 4841 ῖεέτεῑιῖιὶιπῐίᾱιίιῑέξρῑιξξεξιέῑ,
1336 4748 2097 4841 seu}.imaginaris;
2125 4748 2179 4808 ιι
2203 4748 2271 4841 as
2291 4748 3433 4841 assignas;'stsr;;.n:;.,:.;;.;s;s
3450 4748 3778 4841 astans:

517 4845 732 4900 tentiam
763 4839 937 4897 tulisse
960 4839 1200 4894 scribens.
1230 4840 1356 4895 Haec
1378 4839 1615 4911 Isidorus
1639 4840 1789 4911 (Lib.
1814 4856 1886 4895 vn
1917 4840 2097 4896 Instit.

516 4932 568 4972 c.
605 4913 725 4983 14).
760 4913 927 4969 Porro
963 4911 1031 4967 de
1059 4913 1283 4967 Ananiae
1308 4922 1361 4966 et
1389 4908 1669 4982 Sappbirae
1708 4914 1925 4968 interitu
1963 4913 2101 4969 alias

494 4987 748 5057 Eesimus-
842 5037 852 5046 .

492 5076 503 5101 ι
551 5051 618 5095 ἰ)
660 5056 773 5111 Hoc
797 5063 901 5119 est,
931 5055 1165 5123 sigillum
1196 5068 1261 5108 ex
1284 5052 1565 5123 adamante
1590 5051 1788 5122 lapide,
1817 5051 1971 5121 cujus
2001 5052 2101 5106 du-

514 5127 693 5191 rities,
722 5135 860 5181 teste
883 5122 1057 5179 Plinio
1078 5123 1225 5188 (Lib.
1259 5137 1368 5177 xvtr
1391 5122 1533 5176 Hist.
1556 5132 1665 5175 nat.
1691 5139 1805 5193 cap.
1836 5123 1928 5190 4),
1954 5132 2098 5177 tanta

516 5208 626 5263 est,
656 5205 716 5252 ut
742 5211 842 5251 nec
872 5196 1014 5251 ferro
1040 5194 1218 5261 cedat,
1249 5209 1350 5248 uec
1372 5193 1503 5264 igni,
1532 5208 1631 5247 nec
1655 5207 1906 5264 umquam
1940 5194 2094 5264 iuca~

516 5269 707 5325 Iescat.
758 5266 913 5323 Unde
945 5266 1286 5336 proverbium
1316 5263 1524 5336 natum,
1557 5280 1664 5336 quo
1704 5263 1962 5336 quidquid
1996 5263 2097 5318 du-

519 5355 668 5407 rum,
702 5333 1046 5402 indomitum,
1088 5334 1525 5407 inexpugnabile,
1559 5333 1959 5407 adamantinum
1986 5348 2099 5407 Avo-

518 5404 729 5466 camus.
766 5409 903 5464 Hinc
930 5407 1190 5477 Origenes
1217 5406 1571 5477 Adamantius
1610 5404 1788 5459 dictus
1821 5405 1890 5459 ob
1920 5405 2100 5460 infati-

516 5481 756 5550 gabilem
787 5481 841 5535 in
883 5476 1171 5550 scribendo
1200 5476 1543 5550 legendoque
1584 5486 1861 5550 naturam,
1900 5490 2100 5550 cogno-

521 5546 709 5606 inento
741 5552 807 5605 ab
846 5548 1141 5605 invincibili
1192 5546 1491 5603 adamantis
1534 5546 1725 5617 lapidis
1765 5547 1817 5601 vi
1849 5546 2101 5617 imposito

523 5619 632 5693 (υ.
659 5620 873 5693 ῌίενοη.
903 5622 1050 5691 epist.
1091 5618 1156 5693 18
1175 5618 1216 5691 ).

598 5702 622 5731 ο
663 5690 840 5747 Locus
882 5687 1185 5747 communis
1229 5690 1296 5744 de
1328 5688 1568 5758 profectu
1612 5687 1897 5760 spirituali,
1937 5704 2095 5758 quem

522 5762 797 5819 nonnullis
839 5762 938 5820 SS.
981 5762 1199 5818 Patrum
1245 5760 1530 5816 sententiis
1563 5761 1713 5830 juvat
1743 5760 2013 5816 illustrare
2042 5769 2098 5815 et

521 5836 865 5894 conﬁrmare.
916 5838 1139 5903 August.
1181 5834 1235 5891 in
1266 5832 1458 5903 psalm.
1499 5847 1623 5889 thx
1650 5849 1663 5886 :
1694 5831 2097 5899 Quantumcum-

2203 4840 2422 4905 talitate,
2444 4836 2731 4913 mutabilis,
2753 4841 2848 4894 etsi
2870 4841 2937 4895 ad
2959 4836 3385 4913 summiqquue
3414 4836 3782 4896 uirtutum'stu-

2204 4913 2303 4985 dia,
2320 4912 2658 4985 provehatur;
2689 4926 2889 4985 semper
2920 4920 3088 4966 tamen
3116 4912 3249 4966 sicut
3274 4922 3437 4985 potest
3463 4913 3655 4968 habere
3687 4929 3781 4981 quo

2202 4983 2420 5047 recidat,
2445 4984 2517 5035 ita
2545 4991 2711 5049 potest
2750 4982 2931 5036 habere
2960 4999 3061 5052 quo
3090 4982 3304 5038 crescat.
3341 4984 3409 5037 Et
3436 4985 3546 5038 hac
3568 4996 3641 5037 est
3667 5001 3781 5052 per-

2204 5056 2455 5122 fectorum
2486 5067 2601 5105 vera
2620 5052 2851 5124 justitia,
2883 5064 2937 5107 ut
2961 5070 3236 5123 numquam
3265 5063 3583 5123 prccsnntant
3602 5071 3661 5107 se
3681 5069 3783 5107 esse

2206 5124 2485 5194 perfectos;
2533 5139 2595 5175 ne
2624 5123 2686 5176 ab
2710 5123 2909 5176 itineris
2949 5127 3172 5176 nondum
3198 5125 3330 5194 ﬁniti
3375 5127 3656 5179 intentione
3680 5140 3783 5178 ces-

2202 5206 2392 5266 santes,
2415 5193 2484 5247 ibi
2506 5193 2739 5246 incidant
2759 5193 3028 5266 deﬁciendi
3052 5196 3357 5260 periculum,
3382 5196 3469 5249 ubi
3482 5194 3783 5266 proﬁciendi

2202 5264 2527 5336 deposuer_in_t
2555 5266 2878 5336 appetitum.“
2902 5264 2962 5318 Ι).
2998 5264 3299 5336 Bernardus
3331 5268 3381 5321 iu
3410 5264 3642 5336 quadam
3669 5267 3776 5334 epi-

2202 5333 2340 5405 stola
2386 5333 2586 5405 (Epist.
2618 5333 2805 5405 255):
2842 5334 2885 5389 Ο
2926 5334 3199 5405 πψηαεΙιε,
3240 5353 3342 5391 non
3381 5333 3456 5391 eis
3497 5336 3781 5405 proﬁcere?

2206 5404 2351 5477 Non.
2393 5403 2479 5477 Vis
2504 5421 2625 5473 ergo
2648 5403 2914 5477 deﬁcere?
2943 5404 3299 5474 Nequaquam.
3334 5406 3473 5473 Quid
3499 5403 3666 5477 ergo?
3695 5405 3779 5461 Sic

2204 5474 2355 5541 mihi,
2386 5476 2578 5549 inquis,
2610 5475 2774 5549 uiuere
2815 5474 2950 5537 uolo,
2984 5486 3031 5529 et
3059 5493 3263 5549 manere
3283 5480 3339 5532 in
3377 5479 3515 5549 quod
3543 5474 3775 5549 perueni,

2204 5563 2297 5602 nec
2335 5548 2481 5620 pejor
2510 5546 2623 5613 ﬁeri
2663 5546 2851 5613 patiar,
2879 5563 2973 5620 nec,
3004 5546 3185 5620 melior
3209 5546 3779 5620 cupioslloc'ergoris

2204 5617 2343 5689 quod
2380 5632 2489 5689 esse
2526 5632 2627 5689 non
2658 5627 2840 5686 potest.
2877 5617 3013 5680 Quid
3040 5618 3173 5671 enim
3200 5617 3300 5687 stat
3330 5621 3385 5673 in
3422 5620 3520 5689 Ito;
3557 5617 3780 5689 saeculo?

2201 5685 2252 5746 et
2277 5700 2412 5743 certe
2441 5688 2503 5741 de
2528 5688 2731 5739 nomine
2758 5689 3049 5760 specialiter
3086 5685 3282 5743 dictum
3313 5700 3385 5744 est
3413 5705 3432 5744 :
3459 5685 3780 5760 Fugitqeelut

2203 5760 2382 5833 umbra
2402 5768 2448 5813 et
2470 5774 2751 5833 numquam
2768 5756 2823 5813 in
2843 5760 3019 5833 eodem
3041 5769 3176 5816 statu
3197 5769 3460 5833 permanet
3480 5756 3631 5831 (Job.
3653 5756 3781 5829 nr).

2200 5830 2338 5891 Vide
2362 5830 2634 5895 eumdem,
2662 5828 2823 5900 epist.
2863 5830 2988 5886 5M.
