4012 6336
1253 274 1600 337 COLLATIO
1638 278 1734 338 VI.
1760 305 1833 325 -
1860 277 1954 338 DE
1991 279 2177 340 NECE
2215 280 2658 344 SANC'I'ORUII.

3508 252 3515 260 η

328 383 629 467 possidebit
688 390 939 465 quisquis
1000 389 1093 448 ille
1138 400 1474 459 sanctorum,
1520 400 1581 449 ut
1626 391 1997 457 immobilisA
2023 393 2233 466 quoties
2263 394 2334 451 ab
2377 394 2570 451 eadem
2616 393 2774 453 fuerit
2807 402 3087 468 evagatus.
3121 406 3149 437 ι
3176 395 3328 457 Illam
3378 415 3613 474 namque

325 492 660 558 perseveret.
690 483 927 541 Necesse
956 492 1039 540 est
1066 483 1215 541 enim
1245 494 1339 540 aut
1368 483 1575 558 aliquid
1602 485 1763 556 adjici
1805 484 1915 541 illis

324 590 540 645 semper
581 584 677 632 aut
706 575 900 644 minui,
930 574 1186 645 nullaque
1217 576 1269 631 in
1307 578 1455 633 omni
1498 586 1749 634 creatura
1786 577 1915 633 talis

323 668 525 738 poterit
550 682 674 724 esse
695 666 988 740 perfectio,
1022 684 1144 741 quae
1174 669 1557 727 mutabilitatis
1592 685 1698 727 non
1726 669 1914 741 subia-

322 769 441 817 ceat
468 760 739 831 passioni,
763 761 1062 817 secundum
1089 761 1219 818 illud
1246 763 1391 832 quod
1416 763 1466 817 in
1489 763 1630 820 libro
1651 765 1790 820 beati
1813 763 1915 820 Job

321 852 519 922 legitur
544 870 558 907 :
595 852 737 920 Quid
764 863 838 908 est
866 853 1046 919 homo,
1082 864 1140 909 ut
1166 855 1526 911 immaculatus
1555 857 1641 924 sit,
1665 865 1713 911 et
1733 860 1915 931 justus

322 954 568 1018 appareat
612 956 764 1001 natus
799 946 863 1001 de
898 946 1150 1003 muliere?
1196 946 1331 1003 Ecce
1377 950 1512 1005 inter
1557 959 1761 1005 sanctos
1798 952 1913 1023 ejus

316 1056 463 1094 nemo
490 1040 850 1105 immutabilis,
872 1048 920 1097 et
948 1041 1062 1097 caeli
1090 1058 1194 1098 non
1213 1052 1333 1097 sunt
1359 1045 1539 1097 mundi
1560 1044 1611 1099 in
1635 1055 1912 1113 conspectu

316 1133 423 1203 ejus
446 1132 609 1204 (Job.
647 1133 769 1207 xv).
802 1134 987 1191 Solum
1030 1151 1263 1208 namque
1306 1136 1479 1193 Deum
1516 1138 1911 1197 immutabilem

314 1227 665 1295 confitemur,
688 1243 849 1299 quem
876 1230 1252 1287 tantummodo
1271 1230 1446 1287 sancti
1467 1231 1611 1287 illius
1631 1232 1911 1304 prOphetae

311 1320 386 1377 ita
411 1323 707 1389 compellat
736 1324 915 1381 oratio
945 1342 959 1379 :
996 1324 1074 1379 Tu
1102 1335 1274 1380 autem
1314 1326 1452 1380 idem
1486 1328 1597 1392 ipse
1636 1344 1689 1382 es
1719 1328 1739 1399 (
1757 1326 1906 1383 Psal.

310 1416 418 1485 at).
450 1414 523 1471 Et
562 1417 681 1489 ipse
728 1416 799 1473 de
827 1431 888 1473 se
920 1434 935 1474 :
964 1415 1078 1490 Ego
1121 1435 1257 1484 sum,
1301 1419 1496 1491 inquit,
1527 1420 1692 1487 Deus,
1721 1432 1771 1476 et
1804 1439 1911 1477 non

309 1516 483 1563 mutor
514 1506 793 1581 (Halaelt.
824 1508 941 1583 ιιι),
981 1510 1107 1582 quia
1134 1511 1344 1569 scilicet
1382 1513 1500 1584 ipse
1529 1514 1600 1571 sit
1638 1515 1786 1571 solus
1815 1531 1911 1571 na-

310 1602 567 1659 turaliter
593 1618 815 1676 semper
845 1606 1040 1674 bonus,
1068 1620 1287 1679 semper
1326 1608 1544 1679 plenus,
1581 1623 1909 1682 semperque

310 1693 616 1765 perfectus,
646 1696 733 1752 cui
761 1696 895 1753 nihil
930 1712 1034 1754 nec
1062 1698 1225 1769 adjici
1264 1700 1437 1770 possit
1461 1700 1778 1773 aliquando,
1808 1717 1910 1759 nec

306 1784 500 1841 minui.
549 1784 786 1858 Ideoque
830 1787 1094 1845 debemus
1141 1789 1209 1845 ad
1248 1790 1510 1847 virtutum
1554 1792 1733 1849 studia
1768 1795 1904 1851 irre-
1936 1775 1985 1840 Β

310 1878 476 1934 missa
505 1892 638 1935 cura
663 1892 729 1934 ac
754 1879 1122 1937 sollicitudine
1164 1884 1533 1955 nosmetipsos
1562 1900 1778 1956 semper
1807 1902 1902 1942 ex-

304 1969 556 2043 tendere,
585 1972 829 2045 ipsisque
851 1990 951 2031 nos
970 1975 1173 2048 iugiter
1201 1977 1476 2034 exercitiis
1500 1993 1796 2051 occupare;
1833 1996 1902 2038 ne

302 2074 558 2121 cessante
585 2066 861 2137 profectu,
887 2069 1173 2126 confestim
1201 2069 1491 2128 diminutio
1516 2072 1896 2145 subsequatur.

305 2154 377 2215 llt
396 2158 551 2215 enim
581 2159 844 2229 diximus,
877 2162 932 2218 in
964 2178 1072 2218 uno
1095 2178 1251 2219 mens
1277 2164 1583 2236 eodemque
1610 2175 1749 2222 statu
1776 2183 1896 2223 ma-

308 2265 443 2308 nere
478 2266 593 2307 non
631 2253 915 2322 praevalet,
946 2252 1001 2310 id
1026 2265 1130 2321 est,
1164 2266 1219 2311 ut
1250 2271 1352 2313 nec
1398 2268 1685 2327 augmenta
1727 2258 1897 2315 virtu-

305 2352 422 2401 tum
450 2345 657 2416 capiat,
681 2360 783 2403 nec
806 2346 1129 2403 detrimenta
1154 2349 1439 2405 sustineat.
1462 2349 1586 2407 Non
1611 2352 1908 2423 acquisisse

297 2433 446 2491 enim
491 2435 618 2505 ejus
664 2436 925 2493 minuisse
951 2446 1060 2505 est,
1107 2439 1237 2510 quia
1280 2440 1540 2496 desinens
1580 2442 1905 2513 proﬁciendi

298 2527 580 2599 appetitus
612 2542 721 2584 non
751 2528 929 2585 aberit
952 2544 984 2585 a
1024 2530 1267 2601 periculo
1296 2532 1617 2591 recedendi.

910 2621 1141 2681 CAPUT
1182 2623 1298 2681 XV.

507 2713 663 2782 Quod
688 2716 1056 2773 detrimentum
1084 2722 1148 2772 sit
1178 2718 1444 2776 discedere
1474 2736 1502 2775 e
1538 2721 1691 2776 cella.

364 2806 608 2879 Ideoque
638 2809 787 2881 iugis
820 2810 977 2868 cells
1012 2812 1373 2869 commoratio
1414 2814 1740 2872 retentanda
1786 2825 1891 2874 est.

295 2896 488 2957 Toties
517 2904 667 2959 enim
697 2903 865 2960 etiam
904 2918 1161 2962 reversus
1186 2903 1310 2977 quis
1338 2906 1486 2964 velut
1524 2922 1699 2965 novus
1739 2909 1793 2965 in
1828 2923 1894 2967 ea

294 3001 352 3049 et
378 2992 651 3052 incipiens
688 2994 982 3068 habitator,
1024 2996 1285 3055 titubabit
1329 3008 1493 3072 atque
1539 3001 1887 3070 turbabitur,

2018 501 2177 556 quam
2197 486 2249 541 in
2264 486 2400 543 cella
2423 487 2667 543 residens
2689 489 3016 560 acquisierat
3037 491 3202 547 animi
3230 493 3611 561 intentionem,

2016 578 2064 634 si
2093 576 2256 635 fuerit
2278 579 2541 650 relaxata,
2566 594 2895 651 recuperare
2921 597 3109 638 rursus
3135 599 3243 639 non
3269 584 3389 640 sine
3420 585 3607 643 labore

2018 671 2220 743 poterit
2250 686 2316 727 ac
2346 670 2559 742 dolore,
2582 682 2637 727 et
2668 688 2761 740 per
2792 673 2896 729 hoc
2926 674 3183 733 reductus
3213 686 3365 731 retro
3406 692 3510 731 non
3542 678 3610 735 de

2016 766 2217 821 amisso
2238 766 2492 836 c0gitabit
2518 766 2766 837 profectu
2792 783 2951 839 quem
2984 770 3390 841 superadjicere
3411 772 3605 843 potuit,

2016 858 2062 913 si
2089 873 2121 913 e
2148 856 2288 913 cella
2316 872 2424 913 non
2455 858 2644 914 fuisset
2671 873 2958 925 excussus,
3004 860 3099 917 sed
3139 863 3396 933 gaudebit
3430 864 3609 934 potius

2015 951 2060 1008 si
2091 952 2245 1008 illum
2277 960 2478 1009 statum
2506 953 2575 1009 de
2599 968 2707 1025 quo
2746 954 2942 1011 recidit
2983 958 3335 1028 semetipsum
3368 959 3610 1014 senserit

2015 1045 2309 1116 recepisse.
2338 1043 2471 1101 Nam
2498 1047 2642 1102 sicut
2665 1047 2920 1104 amissum
2942 1063 3005 1103 ac
3023 1049 3359 1120 praeteritum
3390 1059 3607 1121 tempus

2014 1138 2244 1196 ulterius
2268 1141 2514 1197 revocari
2544 1156 2649 1197 non
2681 1150 2881 1212 potest,
2914 1143 2988 1199 ita
3016 1159 3086 1200 ne
3115 1143 3206 1199 illa
3234 1143 3453 1215 quidem
3483 1160 3607 1215 qua:

2013 1232 2296 1302 perierunt
2324 1241 2555 1304 possunt
2582 1234 2951 1290 emolumenta
2988 1236 3225 1294 restitui.
3266 1235 3607 1307 Quantumli—

2013 1324 2106 1381 bet
2129 1324 2273 1380 enim
2305 1334 2432 1397 post
2459 1324 2577 1381 haec
2600 1326 2765 1382 animi
2796 1325 3026 1383 intentio
3053 1327 3217 1384 fuerit
3246 1336 3491 1399 aperata,
3516 1329 3606 1383 in-

2011 1418 2206 1474 stantis
2235 1417 2343 1474 diei
2371 1417 2647 1489 profectus
2676 1430 2731 1475 et
2765 1419 3047 1490 praesentis
3076 1420 3338 1491 temporis
3361 1428 3602 1492 quastus

2010 1520 2119 1581 est,
2154 1526 2264 1569 non
2290 1510 2429 1568 lucri
2457 1512 2627 1570 semel
2655 1513 2847 1584 perditi
2878 1514 3243 1586 recuperatio.

2599 1642 2828 1704 CAPUT
2869 1645 3013 1702 XVI.

2047 1754 2127 1812 De
2152 1755 2497 1812 mutabilitate
2520 1773 2865 1827 supernorum
2886 1758 3271 1830 carlestiumque
3294 1759 3561 1814 virtutum.

2080 1891 2427 1948 Mutabilitati
2462 1900 2644 1951 autem
2688 1895 2852 1951 etiam
2883 1909 3148 1967 supernas
3189 1903 3509 1967 potestates,
3541 1904 3601 1951 ut

2004 1983 2275 2053 diximus,
2313 1985 2618 2055 subiacere,
2651 1986 2933 2044 declarant
2961 1988 3041 2043 illi
3068 1988 3160 2059 qui
3180 1987 3250 2045 de
3279 2002 3471 2045 eorum
3499 2004 3603 2043 nu-

2005 2090 2162 2132 mero
2199 2086 2468 2147 corrupta
2506 2078 2804 2135 voluntatis
2857 2078 2995 2134 vitio
3040 2087 3393 2136 corruerunt.
3441 2078 3598 2136 Unde

2003 2166 2033 2208 δ
2054 2183 2234 2241 neque
2264 2169 2342 2226 illi
2370 2169 2727 2226 immutabilis
2764 2182 2976 2228 naturte
3016 2186 3141 2228 esse
3179 2170 3408 2242 putandi
3439 2179 3599 2237 sunt,

2002 2260 2094 2332 qui
2121 2264 2178 2317 in
2210 2261 2305 2318 illa
2333 2277 2445 2334 qua
2470 2265 2641 2320 creati
2666 2274 2794 2321 sunt
2828 2264 3165 2321 beatitudine
3196 2274 3589 2335 perseverant,

2007 2368 2076 2411 eo
2106 2355 2253 2426 quod
2295 2355 2348 2410 in
2374 2355 2705 2412 contrariam
2730 2365 2939 2428 partem
2965 2373 3073 2413 non
3112 2356 3318 2413 fuerint
3343 2358 3598 2414 similiter

2005 2448 2311 2521 depravati.
2362 2448 2521 2505 Aliud
2580 2464 2809 2520 namque
2862 2460 2946 2506 est
2994 2448 3344 2505 immutabilis
3389 2457 3597 2505 natura:

2004 2553 2149 2605 esse,
2181 2537 2329 2594 aliud
2366 2538 2585 2594 virtutis
2631 2538 2897 2595 industria
2942 2538 3179 2611 bonique
3220 2540 3467 2595 custodia
3499 2555 3599 2611 per

2004 2630 2362 2687 immutabilis
2392 2631 2491 2687 Dei
2518 2632 2748 2703 gratiam
2772 2647 2880 2687 non
2910 2632 3127 2687 mutari.
3157 2630 3428 2703 Quidquid
3450 2633 3597 2689 enim

2007 2739 2106 2797 per
2150 2724 2492 2796 diligentiam
2523 2726 2611 2781 vel
2640 2725 2959 2796 acquiritur,
2997 2723 3085 2780 vel
3134 2734 3369 2790 tenetur,
3414 2733 3599 2794 potest

2003 2816 2166 2873 etiam
2211 2831 2310 2887 per
2338 2815 2724 2887 negligentiam
2755 2816 3029 2886 deperire.
3076 2814 3311 2885 Ideoque
3350 2814 3550 2871 dicitur
3579 2834 3593 2870 :

2008 2919 2031 2949 ο
2065 2908 2149 2965 Ne
2181 2909 2437 2978 beatiﬁces
2481 2907 2742 2964 hominem
2784 2918 2904 2963 ante
2942 2908 3139 2963 exitum
3186 2922 3337 2962 suum
3384 2905 3595 2978 (Eccli.

2002 3004 2115 3074 xt),
2159 3004 2305 3075 quod
2335 2986 2588 3060 videlicet
2610 3002 2787 3060 adhuc
2816 3002 2871 3058 in
2893 2998 2923 3040 ἀ
2951 3001 3333 3059 colluctatione
3366 3000 3600 3072 quisque

1368 3141 1630 3200 ALARDI
1666 3142 1900 3201 GAZEI
1934 3142 2505 3200 COMMENTARIUS.

366 3242 396 3272 ι
418 3232 729 3309 _Quan_tum_
751 3233 1013 3309 profectui
1064 3234 1329 3309 spirituali
1373 3247 1587 3305 noceat,
1619 3246 1883 3309 quantum
1913 3238 1960 3302 C
1990 3247 2045 3309 et
2074 3238 2379 3309 loco._Qua
2412 3238 2681 3309 ratione_a
2711 3236 2962 3290 Patribus
2992 3233 3260 3309 (Dionys.
3300 3242 3505 3309 Areop.
3529 3237 3595 3291 de

291 3303 611 3362 detrimenti
650 3303 842 3361 al‘erat
870 3303 1127 3374 frequens
1157 3322 1219 3363 ac
1248 3308 1417 3363 libera
1460 3303 1711 3365 monachi
1756 3324 1885 3365 eva-

291 3377 465 3462 gatio,
496 3385 573 3462 et.
594 3390 864 3462 excursus
894 3386 1048 3462 extra
1078 3379 1489 3462 monasterium,
1535 3380 1629 3462 γει
1676 3395 1746 3435 ex
1787 3381 1891 3437 hoc

289 3447 492 3574 capin
520 3447 700 3531 discas
741 3447 889 3504 licet.
939 3448 1078 3504 Hinc
1120 3448 1262 3573 viud
1295 3448 1491 3532 Patres.
1532 3450 1788 3521 frequens
1834 3460 1891 3507 et

288 3518 933 3660 3327.513???
959 3519 1333 3660 ﬁliiﬁlii“:
1362 3521 1892 3660 εϊξέ⁶¹ἑέξέι⁰⁰ρῗξέέῗ

287 3605 563 3645 monachis
590 3605 722 3656 (to,

766 3606 818 3672 θ.
849 3590 913 3672 1,
959 3607 1005 3646 c.
1050 3588 1333 3672 Placuit);
1364 3588 1489 3672 quia
1540 3591 1684 3648 sicut
1723 3594 1891 3672 piscis

288 3670 452 3718 extra
500 3675 697 3728 aquam
738 3660 832 3715 diu
858 3660 1045 3718 vivere
1084 3676 1193 3716 non

1312 3670 1439 3731 test,
1471 3662 1544 3717 ita
1585 3662 1891 3719 monachus

290 3741 453 3805 extra
482 3732 881 3805 monasterium
902 3732 1027 3788 vitae
1056 3732 1321 3805 spiritalis
1347 3732 1688 3805 dispendium
1732 3734 1891 3791 facile
1928 3782 1931 3783 ν

290 3801 552 3859 incurrit.
598 3802 753 3871 Quod
792 3802 915 3857 aliis
962 3801 1145 3859 verbis
1173 3802 1359 3859 dicere
1404 3801 1614 3860 solebat
1661 3820 1890 3872 magnus

291 3872 592 3949 Antonius,
614 3945 623 3949 _
643 3882 782 3949 teste
826 3873 1319 3949 SozomenolLib.
1347 3890 1362 3928 ι
1394 3873 1593 3930 Hister.
1625 3892 1685 3949 Ae.
1731 3876 1842 3949 t5)
1872 3895 1886 3932 :

288 3946 498 4014 Aquam
536 3945 772 4000 videlicet
813 3946 1035 4013 piscibus
1078 3946 1326 3999 alimento
1383 3962 1515 4013 esse,
1553 3945 1890 4001 solitudinem

288 4026 468 4071 autem
497 4016 767 4070 monachis
794 4014 984 4083 alferre
1015 4024 1372 4071 ornamentum
1396 4033 1416 4071 :
1442 4026 1597 4087 atque
1624 4016 1743 4073 illos
1773 4033 1890 4072 cum

288 4095 488 4160 terram
546 4088 847 4160 attingunt,
899 4088 1055 4160 vitam
1112 4088 1378 4160 amittere;
1426 4088 1518 4141 hos
1558 4098 1890 4160 autemcum

287 4156 446 4227 urbes
486 4155 704 4227 adeunt,
728 4158 1065 4212 monasticam
1093 4158 1249 4212 vitam
1276 4160 1490 4227 perdere
1512 4158 1696 4215 solere.
1729 4158 1886 4215 Simi-

289 4226 424 4283 liter
442 4226 611 4282 etiam
638 4228 691 4283 in
707 4228 857 4301 ,Vitis
878 4227 1103 4283 Patrum
1130 4226 1348 4301 legitur,
1374 4229 1518 4301 quod
1538 4232 1749 4299 quidam
1776 4230 1889 4300 [ra-

288 4306 368 4352 ter
397 4300 817 4371 cunt_expetisset
838 4314 1124 4371 sermonem
1144 4299 1206 4353 ab
1234 4299 1415 4371 abbate
1456 4300 1657 4371 Moyse,
1686 4299 1814 4355 dicit
1842 4303 1889 4356 ei

286 4382 450 4423 senes
471 4383 491 4422 :
526 4366 691 4436 Vade,
721 4379 771 4423 et
790 4369 909 4424 sede
933 4370 988 4424 in
1012 4371 1141 4425 cella
1171 4380 1281 4427 tua.
1305 4369 1451 4426 Cella
1469 4366 1639 4426 aut'em
1666 4382 1753 4425 tua
1780 4388 1889 4426 om-

285 4440 379 4494 nia
401 4448 451 4493 te
478 4448 646 4505 potest
683 4442 959 4505 instruere,
988 4443 1033 4495 si
1071 4441 1143 4494 ibi
1170 4444 1535 4510 permanserit.
1582 4440 1731 4497 Sicut
1753 4444 1887 4497 enim

285 4510 448 4581 piscis
478 4526 545 4565 ea;
573 4527 710 4582 aqua
729 4513 943 4566 eductus
972 4512 1145 4567 statim
1172 4513 1409 4577 moritur,
1433 4514 1510 4567 ita
1537 4525 1584 4567 et
1606 4514 1889 4568 monachus

1991 3306 2169 3364 Dicin.
2209 3307 2421 3363 Nomia.
2448 3324 2495 3360 c.
2526 3309 2579 3373 4,
2618 3306 2876 3360 Nazianz.
2908 3318 3042 3360 orat.
3075 3305 3183 3376 55)
3208 3305 3465 3361 dicuntur
3495 3308 3589 3362 im-

1991 3379 2253 3435 mortales
2275 3389 2366 3433 aut
2394 3378 2759 3433 immutabiles
2788 3392 2896 3431 non
2920 3386 3136 3439 natura,
3166 3376 3261 3432 sed
3284 3378 3482 3447 gratia.
3516 3378 3587 3432 Ita

1992 3461 2143 3521 sexta
2186 3449 2427 3521 synodus
2467 3458 2572 3505 art.
2604 3448 2709 3521 tl,
2734 3446 3191 3521 Ambrosiusﬂlib.
3224 3446 3550 3521 ttt’deiFitle
3575 3490 3589 3513 ,

1991 3518 2367 3593 Hieronimus
2394 3521 2654 3593 adversus
2682 3519 3009 3593 Pelagianos
3042 3518 3139 3572 lib.
3168 3534 3217 3593 _II
3247 3533 3369 3593 cap.
3402 3520 3457 3582 3,
3492 3518 3595 3573 Da-

1992 3587 2281 3646 mascenus
2314 3592 2408 3645 lib.
2445 3608 2481 3646 ιι
2508 3590 2576 3646 de
2598 3589 2731 3644 Fide
2756 3587 2985 3644 Or‘thod.
3016 3602 3137 3657 cap.
3168 3587 3219 3641 3.
3253 3587 3377 3641 Alio
3410 3598 3593 3644 autem

1993 3663 2157 3716 modo
2185 3661 2445 3717 dicuntur
2464 3662 2664 3733 angeli,
2694 3661 2835 3714 sicut
2861 3668 2917 3733 et
2942 3658 3138 3733 anima;
3185 3658 3583 3733 humanre_,_na-

1993 3740 2116 3787 tura
2146 3728 2608 3797 immutabilesfet
2640 3731 3004 3795 immortales,
3034 3740 3089 3785 et
3120 3728 3587 3797 incorruptibiles,

1994 3806 2126 3874 quia
2178 3804 2386 3859 nullum
2436 3804 2635 3858 habent
2678 3816 2792 3857 sua:
2831 3800 3194 3874 corruptionis
3238 3807 3293 3853 et
3330 3798 3587 3874 interitus

1994 3868 2324 3944 principium
2356 3874 2458 3929 sibi
2494 3876 2769 3929 internum
2820 3881 2877 3927 et
2916 3868 3288 3944 intrinsecum.
3338 3868 3491 3944 llnde
3522 3870 3585 3924 D.

1994 3939 2327 4016 Augustinus
2350 3946 2548 4015 passim
2571 3945 2795 4016 angelos
2821 3950 2983 3997 vocat
3008 3942 3333 3996 substantias
3367 3939 3588 3996 immor-

1993 4014 2183 4087 tales(
2205 4016 2321 4069 Lib.
2351 4014 2417 4071 xv
2440 4030 2559 4087 cap.
2591 4016 2654 4069 l7
2676 4014 2719 4085 ).

2068 4098 2091 4126 ο
2136 4081 2287 4157 Vulg.
2333 4081 2541 4143 editio':
2568 4081 2699 4141 Ante
2730 4093 2960 4157 mortem
2991 4099 3053 4138 ne
3096 4082 3278 4157 laudes
3311 4081 3586 4157 hominem

1991 4153 2320 4229 quemquam.
2354 4158 2707 4229 Prmtermisit
2729 4156 2874 4211 hunc
2900 4156 3081 4229 locum
3106 4153 3394 4229 giaconius
3426 4155 3483 4209 in
3508 4156 3587 4211 in-

1993 4223 2113 4300 dice
2142 4223 2383 4283 locorum
2412 4228 2711 4300 Scriptura:
2734 4228 3033 4300 secundum
3056 4223 3227 4300 ωεχ.

2064 4297 2177 4354 dIta
2202 4301 2511 4370 legendum.
2537 4295 2598 4354 ut
2622 4301 2764 4370 bene
2785 4298 3094 4370 observavit
3119 4295 3409 4351 Ciaconius
3426 4336 3439 4357 ,
3472 4298 3580 4365 vel,

1993 4383 2050 4425 ut
2078 4372 2167 4425 alii
2198 4367 2415 4426 codices
2445 4372 2641 4425 habent
2680 4388 2691 4422 :
2736 4367 2801 4422 In
2833 4369 3254 4423 colluetationum
3283 4378 3581 4431 scammate,

1992 4457 2098 4497 non
2126 4452 2360 4496 caumate
2379 4486 2394 4511 ,
2429 4452 2487 4495 ut
2516 4441 2835 4511 Dionysius,
2859 4439 2949 4494 vel
2984 4440 3262 4511 schemate,
3297 4450 3581 4511 stemmate,

1990 4524 2297 4576 stammate,
2346 4508 2402 4566 ut
2432 4512 2543 4566 alii.
2574 4508 2681 4584 AEs't
2716 4511 2864 4584 enini
2892 4512 3119 4584 ⁸σιιὸιμμιιι
3165 4508 3372 4584 Graecis
3400 4510 3581 4584 stadii

284 4579 445 4708 ﬁerit,
475 4585 523 4635 si
547 4579 676 4651 foris
719 4582 904 4637 cellam
931 4598 1077 4637 suam
1105 4584 1320 4637 voluerit
1348 4585 1577 4638 tardare.
1632 4583 1762 4665 llaec
1790 4584 1883 4639 ibi.
1914 4580 2175 4679 D'arena.
2220 4585 2335 4645 sive
2366 4584 2537 4647 locus,
2572 4582 2626 4636 in
2659 4596 2766 4652 quo
2796 4579 3017 4636 athlette'
3046 4579 3349 4647 certabant,
3398 4582 3465 4634 ita
3493 4581 3580 4634 di-

335 4652 429 4708 inc
456 4652 563 4708 SS.
586 4651 776 4708 Patres
800 4654 820 4708 l
835 4652 1085 4708 Athones.
1116 4654 1171 4707 in
1209 4652 1328 4707 Vita
1350 4654 1414 4708 S.
1448 4653 1717 4708 Antonii).
1750 4670 1887 4708 ιιι-τε·
1992 4665 2135 4708 ctum
2168 4669 2199 4708 a
2226 4654 2393 4708 verbo
2421 4656 2689 4708 σκάπτειν.
2718 4653 2860 4708 quod
2890 4660 2973 4706 est
3009 4652 3211 4708 fodere.
3256 4651 3399 4708 quod
3429 4650 3578 4706 fovea

335 4652 429 4725 inc
456 4652 563 4710 SS.
586 4651 820 4725 Patres}
835 4652 1085 4708 Athones.
1116 4654 1171 4707 in
1209 4652 1414 4725 Vitas.
1448 4653 1717 4725 Antonii),
1750 4670 1859 4725 pra:

284 4670 429 4736 utne
456 4670 563 4710 SS.
588 4670 776 4709 ratres
800 4670 1085 4737 (Athenas.
1116 4670 1171 4707 tn
1214 4670 1328 4707 vua
1350 4670 1414 4709 δ.
1448 4670 1657 4708 Αηιοηιι
1672 4670 1717 4725 ),
1738 4670 1881 4778 [iraa-

284 4733 482 4796 serttm
526 4738 657 4781 vero
686 4724 749 4779 υ.
778 4724 1101 4781 Benedictus
1132 4724 1291 4794 (Cap.
1318 4724 1383 4779 5|
1414 4735 1459 4779 et
1490 4722 1558 4781 58
1592 4723 1734 4796 Begu
1759 4725 1837 4795 te)
1864 4767 1881 4791 ,

288 4794 654 4851 stabilitatem
683 4795 783 4851 loci
830 4798 943 4851 suis
970 4796 1252 4851 monachis
1280 4804 1561 4863 tantopere
1612 4794 1883 4851 inculcant

287 4875 345 4921 et
370 4866 786 4921 commendant.
822 4866 957 4921 Hinc
984 4876 1040 4921 et
1068 4866 1211 4921 sacri
1240 4880 1475 4922 canones
1498 4867 1553 4921 in
1584 4868 1881 4923 monachos

285 4947 550 5021 vagantes
576 4937 811 5021 graviter
833 4945 887 5021 et
909 4936 1382 5021 saepedecernunt
1412 4937 1601 5009 (Apud
1632 4936 1872 4993 Gratian.

285 5006 372 5079 ubi
406 5006 638 5079 supra),
668 5006 738 5069 de
758 5008 952 5078 quibus
976 5008 1107 5079 alibi
1133 5006 1443 5063 dicendum.

351 5076 383 5118 δ
425 5076 666 5150 Angelos
710 5076 1231 5150 im‘mutahilisdesse
1274 5086 1503 5143 naturae,
1536 5093 1630 5135 seu
1678 5086 1870 5137 natura

286 5147 681 5234 immutabilem
713 5150 927 5234 duobus
956 5148 1132 5234 modis
1172 5148 1397 5234 intelligi
1444 5160 1619 5234 potest
1632 5166 1649 5232 _;
1679 5162 1733 5207 et
1761 5166 1869 5234 uno

284 5221 450 5278 modo
496 5220 687 5291 Patres
730 5230 948 5291 negant,
999 5221 1171 5276 altero
1217 5220 1491 5277 affirmant
1522 5239 1533 5273 :
1565 5223 1762 5289 primo,
1809 5233 1869 5278 ut

283 5292 510 5347 omnino
534 5290 905 5348 immutabiles
948 5291 1221 5359 dicantur,
1248 5292 1301 5348 id
1344 5301 1449 5357 est,
1493 5292 1667 5348 omnis
1699 5303 1871 5349 muta-

284 5363 447 5419 tionis
496 5375 753 5433 expertes
792 5374 847 5419 et
874 5365 1182 5434 incapaces,
1214 5364 1485 5432 quomodo
1530 5373 1737 5419 certum
1786 5373 1871 5419 est

283 5447 459 5504 neque
488 5434 743 5560 anqelos,
792 5448 966 5504 neque
1010 5435 1172 5489 ullam
1204 5434 1361 5490 aliam
1412 5444 1717 5490 creaturam
1749 5448 1870 5491 esse

283 5505 564 5560 immutabi
589 5520 705 5560 em.
735 5512 791 5560 et
820 5504 1317 5560 incorruptibilem:
1363 5516 1473 5560 tum
1501 5506 1629 5560 auia
1676 5520 1869 5560 secun-

282 5504 705 5577 itnmutabilem,
735 5512 791 5561 et
820 5504 1317 5577 incorruptibilem;
1363 5516 1473 5561 tum
1501 5506 1629 5576 quia
1676 5520 1869 5561 secun-

279 5575 408 5631 dum
442 5588 693 5649 naturam
717 5591 748 5633 a
782 5577 888 5632 Deo
917 5575 1244 5649 dependent,
1269 5594 1297 5633 a
1329 5592 1435 5649 quo
1464 5575 1626 5633 si’vel
1657 5577 1723 5649 ad
1756 5593 1870 5649 tuo-

282 5656 523 5705 mentum
571 5646 999 5714 desererentur,
1030 5646 1287 5703 continuo
1314 5646 1367 5705 in
1398 5648 1624 5704 nihilum
1654 5647 1873 5705 decide-

281 5727 442 5792 rent;
492 5728 608 5775 tum
639 5720 769 5792 quia
801 5719 923 5792 aliis
955 5719 1355 5775 mutationibus
1393 5730 1447 5776 et
1476 5720 1712 5775 motibus
1742 5720 1871 5777 sub-

274 5785 483 5861 iacent,
533 5785 743 5850 natu'et
772 5790 1051 5850 voluntate
1097 5800 1395 5860 mutantur,
1445 5801 1497 5849 et
1523 5793 1869 5865 cognitione,

1863 4685 1887 4697 -
1914 4650 1968 4679 ν
1992 4665 2135 4709 ctum
2168 4669 2199 4708 a
2226 4654 2393 4710 verbo
2421 4650 2689 4715 o’xa'trrrttv,
2718 4653 2860 4721 quod
2890 4660 2973 4706 est
3009 4652 3211 4717 fodere,
3256 4651 3399 4722 quod
3429 4650 3578 4722 fovea

1989 4726 2239 4796 valloque
2278 4727 2677 4796 circumseptus
2698 4733 2867 4791 esset,
2892 4738 2923 4777 e
2945 4739 3056 4792 quo
3079 4721 3372 4796 certantes
3380 4721 3577 4796 egredi

1986 4812 2092 4851 non
2126 4792 2334 4852 liceret.
2383 4795 2499 4849 Vox
2530 4792 2614 4849 est
2641 4794 2847 4850 Graecis
2884 4794 3199 4850 auctoribus
3240 4804 3291 4847 et
3334 4792 3577 4863 Chryso-

1984 4877 2163 4922 stomo
2204 4868 2475 4938 praecipue
2521 4865 2799 4938 frequens.
2853 4864 3033 4921 Utitur
3075 4880 3158 4926 ea.
3208 4866 3577 4938 metapliorice

1982 4934 2271 5005 tamen,'ut
2294 4940 2406 4993 fere
2434 4938 2545 5001 alii,
2576 4934 2939 4992 Tertullianus
2963 4938 3016 4990 in
3047 4938 3186 4989 libro
3213 4935 3278 4989 ad
3310 4934 3577 5005 martyres

1978 5010 2061 5080 sic
2092 5003 2189 5065 eos
2221 5010 2500 5080 alloquens
2524 5008 2693 5079 (Cap.
2727 5006 2794 5079 5)
2821 5024 2836 5062 :
2864 5006 3123 5080 Epistates
3146 5018 3309 5059 uester
3337 5003 3573 5080 Christus

1980 5078 2155 5143 Iesus,
2188 5082 2275 5149 qui
2306 5076 2392 5133 vos
2413 5076 2599 5149 spiritu
2624 5076 2797 5146 unxit,
2823 5088 2871 5131 et
2899 5076 2968 5129 ad
3000 5077 3098 5131 hoc
3118 5076 3573 5149 scamma_produ-

1978 5152 2078 5233 :_cit.
2107 5145 2562 5233 S._Hic.rony’mp‘s
2592 5150 2764 5233 epist:
2784 5145 2844 5227 bl
2884 5157 3085 5232 contra.
3100 5160 3315 5229 errores
3345 5145 3573 5233 Joannis

1977 5216 2422 5295 Jerosolymitani
2448 5237 2462 5274 :
2496 5219 2602 5275 Cur
2625 5216 2721 5287 ita,
2752 5220 2948 5295 inquit,
2980 5217 3194 5295 omissis
3214 5232 3368 5286 super
3390 5216 3571 5295 quibus

1978 5310 2156 5365 pugna
2184 5287 2279 5355 est,
2305 5292 2369 5347 de
2393 5302 2675 5365 scammate
2703 5303 2747 5365 ct
2780 5287 2893 5365 loco
2930 5288 3221 5365 certaminis
3257 5287 3528 5365 egrediens
3551 5328 3567 5365 ε

1974 5357 2029 5419 in
2050 5357 2332 5436 peregrinis
2355 5375 2401 5417 et
2425 5364 2573 5436 longe
2590 5363 2769 5415 alienis
2793 5360 3227 5436 disputationibus
3252 5357 3574 5436 immoraris?

1976 5426 2133 5503 Apud
2168 5426 2416 5489 cunulem
2452 5426 2939 5503 in'Comnicntariis
2974 5430 3232 5503 Epistula:
3263 5429 3325 5503 uti
3351 5426 3571 5503 Galatas

1974 5499 2096 5575 ca'p.
2122 5522 2152 5560 v
2183 5509 2373 5559 vitiose
2403 5505 2595 5573 legitur
2620 5520 2631 5554 :
2668 5502 2860 5575 Videtis
2886 5501 3158 5571 plerosque
3185 5502 3247 5552 de
3268 5499 3571 5575 ﬁeripturis

1972 5567 2109 5631 inter
2135 5593 2188 5633 se
2228 5567 2556 5639 ronteudEre,
2591 5584 2637 5628 et
2677 5567 2978 5626 athleticam
3008 5567 3228 5624 stemma
3258 5567 3352 5625 Dei
3395 5572 3567 5640 facere

1973 5665 2276 5717 sermonem,
2327 5663 2447 5702 cum
2484 5646 2641 5717 plane
2674 5643 2962 5717 legendum
2991 5642 3073 5717 sit
3102 5657 3377 5717 scamma_._
3394 5640 3570 5717 iﬁque

1972 5719 2168 5775 vitiose
2190 5712 2331 5790 apud
2355 5718 2412 5774 S.
2438 5712 2785 5772 Ambrosium
2810 5714 2910 5790 lib.
2941 5730 2955 5769 l
2981 5713 3132 5790 Ol'llc.
3160 5727 3295 5790 cap._
3313 5712 3381 5790 lli
3399 5731 3412 5767 :
3432 5714 3569 5778 Quid

1972 5792 2180 5863 cpulari
2212 5782 2365 5867 g'cstis
2391 5796 2671 5861 antequam
2697 5787 2923 5842 stadium
2968 5786 3235 5841 solvatur?
3262 5782 3445 5838 Adhuc
3470 5800 3538 5855 po
