4012 6336
428 237 532 297 0'"

1483 228 1769 291 JOANIIS
1803 228 2122 291 CASSIANI
2158 229 2656 294 COLLA'HONES.

3584 243 3680 302 οτι

429 351 622 408 ditatio
650 348 717 407 ad
749 348 854 408 hoc
896 348 1226 421 qutitidianis
1271 346 1467 405 studiis
1496 356 1819 405 exerceatur
1850 358 2016 420 atque
2042 348 2095 411 Α
2118 321 2454 419 experientia
2487 348 2734 421 proferre
2779 350 3129 411 sententiam.
3168 350 3280 414 Nec
3317 357 3459 416 enim
3492 360 3539 419 si
3578 363 3685 434 quis

432 446 765 518 perﬁciatur,
798 456 855 503 ut
881 462 910 499 a
939 444 1137 517 tepidis
1170 443 1493 501 rudimentis
1521 443 1590 500 ad
1621 442 1870 516 peritiam
1898 456 2020 500 cer-

430 548 540 593 tam
593 538 952 607 stabilemque
1008 538 1364 606 perveniens,
1414 536 1640 606 incipiat
1687 551 1850 591 nosse
1896 548 2020 606 quae

430 632 681 701 primitus
704 630 787 686 vel
812 629 1066 701 ambigue
1086 638 1334 696 noverat,
1365 627 1451 684 vel
1479 630 1693 699 penitus
1714 627 2014 699 ignorabat,

429 736 485 780 ct
526 725 682 781 ﬁrmo
718 726 797 799 (ut
832 728 904 780 ita
938 724 1198 795 dixerim)
1233 723 1403 795 gradu
1448 723 1505 778 in
1538 723 1687 779 illius
1720 722 2018 792 disciplina:

431 817 691 884 qualitate
716 814 1041 884 procedens,
1068 814 1328 887 perfecta:
1359 816 1408 868 in
1440 829 1503 869 ea
1533 828 1597 870 ac
1621 813 1742 870 sine
1778 813 1882 869 ulla
1910 812 2016 877 iam

431 908 751 965 difﬁcultate
772 918 1055 975 versetur;
1084 920 1109 947 ιι
1140 909 1450 965 econtrario
1471 924 1557 964 me
1597 909 1649 964 in
1679 908 1840 979 hujus
1875 908 2019 979 puri-

431 1001 558 1055 tatis
610 999 788 1055 studio
827 1000 1172 1056 laborantem
1222 998 1273 1057 id
1327 999 1673 1056 solummodo
1724 998 2019 1069 profecisse

429 1094 666 1161 reperio,
701 1101 757 1147 ut
804 1093 971 1149 sciam
1025 1091 1155 1162 quid
1193 1107 1315 1148 esse
1343 1105 1453 1148 non
1502 1092 1746 1163 possim:
1797 1107 1862 1147 ex
1908 1106 2018 1163 quo

430 1181 566 1237 nihil
613 1183 747 1239 mihi
797 1183 940 1240 aliud
995 1185 1173 1241 sentio
1199 1200 1358 1254 quam
1400 1184 1607 1241 luctum
1648 1193 1794 1240 tanta
1836 1184 2019 1241 cordis

429 1275 760 1332 contritione
787 1276 1045 1344 conferri,
1075 1284 1136 1332 ut
1162 1291 1456 1348 numquam
1486 1277 1697 1333 scilicet
1732 1276 1874 1333 desit
1906 1292 2019 1332 ma-

430 1369 565 1423 teria
611 1368 994 1441 lacrymarum,
1044 1384 1144 1425 nec
1190 1378 1370 1426 tamen
1413 1383 1535 1425 esse
1578 1368 1825 1425 desinam
1871 1369 2015 1439 quod

430 1475 552 1518 esse
595 1477 703 1517 non
747 1462 941 1518 debeo.
992 1460 1063 1517 Et
1102 1461 1305 1517 idcirco
1347 1460 1477 1532 quid
1517 1461 1719 1532 profuit
1761 1460 2017 1516 didicisse

430 1552 573 1624 quod
601 1569 869 1610 summum
892 1563 997 1622 est,
1021 1555 1066 1610 si
1084 1554 1358 1625 cognitum
1382 1562 1621 1625 nequeat
1642 1550 2017 1625 apprehendi?

429 1643 563 1701 Nam
595 1660 715 1700 cum
761 1645 1116 1702 directionem
1177 1645 1359 1702 cordis
1417 1646 1484 1702 ad
1513 1645 1837 1703 destinatam
1886 1660 2017 1704 con-

2123 441 2344 513 ignarus
2378 443 2635 511 natandi,
2664 445 2844 501 sciens
2896 446 3109 516 pondus
3157 451 3399 522 corporis
3442 453 3518 509 sui
3560 455 3686 514 ferre

2123 549 2383 606 aquarum
2415 537 2681 606 liquorem
2714 553 2818 594 non
2852 554 3035 609 posse,
3068 542 3438 612 experimento
3473 562 3576 602 sua;
3601 565 3688 602 vo-

2121 626 2286 683 luerit
2316 629 2602 699 imperitiae
2631 630 2861 686 delinire
2888 633 3158 688 neminem
3200 635 3410 705 penitus
3447 653 3595 708 posse
3622 641 3685 695 li-

2120 719 2305 790 quidis
2333 721 2622 777 elementis
2645 723 2819 777 solida
2842 738 3006 780 carne
3027 725 3412 782 circumdatum
3429 730 3685 802 sustineri,

2122 811 2326 868 idcirco
2352 828 2481 869 vera
2504 816 2623 883 ejus
2644 816 2833 886 opinio
2857 817 3154 886 iudicanda
3184 827 3301 884 est,
3334 835 3486 890 quam
3513 836 3689 878 secun-

2119 904 2248 959 dum
2289 907 2682 974 experientiam
2729 922 2884 963 suam
2929 908 3078 963 visus
3124 919 3205 965 est
3254 912 3555 980 protulisse,
3580 928 3690 970 cum

2120 994 2226 1051 hoc
2258 1011 2365 1051 non
2395 996 2569 1052 solum
2600 1013 2706 1052 non
2738 1012 2861 1053 esse
2885 999 3243 1069 impossibile,
3269 1000 3367 1057 sed
3395 1004 3550 1058 etiam
3577 1019 3689 1073 per-

2120 1087 2281 1143 facile
2308 1088 2377 1142 ab
2414 1089 2537 1143 aliis
2569 1090 2717 1156 ﬁeri,
2745 1089 2960 1147 ratione
3005 1094 3313 1148 certissima
3349 1104 3403 1150 et
3426 1095 3688 1152 oculorum

2121 1180 2226 1237 ﬁde
2255 1195 2361 1236 non
2405 1180 2573 1236 dubia
2628 1184 3043 1255 comprobetur.
3086 1192 3219 1248 Νοῦς
3255 1186 3463 1259 itaque,
3491 1188 3540 1244 id
3583 1199 3690 1258 est,

2120 1288 2312 1343 mens,
2340 1274 2418 1329 ἀεὶ
2444 1275 2671 1337 κυπτὸς,
2702 1279 2789 1330 καὶ
2829 1277 2956 1333 πολὺ
3004 1280 3230 1344 nunriis.
3274 1279 3327 1334 id
3358 1289 3466 1346 est,
3495 1295 3693 1353 semper

2122 1364 2360 1429 mobilis,
2386 1376 2443 1419 et
2468 1367 2697 1420 multum
2726 1367 2943 1421 mobilis
2982 1368 3261 1424 deﬁnitur.
3286 1367 3434 1437 Quod
3460 1371 3613 1426 etiam
3641 1372 3692 1428 in

2119 1458 2406 1528 sapientia,
2431 1473 2554 1529 qua:
2575 1458 2778 1515 dicitur
2796 1459 3124 1529 Salomonis,
3138 1462 3400 1534 scriptum
3416 1473 3517 1531 est,
3537 1467 3691 1525 Γηίνον

2118 1549 2304 1625 οἴκημα
2322 1552 2536 1626 βαρύνει
2560 1558 2680 1608 νοῦν
2699 1553 2823 1609 πολὺ
2849 1558 3208 1631 φροντίζοντα,
3234 1555 3290 1611 id
3319 1564 3403 1613 est
3423 1597 3438 1623 ,
3471 1566 3494 1596 °
3527 1556 3693 1612 Terre-

2120 1658 2244 1697 num
2290 1642 2640 1698 habitaculum
2678 1656 2926 1718 aggravat
2957 1655 3177 1702 mentem
3223 1648 3388 1703 multa
3415 1649 3697 1722 cogitantem

433 1732 839 1808 templationem
870 1738 1194 1810 pertendere
1233 1739 1590 1808 senserimus,
1622 1738 2015 1795 insensibiliter
2042 1740 2091 1802 Β
2119 1734 2293 1809 (Sap.
2327 1736 2441 1807 rx).
2471 1738 2490 1809 (
2521 1736 2642 1792 Vid.
2676 1739 2763 1793 tib.
2795 1754 2889 1795 vm
2910 1737 3148 1796 Institut.
3169 1757 3216 1795 c.
3246 1740 3375 1814 tx.)
3406 1741 3529 1798 Haec
3553 1742 3697 1812 igitur

431 1846 588 1887 mens
614 1831 740 1888 inde
774 1833 1022 1888 revoluta
1060 1833 1129 1887 ad
1176 1832 1390 1901 priores
1426 1834 1769 1903 evagationes
1810 1832 2016 1903 impetu

431 1923 829 1980 vehementiori
870 1924 1192 1996 prolabitur,
1232 1934 1288 1982 et
1324 1926 1396 1981 ita
1437 1925 1765 1997 quotidianis
1811 1927 2017 1981 disten-

434 2011 671 2075 tionibus
700 2030 959 2089 occupata
992 2020 1291 2075 innumeris
1314 2020 1713 2090 captivitatibus
1742 2019 2018 2075 incessan-

433 2120 518 2167 ter
563 2110 870 2181 abducitur,
927 2121 985 2168 ut
1033 2112 1423 2185 propemodum
1463 2113 1575 2183 jam
1622 2112 1942 2182 desperetur
1986 2125 2019 2166 a

434 2203 589 2259 nobis
617 2203 925 2260 desiderata
963 2204 1264 2271 correctio,
1299 2213 1355 2260 et
1383 2203 1654 2274 superﬂua
1686 2203 1801 2259 haec
1829 2202 2021 2258 obser-

433 2295 616 2351 vantia
662 2297 933 2353 videatur.
979 2297 1259 2368 Siquidem
1299 2295 1328 2338 δ
1358 2312 1460 2368 per
1488 2306 1762 2353 momenta
1812 2294 2019 2363 singula

432 2388 660 2445 lubricis
698 2389 1037 2447 discursibus
1079 2390 1293 2445 animus
1338 2394 1617 2460 evagatur.
1662 2389 1907 2459 Cumque
1952 2385 2021 2442 ad

436 2480 685 2537 timorem
728 2482 860 2547 Dei,
892 2482 979 2538 vel
1008 2483 1520 2552 contemplationem
1558 2480 1835 2537 reducitur
1862 2477 2023 2549 spiri—

436 2575 622 2641 talem,
674 2574 986 2647 priusquam
1029 2574 1277 2631 ﬁrmetur
1323 2575 1378 2630 in
1424 2588 1513 2639 ea,
1546 2589 1735 2630 rursus
1782 2572 2021 2644 fugacius

434 2668 737 2725 evanescit.
781 2668 1029 2740 Cumque
1072 2682 1197 2724 eum
1235 2667 1383 2723 velut
1419 2664 1791 2739 expergefacti
1828 2666 2025 2736 depre-

439 2759 795 2816 henderimus
814 2759 884 2815 ab
906 2760 1208 2816 intentione
1240 2760 1515 2831 proposita
1546 2758 1831 2825 deviasse,
1862 2765 2025 2828 atque

437 2852 506 2909 ad
555 2852 700 2908 illam
748 2852 1049 2920 tbeoriam,
1091 2852 1235 2908 unde
1278 2852 1630 2917 discesserat,
1677 2850 2024 2915 reducentes,

439 2945 774 3000 voluerimus
803 2945 1146 3001 tenacissima
1168 2942 1356 3000 cordis
1384 2942 1707 3010 intentione,
1738 2942 1890 2998 velut
1908 2942 2028 3010 qui-

438 3035 664 3091 busdam
717 3036 950 3091 vinculis
993 3036 1272 3106 obligare,
1320 3037 1373 3091 in
1420 3036 1540 3105 ipso
1592 3043 1791 3090 conatu
1839 3041 2027 3088 nostro

2116 1841 2219 1899 pro
2253 1827 2575 1883 conditione
2603 1840 2811 1884 natura:
2838 1845 3133 1900 numquam
3169 1840 3346 1902 potest
3376 1831 3555 1889 otiosa
3580 1846 3697 1888 con-

2116 1920 2332 1985 sistere,
2359 1918 2456 1975 sed
2487 1933 2717 1976 necesse
2744 1930 2827 1977 est
2853 1935 2997 1987 eam,
3028 1923 3131 1979 nisi
3159 1924 3436 1993 provisum
3467 1924 3702 1981 habuerit

2117 2011 2208 2067 ubi
2236 2024 2369 2067 suos
2395 2021 2649 2068 exerceat
2679 2014 2964 2084 motus,|et
3003 2015 3054 2069 in
3086 2013 3284 2085 quibus
3330 2016 3526 2087 jugiter
3547 2030 3700 2072 occu-

2119 2112 2306 2174 petur,
2344 2103 2567 2173 pr0pria
2596 2104 2903 2161 mobilitate
2939 2104 3290 2173 discurrere,
3322 2118 3377 2162 et
3417 2122 3513 2178 per
3536 2108 3701 2163 omnis

2120 2197 2382 2264 volitare,
2414 2195 2587 2252 donec
2620 2197 2782 2268 longo
2826 2197 3090 2255 exercitio
3112 2240 3127 2266 ,
3155 2215 3376 2271 usuque
3418 2199 3703 2256 assuefacta
3758 2180 3767 2190 ’

2121 2290 2401 2357 diuturno,
2432 2290 2577 2361 quod
2602 2305 2701 2346 vos
2728 2292 3000 2348 incassum
3025 2292 3209 2349 dicitis
3241 2294 3512 2362 laborare,
3545 2308 3700 2364 expe-

2122 2384 2295 2439 riatur
2323 2391 2379 2437 et
2404 2382 2579 2438 discat
2605 2396 2740 2454 quas
2771 2384 3050 2439 memorias
3080 2398 3193 2439 suae
3241 2384 3501 2442 materias
3525 2384 3709 2440 debeat

2124 2492 2458 2549 praeparare,
2483 2492 2611 2549 erga
2632 2493 2769 2548 quas
2790 2482 3135 2551 circumagat
3156 2478 3461 2535 indefessos
3487 2479 3704 2545 volatus,

2124 2578 2180 2626 et
2224 2570 2568 2625 immorando
2617 2570 2784 2627 robur
2814 2574 3078 2641 acquirat,
3104 2580 3160 2627 et
3189 2572 3267 2626 ita
3303 2572 3597 2643 praevaleat
3622 2570 3709 2625 ad.

2124 2677 2309 2719 versas
2352 2662 3006 2736 inimici'suggestiones,
3044 2662 3248 2733 quibus
3300 2662 3708 2730 distrahebatur,

2126 2754 2440 2822 extrudere,
2471 2756 2708 2826 atquein
2736 2754 2830 2811 illo
2848 2770 3011 2826 quem
3032 2754 3318 2812 desiderat
3346 2764 3490 2811 statu
3516 2762 3570 2810 et
3592 2767 3711 2823 qua-

2128 2850 2280 2905 litate
2308 2849 2527 2904 durare.
2557 2847 2676 2903 Non
2698 2862 2828 2919 ergo
2854 2848 2996 2904 banc
3021 2848 3400 2918 evagationem
3429 2845 3601 2903 cordis
3622 2859 3712 2900 no-

2126 2943 2223 2998 stri
2256 2942 2341 2998 vel
2383 2952 2591 2997 natura:
2621 2941 2902 3008 humanae,
2929 2942 3014 2996 vel
3050 2942 3163 2997 Deo
3186 2942 3429 2998 creatori
3461 2940 3597 3011 ejus,
3624 2938 3715 2993 de-

2129 3035 2321 3090 bemus
2344 3033 2645 3088 ascribere.
2675 3031 2818 3088 Vera
2840 3044 2925 3087 est
2946 3033 3091 3087 enim
3110 3032 3419 3103 Scriptura:
3438 3027 3714 3095 sententia,

440 3130 592 3182 ocius
632 3142 793 3199 quam
821 3126 1057 3199 anguilla
1100 3126 1169 3182 de
1205 3127 1510 3183 recessibus
1544 3125 1742 3181 mentis
1769 3126 2025 3182 elabitur.
2053 3115 2100 3181 C
2130 3128 2251 3199 quia
2284 3127 2540 3181 Dominus
2580 3126 2838 3181 hominem
2881 3128 2999 3197 fecit
3038 3135 3272 3191 rectum,
3313 3134 3363 3180 et
3389 3124 3492 3194 ipsi
3521 3122 3717 3192 quasie-

442 3216 525 3273 Ob
562 3232 724 3288 quam
768 3233 883 3273 rem
920 3216 1246 3289 quotidianis
1278 3217 1589 3288 huiusmodi
1626 3216 2026 3273 observationi-

444 3310 546 3367 bus
573 3320 901 3380 aastuantes,
938 3326 1041 3369 nec
1079 3321 1255 3368 tamen
1298 3328 1366 3368 ex
1407 3312 1537 3382 ipsis
1580 3312 1799 3383 aliquod
1840 3319 2030 3367 nostro

445 3403 595 3459 cordi
646 3403 956 3460 stabilitatis
1013 3404 1179 3460 robur
1229 3404 1529 3461 accessisse
1585 3410 1912 3470 cernentes,
1961 3401 2028 3458 ad

446 3496 588 3554 hanc
626 3499 935 3568 opinionem
978 3497 1133 3554 fracti
1175 3498 1562 3570 desperatione
1603 3498 2025 3565 transducimur,

445 3599 504 3644 ut
534 3606 639 3645 non
665 3600 851 3647 nostro
880 3590 1012 3662 jam,
1042 3590 1135 3648 sed
1164 3601 1373 3648 naturte
1395 3592 1526 3648 vitio
1554 3592 1652 3649 bas
1680 3592 1878 3648 animte
1908 3607 2031 3665 per-

448 3684 763 3753 vagationes
794 3683 1033 3741 humano
1060 3686 1246 3756 generi
1275 3688 1456 3741 inesse
1482 3684 1791 3742 credamus.

1040 3775 1269 3833 CAPUT
1320 3776 1412 3834 lV.

550 3864 850 3937 Disputatio
878 3868 1014 3922 senis
1044 3869 1108 3923 de
1135 3879 1273 3925 statu
1300 3872 1487 3927 animi!
1505 3887 1567 3926 ac
1586 3871 1769 3927 uirtute
1789 3874 1923 3943 ejus.

514 3957 753 4015 Serenus
782 3977 796 4013 :
830 3960 1155 4017 Periculosae
1182 3964 1618 4036 praesumptionis
1647 3976 1756 4032 est,
1803 3965 2033 4022 necdum

442 4052 609 4110 rebus
638 4062 791 4108 recte
815 4051 1102 4120 discussis,
1136 4069 1237 4111 nec
1262 4064 1410 4113 certa
1441 4058 1652 4113 ratione
1679 4058 1932 4125 collecta,
1963 4059 2033 4114 de

2128 3229 2253 3275 runt
2279 3220 2611 3293 cogitationes
2641 3216 2668 3257 ἀ
2694 3220 2859 3274 malas
2886 3217 3087 3291 (Eccle.
3118 3220 3234 3289 vn).
3274 3228 3299 3256 ο
3332 3220 3373 3273 Α
3419 3215 3575 3272 nobis
3601 3227 3720 3285 ergo

2131 3328 2317 3369 earum
2367 3313 2599 3383 qualitas
2634 3312 2858 3383 pendet.
2888 3310 3024 3379 Quia
3053 3311 3301 3382 cogitatio
3345 3309 3498 3372 bona,
3539 3304 3717 3376 inquit,

2130 3405 2405 3460 scientibus
2434 3421 2544 3459 eam
2591 3404 2997 3475 appropinquat,
3028 3403 3106 3457 rir
3134 3411 3313 3456 autem
3345 3400 3569 3472 prudens
3594 3398 3722 3452 inoc-

2132 3498 2241 3552 niet
2265 3513 2398 3551 eam.
2430 3494 2709 3566 Quidquid
2750 3504 2934 3550 autem
2965 3506 3021 3549 ut
3068 3492 3305 3549 inveniri
3337 3494 3509 3564 possit
3534 3501 3722 3545 nostra:

2137 3592 2440 3664 prudentiae
2462 3595 2855 3665 industriaeque
2885 3594 3188 3664 subjectum
3219 3604 3327 3661 est,
3361 3594 3406 3649 si
3440 3607 3548 3648 non
3572 3588 3726 3646 fuerit

2134 3689 2439 3758 inventum,
2471 3690 2589 3745 sine
2619 3688 2786 3745 dubio
2809 3698 3015 3744 nostrai
3043 3687 3273 3744 desidiae
3299 3688 3387 3744 vel
3418 3685 3724 3758 impruden-

2134 3781 2249 3850 tiae,
2292 3797 2398 3837 non
2447 3791 2655 3837 naturae
2686 3781 2817 3835 vitio
2850 3779 3212 3851 repntandum
3261 3790 3369 3836 est.
3408 3778 3511 3836 Cui
3554 3773 3726 3833 sensui

2135 3873 2418 3930 Psalmista
2445 3887 2661 3944 quoque
2684 3873 2954 3943 congruit,
2988 3871 3175 3927 dicens
3208 3889 3224 3925 :
3259 3870 3456 3927 Beatus
3485 3870 3561 3923 vir
3585 3866 3725 3938 cujus

2136 3977 2210 4023 est
2236 3966 2491 4021 auxilium
2516 3966 2606 4021 abs
2646 3974 2714 4032 te,
2752 3963 3000 4029 Domine,
3031 3964 3359 4020 escensiones
3386 3964 3443 4018 in
3471 3960 3621 4017 corde
3642 3971 3728 4013 suo

2140 4060 2398 4133 disposuit
2430 4059 2450 4131 (
2475 4058 2621 4113 Psal.
2653 4072 2863 4112 uxxttt
2890 4060 2929 4124 ).
2954 4055 3163 4112 Videtis
3187 4072 3321 4127 ergo
3354 4057 3410 4112 in
3442 4064 3624 4110 nostra
3651 4047 3730 4106 di-

443 4158 635 4205 natura
655 4148 944 4220 cujuslibet
970 4149 1048 4205 rei
1077 4164 1418 4220 proponere,
1446 4149 1679 4207 delinire
1697 4192 1713 4217 ,
1744 4164 1807 4205 ac
1835 4150 1904 4206 de
1931 4152 2037 4205 lra-
2139 4154 2288 4208 tione
2308 4156 2631 4219 consistere,
2650 4161 2709 4206 ut
2727 4151 2841 4205 sive
2862 4165 3140 4219 ascensus,
3161 4149 3215 4205 id
3244 4158 3354 4217 est,
3373 4150 3729 4219 pertingentes

443 4240 676 4311 gilitatis
704 4256 815 4296 suae
835 4242 1270 4298 consideratione
1286 4256 1480 4313 capere
1507 4242 1903 4313 conjecturam,
1938 4258 2037 4300 nec
2140 4245 2208 4301 ad
2250 4244 2423 4301 Deum
2454 4242 2847 4314 cogitationes,
2888 4241 3006 4297 sive
3041 4241 3374 4307 descensus,
3406 4241 3474 4295 ad
3523 4248 3728 4294 terrena

444 4331 515 4388 de
540 4341 684 4389 statu
714 4342 770 4389 et
798 4332 1056 4404 qualitate
1078 4333 1244 4404 ipsius
1266 4334 1571 4406 disciplinae
1591 4335 1680 4391 vel
1705 4334 1774 4391 de
1804 4337 2036 4392 aliorum

2142 4338 2353 4394 scilicet
2398 4344 2453 4393 et
2496 4335 2738 4391 carnalia
2784 4342 3130 4401 corruentes,
3162 4333 3217 4389 in
3250 4332 3455 4389 nostris
3484 4328 3730 4386 cordibus

1508 4486 1763 4544 ALARDI
1802 4486 2037 4544 GAZEI
2076 4485 2646 4545 COMMENTARIUS.

519 4610 544 4639 ἰ
574 4600 1038 4685 Imperfectinnem
1087 4616 1243 4685 suam
1264 4608 1347 4685 _et
1394 4600 1740 4684 fragilitatem
1799 4603 2029 4685 ingenue
2057 4605 2110 4667 D
2133 4603 2295 4685 etiam
2324 4600 2543 4685 Graecis
2554 4600 2796 4685 Sapienlt:
2811 4614 2865 4655 rx
2886 4600 2965 4685 sic
2989 4599 3181 4682 legitur
3206 4601 3305 4683 arti
3331 4597 3527 4685 γεῶδες
3556 4605 3733 4685 nive:

446 4674 686 4743 agnoscit
711 4674 1032 4738 Cassianus;
1069 4684 1124 4728 et
1152 4672 1370 4744 quidem
1407 4686 1474 4727 eo
1501 4673 1722 4744 majoris
1751 4675 2030 4728 modestiae

448 4742 786 4813 argumento,
798 4745 942 4815 quod
958 4749 1008 4798 in
1025 4742 1283 4814 singulari
1299 4757 1526 4815 numero
1549 4742 1776 4813 loquens
1789 4744 2029 4813 seipsum

449 4814 843 4882 tantummodo,
901 4831 1007 4871 non
1060 4816 1268 4870 socium
1317 4823 1410 4868 aut
1457 4814 1623 4868 alium
1678 4815 1888 4869 incuset
1940 4823 2033 4871 aut

449 4895 613 4940 laxet.

517 4963 546 5003 ιι
575 4964 770 5020 Mentis
806 4964 1056 5019 humana:
1084 4963 1437 5019 mobilitatem
1468 4964 1592 5019 sive
1614 4963 2029 5022 inconstantiam

446 5035 703 5107 graphice
728 5036 988 5107 depingit,
1019 5050 1139 5103 qua:
1163 5034 1287 5107 huic
1311 5035 1586 5107 collationi
1609 5038 1950 5094 occasionem
1977 5048 2035 5094 et

448 5105 824 5177 argumentum
854 5105 1004 5160 dedit
1039 5124 1051 5159 :
1083 5108 1166 5161 cui
1206 5105 1401 5177 deinde
1429 5108 1714 5175 conjuncta
1745 5116 1830 5163 est
1858 5109 2028 5164 altera

450 5176 915 5249 de’spiritnalibus
947 5177 1223 5248 nequitiis,
1256 5176 1307 5232 id
1332 5178 1748 5249 est.spiritibus
1797 5194 2031 5249 nequam

450 5247 568 5303 sive
596 5250 847 5319 malignis
873 5250 1143 5316 tractatio,
1172 5250 1315 5318 quod
1355 5248 1431 5303 illi
1462 5247 1765 5304 istiusmodi
1800 5247 2035 5305 levitatis

449 5330 506 5374 et
529 5320 905 5375 inconstantiae
931 5322 1201 5389 praecipue
1228 5320 1337 5374 sint
1363 5329 1612 5376 auctores
1638 5332 1691 5374 et
1721 5321 1999 5376 architecti
2018 5362 2033 5387 ,

453 5406 612 5463 quam
645 5390 709 5445 D.
744 5392 1074 5460 Augustinus
1104 5392 1487 5447 volubilitatem
1519 5395 1715 5447 mentis
1751 5401 1805 5448 et
1831 5396 2033 5463 cogita~

451 5462 629 5517 tiones
661 5463 922 5518 volubiles
944 5463 1082 5517 solet
1103 5463 1393 5533 appellare.

529 5543 550 5570 ο
576 5534 779 5588 Textus
818 5533 1059 5605 Vulgata
1086 5533 1338 5591 editionis
1362 5552 1376 5587 :
1409 5534 1608 5607 Corpus
1633 5535 1775 5607 quod
1799 5549 2037 5607 corrum-

453 5602 594 5674 pitur
625 5615 869 5675 aggraont
921 5602 1171 5673 animum,
1200 5618 1248 5661 et
1287 5618 1486 5661 terrena
1502 5602 1824 5675 Ainltabitatio
1862 5605 2037 5675 depri-

456 5678 550 5729 mit
580 5673 785 5763 setisum
811 5678 1322 5763 multa'cOgitantem.
1345 5675 1451 5763 tibi
1484 5673 1769 5763 Ciaconius
1786 5692 1808 5760 ε
1957 5677 2037 5759 lo—

456 5761 575 5808 cus.
608 5747 809 5816 inquit,
856 5749 908 5807 in
956 5747 1124 5809 Vatic.
1152 5748 1318 5808 codic.
1366 5747 1642 5814 Cassiani,
1676 5755 1738 5805 ut
1786 5748 1843 5805 in
1886 5747 2037 5805 libris

2134 4675 2299 4749 βρίθει
2321 4679 2437 4727 νοῦν
2461 4670 2852 4747 πολυφροντὶδα.
2893 4669 2949 4724 ltt
2989 4672 3267 4739 impressis
3300 4669 3501 4749 vitiose
3531 4688 3543 4721 :
3573 4673 3733 4745 γόίνον

2133 4748 2319 4836 fungo:
2348 4752 2563 4836 βαρύνεξ
2580 4756 2717 4836 νοῦν,
2724 4752 2856 4806 πολὺ
2878 4754 3228 4836 φροντξζονῖα.
3265 4750 3404 4836 Ιιξξιξο
3423 4748 3732 4836 Ciac0utltts.

2135 4818 2463 4879 Basileehsis
2484 4822 2654 4893 editio
2677 4820 2864 4877 Graeca
2885 4818 3074 4893 omisit
3090 4862 3104 4886 ,
3128 4830 3186 4874 ut
3213 4833 3271 4877 et
3298 4818 3735 4893 Dionysiusabla-

2134 4894 2397 4965 nuscripti
2425 4906 2559 4965 quos
2585 4892 2765 4965 legere
2810 4891 3028 4965 quidem
3064 4895 3209 4965 potui
3235 4935 3249 4959 ,
3275 4893 3359 4965 ita
3386 4891 3661 4965 corrupti,
3687 4896 3735 4942 et

2136 4964 2407 5031 mendosi,
2442 4963 2499 5019 ut
2542 4963 2676 5017 nihil
2700 4966 2834 5017 certi
2882 4979 2946 5018 ex
2975 4964 3053 5017 eis
3102 4964 3288 5019 haberi
3323 4966 3526 5032 possit.
3557 4963 3736 5032 Itaque

2137 5030 2534 5109 Bibliairegia,
2559 5033 2686 5109 dum
2722 5036 2969 5109 consulo,
2989 5034 3080 5109 sic
3126 5030 3358 5109 inveni}
3394 5034 3617 5109 Οθαρτὸν
3642 5030 3735 5109 γᾴρ

2137 5115 2290 5233 delirat
2314 5108 2523 5233 βαριξέει
2559 5106 2763 5177 ψυχήν,
2801 5108 2883 5161 καὶ
2909 5106 3073 5181 βρίθει
3109 5105 3169 5162 τὸ
3194 5103 3389 5180 γεῶδες
3418 5103 3606 5165 enim
3629 5103 3739 5157 νοῦν

2137 5199 2205 5233 πο
2234 5199 2443 5233 υφροντι
2477 5201 2535 5233 α.

2136 5199 2511 5235 πολυφροντιθα
2522 5217 2535 5230 σ

2206 5199 2535 5303 «iviimiiiiti
2594 5246 2901 5319 Dionysius.
2927 5242 3224 5319 Ciaconius
3251 5261 3394 5319 vero
3432 5261 3502 5302 ex
3546 5244 3736 5301 Graeco

2138 5320 2396 5380 correxit,
2425 5315 2760 5386 cogitationes
2788 5319 3014 5384 multas;
3041 5316 3229 5373 Graece
3255 5315 3413 5373 enim
3466 5320 3695 5373 trahetur
3722 5330 3736 5365 :

2138 5391 2416 5466 ὶργςσμοὺς
2433 5391 2671 5466 πολλοὺς-τ
2698 5399 2751 5444 et
2778 5392 2987 5466 vulgata
3016 5388 3180 5466 lectio
3201 5388 3380 5466 magis
3406 5387 3735 5466 respondet:

2143 5458 2481 5517 solummodo
2514 5461 2609 5513 hoc
2655 5460 2860 5524 inveni,
2891 5458 3032 5529 quod
3064 5461 3237 5529 fecerit
3269 5458 3538 5513 Dominus
3578 5458 3739 5511 homi-

2141 5549 2258 5586 nem
2304 5544 2530 5598 rectum,
2562 5541 2607 5586 et
2655 5533 2767 5602 ipse
2806 5546 2860 5586 se
2906 5531 3126 5601 inﬁnitis
3173 5532 3450 5587 miscuerit
3500 5530 3740 5600 quastio-

2142 5604 2313 5659 nibus.

2218 5685 2241 5712 ο
2271 5673 2412 5743 Lege
2454 5674 2741 5745 septimam
2778 5674 3182 5733 annotationem
3205 5669 3447 5745 Cuychii
3485 5669 3556 5731 ad
3582 5669 3739 5729 ﬁnem

2142 5746 2326 5817 cperis
2356 5744 2601 5816 positam.
