4012 6336
320 295 425 355 678

710 297 1051 359 αοιιΑτιο
1088 300 1202 359 νιι.
1229 331 1300 348 -—-
1329 300 1419 358 DE
1457 300 1700 361 ΔΝΙΜΕ
1740 299 2161 361 MOBlLlTATE
2198 301 2288 361 ET
2325 298 2805 363 SPllllTALIBUS
2840 299 3203 371 NEQUITIIS.

3485 301 3595 361 οτι

318 410 697 479 disponamus.
729 412 861 480 Quae
894 414 943 470 si
986 429 1092 469 non
1124 414 1177 469 in
1208 423 1391 470 nostra
1432 424 1696 485 potestate
1733 415 1913 472 consi-
1940 418 1993 479 Δ
2020 424 2127 473 tem
2168 425 2328 487 atque
2359 418 2633 487 virtutem,
2665 433 2766 488 qua
2798 434 2905 475 non
2943 418 3140 488 quibus
3171 417 3422 474 nolumus
3446 418 3599 491 cogi-

318 510 545 568 Sterent,
583 518 685 559 nec
725 502 1031 560 Pharisasos
1065 507 1325 561 Dominus
1353 507 1685 576 increpassct
1716 527 1728 561 :
1777 508 1915 574 Quid

2024 510 2316 568 tationibus
2338 512 2685 579 abducamur,
2710 512 2805 570 sed
2834 513 2918 569 his
2942 513 3135 584 quibus
3166 513 3478 583 spiritaliter
3507 514 3601 571 de-

318 593 555 664 cogitatis
586 595 729 648 mala
764 596 819 649 in
854 598 1100 653 cordibus
1138 600 1315 655 vestris
1352 599 1581 672 (Matth.
1625 600 1754 671 ix)?
1804 600 1917 658 Nec
2019 602 2280 660 lectamur
2331 605 2608 661 immorari
2654 606 2741 661 vel
2790 605 3057 663 inhaerere
3107 608 3400 678 possimus,
3444 607 3600 666 malis

320 700 410 754 per
442 689 765 755 prophetam
805 688 1183 759 praecepisset,
1228 690 1415 747 dicens
1444 709 1457 745 :
1488 692 1699 763 Auferte
1724 692 1918 770 malum
2017 694 2239 766 quidem
2261 697 2697 769 suggestionibus
2712 699 3062 770 imperantes,
3080 700 3256 769 Abite,
3271 711 3326 758 et
3345 702 3597 770 abibunt;

317 780 689 850 cogitationum
730 791 1018 837 vestrarum
1060 785 1124 837 ab
1168 784 1331 840 oculis
1375 786 1502 840 meis
1528 783 1673 857 (Ita.
1698 785 1771 857 ι).
1802 766 1913 843 Είε

318 870 590 942 Usquequo
615 872 951 928 morabuntur
978 876 1033 929 in
1062 886 1110 931 te
1136 877 1467 947 cogitationes
1493 878 1666 933 nozic
1690 877 1912 948 (Jerem.

313 962 411 1033 tv)?
432 962 545 1019 Nec
567 963 624 1020 in
654 963 743 1020 die
758 964 946 1036 judicii
969 980 1154 1022 earum
1176 968 1432 1039 qualitas,
1456 970 1915 1040 quemadmodum

306 1071 535 1126 operum
585 1056 837 1129 exigetur
885 1073 917 1114 a
960 1061 1140 1129 nobis,
1188 1060 1263 1117 ita
1301 1076 1400 1133 per
1440 1061 1638 1119 Isaiam
1684 1062 1915 1121 Domino

312 1151 700 1216 comminante,
733 1149 868 1205 Ecce
910 1168 1027 1224 ego,
1075 1152 1273 1224 inquit,
1312 1155 1459 1210 senio
1506 1165 1565 1209 ut
1612 1172 1914 1229 congregem

312 1259 466 1317 opera
508 1252 558 1298 et
587 1244 927 1318 cogitationes
969 1263 1148 1303 eorum
1178 1264 1297 1303 cum
1341 1249 1576 1305 omnibus
1600 1251 1834 1324 gentibus
1861 1262 1914 1309 et

312 1338 501 1414 linguis
525 1339 661 1413 (lsa.
693 1344 875 1416 1.th).
901 1344 1008 1402 Sed
1036 1362 1138 1404 nec
1181 1346 1535 1406 condemnari
1572 1349 1792 1421 quidem
1820 1364 1912 1407 ea-

310 1451 425 1493 rum
472 1439 791 1495 testimonio
838 1440 921 1497 vel
970 1441 1187 1498 defendi
1232 1443 1286 1499 in
1333 1443 1427 1501 illo
1472 1444 1701 1502 terribili
1747 1454 1913 1517 atque

315 1531 609 1588 metuendo
633 1532 904 1601 examine,
925 1535 1222 1591 secundum
1254 1536 1395 1592 beati
1416 1536 1665 1608 Apostoli
1691 1546 1912 1594 senten-

309 1622 458 1689 tiam,
494 1638 796 1689 meremur,
829 1625 903 1681 ita
931 1626 1186 1695 dicentis,
1217 1625 1367 1683 Inter
1393 1645 1449 1683 se
1469 1629 1689 1684 invicem
1716 1629 1912 1700 cogita-

309 1714 533 1770 tionibus
562 1718 923 1773 accusantibus
940 1760 955 1786 ,
986 1727 1080 1773 aut
1106 1720 1263 1774 etiam
1297 1719 1717 1789 defendentibus,
1746 1720 1800 1774 in
1827 1720 1912 1775 die

2016 786 2178 845 bonis
2206 802 2338 845 vero
2357 788 2601 847 dicemus
2631 808 2645 845 :
2677 789 2891 860 Venite,
2922 801 2977 849 et
3004 792 3240 850 venient.
3271 794 3441 851 Servo
3469 812 3602 867 quo-

2014 895 2125 953 que
2152 890 2361 953 nostro,
2396 881 2451 939 id
2478 891 2597 949 est,
2648 885 2898 955 corpori,
2947 900 3012 941 ea
3058 901 3179 958 quas
3226 889 3489 944 castitatis
3516 891 3601 947 vel

2015 975 2367 1033 continentia:
2394 987 2521 1035 sunt
2556 978 2807 1035 similiter
2837 980 3179 1052 injungemus
3200 1024 3215 1049 ,
3246 991 3301 1038 et
3344 983 3465 1040 sine
3492 983 3601 1039 ulla

2014 1069 2454 1128 contradictione
2502 1071 2794 1141 deserviet,
2827 1090 2934 1130 non
2984 1075 3096 1145 jam
3128 1077 3397 1133 suscitans
3444 1078 3603 1135 nobis

2014 1160 2759 1234 adversoslconcupiscentiai
2786 1164 3055 1232 stimulos,
3077 1167 3173 1223 sed
3199 1182 3413 1223 omnem
3443 1168 3599 1225 exhi-

2012 1252 2147 1310 bens
2200 1255 2412 1325 spiritui
2456 1254 2797 1315 famulatum.
2832 1257 3002 1329 Hujus
3042 1260 3374 1316 centurionis
3421 1262 3596 1333 qualia

2011 1362 2162 1404 arma
2194 1349 2322 1418 sint,
2351 1350 2437 1407 vel
2483 1350 2551 1406 ad
2596 1366 2718 1421 qua:
2767 1352 3075 1422 praeliorum
3105 1354 3363 1410 exercitia
3394 1370 3601 1426 praepa-

2011 1453 2235 1510 rentur,
2303 1442 2430 1500 audi
2501 1444 2717 1499 beatum
2778 1444 3093 1515 Apostolum
3164 1446 3595 1516 praedicantem:

2010 1536 2188 1605 Arma,
2220 1538 2428 1611 inquit,
2467 1537 2665 1593 militiae
2704 1546 2893 1593 nostra:
2917 1556 3018 1595 non
3061 1541 3292 1595 carnalia
3333 1552 3476 1609 sunt,
3508 1541 3599 1595 sed

2012 1631 2243 1700 potentia
2271 1641 2293 1670 ε
2328 1630 2458 1686 Deo.
2495 1630 2639 1686 Dixit
2661 1630 2839 1701 qualia
2869 1631 2999 1703 sint,
3033 1631 3085 1687 id
3112 1643 3216 1700 est,
3239 1650 3341 1688 non
3370 1634 3599 1688 carnalia

2010 1736 2113 1779 nec
2155 1721 2404 1790 inﬁrma,
2441 1722 2536 1779 sed
2575 1722 2836 1793 spiritalia
2877 1732 2935 1780 et
2964 1726 3189 1795 potentia
3236 1723 3369 1781 Deo.
3396 1725 3600 1782 Deinde

308 1808 687 1880 gaajudicabit
712 1809 852 1866 Deus
873 1812 1075 1869 occulta
1105 1812 1391 1882 hominum,
1421 1814 1705 1871 secundum
1728 1811 1905 1869 Evan-
1932 1822 1981 1885 Β
2006 1816 2074 1871 ad
2112 1830 2251 1887 quos
2287 1815 2397 1873 sint
2432 1816 2737 1874 exercenda
2775 1816 2792 1891 [
2816 1814 2963 1887 Lips.
2992 1819 3046 1873 in
3094 1834 3263 1891 marg.
3292 1817 3598 1891 exerenda]

309 1900 501 1972 getiam
522 1916 696 1957 meum
717 1902 905 1975 (Rom.
932 1902 1015 1974 ιι).

934 1997 1168 2061 CAPUT
1204 1998 1273 2056 ν.

310 2084 386 2143 De
403 2091 720 2162 perfectione
745 2091 938 2169 animis
961 2093 1032 2169 ad
1058 2092 1453 2151 similitudinem
1480 2094 1766 2169 evangelici
1792 2112 1908 2153 cen-

828 2165 1057 2220 turionis
1080 2175 1382 2237 assumptis.

376 2275 555 2347 Hujus
599 2284 627 2315 ι
670 2292 805 2350 ergo
852 2278 1109 2350 perfectae
1152 2282 1349 2337 mentis
1394 2281 1566 2353 tlgnra
1606 2297 1703 2355 per
1752 2284 1905 2341 illum

308 2370 683 2441 evangelicum
731 2373 1108 2431 centurionem
1160 2374 1523 2444 pulcherrime
1571 2375 1905 2448 designatur,

313 2460 471 2532 cujus
500 2464 679 2519 virtus
707 2472 875 2537 atque
902 2466 1209 2523 constantia
1229 2512 1245 2539 ,
1295 2484 1397 2541 qua
1440 2485 1548 2525 non
1576 2469 1911 2541 quibuslibet

308 2557 685 2631 ingruentibus
704 2560 1128 2632 cogitationibus
1146 2563 1541 2630 abducebatur,
1569 2565 1665 2621 sed
1688 2581 1785 2637 pro
1808 2581 1909 2623 suo

308 2652 517 2725 judicio
542 2655 629 2712 vel
659 2655 983 2713 admittebat
1023 2655 1230 2726 bonas,
1265 2657 1350 2715 vel
1375 2660 1678 2716 contrarias
1704 2660 1909 2731 absque

312 2748 422 2805 ulla
451 2748 775 2807 difﬁcultate
823 2750 1081 2821 pellebat,
1128 2750 1233 2809 hac
1261 2751 1469 2825 trapica
1514 2753 1909 2825 signiﬁcatione

307 2843 581 2915 descripta
605 2855 690 2902 est
716 2864 729 2900 :
759 2844 896 2901 Nam
913 2856 960 2901 et
980 2864 1075 2919 ego
1090 2847 1245 2902 homo
1264 2864 1381 2903 sum
1406 2849 1499 2902 sub
1519 2856 1770 2921 potestate
1790 2864 1911 2903 con-

307 2938 539 3005 stitutus,
566 2937 761 2993 habens
786 2939 881 2994 sub
905 2956 986 2994 me
1012 2939 1218 3007 milites,
1266 2948 1316 2996 et
1338 2939 1454 2995 dico
1478 2938 1619 3005 huic,
1656 2937 1819 3006 Vade,
1863 2949 1911 2995 et

308 3030 480 3097 vada;
510 3040 559 3086 et
585 3029 700 3097 alii,
732 3029 885 3099 Veni,
911 3039 961 3088 et
984 3033 1153 3099 venit;
1178 3041 1229 3088 et
1250 3049 1397 3089 servo
1418 3048 1551 3100 meo,
1575 3029 1689 3087 Fac
1716 3031 1836 3100 hoc,
1861 3040 1910 3087 et

309 3123 435 3193 facit
464 3122 683 3199 (Matth.
726 3127 866 3196 vin).
893 3125 949 3182 Si
982 3125 1144 3198 igitur
1174 3140 1273 3182 nos
1301 3140 1517 3198 quoque
1545 3125 1781 3183 viriliter
1808 3124 1910 3181 ad-

2007 1906 2292 1965 contlictus
2328 1919 2728 1979 consequenter
2775 1910 3011 1966 insinuat
3044 1927 3056 1963 :
3088 1910 3168 1964 Ad
3204 1911 3601 1965 destructionem

2006 1999 2349 2055 munitionum
2364 1996 2746 2071 djcogitationes
2766 2010 3064 2076 purgantes,
3089 2010 3136 2055 et
3150 2017 3346 2056 omnem
3369 2001 3603 2057 altitudi-

2006 2110 2123 2149 nem
2153 2093 2480 2149 extollentem
2499 2111 2552 2149 se
2574 2095 2819 2150 adversus
2841 2096 3110 2150 scientiam
3131 2094 3246 2163 Dei,
3264 2104 3313 2153 et
3338 2097 3603 2170 captivan-

2010 2196 2083 2242 tes
2110 2202 2313 2242 omnem
2342 2188 2662 2242 intellectum
2697 2188 2749 2242 in
2776 2188 3124 2244 obedientiam
3151 2190 3361 2252 Christi.
3393 2199 3439 2245 et
3469 2207 3603 2259 prte-

2008 2281 2181 2352 parati
2208 2280 2391 2335 ulcisci
2411 2297 2612 2335 omnem
2632 2282 3049 2349 inobedientiam,
3069 2299 3185 2337 cum
3215 2284 3424 2355 impleta
3450 2284 3605 2355 fuerit

2010 2374 2236 2445 primum
2273 2383 2437 2429 vestra
2482 2373 2769 2430 obedientia
2804 2373 2824 2447 (
2845 2373 2887 2430 ll
2927 2373 3049 2432 Cor.
3081 2392 3114 2431 x
3136 2378 3177 2447 ).
3206 2377 3337 2446 Quae
3386 2379 3604 2450 quidem

2009 2468 2135 2539 quia
2184 2467 2461 2538 sigillatim
2516 2482 2834 2539 percurrere
2880 2470 3023 2525 sicut
3073 2472 3474 2540 necessarium,
3529 2473 3605 2531 ita

2011 2562 2173 2619 etiam
2201 2561 2425 2618 alterius
2465 2564 2729 2633 temporis
2756 2571 2864 2619 est.
2896 2564 3183 2619 Armorum
3230 2567 3606 2624 tantummodo

2010 2656 2137 2712 volo
2159 2656 2309 2712 vobis
2330 2669 2528 2727 genera
2555 2656 3019 2728 proprietatesque
3048 2656 3378 2727 patefacere,
3405 2660 3604 2731 quibus

2012 2763 2114 2805 nos
2144 2763 2359 2821 quoque
2385 2748 2431 2803 si
2463 2749 2712 2803 volumus
2740 2747 2882 2804 bella
2915 2748 3125 2804 Domini
3165 2749 3416 2817 praeliari,
3446 2760 3503 2808 et
3524 2753 3607 2808 in-

2013 2852 2099 2900 ter
2128 2840 2477 2899 centuriones
2504 2841 2848 2913 evangelicos
2880 2840 3130 2911 militare,
3159 2843 3382 2899 accincti
3407 2843 3608 2915 jugiter

2013 2936 2274 2994 debemus
2302 2935 2554 2993 incedere
2584 2952 2597 2989 :
2631 2933 2858 3001 Sumite,
2892 2935 3091 3006 inquit,
3126 2944 3149 2973 °
3172 2944 3370 2990 scutum
3402 2936 3525 3006 ﬁdei
3552 2938 3606 2992 in

2012 3048 2114 3102 quo
2137 3031 2342 3103 possitis
2379 3029 2553 3085 omnia
2595 3028 2697 3084 tela
2742 3028 3039 3100 nequissimi
3066 3029 3215 3102 ignea
3263 3030 3606 3104 exstinguere.

2014 3123 2161 3196 Ergo
2193 3123 2329 3181 lides
2375 3132 2459 3180 est
2506 3129 2721 3177 scutum
2766 3136 2886 3193 quae
2924 3122 3199 3191 excipiens
3227 3122 3607 3181 ardentissima

309 3230 501 3273 versus
530 3216 971 3289 perturbationes
991 3229 1046 3275 et
1068 3220 1195 3276 vitia
1225 3220 1547 3277 dimicantes
1573 3221 1911 3292 potuerimus
1939 3207 1987 3275 C
2014 3216 2302 3273 libidinum
2333 3215 2459 3286 tela,
2503 3224 2651 3272 metu
2696 3214 2863 3271 luturi
2889 3214 3079 3287 judicii
3108 3223 3162 3272 et
3190 3214 3429 3272 cmlestis
3458 3218 3609 3288 regni

308 3324 370 3367 ea
404 3312 601 3368 ditioni
633 3322 837 3368 nostra:
874 3314 1303 3384 discretionique
1331 3316 1624 3386 subjicere,
1672 3331 1737 3373 ac
1762 3316 1905 3372 mili-

311 3412 491 3461 tantes
518 3404 574 3460 in
604 3419 769 3462 carne
798 3414 984 3461 nostra
1010 3407 1355 3478 exstinguere
1382 3408 1689 3479 passiones,
1716 3409 1803 3464 vel
1825 3408 1910 3464 in-

310 3497 562 3555 stabilem
597 3499 984 3570 cogitationum
1020 3510 1327 3557 nostrarum
1365 3504 1651 3558 cohortem
1682 3501 1908 3558 rationis

310 3591 546 3663 imperio
595 3592 921 3666 subjugare,
980 3609 1045 3650 ac
1101 3595 1399 3652 Dominicaa
1450 3596 1628 3652 crucis
1682 3595 1910 3652 salutari

308 3682 514 3740 vexillo
556 3682 862 3740 dirissimas
904 3684 1337 3742 adversariarum
1370 3694 1696 3756 potestatum
1720 3685 1908 3743 turbas

312 3791 341 3830 a
371 3775 626 3832 terminis
656 3778 826 3833 nostri
856 3779 1090 3848 pectoris
1115 3779 1437 3850 propulsare
1458 3821 1474 3846 ,
1506 3794 1605 3850 pro
1634 3788 1907 3835 tantorum

310 3868 527 3925 meritis
556 3870 984 3942 triumphorum,
1012 3872 1079 3926 ad
1107 3872 1366 3944 spiritalis
1394 3872 1550 3943 hujus
1578 3873 1910 3929 centurionis

308 3962 564 4020 ordinem
597 3964 990 4035 provehemur,
1023 3982 1181 4037 quem
1224 3968 1277 4022 in
1328 3966 1518 4023 Exodo
1569 3983 1783 4040 quoque
1813 3982 1911 4038 per

310 4054 537 4128 Moysen
560 4058 789 4132 mystice
818 4060 1047 4134 legimus
1068 4062 1406 4134 designatum
1437 4081 1449 4116 :
1475 4063 1503 4101 δ
1534 4064 1799 4118 Constitue
1819 4062 1911 4118 tibi

309 4151 629 4207 chiliarchas
648 4162 699 4208 et
714 4154 1055 4223 centuriones,
1080 4165 1129 4210 et
1143 4156 1605 4227 quinquagenarias
1619 4164 1665 4211 et
1691 4158 1915 4211 decanos

311 4238 533 4317 (Ed-od.
562 4246 749 4319 xvm).
787 4247 855 4303 Et
901 4248 975 4304 ita
1028 4263 1126 4303 nos
1179 4264 1393 4320 quoque
1437 4248 1714 4318 dignitatis
1754 4250 1913 4319 hujus

310 4336 470 4407 apice
495 4336 797 4406 sublimati,
827 4337 1150 4396 habebimus
1180 4341 1317 4396 hanc
1346 4342 1643 4412 imperandi
1670 4349 1911 4411 potesta-

2013 3308 2340 3366 credulitate
2368 3307 2682 3363 mortiﬁcat.
2734 3306 2800 3361 Et
2842 3305 3077 3378 loricam,
3113 3307 3312 3378 inquit,
3345 3307 3611 3365 charitatis

2014 3400 2236 3476 (Ephes.
2258 3400 2357 3472 VI).
2374 3398 2489 3472 Ipsa
2514 3414 2712 3470 nempe
2731 3406 2815 3455 est
2830 3414 2949 3469 quae
2972 3398 3156 3455 vitalia
3179 3400 3417 3469 pectoris
3438 3400 3611 3457 nostri

2015 3494 2364 3551 circumdans
2392 3502 2554 3563 atque
2574 3490 2974 3557 communiens,
3007 3490 3300 3548 lethalibus
3329 3493 3611 3562 perturba-

2018 3587 2227 3643 tionum
2249 3585 2461 3655 objecta
2480 3585 2821 3653 vulneribus,
2847 3584 3147 3641 contrarios
3175 3584 3415 3641 retundit
3444 3585 3606 3655 ictus,

2017 3698 2120 3740 nec
2148 3681 2217 3738 ad
2260 3680 2580 3737 interiorem
2609 3679 2889 3735 hominem
2934 3687 3177 3737 nostrum
3205 3678 3379 3750 jacula
3408 3679 3607 3739 diaboli

2014 3784 2304 3846 penetrare
2333 3772 2617 3845 permittit.
2667 3770 2855 3827 Omnia
2889 3770 3034 3826 enim
3071 3770 3286 3840 suﬁ'ert,
3322 3774 3495 3827 omnia
3515 3790 3611 3844 pa.

2012 3870 2162 3935 titur,
2192 3868 2366 3923 omnia
2390 3866 2607 3923 sustinet
2631 3864 2700 3939 (ll
2726 3863 2846 3921 Cor.
2880 3864 3019 3935 xm).
3043 3861 3112 3919 Et
3140 3865 3339 3937 galeam
3361 3882 3499 3939 spem
3526 3883 3609 3921 sa-

2013 3960 2161 4017 lutis.
2190 3960 2353 4018 Galea
2386 3960 2581 4029 capitis
2629 3968 2712 4015 est
2742 3958 3042 4014 munimen.
3088 3958 3222 4027 Quia
3271 3974 3399 4031 ergo
3448 3968 3612 4029 caput

2016 4063 2263 4111 nostrum
2289 4062 2378 4111 est
2396 4050 2678 4119 Christus,
2701 4051 2961 4108 debemus
2998 4051 3141 4107 istud
3168 4067 3385 4123 semper
3409 4067 3505 4126 spe
3529 4054 3612 4109 fu-

2022 4156 2264 4203 turorum
2293 4147 2560 4203 bonorum
2592 4145 2749 4201 velut
2775 4144 3175 4215 inexpugnabili
3212 4145 3363 4218 galea
3396 4147 3448 4202 in
3479 4163 3610 4204 cun-

2020 4243 2121 4301 ctis
2162 4241 2553 4298 tentationibus
2576 4254 2641 4295 ac
2669 4237 3136 4309 persecutionihus
3164 4238 3522 4308 communire,
3554 4247 3610 4298 et

2020 4336 2393 4410 principaliter
2420 4335 2582 4392 ﬁdem
2611 4334 2730 4405 ejus
2760 4333 2983 4389 illtesam
3012 4340 3174 4403 atque
3217 4332 3481 4403 integram
3514 4347 3611 4389 cu-

1399 4452 1657 4509 ALARDI
1694 4451 1926 4509 GAZA'L‘I
1962 4448 2525 4509 COMMENTARIUS.

386 4575 417 4606 ⁸
441 4564 649 4623 Eadem
679 4564 867 4637 phrasi
905 4566 1075 4623 utitur
1101 4566 1287 4621 collat.
1321 4569 1347 4621 1
1382 4582 1503 4635 cap.
1538 4568 1595 4635 8,
1627 4578 1685 4622 ut
1716 4568 1787 4623 ibi
1822 4585 1915 4624 no-
1942 4568 1996 4630 D
2098 4578 2120 4606 ε
2156 4566 2210 4622 ld
2248 4575 2354 4630 est,
2386 4580 2481 4634 per
2511 4564 2703 4637 Deum,
2737 4576 2836 4619 seu
2867 4577 2962 4637 per
2989 4561 3090 4637 Dei
3119 4564 3379 4637 auxilium
3412 4564 3484 4619 ita
3514 4580 3605 4621 va-

314 4646 512 4711 tatum.
553 4638 837 4711 Dionysius
867 4639 1029 4705 paqu
1056 4637 1289 4711 clarius:
1344 4637 1496 4711 Mens
1541 4655 1661 4709 ergo
1688 4642 1917 4711 perfecta

312 4710 669 4779 pulcherrime
693 4708 952 4781 ﬁguratur
979 4726 1071 4781 per
1095 4708 1247 4781 illum
1276 4708 1628 4780 evangelicum
1656 4708 1915 4767 centurio.

315 4798 453 4836 nem.
484 4780 843 4851 hvangelicus
868 4779 1115 4835 centurio
1138 4779 1340 4836 dicitur
1358 4779 1640 4851 tll’e,cujns
1659 4783 1912 4839 eximiam

312 4852 479 4924 tidem
504 4860 564 4907 et
588 4853 946 4924 constantiam
976 4852 1223 4924 Christus
1255 4853 1369 4921 ipse
1399 4854 1693 4924 admiratus
1720 4852 1915 4924 legitur

310 4922 332 4993 (
356 4922 556 4977 Matth.
580 4920 726 4993 vm):
752 4922 910 4991 cujus
942 4923 1251 4992 exemplum
1280 4920 1564 4979 monachis
1593 4920 1912 4981 imitandum

312 4995 405 5049 hte
432 4996 776 5064 proponitur,
800 5006 857 5047 ut
879 5000 938 5050 et
968 4994 1070 5062 ipsi
1099 4994 1214 5049 veri
1255 5004 1310 5051 et
1334 4996 1607 5064 spiritales
1633 5000 1911 5053 centurio-

311 5079 416 5120 nes
436 5066 781 5146 efﬁciantur:
805 5064 1077 5146 quomodo
1098 5065 1325 5122 interius
1335 5069 1495 5122 etiam
1513 5068 1571 5125 S.
1587 5068 1909 5138 Apostolum

310 5150 451 5191 evan
490 5138 692 5192 elicunt
720 5138 1099 5192 centurionem
1131 5150 1425 5207 nuncupat.

383 5205 413 5245 δ
438 5153 645 5261 ’θείως
667 5207 913 5275 vulgatus
947 5208 1107 5263 habet
1131 5226 1143 5261 :
1176 5207 1438 5264 Constitue
1462 5225 1526 5263 ea:
1546 5208 1621 5264 eis
1645 5210 1908 5278 tribunos,

309 5287 358 5355 ei
394 5281 741 5355 centuriones.
767 5290 821 5355 et
849 5281 1124 5355 decanos.j(
1145 5279 1313 5355 Ecod.
1348 5281 1526 5355 xvm),
1561 5290 1676 5355 etc.
1710 5282 1915 5355 Diony-

307 5349 427 5403 sius
460 5351 723 5418 expun'tt:
755 5349 1020 5404 Constitui:
1042 5353 1131 5405 ttbi
1161 5349 1631 5412 chiliarchas.sive
1654 5349 1909 5421 tribunos,

308 5430 358 5497 e_t
399 5422 745 5497 centuriones.
780 5422 1058 5497 Χιλὶαρχος
1082 5439 1225 5497 enim
1260 5425 1347 5477 vel
1372 5426 1661 5495 χιλιάρχης
1689 5423 1743 5479 in
1770 5425 1911 5479 mili-

312 5492 395 5546 tia
423 5492 623 5546 dicitur
648 5492 741 5563 qui
771 5492 1192 5548 mille'homtnib
1232 5508 1258 5549 s
1283 5492 1497 5562 praeest,
1520 5492 1614 5564 qui
1640 5497 1781 5565 apud
1808 5497 1909 5552 lio-

311 5576 511 5617 mattos
548 5565 799 5618 tribunus
827 5564 1053 5618 militum
1086 5565 1392 5629 dicebatur,
1425 5567 1587 5622 sicuti
1634 5564 1904 5634 centurio,

308 5637 413 5710 qui
436 5644 664 5710 centum
681 5634 977 5710 peditibus.
998 5635 1131 5690 Nam
1148 5646 1205 5710 ut
1229 5640 1395 5692 refert
1422 5652 1585 5692 Cllalll
1610 5637 1904 5710 Josephus,

309 5704 449 5759 ordo
470 5708 524 5759 in
551 5706 742 5760 militia
764 5704 1117 5761 Romanorum
1136 5707 1219 5761 hic
1241 5718 1369 5771 erat,
1406 5719 1460 5761 ut
1486 5710 1677 5764 milites
1702 5704 1770 5763 ad
1790 5704 1908 5765 cett-'-

312 5776 574 5849 turiones,
618 5778 698 5832 illi
726 5778 795 5830 ad
827 5776 1056 5833 tribunos
1077 5820 1093 5845 ,
1125 5794 1253 5849 quos
1288 5776 1461 5834 (ἓνωεὶ
1489 5780 1799 5838 cltiliarchos
1827 5781 1908 5837 vel

311 5847 637 5904 chiliarchas
670 5856 873 5917 vocant,
898 5865 1046 5904 inane
1068 5847 1392 5907 convenirent
1420 5853 1725 5911 salutatum.

2020 4638 2150 4707 lida,
2184 4649 2239 4692 ut
2270 4637 2528 4707 principis
2558 4635 2723 4707 hujus
2744 4635 2950 4707 mundi,
2986 4634 3036 4688 id
3066 4645 3179 4707 est,
3212 4635 3413 4691 diaboli
3434 4677 3449 4700 ,
3482 4651 3603 4691 mu-

2019 4705 2474 4766 nitidnesbmnes
2506 4718 2563 4763 et
2589 4706 3022 4762 machinamenta
3051 4705 3335 4764 destruere
3364 4710 3599 4778 possint,

2016 4791 2072 4838 et
2098 4796 2200 4836 con
2211 4780 2431 4836 vellere.

2083 4851 2111 4891 ἀ
2143 4852 2349 4908 Textus
2378 4850 2528 4920 vulg.
2568 4847 2799 4907 Consilia
2827 4850 3169 4904 destruentes.
3205 4848 3523 4905 Ambrosius
3547 4859 3604 4907 et

2017 4923 2380 4995 Hieronymus
2410 4922 2617 4995 legunt,
2652 4923 2983 4992 cogitationes
3014 4924 3353 4995 destruentes.

2090 5006 2113 5033 ο
2144 4992 2401 5065 Quinque
2429 4992 2642 5063 species
2684 5007 2960 5065 armorum
2987 4993 3258 5065 spirituali
3288 4992 3600 5065 centurioni

2013 5077 2070 5125 et
2096 5062 2294 5123 asCeta:
2309 5062 2671 5121 aSsutnettdas
2694 5064 2796 5118 sub
2825 5065 3043 5119 nomine
3072 5062 3379 5127 πανοπλίας,
3414 5064 3465 5117 ιιι
3496 5079 3600 5130 eSI,

2011 5140 2191 5196 omnis
2236 5149 2547 5200 armatum,
2597 5140 2939 5191 enutneravit
2986 5136 3296 5205 ApuStolus,
3346 5150 3465 5203 quae
3517 5138 3603 5191 hic

2053 5211 2272 5279 leraque
2329 5208 2607 5279 eleganter
2654 5216 3000 5279 exponuntur
3033 5207 3149 5279 :Hl0
3195 5215 3397 5279 scutum
3424 5278 3429 5279 γ
3444 5205 3603 5274 ﬁdei;

2053 5226 2272 5279 teraque
2329 5226 2607 5279 eleganter
2654 5226 3045 5275 exponuntur:
3092 5226 3149 5258 ιυ
3195 5226 3397 5258 scutum
3444 5226 3603 5274 liuet;

2011 5226 2075 5338 ἕο
2106 5282 2322 5336 loricam
2344 5281 2638 5344 charitatis,
2670 5282 2753 5333 vel
2780 5278 3028 5345 justitite;
3064 5278 3125 5329 5°
3158 5278 3378 5346 galeam,
3420 5278 3470 5331 id
3496 5289 3603 5343 est,
3636 5326 3645 5336 ,

2009 5369 2153 5420 spem
2180 5354 2399 5418 salutis;
2439 5350 2501 5404 4ο
2531 5350 2763 5421 gladium
2810 5350 3053 5415 spiritus,
3098 5346 3236 5421 quod
3281 5348 3601 5421 estuiterbunt

2013 5417 2144 5490 Dei;
2170 5422 2234 5478 5°
2266 5417 2611 5477 calceamehta
2635 5423 2689 5475 in
2729 5417 3404 5490 pra'parationeEvangelii
3432 5420 3598 5485 pacis,

2016 5496 2068 5550 id
2097 5489 2201 5561 est,
2246 5494 2473 5549 allectus
2504 5496 2641 5548 bene
2680 5489 3052 5556 mortiticatos,
3083 5489 3272 5561 sicque
3298 5489 3594 5555 dispositos

2014 5576 2069 5637 et
2086 5559 2419 5637 praéparatos
2440 5566 2503 5619 ad
2537 5562 2862 5637 cut-rendam
2894 5562 3034 5637 vium
3068 5559 3443 5615 mandatorum
3468 5560 3597 5626 Dei;

2015 5632 2407 5709 6°'cingulum,
2440 5637 2558 5691 sive
2601 5634 2836 5709 balteum
2868 5632 3186 5709 militarem;
3220 5644 3329 5709 quo
3356 5636 3597 5709 _ca~titas

2014 5701 2346 5782 designatur.
2368 5708 2519 5782 βιαιο
2533 5704 2779 5782 δυρεὶιιριξ
2801 5703 3001 5758 lumbos
3022 5712 3216 5758 vestros
3233 5701 3396 5774 (Vide
3422 5715 3594 5760 notant

2012 5781 2083 5836 ad
2111 5773 2229 5852 cap.
2260 5779 2326 5835 19
2357 5778 2447 5834 tib.
2479 5791 2550 5835 xu
2584 5773 2805 5844 mnu).
