4012 6336
309 274 406 334 681

690 269 1033 330 οοιιΑτιο
1075 269 1187 328 VII.
1219 298 1289 316 -—
1321 268 1410 328 DE
1449 267 1688 329 ΔΝΜ
1726 268 1868 328 MOI!

1975 270 2149 328 I'A'I'E
2185 271 2274 328 ET
2313 271 2789 336 SPIRITALIBUS
2826 277 3191 348 NEQUITIIS.

3470 279 3582 348 682

308 403 541 465 namque
586 389 928 450 solummodo
977 389 1189 458 deitati,
1242 406 1366 463 que
1411 391 1526 447 sola
1575 390 1892 463 incorporea
1919 393 1968 455 Α
1996 401 2234 462 quuntur
2264 393 2589 466 intelligant,
2623 395 2840 468 quidam
2885 415 3014 455 vero
3055 410 3258 456 norunt
3297 415 3350 458 et
3396 412 3583 472 postea

309 488 652 559 simplexque
676 496 870 544 natura
895 495 998 554 est,
1031 486 1334 544 rectissime
1361 486 1638 545 tribuitur.

917 621 1149 680 CAPUT
1187 622 1278 679 XI.

313 716 561 790 Objectio,
599 727 777 802 utrum
814 718 1013 801 possint
1041 718 1255 802 spiritus
1284 718 1535 802 immundi
1565 735 1743 802 eorum
1769 734 1896 791 quos

527 788 882 862 suppleverittt
909 790 1179 844 animabus
1210 789 1367 845 inseri
1395 788 1473 845 vel
1504 791 1663 845 uniri.

375 925 679 983 Germanus
731 944 744 978 :
799 923 933 982 lluic
977 925 1174 982 rationi
1221 926 1354 982 satis
1402 925 1727 984 arbitramur
1773 942 1895 986 esse

305 1018 636 1074 contrarium
673 1017 808 1074 illud
839 1026 867 1057 ⁸
901 1018 1045 1089 quod
1069 1018 1317 1076 videmus
1352 1020 1405 1076 in
1432 1021 1726 1094 arreptitiis
1753 1023 1892 1092 ﬁeri,

304 1125 424 1166 cum
462 1110 631 1166 amati
671 1111 956 1182 spiritibus
995 1112 1290 1171 immundis
1319 1113 1612 1186 loquuntur
1639 1124 1695 1172 et
1728 1127 1894 1188 agunt

302 1219 361 1260 ea
388 1220 509 1276 qua
541 1206 810 1262 nesciunt.
841 1206 1126 1276 Quomodo
1151 1222 1285 1280 ergo
1304 1209 1513 1266 animas
1539 1209 1750 1267 illorum
1780 1213 1892 1284 spi-

301 1299 492 1356 ritibus
534 1300 641 1356 illis
691 1317 801 1358 non
842 1302 1128 1358 credamus
1167 1304 1332 1374 uniri,
1377 1320 1610 1374 quorum
1643 1305 1890 1364 videmus

278 1392 416 1448 ‘illas
465 1392 614 1448 velut
661 1408 920 1465 organum
973 1393 1166 1462 laetas,
1213 1405 1290 1466 et,
1339 1396 1602 1454 derelicto
1652 1399 1888 1458 naturali

297 1493 460 1551 statu,
503 1484 571 1542 ad
613 1484 828 1542 illorum
857 1498 1038 1544 motus
1075 1487 1410 1562 adactusque
1445 1491 1698 1562 transire,
1728 1492 1801 1548 ita
1831 1502 1888 1550 ut

293 1576 402 1648 jam
439 1594 551 1634 non
584 1593 734 1645 suas,
772 1580 868 1637 sed
899 1581 1116 1640 illorum
1142 1597 1306 1641 voces
1332 1591 1389 1641 et
1412 1595 1604 1657 gestus
1639 1586 1885 1643 volunta-

295 1683 482 1744 tesque
511 1672 872 1745 depromant?

887 1789 1117 1850 CAPUT
1154 1793 1274 1852 XII.

385 1881 677 1955 Responsio
699 1885 1129 1961 quemadmodum
1154 1890 1503 1961 mergumenis
1531 1889 1784 1947 immundi

788 1957 1003 2028 spiritus
1034 1957 1385 2016 dominentur.

356 2068 602 2124 Serenus
643 2084 658 2122 :
710 2068 989 2127 Praedicta
1036 2070 1342 2129 deﬁnitioni
1389 2085 1590 2133 nostra:
1638 2092 1746 2134 non
1795 2087 1882 2136 est

286 2161 644 2227 contrarium,
687 2160 741 2217 id
776 2163 920 2234 quod
959 2164 1139 2221 dicitis
1177 2167 1229 2222 in
1259 2165 1288 2207 ι
1317 2174 1694 2242 energumenis
1735 2173 1875 2238 ﬂeri.

286 2271 406 2311 cum
462 2256 745 2328 spiritibus
814 2257 1105 2316 immundis
1158 2263 1363 2334 arrepti
1419 2265 1733 2336 loquuntur,
1791 2269 1880 2324 vel

284 2358 447 2422 agunt
487 2365 551 2407 ea
591 2366 713 2422 quae
750 2352 959 2421 nolunt,
991 2355 1075 2411 vel
1106 2370 1168 2412 ea
1193 2371 1314 2428 quae
1353 2357 1604 2430 ignorant
1635 2363 1879 2432 proferre

282 2450 574 2513 coguntur.
600 2441 716 2498 Non
741 2445 886 2500 enim
917 2459 1023 2501 uno
1054 2447 1218 2503 modo
1244 2447 1400 2503 istam
1430 2464 1525 2506 eos
1552 2451 1874 2511 inlusionem

281 2534 569 2604 spirituum
600 2534 868 2593 sustinere
909 2539 1272 2595 certissimum
1313 2551 1416 2597 est.
1456 2542 1688 2612 Quidam
1729 2546 1874 2603 enim

281 2629 359 2686 sic
387 2629 667 2695 alilantur.
710 2639 772 2688 ut
813 2646 1152 2704 nequaquam
1195 2649 1256 2691 ea
1298 2651 1421 2707 qua
1461 2649 1657 2708 gerunt
1685 2639 1766 2695 vel
1795 2639 1875 2696 lo-

2001 486 2374 543 recordentur.
2406 488 2560 556 Quod
2590 488 2704 545 lieri
2735 505 2832 560 per
2860 489 3184 548 inlusionem
3226 493 3443 564 spiritus
3482 495 3585 551 im-

1999 581 2190 638 mundi
2229 598 2335 639 non
2381 583 2453 639 ita
2495 583 2788 655 putandum
2831 596 2935 651 est,
2980 595 3038 641 ut
3078 586 3130 641 in
3176 587 3370 642 animm
3413 587 3583 658 ipsius

1997 684 2290 746 penetrans
2311 675 2688 744 substantiam,
2705 687 2758 734 ct
2781 678 2925 734 velut
2955 680 3138 734 unitus
3161 679 3230 743 (οἱ,
3256 689 3310 735 et
3324 681 3584 750 quodam-

1998 767 2162 826 modo
2190 767 2408 825 indutus
2439 784 2524 838 ea,
2549 784 2830 826 sermones
2851 787 2913 827 ac
2939 773 3096 827 verba
3124 787 3220 842 per
3243 787 3304 827 os
3331 773 3585 844 patientis

1995 859 2229 917 emittat.
2257 859 2417 916 Nullo
2450 876 2681 932 namque
2709 863 2869 938 modo
2899 863 3040 918 istud
3069 863 3138 918 ab
3169 863 3248 919 eis
3281 863 3396 920 lieri
3424 878 3584 934 posse

1995 954 2325 1012 credendum
2354 964 2458 1012 est.
2487 955 2597 1012 Nec
2617 956 2763 1012 enim
2799 972 2895 1027 per
2936 958 3172 1028 aliquam
3200 957 3396 1013 anima:
3423 959 3585 1013 dimi-

1993 1049 2295 1114 nutiancm,
2324 1049 2419 1106 sed
2463 1065 2558 1121 per
2583 1051 2833 1122 corporis
2857 1051 3194 1108 debilitatem
3227 1051 3332 1109 hoc
3361 1053 3584 1108 evenire

1994 1143 2279 1198 manifesta
2303 1143 2512 1200 ratione
2535 1143 2982 1214 deprehenditur,
3007 1160 3128 1201 cum
3152 1146 3363 1202 scilicet
3388 1145 3444 1201 in
3473 1145 3581 1202 illis

1993 1235 2250 1291 membris
2281 1235 2332 1291 in
2365 1236 2563 1307 quibus
2589 1235 2743 1307 vigor
2768 1238 2959 1293 anima:
2985 1238 3312 1306 continetur,
3344 1238 3582 1293 immun-

1987 1325 2093 1382 dus
2130 1328 2349 1399 spiritus
2390 1329 2653 1396 insidens,
2690 1330 2877 1402 eisque
2917 1329 3255 1399 importaliile
3282 1338 3449 1402 atque
3477 1329 3578 1386 int-

1989 1434 2235 1477 mensum
2263 1423 2474 1492 pondus
2504 1425 2805 1494 imponens,
2831 1423 3161 1480 obscuritate
3189 1425 3465 1480 teterrima
3492 1423 3576 1479 in-

1989 1514 2324 1572 tellectuales
2367 1516 2484 1586 ejus
2530 1516 2713 1572 obruit
2752 1525 2807 1572 et
2851 1515 3124 1586 intercipit
3161 1531 3370 1572 sensus.
3417 1515 3572 1582 Quod

1987 1620 2394 1678 nonnumquam
2429 1608 2592 1663 etiam
2627 1606 2733 1662 vini
2774 1607 3048 1679 febrisque
3089 1608 3246 1676 vitio,
3287 1623 3382 1664 seu
3419 1605 3571 1663 nimii

1987 1697 2228 1769 frigoris,
2259 1699 2489 1770 aliisque
2513 1699 2914 1756 valetudinibus
2943 1698 3284 1756 extrinsecus
3309 1713 3572 1769 superve-

1907 1799 1958 1862 B
1986 1790 2264 1848 nientibus
2297 1791 2539 1849 videmus
2561 1791 2836 1849 accidere.
2864 1789 3018 1859 Quod
3051 1806 3118 1847 ne
3142 1792 3302 1848 beato
3326 1789 3429 1846 Job
3456 1790 3572 1847 dia-

1983 1882 2165 1952 bolus,
2193 1883 2286 1953 qui
2309 1884 2488 1940 carnis
2514 1883 2634 1955 ejus
2660 1893 2948 1954 acceperat
2978 1892 3324 1954 potestatem,
3353 1881 3570 1940 molire-

1982 1987 2074 2034 tur
2104 1978 2330 2048 inferre,
2367 1988 2635 2052 praecepto
2665 1979 2882 2036 Domini
2913 1978 3257 2050 prohibetur,
3289 1978 3522 2034 dicentis
3553 1994 3568 2032 :

1982 2069 2120 2126 Ecce
2143 2073 2299 2127 trado
2325 2089 2439 2126 eum
2467 2074 2521 2127 in
2545 2087 2729 2129 manus
2757 2082 2896 2140 tuas,
2924 2083 2948 2113 ο
2982 2081 3184 2126 tantum
3211 2071 3438 2126 animam
3456 2071 3572 2142 ejus

1977 2164 2182 2218 custodi
2209 2164 2360 2236 (Job.
2387 2164 2480 2238 ιι).
2505 2164 2557 2220 id
2586 2173 2692 2231 est,
2724 2163 3100 2220 tantummodo
3135 2178 3258 2218 eum
3299 2170 3570 2219 amentem

1981 2275 2051 2316 ne
2087 2259 2276 2328 facias,
2305 2258 2593 2316 debilitate
2623 2259 2822 2314 animm
2849 2256 3156 2322 domicilio,
3198 2265 3254 2311 et
3291 2253 3570 2310 intellectu

1977 2353 2188 2421 inraso,
2219 2362 2314 2410 aut
2340 2352 2567 2410 rationis
2593 2364 2818 2423 organo,
2851 2365 2950 2420 per
2972 2363 3133 2421 quam
3159 2363 3281 2403 eum
3314 2347 3410 2402 tibi
3433 2345 3568 2400 resi-

1978 2459 2124 2508 stere
2143 2464 2369 2507 necesse
2389 2456 2492 2516 est,
2517 2446 2760 2503 sauciata
2780 2463 2792 2499 :
2819 2457 2997 2514 neque
3017 2441 3216 2498 obruas
3238 2440 3570 2496 intellectum

1976 2559 2042 2601 ac
2069 2543 2390 2614 sapientiam
2422 2539 2746 2606 resistentis,
2771 2534 2798 2576 ιι
2821 2534 3121 2608 principale
3146 2531 3355 2592 scilicet
3384 2528 3570 2588 cordis

1975 2638 2095 2709 ejus
2119 2645 2212 2693 tuo
2237 2634 2479 2708 pondere
2505 2631 2827 2706 praelocans.

1347 2799 1607 2857 ALARDI
1646 2801 1881 2860 GAZJ‘JI
1920 2797 2490 2861 COMMENTARIUS.

279 2909 493 2982 ligimus
515 2908 656 2965 aliud
674 2925 795 2966 esse
816 2909 1028 2982 ingredi
1049 2911 1258 2967 animas
1279 2925 1375 2969 seu
1398 2913 1545 2969 illabi
1566 2916 1862 2982 mentibus,

277 2981 421 3036 aliud
456 2982 659 3037 intrare
686 2996 784 3036 seu
815 2981 1023 3050 ingredi
1059 2997 1324 3052 corpora;
1356 2993 1413 3040 et
1441 2985 1739 3042 daemonem
1777 2981 1865 3043 in?

276 3051 428 3122 gredi
460 3052 688 3125 quidem
709 3067 868 3121 posse
906 3051 1168 3124 corpora,
1201 3051 1315 3110 Deo
1343 3057 1723 3125 permittente;
1760 3076 1865 3116 non

276 3122 712 3200 antem‘ingredi
753 3126 982 3192 animas,
1006 3122 1120 3200 nisi
1145 3122 1459 3200 improprie
1491 3137 1546 3183 et
1584 3129 1869 3200 metapho-

275 3197 409 3272 riee,
439 3195 567 3272 dum
596 3194 650 3272 in
684 3205 963 3272 peccatum
1010 3195 1226 3272 aliquod
1272 3194 1504 3272 mortale
1547 3216 1649 3272 per
1680 3194 1870 3272 sugge-

277 3269 512 3339 stionem
534 3264 760 3339 inducit,
774 3274 867 3322 aut
887 3266 938 3320 in
961 3282 1027 3323 eo
1043 3276 1185 3323 statu
1203 3264 1602 3339 impmuitentes
1622 3264 1828 3329 detinét
1853 3291 1864 3326 :

276 3337 553 3406 quomodo
583 3337 780 3392 dicitur
805 3339 1028 3393 Satanas
1057 3337 1293 3396 intrasse
1330 3343 1384 3396 in
1426 3342 1644 3404 Judam,
1677 3354 1732 3397 et
1761 3348 1861 3400 im-

277 3410 456 3476 plesse
483 3422 580 3464 cor
607 3410 855 3481 Ananiae,
896 3419 950 3481 et
990 3410 1253 3481 immundi
1283 3413 1507 3481 spiritus
1535 3412 1776 3471 habitare
1807 3417 1862 3472 in

276 3480 516 3555 homine,
548 3490 602 3535 et
631 3479 712 3555 ab_
729 3495 796 3535 eo
822 3480 994 3555 exire.
1026 3480 1210 3555 Neque
1237 3479 1414 3539 tamen
1442 3484 1513 3538 ita
1541 3501 1738 3555 corpus
1768 3486 1866 3544 ho-

276 3550 441 3605 minis
461 3549 677 3624 dzemon
704 3550 1020 3620 ingreditur,
1052 3549 1182 3624 ut'ei
1216 3564 1486 3624 tamquam
1511 3549 1682 3611 lorm'a
1707 3558 1864 3614 unia-

278 3630 391 3684 tnr,
419 3629 516 3676 aut
538 3620 591 3675 in
621 3621 717 3678 illo
741 3624 833 3688 sit,
862 3623 1130 3692 quomodo
1171 3623 1224 3678 in
1251 3620 1482 3693 corpore
1508 3626 1651 3683 Deus
1678 3629 1865 3686 intime

273 3701 330 3747 et
373 3693 742 3768 essentialiter
774 3693 933 3768 inest,
975 3702 1034 3750 ut
1069 3695 1122 3749 in
1161 3697 1410 3751 omnibus
1441 3698 1607 3752 rebus
1648 3715 1746 3768 per
1774 3716 1864 3757 es-

275 3765 896 3834 sentiam,pr:esentiam
913 3773 965 3820 et
991 3769 1315 3834 potentiam;
1345 3769 1438 3822 sed
1466 3779 1547 3822 est
1568 3765 1866 3826 ibi'solnmo

274 3834 440 3888 modo
480 3845 539 3908 ut
583 3835 824 3908 in_loco,
865 3836 948 3890 vel
991 3847 1048 3890 ut
1086 3849 1264 3893 motor
1301 3839 1353 3893 in
1395 3853 1494 3892 suo
1535 3842 1742 3908 mobili,
1775 3844 1864 3899 vel

273 3911 453 4030 zona:-
484 3903 550 4047 ig)
569 3905 761 3962 eodem
791 3922 1010 3963 carcere
1048 3923 1167 3964 cum
1201 3924 1294 3965 reo
1324 3909 1409 3980 (S.
1438 3909 1626 3968 Thom.
1660 3903 1774 3984 ipl,
1809 3931 1861 3984 q.

314 4019 327 4039 ,
359 3992 423 4030 ar
449 4016 464 4029 .
500 3999 508 4006 -
560 4016 574 4029 .

314 4019 327 4039 ,
359 3984 464 4030 art.
492 3984 574 4039 ὅ).

345 4056 390 4124 -_
423 4046 538 4124 Qui
568 4062 611 4124 a.
636 4047 864 4124 diabolo
905 4051 1204 4124 secundum
1251 4067 1446 4122 corpus
1491 4055 1860 4124 possidentur,

273 4117 483 4192 Latinis
523 4118 739 4188 quidem
781 4121 1066 4192 arreptitii,
1109 4123 1312 4179 Gnecis
1349 4117 1862 4192 vero'dmmoniaci,

273 4191 359 4268 vel
392 4191 740 4268 iunpo/adpraei
762 4191 1040 4257 vocantur,
1073 4193 1225 4268 quasi
1257 4196 1362 4250 acti
1393 4196 1460 4249 ab
1490 4198 1670 4268 aliquo
1700 4191 1866 4253 inex-F

272 4259 941 4326 istenté,'et'intrinsecus
968 4259 1161 4335 agente
1191 4265 1455 4321 daemone.
1491 4267 1548 4322 In
1579 4259 1659 4324 eis
1691 4273 1859 4335 enim,

271 4343 328 4384 et
355 4347 455 4398 per
473 4347 590 4400 eos,
617 4342 676 4388 ut
698 4335 1028 4404 experientia
1059 4346 1244 4390 notum
1275 4347 1378 4402 est,
1402 4340 1549 4393 varia
1575 4351 1627 4393 ct
1657 4341 1862 4394 miran—

272 4404 342 4457 da
378 4414 676 4467 operantur
705 4405 1003 4470 daemones,
1037 4409 1405 4474 perturbando
1435 4410 1642 4463 scilicet
1671 4424 1860 4465 eorum

275 4488 476 4548 sensus
505 4474 798 4548 interiores
817 4484 874 4530 et
901 4479 1222 4543 exteriores,
1240 4489 1295 4534 et
1326 4481 1622 4548 appetitum
1649 4481 1860 4537 illorum

274 4543 329 4598 in
385 4546 502 4616 [nec
555 4552 648 4600 aut
700 4546 787 4600 illa
850 4548 1212 4616 impellentes,
1261 4565 1324 4604 ac
1363 4543 1622 4605 erunibus
1674 4567 1859 4606 eorum

275 4615 538 4670 lllt‘lnltl‘ls
580 4623 637 4671 et
675 4617 890 4682 organis
930 4615 1034 4687 pro
1073 4635 1166 4673 sua
1213 4623 1490 4676 voluntate
1521 4631 1752 4687 utentes,
1803 4633 1861 4678 ut

1969 2924 2028 2969 ut
2049 2913 2236 2980 vitam,
2262 2913 2333 2968 ita
2362 2921 2418 2968 et
2443 2916 2702 2975 mentem,
2731 2908 2782 2964 id
2811 2917 2918 2974 est,
2951 2908 3478 2980 mentissamtatem,
3508 2919 3564 2964 ct

1965 2979 2230 3056 judicium
2267 2983 2372 3040 .Iob
2392 2983 2643 3056 eripere,
2681 2980 2914 3056 si__l)eus
2944 2979 3300 3050 permisisset,
3333 2993 3561 3049 quorum

1974 3051 2266 3134 utrumque
2296 3053 2474 3134 verbis
2499 3053 2605 3134 illis
2628 3051 2885 3134 inhibuit.
2986 3129 2998 3134 _
3035 3121 3048 3134 .

2044 3127 2070 3166 ά
2100 3121 2276 3184 Mente
2308 3125 2520 3182 scilicet
2547 3123 2878 3190 abalienata,
2911 3129 3005 3177 aut
3033 3121 3087 3177 in
3118 3121 3356 3180 furorem
3397 3135 3453 3182 et
3480 3129 3555 3184 in.

1973 3201 2181 3257 saniarn
2211 3199 2452 3261 redacta,
2484 3203 2579 3251 aut
2611 3195 2824 3264 penitus
2850 3193 3130 3250 sull'ocata.
3158 3192 3392 3252 Mentem
3414 3195 3560 3256 enim
3606 3211 3621 3224 ‘

1973 3271 2114 3339 apud
2149 3280 2363 3327 veteres
2399 3268 2505 3323 dici
2538 3265 2836 3337 principale
2865 3266 3070 3339 cordis,
3101 3267 3348 3339 superius
3371 3283 3438 3324 ex
3470 3270 3555 3326 Di-

1971 3335 2136 3416 d'ymo
2162 3342 2468 3416 didicimus,
2497 3335 2586 3408 qui
2618 3335 2850 3416 mentem
2883 3349 2950 3416 et_
2968 3335 3270 3405 principale
3296 3341 3479 3416 cordis
3507 3350 3560 3397 et

1965 3406 2188 3487 adytum
2211 3413 2394 3487 cordis
2418 3406 2714 3487 nuncupat.
2746 3406 2856 3487 Pjec
2878 3408 3069 3487 m_i_uus_
3085 3417 3288 3487 aperte_
3292 3409 3560 3487 Origenes

1965 3477 2195 3558 Didyme
2225 3483 2495 3554 antiquior
2527 3477 2794 3558 ltoinil.__
2833 3480 2884 3534 in
2919 3477 3164 3558 Exodum
3197 3494 3212 3536 :
3243 3477 3444 3558 Potest,
3479 3484 3549 3558 in.

1966 3549 2104 3628 quit,
2131 3556 2269 3610 intra
2299 3549 2534 3628 se'agere
2562 3568 2684 3628 pars
2707 3549 2822 3614 illa,
2843 3565 2973 3628 qua:
2998 3549 3052 3628 in
3093 3566 3151 3602 eo
3186 3559 3260 3628 est
3299 3554 3562 3628 pretiosis-

1963 3620 2362 3690 s'ima'omuium,
2383 3620 2522 3695 quod
2543 3620 2754 3693 quidam
2773 3621 3058 3695 principale
3075 3620 3247 3695 cordis
3261 3620 3558 3695 appellant,

1965 3700 2059 3753 alii
2097 3691 2405 3752 rationalem
2425 3691 2627 3749 sensum
2654 3702 2739 3747 aut
2769 3691 3161 3763 intellectualem
3190 3691 3552 3763 substantiam,

1965 3769 2044 3824 vel
2084 3769 2559 3841 quomodocumth
2593 3763 2848 3836 appellari
2891 3772 3056 3835 potest
3093 3762 3162 3841 in_
3190 3761 3361 3841 nobis.
3381 3761 3552 3841 portio

1967 3832 2129 3896 nostri
2171 3841 2274 3911 illa,
2302 3855 2390 3911 per
2428 3832 2581 3911 quam
2621 3832 2833 3911 capaces
2867 3832 2978 3889 esse
3005 3832 3272 3911 possimus
3319 3832 3438 3890 Dei.
3483 3836 3554 3911 Et

1968 3911 2156 3966 liomii.
2187 3911 2222 3964 2
2265 3903 2321 3964 in
2354 3903 2557 3963 Cantia.
2591 3924 2629 3971 ι,
2674 3903 2974 3976 interprete
3005 3903 3066 3958 Β.
3099 3903 3452 3976 Hieronymo,
3487 3908 3555 3962 ad

1967 3983 2098 4038 illud
2135 4000 2146 4036 :
2179 3979 2243 4035 In
2278 3981 2447 4035 medio
2468 3979 2676 4034 uberum
2702 3975 2934 4031 meorum
2954 3975 3376 4030 commorabitur.
3402 3979 3557 4044 Quis,

1967 4053 2162 4124 inquit,
2207 4055 2281 4107 ita
2321 4052 2521 4124 beatus,
2566 4060 2622 4104 ut
2663 4049 2844 4124 habeat
2886 4047 3136 4116 hospitem
3178 4049 3233 4100 in
3274 4048 3559 4124 principali

1967 4118 2221 4190 cofde,'in
2245 4124 2412 4177 medio
2435 4121 2668 4184 uberum,
2695 4121 2745 4173 iu
2774 4129 2978 4187 pectore
2996 4135 3090 4171 suo
3113 4118 3397 4172 renuntiem
3423 4118 3524 4176 Dei
3534 4123 3560 4176 .’

1970 4195 2069 4252 Ubi
2105 4195 2388 4266 legendum
2419 4193 2476 4266 in
2503 4191 2782 4266 principali
2809 4191 3001 4266 cordis,
3038 4199 3187 4244 recte
3216 4197 3400 4266 intonet
3420 4191 3556 4266 lita-

1966 4260 2182 4322 coniusf
2210 4266 2342 4321 Nam
2367 4272 2425 4320 et
2444 4260 2512 4319 Si
2541 4264 2898 4334 Hieronymus
2926 4260 3022 4334 lib.
3057 4275 3070 4313 ι
3099 4260 3557 4334 contradovinia-

1968 4353 2095 4408 num
2127 4353 2246 4408 cap.
2281 4338 2347 4392 l7
2376 4338 2448 4408 ita
2483 4336 2612 4403 legit
2655 4352 2666 4386 :
2717 4331 3006 4387 Fratruelis
3043 4346 3195 4408 meus
3211 4332 3357 4408 mihi,
3391 4342 3437 4387 ct
3465 4350 3558 4408 ego

1965 4407 2079 4474 illi;
2109 4410 2163 4463 in
2194 4402 2362 4461 irradia
2387 4402 2597 4460 uberum
2625 4420 2856 4458 nieorum
2881 4402 3304 4474 commorabitur,
3333 4403 3385 4474 in
3413 4402 3559 4468 prii:-

1965 4473 2123 4548 cipali
2151 4479 2348 4540 cordis,
2377 4478 2462 4548 ubi
2485 4492 2651 4548 sermo
2685 4475 2779 4528 Dei
2809 4473 2956 4527 habet
2977 4473 3280 4548 hospitium,
3309 4473 3559 4548 alludeus

1966 4545 2032 4604 ad
2054 4551 2218 4606 verba
2245 4547 2519 4618 Origenis.
2548 4546 2674 4601 Ideo
2694 4555 2875 4618 autem
2906 4560 3081 4618 meus,
3104 4545 3218 4598 sive
3243 4546 3382 4618 ratio
3409 4546 3554 4618 prin:

1966 4621 2139 4689 cipale
2179 4615 2364 4675 cordis
2403 4618 2608 4673 dictum
2652 4617 2895 4689 videtur,
2933 4615 3240 4689 quodcum
3291 4615 3555 4689 Platonici

273 4688 358 4762 yet
393 4687 661 4755 loquelam
695 4688 779 4762 vel
808 4685 1050 4743 auditum
1074 4693 1158 4762 reis
1186 4692 1451 4761 adimant,
1486 4696 1566 4746 vel
1610 4685 1854 4762 qnze'vo-
1887 4688 1936 4748 D
1965 4685 2258 4761 principale
2305 4691 2520 4753 animm,
2565 4688 2708 4756 quod
2745 4685 3114 4762 recubante?)
3152 4688 3474 4762 imponatis,
3500 4685 3554 4762 in

274 4755 394 4832 lunt
429 4773 523 4824 per
540 4774 646 4832 eos
677 4759 1018 4830 eloquuntur.
1053 4761 1182 4829 Quze
1209 4755 1572 4832 quidem'lieri
1609 4755 1676 4818 ab
1707 4763 1861 4819 inha-

271 4825 486 4882 bitante
521 4825 797 4893 daemone;
820 4840 874 4884 et
907 4847 1010 4886 non
1047 4825 1197 4886 citra
1228 4825 1512 4888 'hominem
1543 4837 1860 4901 constituto,

273 4908 428 4972 patet
449 4907 560 4972 tum
588 4915 655 4957 ex
673 4915 739 4956 eo
759 4902 900 4970 quod
927 4902 979 4956 in
1009 4902 1299 4972 Evangelio
1324 4907 1480 4959 teties
1504 4908 1554 4958 in
1579 4909 1862 4963 curatione

274 4969 735 5046 daeinoitiacorum
777 4969 1000 5046 dicatur
1059 4969 1307 5046 Salvator
1361 4975 1633 5030 daemones
1687 4993 1862 5046 expu-

275 5035 409 5116 lisse
445 5036 686 5116 jubendo
729 5051 786 5116 ut
825 5043 892 5095 ab
935 5044 1238 5116 hominibus
1275 5048 1509 5109 exirent,
1557 5056 1666 5100 tum
1717 5035 1858 5116 quod

274 5108 601 5186 pler-tnnque
645 5109 696 5186 in
745 5109 1096 5186 daemoniacis
1143 5116 1271 5168 ﬂant
1315 5132 1434 5184 qum
1482 5108 1586 5169 non
1635 5108 1861 5186 possunt

277 5177 393 5254 lieri
437 5181 538 5232 nisi
582 5194 612 5254 ε)
656 5181 916 5254 dzemnne
947 5183 1295 5252 iuexistente,
1333 5177 1404 5239 ἰιι
1453 5177 1778 5254 inﬂationes,
1807 5198 1863 5244 et

272 5250 380 5302 alia
427 5265 550 5319 qua:
589 5250 644 5304 in
685 5251 950 5318 possessis
989 5250 1302 5308 cernuntur.
1361 5257 1511 5312 Unde
1562 5250 1863 5314 communis

274 5319 652 5390 theologorum
695 5322 971 5378 distinctio
1013 5325 1113 5379 hoc
1158 5325 1444 5380 discrimen
1492 5331 1679 5383 statuit
1723 5331 1865 5385 inter

271 5392 535 5464 obsessos
561 5400 947 5464 etpossessos,
977 5397 1117 5464 quod
1146 5396 1197 5450 in
1227 5397 1308 5450 bis
1331 5400 1401 5451 sit
1425 5399 1634 5454 daemon
1664 5408 1721 5455 ut
1749 5408 1868 5456 erat

274 5462 332 5514 in
366 5463 558 5516 statuis
589 5461 855 5536 idolorum
889 5461 1326 5536 nonnumquam:
1357 5470 1474 5523 illos
1504 5486 1632 5524 vero
1663 5474 1866 5526 extrin-

272 5545 437 5604 secus
469 5535 840 5590 tantummodo
871 5535 1109 5603 divcxet,
1141 5535 1407 5604 obsideat,
1436 5551 1527 5594 aut
1552 5545 1858 5596 comite-‘ur.

351 5602 377 5641 δ
523 5607 904 5684 energurncnis
935 5602 1102 5684 modo
1124 5609 1328 5684 dictum
1368 5602 1450 5665 est
1481 5611 1638 5682 (Cap.
1672 5629 1864 5684 prirceo

223 5737 234 5749 ι
275 5672 474 5749 denti),
501 5672 739 5749 quorum
769 5675 888 5749 duce
913 5677 1122 5747 species
1153 5681 1235 5734 hic
1264 5672 1661 5749 exprimuntur.

223 5745 234 5756 '
355 5755 395 5822 ¢_
412 5745 660 5801 Animam
701 5754 811 5800 tam
843 5748 910 5822 d‘e
941 5745 1046 5803 vita
1077 5745 1351 5820 corporali
1378 5769 1538 5822 quam
1567 5756 1634 5808 de
1666 5755 1864 5810 mentis

275 5817 514 5874 sanitate
548 5829 826 5888 exponunt
865 5818 1071 5875 Patres.
1125 5817 1561 5880 Potuisset'enim
1593 5824 1859 5894 diabolus,

586 5914 865 5974 Panos.
907 5915 1042 5976 XLI
1059 5919 1133 5976 Χ.

1968 4757 2196 4818 cerebro
2236 4777 2358 4817 esse
2395 4768 2705 4823 censerent,
2747 4757 3039 4813 Christiani
3083 4772 3114 4812 e
3159 4757 3376 4812 diverso
3421 4757 3553 4812 illud

1966 4835 2147 4904 potius
2178 4834 2230 4886 in
2263 4832 2426 4904 corde
2454 4830 2826 4904 collo_ca_ndt_un
2858 4837 3128 4904 putarent.
3167 4827 3318 4904 [inde
3355 4826 3552 4883 Iliero-

1967 4898 2161 4979 itymus
2192 4905 2251 4979 in
2289 4903 2450 4979 epist.
2480 4901 2546 4979 ad
2581 4898 2880 4979 Fabiolam,
2916 4899 3006 4979 ubi
3038 4898 3149 4979 agit
3177 4898 3245 4979 de
3275 4906 3436 4979 veste.
3465 4911 3547 4979 sa-

1965 4969 2225 5031 cerdotali
2275 4992 2288 5029 :
2327 4969 2618 5038 'Qua’ritur,
2662 4972 2852 5036 inquit,
2895 4970 2980 5023 ubi
3020 4971 3086 5022 sit
3129 4969 3318 5022 animai
3353 4969 3550 5039 princi-

1960 5047 2120 5112 pale?
2153 5045 2305 5099 Plato
2342 5045 2396 5098 in
2437 5045 2667 5106 cerebro,
2705 5042 2940 5098 Christus
2977 5049 3240 5112 monstrat,
3277 5041 3328 5112 in
3373 5041 3549 5095 corde.

1963 5109 2109 5172 Beati
2137 5117 2330 5170 mundo
2359 5117 2534 5181 corde,
2566 5115 2807 5178 quoniam
2834 5112 2935 5182 ipsi
2963 5109 3128 5164 Deum
3158 5110 3429 5182 videbunt;
3454 5119 3547 5166 et.

1965 5187 2046 5242 De
2069 5189 2224 5241 corde
2251 5180 2531 5257 procedunt
2556 5180 3097 5257 cogitatioucama‘lag;
3123 5191 3175 5257 et
3207 5195 3227 5234 .'
3251 5180 3390 5246 Quid
3413 5185 3554 5257 cogi:

1969 5261 2089 5333 tatis
2131 5250 2346 5333 nequam
2384 5257 2440 5333 ig
2479 5250 2724 5333 cordibus
2763 5250 3203 5333 vestris‘(M‘att.h.
3237 5267 3286 5305 v.
3321 5267 3396 5317 tx,
3427 5250 3553 5333 xii?

1968 5329 2116 5384 Idem
2159 5321 2356 5383 docent
2398 5326 2758 5382 Tertullianus
2797 5324 2890 5377 lib.
2939 5321 3009 5377 de
3051 5321 3243 5378 Anima
3289 5337 3408 5391 cap.
3462 5323 3552 5390 15,

1968 5399 2576 5475 Theodoretus_0t_'at._3
2598 5399 2666 5451 de
2694 5393 3031 5475 Providentia
3042 5435 3066 5475 ,_
3087 5393 3384 5475 Gregorius
3411 5392 3551 5475 Nys-

1969 5486 2131 5526 senus
2162 5483 2302 5524 orat.
2338 5470 2363 5523 I
2399 5468 2466 5523 de
2494 5466 2916 5523 Resurrectione
2941 5464 3161 5522 Christi.
3181 5464 3375 5531 quibus
3405 5464 3552 5533 prin-

1970 5543 2144 5611 cipale
2174 5542 2374 5595 dicitur
2404 5541 2758 5609 principatus,
2787 5535 2874 5611 vel
2906 5534 3340 5611 ut_'l‘crtt_t_l|i_ano_
3359 5536 3554 5604 princi-

1969 5605 2176 5680 palitas,
2205 5612 2255 5666 id
2282 5620 2385 5674 est,
2405 5605 2684 5680 'przceipua
2713 5607 2872 5680 sedes
2894 5605 3297 5680 animm:_Solus
3321 5605 3555 5680 Lactan-

1969 5676 2073 5738 tius
2103 5676 2244 5756 (Lib.
2273 5683 2336 5736 de
2367 5676 2557 5756 ρρξβσ,
2587 5676 2756 5756 Deic.
2792 5677 2881 5747 16)
2913 5677 2968 5756 in
3010 5676 3175 5756 dubio
3210 5677 3361 5746 ponit
3397 5694 3480 5756 an
3497 5681 3552 5735 in

1965 5747 2135 5812 corde
2161 5769 2228 5808 an
2257 5747 2483 5810 cerebro
2511 5752 2582 5807 sit
2610 5749 2770 5806 sedes
2798 5747 3018 5804 mentis.
3055 5748 3249 5804 Verum
3280 5751 3553 5816 pomerius

1967 5825 2068 5882 boc
2098 5827 2161 5882 D.
2193 5825 2554 5894 Hieronymus
2585 5819 2896 5878 nominatim
2925 5819 3202 5890 impugnat
3232 5819 3322 5878 ubi
3351 5835 3536 5892 supra;

2999 5920 3079 5978 22
