4012 6336
1124 419 1350 483 CAPUT
1388 417 1532 478 Xlil.

568 521 726 595 Quod
753 519 969 594 spiritus
999 517 1207 595 spiritui
1241 515 1711 595 penetrabilis_esse
1752 532 1854 572 non
1867 518 2044 590 possit
2063 557 2080 588 ,

968 585 1058 647 sed
1087 585 1393 661 incorporeo
1427 586 1526 643 soli
1556 585 1687 642 Deo.

604 719 632 750 ι
658 708 766 766 Nec
791 707 935 766 enim
965 707 1010 762 si
1039 719 1241 762 crassa:
1273 701 1397 759 huic
1427 701 1724 775 solidaeque
1754 702 2026 769 materiae,
2062 700 2117 758 id

533 814 650 872 est,
682 801 835 860 carni
878 800 1103 872 Spiritus
1147 797 1499 865 admiscetur,
1529 798 1674 868 quod
1704 797 1822 852 fieri
1862 796 2118 852 facillime

522 905 747 970 potest,
779 897 980 953 idcirco
1009 902 1065 952 et
1101 894 1335 962 animas,
1368 908 1489 968 qua:
1529 891 1712 948 itidem
1744 890 1970 963 spiritus
1993 899 2109 957 est,

521 990 597 1049 ita
642 991 782 1048 uniri
827 1003 986 1062 posse
1023 987 1287 1054 creditur,
1339 995 1398 1042 ut
1443 1001 1561 1043 eam
1603 999 1816 1057 quoque
1860 983 2114 1040 similiter

519 1099 637 1142 sua:
665 1091 876 1140 natura:
903 1081 1097 1139 reddat
1127 1095 1407 1150 capacem.
1431 1079 1587 1151 Quod
1611 1078 1713 1135 soli
1740 1085 1825 1134 est
1853 1075 2114 1151 possibile

520 1179 778 1238 Trinitati
805 1223 820 1249 ,
869 1193 991 1248 qua:
1038 1175 1119 1236 sic
1162 1176 1434 1232 universas
1475 1172 1862 1231 intellectualis
1908 1181 2112 1227 naturae

518 1271 758 1332 efﬁcitur
808 1270 1180 1344 penetratrix,
1243 1279 1303 1326 ut
1348 1283 1460 1324 non
1511 1268 1689 1324 solum
1735 1263 2111 1336 circumplecti

1588 302 1868 362 JOANNIS
1907 301 2218 363 cassum
2256 288 2754 363 COLLATIONES.
3698 305 3825 373 est.

2151 425 2208 485 Α
2231 435 2351 478 eam
2380 427 2543 492 atque
2565 420 2812 489 ambire,
2843 420 2941 478 sed
2968 418 3133 479 etiam
3176 419 3326 480 illabi
3351 423 3400 481 el
3423 467 3438 494 ,
3468 432 3523 483 et
3545 423 3689 486 velut
3714 429 3794 487 in-

2225 527 2486 585 corporea
2517 514 2735 584 corpori
2763 513 2933 584 possit
2960 513 3168 572 infundi
3197 514 3359 590 (Vide
3378 527 3553 574 notata
3572 521 3848 593 superius»

2223 608 2293 661 ad
2317 623 2433 680 cap.
2451 605 2565 676 10).
2590 605 2744 663 Licet
2763 608 2906 664 enim
2934 609 3346 679 pronuntiemus
3375 615 3660 674 nonnullas
3683 634 3795 678 esse

2221 704 2498 776 spiritales
2530 713 2785 774 naturas,
2817 714 2875 761 ut
2899 712 3030 762 sunt
3056 707 3277 778 angeli,
3306 707 3613 779 archangeli
3641 720 3795 768 caste-

2222 813 2406 868 raeque
2431 799 2658 854 virtutes
2676 842 2690 866 ,
2718 800 2833 867 ipsa
2862 814 3078 871 quoque
3103 801 3280 856 anima
3304 811 3489 858 nostra
3506 841 3523 869 ,
3549 803 3635 859 vel
3658 815 3795 863 certe

2219 905 2314 948 aer
2361 889 2466 947 iste
2515 890 2764 960 subtilis,
2811 890 2839 929 ι)
2882 900 3062 948 tamen
3111 891 3449 964 incorporeas
3502 894 3805 954 nullatenus-

2219 981 2540 1042 aestimanda
2569 994 2717 1040 sunt.
2770 981 2985 1039 ilabent
3025 983 3168 1039 enim
3207 983 3505 1042 secundum
3535 1001 3593 1043 se
3611 1001 3792 1059 corpus

2218 1090 2326 1147 quo
2353 1074 2679 1144 subsistunt,
2704 1074 2833 1133 licet
2861 1076 3032 1132 multo
3064 1077 3281 1133 tenuius
3312 1092 3474 1150 quam
3504 1095 3624 1137 nos.
3669 1081 3790 1139 Nam

2215 1178 2344 1228 sunt
2370 1183 2603 1242 corpora
2631 1169 2932 1228 secundum
2963 1169 3216 1242 Apostoli
3257 1173 3586 1229 sententiam
3617 1173 3684 1230 ita
3713 1177 3790 1232 di-

2217 1267 2428 1325 centis:
2461 1267 2532 1324 Et
2558 1284 2777 1342 corpora
2802 1267 3026 1326 cmlestia
3051 1276 3101 1325 et
3132 1270 3396 1326 terrestria
3423 1269 3482 1344 (ι
3508 1271 3626 1330 Cor.
3657 1274 3786 1348 xv),

1583 1379 1842 1436 ALARDI
1879 1376 2115 1436 GAZEI
2149 1375 2716 1441 COMMENTARIUS.

518 1513 576 1564 et
600 1519 769 1562 sacra:
794 1503 991 1562 littera:
1018 1501 1187 1573 magis
1215 1499 1582 1566 consentiunt,
1602 1512 1732 1573 (quae
1753 1495 2114 1573 cogitationes

516 1579 752 1634 hominis
788 1577 842 1633 in
881 1576 1046 1632 corde
1075 1571 1158 1630 vel
1196 1576 1249 1629 in
1283 1580 1507 1642 pectore
1532 1571 1800 1628 collocare
1829 1571 2108 1642 videntur.

515 1651 657 1707 Hinc
696 1650 758 1705 D.
794 1649 1114 1706 Ambrosius
1157 1637 1326 1703 serui.
1367 1646 1428 1700 ii
1482 1646 1533 1700 in
1578 1642 1716 1712 psal.
1756 1656 1921 1697 cxth
1962 1658 1975 1692 :
2009 1637 2116 1712 lgor

515 1731 686 1788 tuum,
716 1721 911 1790 inquit,
943 1719 1334 1793 cogitationum
1355 1727 1560 1793 tuarum
1582 1710 1658 1770 est
1688 1713 1968 1784 scaturigo.
2006 1710 2113 1767 Eu-

517 1794 642 1852 dem
673 1788 910 1867 pertinet
939 1788 1069 1847 illud
1101 1788 1338 1846 Lucretii
1367 1789 1462 1844 lib.
1492 1803 1548 1843 ιιι
1583 1805 1594 1841 :

612 1931 896 1993 Consilium,
914 1929 1045 1995 quod
1058 1944 1159 1995 nos
1182 1931 1422 1995 animum,
1440 1935 1762 1995 mentemque
1786 1940 2044 1992 vocamus;

607 1995 764 2062 quue
783 1993 1115 2046 situm—media
1136 1995 1346 2057 regione
1370 1993 1421 2042 in
1445 1993 1662 2057 pectoris
1685 1993 1860 2042 haeret.

514 2143 574 2220 in
603 2162 708 2220 qua
737 2146 900 2220 etiam
945 2145 1211 2220 sententia
1254 2158 1352 2220 eos
1393 2143 1564 2220 fuisse
1606 2141 1877 2220 signiﬁcat
1916 2141 2109 2198 Cicero

512 2214 736 2274 Tuscul.
768 2219 972 2288 Quast.
1007 2217 1102 2273 lib.
1135 2232 1190 2285 ι,
1222 2219 1316 2286 qui
1347 2214 1641 2284 prudentes
1665 2214 1920 2288 cordatus
1951 2228 2108 2288 voca-

511 2290 681 2356 bant,
729 2285 938 2359 ex'quo
983 2289 1176 2350 etiam.
1227 2285 1778 2359 i:nquit,_excordes,
1832 2285 2103 2359 vecordes,

511 2356 894 2445 concordesque
920 2361 1188 2445 dicuntur.
1222 2356 1396 2445 Quam
1426 2356 1626 2445 itidem‘
1654 2357 1978 2445 sententiain
2019 2370 2104 2412 se—

511 2434 695 2504 quitur
725 2429 1047 2488 Aristoteles
1066 2431 1174 2504 (lib.
1211 2429 1278 2486 de
1303 2430 1479 2504 Sensit
1508 2440 1562 2504 et
1591 2429 1813 2485 Sensib.

592 2513 620 2543 ι
652 2505 707 2560 Id
739 2514 858 2570 est,
891 2504 996 2559 etsi
1047 2503 1284 2563 daemon.
1322 2501 1415 2569 qui
1457 2501 1679 2571 spiritus
1721 2511 1803 2557 est
1827 2543 1841 2568 ,
1874 2515 2102 2567 corpora

515 2577 786 2632 subintret
813 2585 869 2632 et
899 2574 1208 2644 possideat,
1244 2587 1352 2630 non
1382 2573 1506 2628 inde
1537 2587 1878 2640 consequens
1921 2581 2006 2628 est
2048 2581 2104 2626 ut

511 2660 564 2704 et
616 2651 827 2702 animas
874 2647 1187 2702 subintrare
1235 2655 1290 2700 et
1342 2654 1632 2712 penetrare
1683 2646 1891 2712 possit;
1950 2644 2102 2714 quasi

511 2735 642 2776 vero
671 2719 848 2774 anima
878 2717 1112 2772 hominis
1133 2758 1149 2783 ,
1183 2731 1303 2786 quae
1334 2725 1419 2770 est
1449 2716 1620 2770 forma
1653 2717 1904 2787 corporis
1929 2759 1942 2783 ,
1975 2715 2103 2771 sub-

514 2791 660 2845 tilior
695 2791 770 2844 sit
817 2788 1134 2860 spiritibus,
1185 2787 1238 2843 id
1291 2796 1417 2860 est,
1464 2787 2103 2860 dannonibus,homines

511 2862 740 2918 subinde
777 2858 1208 2931 possidentibus.
1256 2861 1324 2913 At
1370 2859 1463 2916 hic
1491 2875 1646 2918 error
1693 2874 1724 2916 e
1762 2858 1948 2916 schola
1980 2859 2101 2914 Pla-

513 2934 693 2988 tonica
719 2933 850 2988 olim
881 2933 988 2987 late
1015 2946 1075 2987 se
1107 2931 1342 2990 diffudit.

583 3003 611 3043 δ
639 3004 876 3074 Angelos
898 3003 1016 3057 sive
1041 3002 1234 3074 bonos,
1264 3003 1384 3058 sive
1415 3001 1626 3070 malos,
1657 3001 1710 3058 id
1741 3008 1862 3069 est,
1895 3000 2099 3060 daemo-

510 3090 610 3132 nes
638 3073 747 3131 non
773 3089 894 3132 esse
919 3075 1140 3130 omnino
1169 3073 1522 3142 incorporeos
1541 3115 1556 3136 ,
1596 3075 1692 3130 sed
1733 3074 2054 3144 corporibus
2078 3117 2092 3141 ,

509 3158 606 3204 aut
633 3147 814 3204 aereis
835 3187 849 3211 ,
877 3155 969 3200 aut
995 3144 1375 3200 subtilissimis
1403 3145 1664 3216 praeditos
1687 3187 1700 3209 ,
1729 3143 1883 3200 vetus
1913 3143 2010 3201 iuit
2041 3155 2095 3202 et

509 3221 725 3288 vulgata
754 3219 1044 3274 multorum
1066 3217 1230 3272 etiam
1257 3217 1681 3276 orthoduxorum
1707 3217 1889 3284 opinio
1915 3233 1946 3273 e
1974 3216 2094 3273 Pla-

509 3292 816 3347 tonlcorum
843 3290 1318 3360 scliolis‘accepta.
1351 3289 1462 3345 Etsi
1491 3288 1636 3344 enim
1666 3291 1797 3360 satis
1827 3289 2093 3360 intellige-

2223 1498 2520 1568 angelicam
2563 1498 2816 1556 videlicet
2860 1509 2916 1558 et
2964 1501 3329 1569 mundanam,
3380 1503 3474 1562 ubi
3517 1507 3788 1569 manifeste

2223 1571 2583 1650 distinguitur
2615 1573 2881 1650 spiritalis
2918 1583 3208 1650 creatura,
3257 1575 3312 1632 id
3353 1589 3469 1650 est.
3501 1581 3732 1650 angelica
3761 1600 3788 1640 a

2223 1642 2797 1720 corporali._Deniqu_e
2841 1646 2972 1720 quia
3009 1647 3192 1720 plures
3233 1658 3289 1705 et
3328 1642 3787 1720 pleriquevPatres

2223 1721 2332 1768 tam
2355 1712 2530 1770 Graeci
2563 1712 2723 1785 quam
2757 1712 2936 1770 Latini
2961 1712 3026 1770 in
3046 1718 3146 1772 hac
3175 1712 3446 1775 sententia
3473 1712 3788 1782 conveniunt

2224 1793 2279 1840 et
2309 1786 2638 1841 unanimiter
2668 1787 2866 1842 docent
2893 1788 3118 1857 angelos
3144 1797 3255 1844 tum
3286 1790 3457 1846 bonos
3489 1802 3599 1849 tum
3627 1797 3787 1854 malos

2221 1858 2460 1933 οιιιέιὶιιοΔ
2495 1858 2844 1933 incorporeas
2883 1874 3048 1933 esse,
3094 1871 3151 1933 et
3204 1868 3450 1933 materia:
3501 1881 3781 1933 expertes:

2139 1935 2188 1996 Β
2214 1941 2246 1984 e
2287 1925 2494 2013 Graecis
2541 1925 2828 2013 Diopysius
2870 1925 3191 2013 greopmde
3237 1931 3461 2013 Caelesti
3505 1925 3783 2013 ljierarclt.

2213 2014 2344 2078 cap:
2368 2002 2402 2055 ‘2
2432 2010 2486 2055 et
2523 2001 2590 2056 de
2634 2001 2839 2078 Divinis
2881 2001 3203 2078 Nominibus
3241 2005 3435 2078 cap._4
3457 2051 3472 2074 ,
3503 2007 3782 2078 Gregorius

2212 2071 2562 2149 basianzepa
2592 2083 2733 2149 orat.
2783 2074 2818 2127 2
2867 2073 2953 2149 de_
2987 2071 3332 2146 Theologia,"
3371 2071 3784 2149 Chrysosiomus

2213 2142 2405 2221 homil.
2437 2144 2507 2221 22
2551 2144 2602 2200 ln
2635 2143 2834 2221 Cenes.
2859 2187 2874 2212 ,
2924 2142 3432 2221 Datnasceritis'lib:
3466 2142 3526 2221 ιι
3557 2166 3675 2221 cap.
3717 2155 3778 2217 ὃς

2211 2230 2266 2292 e_
2288 2214 2492 2292 Latinis
2541 2231 2678 2292 unus
2716 2217 2839 2292 vice
2860 2218 3102 2292 om_uiutn
3133 2219 3367 2292 sufﬁciat
3401 2218 3464 2272 D.
3498 2214 3779 2292 Gregorius

2212 2285 2308 2364 lib.
2354 2301 2405 2340 tv
2446 2286 2634 2341 Moral.
2681 2302 2781 2364 cap
2919 2286 3100 2364 Quas,
3143 2290 3348 2360 inquit,
3397 2292 3465 2344 ad
3510 2285 3784 2364 intelligen-

2209 2358 2334 2434 dum
2364 2374 2417 2413 se
2443 2369 2706 2434 creatures
2752 2359 2870 2430 fecit
2917 2359 3058 2414 Dens
3081 2401 3096 2426 ,
3146 2358 3434 2434 angelicam
3474 2358 3702 2420 uidelicet
3737 2374 3781 2419 ct

2207 2427 2527 2502 humanam;
2554 2432 2644 2485 sed
2674 2427 2777 2486 una
2821 2440 3020 2502 tegmen
3065 2427 3240 2489 carnis
3282 2433 3500 2500 habuit,
3547 2436 3651 2491 alia
3674 2453 3780 2493 uero

2209 2500 2340 2580 nillil
2387 2503 2763 2580 iri/immune
2814 2500 2972 2580 carne
3019 2505 3253 2578 gestavit.
3303 2505 3536 2580 Angelus
3577 2525 3782 2580 namque

2207 2570 2529 2646 solummodo
2554 2574 2768 2646 spiritus
2795 2585 2866 2628 est
2887 2617 2902 2641 ,
2932 2570 3084 2628 horno
3103 2592 3230 2646 (vero
3255 2570 3551 2646 etisp—iritus
3571 2590 3619 2634 et
3644 2570 3775 2638 caro.

2208 2643 2286 2698 ita
2317 2644 2612 2715 Gregorius
2639 2643 2801 2720 (Vide
2827 2647 3062 2720 eumdem
3091 2645 3183 2700 lib.
3216 2661 3272 2720 t_v
3298 2643 3443 2703 Dial.
3477 2666 3526 2706 c.
3554 2652 3586 2705 5
3606 2652 3642 2720 ).
3673 2650 3782 2707 Cte-

2209 2724 2379 2770 tertnn
2426 2731 2534 2770 non
2581 2717 2665 2772 est
2708 2717 3066 2788 improbabile
3109 2718 3251 2785 quod
3297 2721 3545 2776 nonnulli
3577 2717 3774 2788 dicunt,

2210 2789 2575 2864 veteresillos
2605 2788 2696 2858 qui
2725 2789 2791 2842 de
2819 2789 3132 2859 angelorum
3163 2804 3227 2844 ac
3256 2789 3566 2846 daemonum
3597 2809 3775 2864 corpo-

2206 2858 2355 2913 ribus
2377 2859 2536 2914 aliter
2559 2870 2847 2915 senserunt
2868 2858 2966 2927 ,iet
2986 2875 3304 2931 corpoream
3329 2864 3410 2918 eis
3433 2858 3775 2921 substantiam

2207 2930 2542 2996 tribuerunt,
2575 2931 2792 2987 nomine
2817 2936 3066 3000 corporis
3089 2930 3200 2988 non
3231 2933 3570 2991 intellexisse
3599 2952 3775 2992 verum

2206 3014 2436 3076 corpus,
2481 3003 2782 3076 quantitate
2827 3003 3112 3068 videlicet,
3162 3019 3225 3059 ac
3264 3005 3408 3061 mole
3449 3007 3771 3076 praeditum,

2205 3072 2300 3151 sed
2328 3072 2551 3151 omnem
2571 3074 2929 3129 substantiam
2959 3088 3174 3151 quoquo
3201 3077 3362 3151 modo
3389 3072 3776 3151 compositam;

2204 3144 2276 3199 ita
2319 3155 2375 3200 ut
2416 3145 2582 3222 id_sit
2620 3161 2943 3215 corporeum
2977 3144 3131 3222 quod
3175 3149 3351 3222 aliqua
3393 3144 3780 3222 compositione

2201 3225 2447 3284 constat,
2489 3219 2867 3288 incorporeum
2910 3218 3048 3290 quod
3081 3220 3229 3274 omni
3259 3218 3658 3289 compositione
3699 3239 3778 3278 ca-

2201 3298 2285 3344 ret
2315 3307 2326 3341 :
2357 3305 2462 3360 qua
2507 3290 2717 3364 ratione
2761 3291 2908 3364 solus
2949 3289 3094 3364 Deus
3121 3305 3250 3348 vere
3277 3291 3495 3348 dicatur
3539 3296 3778 3364 incorpo-

509 3340 968 3420 narcissos;
980 3340 1012 3416 ὲ
1030 3340 1323 3434 senatus
1351 3340 2092 3434 Ξιὶξεῑόὲἐριιέιῖιὶεξιίέξιιῖἷ-
2121 3340 2168 3404 C
2201 3340 2325 3416 reus
2348 3340 2462 3431 ,Ἤ
2481 3340 3207 3434 painsinstabatipse
3224 3340 3512 3432 sum,
3539 3340 3680 3421 ἓέἕιῖἱ
3696 3340 3778 3422 ifi-

509 3435 646 3490 tales
671 3448 798 3489 esse
825 3442 1136 3494 creaturas,
1168 3447 1274 3487 non
1307 3432 1379 3486 ita
1409 3438 1592 3487 tamen
1625 3431 1677 3488 id
1709 3431 2092 3503 accipiebant,

506 3505 664 3577 quasi
695 3507 874 3577 omnis
903 3503 1150 3559 materiae
1188 3513 1245 3558 et
1285 3504 1534 3577 corporis
1575 3513 1762 3577 essent
1803 3515 2092 3576 expertes,

506 3573 604 3634 sed
633 3576 777 3648 quod
822 3577 896 3632 ita
940 3577 1119 3632 tenuia
1160 3585 1214 3629 et
1252 3574 1467 3630 subtilia
1508 3573 1779 3648 haberent
1823 3573 2090 3648 corpora,

507 3659 566 3729 ut
584 3644 1017 3729 _co_mparatione
1038 3663 1249 3729 rerum
1272 3644 1638 3729 corporalium
1667 3659 1722 3729 et
1749 3644 2092 3729 sensibilium

505 3719 680 3776 videri
731 3729 954 3790 possent
996 3727 1054 3774 et
1098 3720 1289 3778 tnerito
1330 3719 1644 3773 dicerentur
1684 3720 1989 3789 incorporei
2034 3730 2091 3776 et

505 3791 783 3862 spiritales
809 3809 823 3845 :
852 3791 1396 3862 quemadmodumet
1424 3791 1569 3846 venti
1601 3790 1853 3846 dicuntur
1876 3792 2093 3860 spiritus

511 3860 882 3931 procellarum
905 3862 1082 3933 (Psal.
1111 3860 1345 3933 cxnvnt)
1368 3904 1382 3927 ,
1415 3863 1643 3933 etiamsi
1663 3871 1854 3933 ventus
1885 3877 1988 3914 non
2021 3863 2092 3918 sit

505 3935 731 3990 omnino
761 3931 1142 3994 incorporeus.
1166 3931 1332 3990 sicuti
1353 3948 1452 3987 nec
1477 3948 1595 3988 aer.
1626 3931 1698 3986 ita
1724 3932 2089 3988 Tertullianus

503 4005 608 4060 lib.
638 4006 706 4062 de
731 4003 960 4060 Veland.
994 4005 1231 4074 Virgin.,
1278 4005 1534 4060 Clemens
1579 4003 1843 4059 Alexand.
1891 4003 1986 4074 lib.
2031 4019 2089 4060 ιιι

505 4078 747 4139 Suom...
789 4076 933 4131 Basil
979 4076 1072 4129 lib.
1098 4073 1187 4130 ’de
1231 4075 1436 4143 Spiritu
1467 4074 1665 4131 Sancto
1700 4090 1820 4144 cap.
1859 4073 1958 4141 16,
1989 4075 2091 4130 La-

503 4150 745 4202 ctantius
775 4148 870 4203 lib.
906 4163 941 4201 ιι
972 4147 1090 4200 Div.
1125 4147 1360 4218 institut.
1393 4160 1517 4218 cap.
1550 4146 1612 4201 15
1636 4155 1731 4218 ,et
1753 4147 2088 4218 AuguStinus

505 4231 620 4274 ttnn
650 4221 701 4273 in
734 4218 832 4273 lib.
867 4219 935 4272 de
962 4218 1119 4272 Civil.
1158 4219 1251 4272 Dei
1299 4216 1541 4285 pluribus
1575 4218 1628 4271 iu
1658 4216 1990 4281 locis,‘tum
2033 4218 2086 4274 in

501 4291 598 4346 lib.
635 4289 704 4346 de
733 4287 931 4345 Genesi
962 4287 1029 4342 ad
1063 4289 1294 4345 litteram
1326 4303 1340 4342 :
1376 4298 1434 4342 ut
1464 4289 1656 4344 mirum
1691 4304 1794 4344 non
1828 4291 1897 4344 sit
1925 4291 2085 4346 etiam

502 4361 651 4416 hunc
679 4361 932 4417 abbatem
963 4359 1228 4416 Serenum
1272 4359 1374 4416 hac
1410 4360 1669 4429 opinione
1711 4358 1875 4416 fuisse
1915 4361 2090 4418 imbu-

500 4441 640 4488 tum.
696 4432 854 4500 Quod
902 4442 1080 4487 autem
1126 4431 1194 4487 ad
1242 4431 1451 4486 animas
1507 4434 1798 4486 rationales
1853 4434 2084 4500 attinet,

501 4519 636 4574 quas
680 4503 867 4559 itidem
913 4504 1260 4571 incorporeas
1289 4502 1512 4569 perinde
1541 4517 1605 4559 ac
1633 4504 1857 4573 angelos
1889 4519 2086 4566 negare

500 4576 741 4644 videtur,
775 4576 872 4631 iuit
903 4575 1017 4630 hmo
1056 4575 1218 4630 etiam
1249 4574 1571 4630 Tertulliani
1618 4575 1801 4644 opinio
1832 4575 1988 4642 (Lib.
2022 4577 2087 4629 de

501 4646 753 4715 Anima),
784 4651 869 4703 vel
905 4647 1083 4714 potius
1113 4645 1526 4700 deliramentum
1551 4688 1565 4711 ,
1599 4655 1656 4701 ut
1686 4657 1841 4700 vocat
1873 4645 1936 4700 D.
1973 4650 2087 4701 Au-

498 4721 757 4846 gtstinus
802 4719 897 4773 lib.
932 4734 967 4772 ιι
996 4718 1064 4772 de
1103 4717 1321 4800 Driginc
1361 4718 1572 4800 Animas.
1601 4733 1714 4786 (ap.
1753 4718 1848 4800 5.(
1873 4717 1986 4800 Lib.
2021 4718 2084 4772 de
2110 4747 2162 4806 Ι)

558 4790 757 4846 uires).
806 4791 976 4844 Porro
1021 4799 1125 4845 etsi
1164 4788 1294 4843 oltm
1340 4790 1558 4846 tolerari
1603 4799 1842 4846 notucrtt
1882 4790 1973 4844 illa
2017 4789 2084 4845 de

558 4790 757 4861 uires).
806 4791 976 4844 Porro
1021 4788 1125 4845 etsi
1164 4788 1294 4843 olim
1327 4789 1558 4861 tolerari
1603 4789 1842 4858 potuerit
1882 4790 1973 4844 illa
2017 4789 2084 4845 de

495 4860 812 4933 angelorum
857 4861 1176 4933 corporibus
1209 4860 1946 4933 qualiscumqueopinatio,
1993 4874 2083 4933 re-

497 4931 591 4989 cte
614 4942 795 4988 tamen
827 4933 887 4986 ι).
924 4932 1160 4986 Thomas
1189 4931 1350 4986 docet
1382 4943 1492 4986 tum
1523 4945 1588 4986 ex
1627 4931 1926 4999 Scriptum
1969 4931 2085 4987 suf-

497 5005 711 5073 fragio,
763 5017 872 5057 tum
921 5018 984 5057 ex
1027 5003 1298 5058 communi
1342 5003 1587 5058 doctrina
1633 5012 1947 5058 sanctorum
1977 5001 2079 5059 Pa-

495 5086 668 5140 trum,
719 5085 776 5130 et
823 5076 987 5129 totius
1036 5074 1294 5129 Ecclesiae
1345 5088 1548 5138 sensu,
1597 5075 1731 5130 satis
1779 5075 2078 5131 ellicaciter

492 5146 713 5202 ostendi
744 5148 969 5215 angelos
995 5155 1049 5200 et
1087 5145 1362 5201 diemones
1407 5159 1526 5200 esse
1567 5145 1726 5214 plane
1765 5147 2071 5216 spiritales,

492 5227 550 5272 et
583 5219 936 5286 incorporeas
958 5257 972 5280 ,
1005 5233 1101 5272 nec
1134 5216 1332 5272 habere
1361 5231 1589 5286 corpora
1622 5217 1722 5272 sibi
1756 5217 2074 5274 naturaliter

495 5290 642 5344 unita
665 5331 680 5356 ,
716 5291 829 5343 sive
855 5303 1016 5343 aerea
1038 5328 1052 5352 ,
1086 5288 1202 5342 sive
1233 5288 1335 5344 alia
1365 5303 1721 5358 quascumque
1747 5305 1760 5342 ε
1797 5301 1849 5343 ιιι
1883 5303 2074 5358 quam-

493 5363 575 5414 vis
605 5360 657 5415 id
691 5374 796 5415 non
828 5360 899 5414 sit
928 5359 1035 5414 lide
1065 5358 1326 5414 catholica
1357 5361 1635 5416 deﬁnitum
1659 5401 1674 5424 ,
1704 5370 1888 5416 tamen
1919 5373 2069 5414 erro-

492 5448 655 5486 neum
700 5431 949 5485 videatur
987 5446 1052 5487 ac
1092 5431 1441 5486 temerarium
1486 5431 1645 5486 aliter
1687 5432 1914 5488 sentire.
1959 5430 2074 5486 Pri-

493 5518 640 5573 mum
669 5503 792 5573 quia
824 5517 1017 5557 nomen
1045 5503 1264 5572 spiritus
1292 5501 1345 5556 in
1375 5502 1670 5570 Scripturis
1700 5504 1900 5568 passim
1929 5503 2074 5558 acci-

490 5572 641 5642 pitur
672 5572 770 5642 pro
797 5573 1102 5631 substantia
1130 5575 1447 5643 incorporea
1472 5614 1484 5635 ,
1516 5583 1572 5629 et
1602 5573 1942 5628 immateriali
1965 5613 1980 5638 ,
2015 5582 2073 5629 ut

491 5643 652 5700 .Ioan.
682 5660 773 5700 tv:
808 5644 1038 5712 Spiritus
1065 5652 1138 5698 est
1166 5642 1306 5698 Deus
1329 5689 1344 5713 ,
1377 5645 1541 5700 Marc.
1573 5659 1630 5700 ιιι
1653 5685 1668 5708 ,
1701 5656 1756 5700 et
1783 5647 1968 5700 Actor.
2001 5661 2075 5702 vlt

491 5724 547 5771 et
589 5729 756 5786 χχιιι.
788 5716 952 5773 Hebr.
985 5731 1023 5770 ι.
1070 5716 1273 5786 Deinde
1316 5718 1438 5786 quia
1482 5717 1537 5772 in
1581 5716 1814 5773 concilio
1856 5717 2078 5774 Latera-

493 5788 649 5844 nensi
678 5785 779 5858 (Ca
821 5826 835 5842 .
856 5785 1125 5858 Firmiter)
1145 5785 1346 5844 dicitur
1363 5788 1506 5846 Deus
1533 5789 1844 5850 condidisse
1871 5799 2076 5846 utram-

494 5872 600 5916 tme
629 5857 697 5916 de
723 5805 894 5916 uigilo
918 5867 1226 5916 creaturam
1249 5897 1262 5916 .
1292 5859 1592 5916 spiritalem
1622 5869 1676 5916 et
1705 5861 2074 5916 cornoralem.

494 5872 600 5922 (me
629 5857 697 5918 de
723 5857 894 5917 nihilo
918 5857 1262 5930 creaturam,
1292 5859 1592 5929 spiritalem
1622 5869 1676 5921 et
1705 5861 2074 5932 corporalem,

2201 3434 2341 3516 citur
2381 3433 2526 3517 solus
2564 3434 2892 3519 immortalis
2932 3443 2991 3518 et
3027 3433 3353 3519 invisibilis,
3382 3451 3506 3492 cum
3537 3440 3775 3519 sit.a_ctus

2197 3506 2520 3579 purissimus
2548 3514 2604 3560 et
2625 3505 3078 3579 simplicissimus
3099 3505 3172 3579 ab
3198 3505 3346 3579 gmni
3384 3509 3772 3579 compositione

2196 3577 2339 3649 sicut
2367 3585 2418 3649 et
2446 3575 2755 3649 mutatione
2773 3578 2980 3649 alienus
3005 3575 3166 3649 (Vide
3186 3575 3393 3633 Sixtum
3415 3575 3613 3635 Serica.
3639 3581 3721 3634 lib.
3745 3593 3773 3634 ν

2195 3644 2472 3724 Biblioth.,
2501 3658 2680 3724 annot.
2715 3647 2748 3705 8
2777 3659 2822 3704 et
2855 3647 2977 3724 142,
3007 3644 3054 3724 et
3078 3644 3168 3704 lib.
3201 3664 3252 3705 vr
3272 3692 3288 3724 ,
3319 3660 3500 3705 annot.
3532 3651 3644 3724 3i).
3674 3651 3772 3706 An-

2193 3719 2302 3788 gcli
2346 3735 2472 3774 vero
2519 3720 2585 3774 ad
2637 3721 2802 3775 Deum
2847 3719 3068 3790 collati,
3118 3721 3328 3789 crassi,
3373 3719 3684 3780 materiales
3723 3731 3771 3778 et

2195 3791 2463 3865 corporei
2492 3793 2685 3865 merito
2732 3790 2839 3846 dici
2886 3800 3144 3861 possunt,
3197 3807 3303 3848 non
3357 3795 3582 3862 quidem
3633 3794 3766 3865 quod

2193 3862 2814 3936 subSIantiant_liabcattt
2835 3877 3150 3936 corpoream
3174 3908 3188 3932 ,
3215 3879 3280 3920 ex
3305 3878 3408 3936 qua
3434 3862 3768 3931 coalescant;

2192 3932 2285 4008 sed
2313 3935 2440 4002 quia
2479 3947 2509 3987 a
2552 3934 2644 4008 Dei
2689 3934 3038 4008 simplicitate
3079 3945 3133 3990 et
3175 3932 3404 4004 puritate
3452 3952 3622 4008 usque
3647 3938 3770 3993 adeo

2192 4004 2431 4078 distant,
2481 4014 2538 4060 ut
2571 4005 2695 4078 ejus
2737 4004 3146 4078 comparatione
3189 4008 3343 4078 quasi
3393 4004 3676 4077 corporei,
3722 4015 3769 4063 et

2192 4076 2501 4152 materialos
2532 4077 2815 4132 videantur
2843 4075 2946 4152 (ξ.
2991 4075 3243 4152 Thom.)
3285 4096 3366 4152 p.,
3393 4095 3446 4152 ᾳ.
3484 4075 3580 4152 3).
3611 4080 3768 4134 Minus

2191 4144 2332 4219 enirn
2364 4159 2448 4219 est
2479 4148 2615 4203 inter
2644 4163 2770 4214 eos,
2804 4159 2855 4202 et
2886 4147 3055 4204 Deum
3089 4144 3444 4219 perfectionis
3489 4144 3692 4207 natura:
3718 4157 3766 4205 et

2191 4215 2469 4288 dignitatis
2497 4220 2845 4273 iuterstitium
2869 4261 2884 4286 ,
2912 4235 3073 4290 quam
3091 4215 3251 4275 'inter
3280 4230 3479 4277 terram
3508 4232 3564 4278 et
3592 4236 3766 4290 suprec

2191 4303 2335 4344 mum
2380 4291 2653 4345 ccelestem
2696 4292 2965 4361 spiritum.
3013 4291 3140 4346 llaec
3179 4295 3323 4348 enim
3368 4292 3505 4348 [initi
3545 4294 3609 4348 ad
3652 4291 3764 4347 lini-

2191 4371 2341 4430 tum,
2374 4361 2484 4415 illic
2526 4376 2656 4417 vero
2697 4363 2830 4417 tiniti
2875 4362 2940 4418 ad
2981 4363 3250 4418 inﬁnitum
3295 4373 3377 4418 est
3419 4365 3655 4420 collatio.
3693 4363 3762 4418 ita

2187 4431 2383 4506 docent
2417 4431 2626 4506 lituras.
2667 4431 2958 4506 Gregorius
2994 4433 3089 4488 lib.
3136 4435 3376 4490 secundo
3418 4435 3609 4490 Moral.
3647 4448 3756 4506 cap.

2189 4503 2349 4578 tertio
2379 4521 2388 4554 :
2424 4500 2654 4567 Eorum.
2688 4500 2854 4578 inquit
2897 4506 3283 4578 (angelorum)
3325 4507 3541 4562 scientia
3569 4500 3760 4577 compa-

2184 4575 2385 4628 ratione
2430 4585 2614 4630 nostraz
2663 4575 3101 4631 scientiw‘valide
3151 4575 3421 4644 dilatata;
3474 4579 3567 4634 sed
3606 4575 3758 4630 tamen

2185 4648 2566 4719 comparatione
2619 4647 2806 4702 divina:
2843 4648 3070 4701 scientia:
3103 4658 3367 4719 angusta:
3409 4651 3548 4704 sicut
3589 4658 3633 4703 et
3671 4646 3761 4718 ipsi

2188 4715 2398 4770 illorum
2445 4718 2656 4793 spiritus
2706 4719 3088 4793 comparatione
3124 4715 3328 4793 quidem
3367 4737 3640 4793 corporum
3677 4715 3761 4793 no-

2189 4795 2434 4861 strorum,
2460 4790 2670 4857 spiritus
2699 4799 2813 4844 sunt
2836 4805 2854 4855 ;
2883 4791 2972 4843 sed
2997 4791 3378 4861 comparatione
3405 4790 3599 4845 summi
3623 4800 3666 4844 et
3689 4792 3760 4861 ing

2186 4859 2556 4933 circumscripti
2593 4861 2802 4933 spiritus
2823 4903 2837 4926 ,
2879 4871 3003 4933 sunt
3035 4858 3240 4933 corpus.
3275 4858 3757 4933 Dantascenus‘uyi

2185 4944 2347 5004 supra
2379 4949 2391 4982 :
2438 4926 2663 5001 Angelus
2686 4972 2701 4997 ,
2744 4926 3292 5004 inquitLincoporeus
3327 4941 3374 4986 ct
3417 4926 3756 5004 immaterialis

2185 5001 2374 5054 dicitur
2401 5000 2646 5073 quantum
2676 5005 2744 5056 ad
2771 5000 2884 5058 nos.
2921 5002 3058 5057 Nam
3098 5000 3246 5058 onme
3283 5005 3354 5055 ad
3395 5004 3561 5056 Deum
3604 5000 3754 5073 colla-

2183 5081 2291 5126 tum
2321 5069 2445 5143 (qui
2475 5075 2616 5128 solus
2647 5075 2986 5146 incorporalis
3008 5074 3126 5146 rat)
3154 5086 3382 5146 crassum
3413 5069 3756 5146 etmateriale

2182 5145 2494 5216 c_omperitur
2523 5159 2540 5204 ς
2567 5146 2675 5216 sola
2702 5143 2836 5216 enini
2864 5158 2977 5196 vero
3001 5143 3433 5216 immaterialisct
3469 5143 3754 5216 incorporea

2182 5212 2456 5284 Divinum.
2512 5213 2744 5284 Denique
2788 5213 3099 5284 Bernartius
3129 5227 3294 5268 Serm.
3347 5214 3380 5268 6
3408 5216 3460 5268 in
3501 5215 3749 5267 Cantica:

2187 5283 2372 5340 Demus
2391 5328 2406 5354 ,
2435 5287 2638 5354 inquit,
2661 5281 2826 5340 securi
2854 5286 2951 5338 soli
2975 5281 3085 5338 Deo
3103 5326 3118 5347 ,
3141 5284 3272 5338 sicut
3297 5284 3748 5354 immortalitatem,

2181 5357 2252 5411 ita
2279 5368 2324 5412 et
2346 5349 2790 5425 in'corporeitatem
2807 5398 2820 5420 ,
2848 5367 2954 5410 etc.
2979 5355 3147 5410 Porro
3171 5355 3359 5411 eadem
3385 5357 3599 5411 ratione
3621 5349 3751 5425 quod

2181 5429 2319 5498 apud
2345 5423 2663 5484 Cassianum
2706 5437 2759 5483 et
2798 5426 2931 5481 alios
2970 5427 3156 5482 Patres
3193 5427 3423 5482 subinde
3465 5423 3658 5498 legitur
3692 5423 3752 5475 de

2179 5501 2353 5555 anima
2391 5500 2621 5554 hominis
2653 5512 2916 5568 corporea
2939 5540 2953 5565 ,
2988 5499 3236 5553 nonnulli
3271 5498 3507 5568 inhunc
3547 5506 3748 5559 sensum

2181 5571 2464 5626 commode
2486 5567 2931 5644 interpretantur,
2959 5579 3016 5624 ut
3043 5571 3218 5624 anima
3232 5567 3530 5644 rationalis
3557 5568 3749 5644 dicatur

2179 5657 2440 5713 corporea
2464 5683 2479 5708 ,
2512 5635 2763 5696 nimirum
2791 5643 3204 5711 comparatione
3230 5640 3361 5706 Dei,
3390 5641 3534 5696 sicut
3559 5635 3746 5707 angeli,

2179 5715 2304 5786 quia
2350 5729 2464 5786 non
2491 5721 2643 5769 caret
2680 5714 2824 5767 omni
2854 5716 3292 5786 compositione,
3321 5713 3514 5786 saltem
3545 5726 3612 5768 ex
3639 5713 3748 5786 actu

2178 5784 2233 5915 ἓι
2264 5784 2522 5914 pelt’entia,
2555 5801 2623 5841 ex
2652 5799 2774 5842 esse
2809 5791 2866 5841 et
2895 5786 3134 5842 essentia
3159 5831 3172 5857 ,
3199 5784 3498 5842 substantia
3533 5793 3590 5842 et
3623 5784 3747 5837 acci-

2217 5867 2324 5915 entt
2372 5873 2467 5915 us.
2502 5867 2608 5915 etc.

2217 5867 2467 5927 enttbus,
2502 5867 2608 5916 etc.

3883 5699 3889 5734 ι

3879 5737 3889 5852 l

3876 5867 3885 5910 1I
