4012 6336
275 264 369 329 ωε

669 253 1011 321 COLitATIO
1049 259 1254 317 Vii.—
1284 257 1370 314 DE
1409 255 1647 313 ΑΝΙΜΑΒ
1688 254 1846 312 ΜΟΒΙ

1958 252 2104 309 ’ΛΤΕ
2145 252 2232 308 ΕΤ
2273 253 2748 316 SPIRI’i‘ALlBUS
2790 257 3158 330 NEQUITIIS.

3437 272 3548 332 686

271 393 324 443 ει
351 383 547 438 iterum
577 398 588 434 :
626 389 649 417 ιι
675 378 975 434 Seminatur
1001 392 1186 449 corpus
1211 369 1456 440 animale,
1485 369 1715 442 exsurgit
1739 386 1852 425 cor-
1879 380 1930 441 Α
1957 369 2120 464 oculis
2150 373 2260 445 ejus
2295 365 2483 446 (Hebr.
2512 376 2610 446 tv).
2647 377 2712 432 Et
2740 378 2798 433 Β.
2828 381 2994 437 David
3025 384 3198 456 inquit
3224 403 3237 441 :
3274 388 3376 454 Qui
3401 392 3550 464 ﬁngit

270 495 361 553 pus
403 469 646 545 spiritale
677 469 718 544 (i
740 471 860 528 Cor.
886 474 999 540 xv).
1033 469 1238 538 Quibus
1268 466 1556 524 manifeste
1585 464 1858 536 colligitur

270 571 399 630 nihil
431 586 557 628 esse
588 561 1121 636 incorporeum,nisi
1154 563 1329 618 solum
1361 559 1622 627 Deum,et
1651 558 1856 614 idcirco

267 665 366 738 ipsi
398 661 783 721 tantummodo
815 671 974 730 posse
1007 655 1374 730 penetrabiles
1414 669 1605 712 omnes
1635 653 1856 725 spirita-

265 761 342 817 les
377 769 543 830 atque
585 751 986 813 intellectuaies
1029 765 1152 808 esse
1193 749 1558 816 substantias,
1605 759 1673 804 eo
1709 743 1854 818 quod

264 851 408 908 solus
435 858 587 905 tctus
617 855 673 906 et
701 845 902 918 ubique
931 853 988 901 et
1017 843 1071 900 in
1099 841 1353 899 omnibus
1395 841 1465 897 sit
1485 883 1500 907 ,
1530 837 1559 880 δ
1587 841 1660 896 ita
1704 846 1762 894 ut
1799 843 1854 895 et

264 941 628 1014 cogitationes
687 936 995 997 hominum'
1029 946 1084 994 et
1142 935 1388 992 internos
1451 939 1632 990 motus
1689 941 1864 1004 atque

263 1037 441 1094 abdita
472 1035 676 1091 mentis
698 1034 954 1089 universa
982 1031 1230 1098 inspiciat
1252 1038 1412 1098 atque
1436 1027 1749 1097 perlustret.
1773 1025 1851 1082 De

262 1130 378 1200 ipso
425 1127 697 1200 siquidem
745 1126 864 1182 solo
905 1121 1276 1196 pronuntiavit
1320 1121 1513 1176 beatus
1557 1118 1849 1189 Apostolus

259 1223 486 1279 dicens:
540 1231 564 1261 ε
604 1219 763 1275 Vivus
809 1227 885 1274 est
929 1218 1065 1274 enim
1107 1231 1273 1272 sermo
1316 1211 1415 1269 Dei
1457 1224 1503 1270 et
1541 1213 1755 1285 elﬁcax,
1799 1222 1848 1268 st

258 1319 457 1373 acutior
490 1329 648 1387 super
670 1329 870 1370 omnem
891 1311 1124 1385 gladiunt
1151 1311 1431 1383 ancipitem
1448 1349 1464 1376 ,
1488 1318 1538 1365 et
1556 1310 1850 1382 pertingens

257 1428 419 1484 usque
466 1410 536 1466 ad
585 1407 886 1463 divisionem
934 1403 1121 1461 animae
1159 1411 1205 1460 et
1246 1401 1495 1472 spiritus,
1542 1414 1849 1476 compagum

255 1520 452 1576 quoque
481 1520 546 1558 ac
571 1499 952 1568 medullarum,
995 1515 1055 1552 ac
1093 1496 1344 1552 discretor
1386 1494 1758 1567 cogitationum
1801 1503 1850 1550 ct

254 1597 601 1652 intentionum
628 1596 802 1652 cordis
823 1635 840 1662 ,
868 1603 916 1648 et
948 1607 1048 1647 non
1079 1600 1156 1647 est
1199 1602 1436 1647 creatura
1481 1589 1754 1644 invisibilis
1792 1588 1848 1642 in

253 1701 532 1765 conspectu
580 1691 726 1764 ejus,
784 1689 955 1746 omnia
1001 1697 1174 1744 autem
1225 1685 1368 1743 nuda
1411 1691 1459 1742 st
1501 1691 1683 1756 aperta
1727 1693 1847 1740 sunt

1962 463 2236 535 sigillatim
2282 468 2444 522 corda
2488 479 2664 524 eorum
2713 469 2902 540 (Psal.
2936 476 3144 548 xxxii).
3195 477 3262 533 Et
3309 463 3546 539 iterum:

1964 556 2085 629 Ipse
2134 560 2269 614 enini
2315 563 2457 615 novit
2498 565 2701 618 occulta
2740 567 2911 623 cordis
2953 568 3143 640 (Psal.
3169 575 3403 648 XXXI“).
3445 574 3550 634 Job

1961 667 2180 723 quoque
2209 670 2221 708 :
2256 653 2356 723 Qui
2385 657 2524 712 solus
2555 657 2693 713 nosti
2723 661 2882 715 corda
2910 657 3141 734 ﬁliorum
3169 668 3452 728 hominum.

2544 765 2772 831 CAPUT
2809 771 2953 835 XIV.

2057 859 2288 934 Objectio
2316 878 2419 933 qua
2448 863 2706 945 clmmones
2735 869 2876 922 credi
2887 870 3088 945 debent
3118 874 3450 945 cogitationes

2466 935 2732 990 hominum
2759 942 3044 1008 perridere.

2028 1023 2371 1082 Germanus:
2403 1025 2512 1082 Hac
2543 1030 2757 1085 ratione
2786 1046 2888 1101 qua
2919 1033 3059 1089 dicis
3090 1051 3158 1091 ne
3185 1039 3544 1108 cogitationes

1955 1117 2173 1188 quidem
2205 1129 2424 1174 nostras
2454 1119 2651 1176 intueri
2693 1121 2785 1177 isti
2823 1125 3052 1192 spiritus
3093 1142 3342 1197 possunt.
3385 1132 3542 1200 Quod

1952 1212 2268 1270 existimare
2297 1209 2458 1270 valde
2489 1226 2740 1285 putamus
2781 1214 3099 1287 absurdum,
3126 1219 3344 1279 dicente
3390 1225 3542 1282 Scri-

1952 1319 2144 1378 ptura,
2164 1305 2192 1346 δ
2211 1306 2273 1366 Si
2303 1309 2519 1380 spiritu
2547 1317 2843 1379 potestatem
2872 1311 3104 1369 habentis
3134 1319 3425 1373 ascenderit
3453 1336 3544 1374 su-

1953 1419 2044 1473 per
2072 1408 2121 1458 te
2149 1398 2377 1477 (Eccles.
2413 1401 2495 1478 ι).
2531 1403 2596 1460 Et
2627 1401 2823 1461 iterum
2844 1449 2858 1474 ,
2893 1411 2921 1445 ο
2949 1401 3074 1463 Cum
3105 1410 3344 1466 diabolus
3370 1413 3541 1468 misis-

1950 1509 2024 1554 set
2063 1498 2118 1553 itt
2161 1516 2249 1554 cor
2297 1495 2529 1556 Simonis
2577 1495 2853 1557 Iscariotis
2895 1515 2948 1557 ut
2995 1501 3218 1560 traderet
3258 1505 3542 1563 Dominum

1952 1590 2140 1662 (Joan.
2172 1592 2314 1665 xm).
2344 1593 2630 1662 Quomodo
2659 1608 2794 1666 ergo
2822 1595 2970 1650 credi
3004 1606 3186 1668 potest
3217 1615 3323 1654 non
3353 1611 3543 1671 patere

1950 1686 2033 1741 eis
2059 1687 2417 1756 cegitationes
2443 1691 2680 1757 nostras,
2709 1699 2934 1760 quarum
2964 1684 2984 1726 ί
3011 1689 3363 1747 seminarium
3389 1701 3413 1742 υ
3440 1707 3539 1764 pro
3601 1733 3606 1738 ι

1319 1800 1578 1859 ALARDI
1617 1799 1849 1859 GAZEI
1885 1799 2456 1860 COMMENTARIUS.

330 1909 353 1940 ι
383 1901 638 1958 Animale
667 1911 865 1971 corpus
892 1893 1092 1954 dicitur
1118 1911 1148 1953 a
1167 1895 1435 1971 sensitiva
1461 1903 1518 1971 et
1543 1894 1840 1971 vegetativa
1874 1893 1921 1959 Β
1947 1895 2264 1971 qtiaa‘intus
2302 1894 2797 1971 latent_,_internas
2842 1897 3017 1955 intelli

253 1984 406 2047 parte
435 1976 672 2047 animm,
705 1966 1335 2047 qn'arutn_potentia_rum
1367 1967 1708 2033 actionibus,
1751 1966 1839 2023 bic

253 2038 377 2103 dum
407 2038 684 2110 vivimus,
711 2038 911 2114 corpus
938 2038 1162 2114 indiget.
1190 2038 1438 2114 Resurget
1463 2047 1632 2093 autem
1654 2054 1842 2114 corpus

252 2118 486 2186 spiritale
506 2159 522 2182 ,
552 2116 605 2172 id
636 2109 721 2186 est
748 2109 1184 2186 incorruptibiie.
1225 2109 1465 2182 Corpora
1508 2123 1638 2165 vero
1664 2109 1840 2186 justo-

252 2182 372 2246 rum
404 2185 710 2257 spirituaiia
737 2187 960 2256 speciali
989 2185 1233 2250 ratione,
1271 2193 1457 2257 utpote
1485 2189 1716 2257 quatuor
1745 2182 1843 2237 do-

251 2262 394 2317 tibus
415 2253 593 2331 ,quas
621 2253 817 2331 vocant
848 2257 1121 2331 theologi,
1155 2269 1349 2327 netnpe
1378 2253 1835 2331 itt_i_passtbilitate,

252 2324 558 2389 subtilitate
581 2373 596 2396 ,
639 2328 878 2401 agilitate
905 2341 957 2385 et
985 2324 1255 2391 claritate,
1286 2324 1516 2401 praedita
1545 2333 1598 2379 et
1625 2334 1837 2401 ornata.

251 2405 520 2461 Caetertun
559 2397 767 2458 baec'ad
802 2401 1133 2472 probandam
1173 2399 1487 2472 angelorum
1517 2405 1608 2452 aut
1637 2397 1843 2452 anima-

250 2491 368 2534 rum
407 2489 728 2544 corpoream
757 2467 1113 2544 substantiam
1145 2467 1279 2544 nihil
1309 2467 1532 2544 faciunt.
1581 2539 1592 2544 _
1629 2517 1634 2520 .

325 2546 354 2588 δ
396 2539 589 2604 Soluto
630 2543 798 2600 Deum
842 2543 1004 2599 corda
1055 2541 1333 2599 hominum
1375 2539 1843 2611 cogitationesque

250 2632 594 2690 cognoscere
621 2623 735 2690 tota
767 2617 1049 2690 Scriptura
1083 2625 1330 2690 ieslattil'.
1360 2611 1571 2690 Praeter
1601 2612 1716 2666 loca
1749 2611 1833 2668 hic

250 2683 416 2748 citata
453 2689 622 2745 habes
655 2688 670 2741 Ι
704 2683 936 2758 Paralip.
979 2703 1182 2742 xxvm:
1217 2683 1404 2741 Omnia
1432 2683 1602 2758 corda
1640 2691 1844 2758 scruta-

250 2772 334 2817 tur
366 2759 651 2822 Dominus,
683 2767 734 2814 et
762 2754 1026 2814 universas
1055 2759 1301 2814 mentium
1328 2755 1660 2827 cogitationes
1685 2754 1841 2827 inter

251 2835 387 2906 ligit.
414 2831 473 2906 All
502 2830 745 2906 Ρειηιιίρζ
770 2845 818 2906 vi
848 2848 862 2885 :
901 2829 976 2886 Tu
994 2832 1139 2906 enim
1163 2826 1474 2906 solusnosti
1503 2827 1662 2906 corda
1700 2826 1841 2896 ﬁlio-

251 2895 369 2960 rum
403 2895 697 2959 hominum:
718 2901 839 2958 Job.
876 2919 909 2958 ι
941 2921 952 2956 ;
987 2898 1118 2958 Ecce
1157 2901 1211 2956 in
1240 2899 1366 2955 caelo
1405 2895 1545 2953 testis
1585 2895 1760 2965 meus,
1794 2906 1844 2954 et

252 2975 490 3032 conscius
520 2990 660 3031 meus
687 2975 741 3029 in
767 2975 1000 3030 excelsis.
1031 2971 1232 3030 Psalm.
1264 2987 1336 3026 vlt
1362 2990 1374 3026 :
1409 2967 1658 3026 Scrutans
1687 2971 1844 3024 corda

253 3060 297 3104 et
346 3065 496 3103 renes
548 3044 707 3116 Deus.
755 3045 855 3100 Isa.
889 3062 946 3102 ιε
980 3045 1187 3116 Auferte
1234 3044 1447 3116 malumA
1473 3043 1845 3116 cogitationum

255 3131 541 3175 vestrarum
563 3113 626 3172 ab
647 3118 807 3172 oculis
831 3119 978 3172 meis.
1002 3111 1203 3174 Jerem.
1228 3129 1342 3172 xvn
1368 3134 1381 3170 :
1411 3111 1634 3168 Probum
1661 3121 1732 3168 est
1759 3131 1845 3168 cor

254 3192 480 3246 hominis
510 3199 557 3246 et
589 3189 957 3254 inscrutabile;
999 3199 1043 3244 et
1074 3191 1187 3259 quis
1235 3195 1498 3259 cognoscet
1524 3187 1701 3259 illud?
1733 3179 1843 3255 Ego

254 3263 515 3334 Dominus
540 3259 762 3334 probans
790 3260 948 3334 corda
970 3302 985 3326 ,
1015 3269 1062 3316 et
1086 3255 1330 3315 scrutatis
1364 3275 1537 3334 renes.
1576 3255 1682 3315 Ubi
1724 3273 1846 3328 pia-

256 3352 384 3390 rnm
407 3329 606 3390 dicitur
627 3348 721 3388 cor
745 3329 1002 3395 hominis,
1022 3348 1130 3388 non
1156 3342 1262 3386 tam
1289 3333 1408 3402 quia
1432 3332 1654 3402 malum,
1679 3345 1839 3398 quam

256 3406 386 3478 quia
414 3405 727 3478 abstrusum
748 3445 763 3470 ,
802 3416 860 3478 et
886 3403 1236 3478 reconditum
1257 3446 1271 3468 ,
1306 3399 1369 3457 'et
1396 3399 1618 3457 difiicile
1651 3414 1706 3456 ut
1733 3416 1840 3478 Ape-

257 3472 530 3534 netrotur.
564 3474 720 3534 Unde
753 3485 806 3532 et
843 3473 987 3532 LXX
1026 3476 1225 3546 lnterp.
1270 3484 1548 3546 verterunt
1571 3517 1585 3540 ,
1623 3472 1844 3546 profun-

256 3551 383 3605 dum
417 3566 571 3620 super
605 3548 794 3603 omnia.
845 3548 1000 3603 Rom.
1047 3564 1138 3604 vttt
1176 3544 1196 3601 Ξ
1222 3545 1342 3620 Qui
1377 3544 1636 3620 scrutatur
1683 3544 1845 3601 corda

256 3623 350 3676 scit
379 3617 502 3690 quid
533 3617 788 3690 desiderat
815 3621 1068 3690 spiritus,-
1101 3633 1154 3675 et
1183 3619 1307 3674 aliIn
1344 3617 1564 3687 passim.

334 3639 350 3674 ι
417 3639 502 3674 illa
533 3639 788 3675 aestaerat
815 3639 1028 3690 ερινιιιιε
1057 3639 1068 3649 ⁵
1101 3639 1154 3675 ει
1183 3639 1307 3674 Mllil
1344 3639 1564 3687 passu".

334 3705 358 3732 α
379 3639 626 3747 (i’ossunt
653 3689 767 3746 haec
797 3701 904 3746 tam
937 3693 1002 3746 de
1027 3662 1204 3746 Verbo
1234 3690 1327 3745 Dei
1363 3691 1622 3755 increato,
1653 3685 1707 3744 id
1737 3697 1840 3754 est,

261 3763 354 3820 Dei
389 3763 558 3829 Filio,
597 3779 758 3832 quam
789 3763 859 3819 de
892 3762 1068 3818 Verbo
1102 3774 1285 3818 creato
1323 3761 1570 3830 intelligi.
1619 3759 1844 3831 Pr0prie

260 3846 445 3890 tamen
489 3837 590 3891 hoc
630 3834 750 3889 loco
787 3850 968 3890 sermo
1010 3835 1100 3889 Dt‘i
1142 3849 1238 3904 pro
1270 3832 1447 3888 Vni-bo
1485 3833 1765 3904 inci-cato,
1789 3839 1846 3887 et

259 3906 358 3964 Dei
391 3905 530 3962 Filio
560 3907 811 3973 sumitur,
846 3918 897 3960 ut
932 3905 1019 3961 bic
1049 3903 1215 3960 abbas
1254 3909 1491 3961 Serenus
1526 3915 1580 3958 et
1621 3903 1711 3958 alii
1745 3903 1845 3958 Pa-

261 3989 377 4034 tres
405 3987 702 4048 exponunt:
731 3977 828 4032 Est
846 3978 989 4034 enim
1023 3977 1122 4032 hoc
1148 3975 1381 4048 Verbum
1404 4019 1419 4042 ,
1444 3975 1512 4030 de
1541 3991 1648 4048 quo
1677 3973 1847 4030 Joan-

261 4053 346 4122 nis
369 4065 389 4106 ι
412 4046 646 4122 dicitur:
671 4046 738 4104 In
759 4049 1016 4122 principio
1037 4062 1145 4104 erat
1170 4046 1416 4122 Verbum.
1441 4047 1507 4103 Et
1531 4048 1554 4102 i
1585 4047 1843 4122 Ep_ist.v:

263 4121 453 4188 Pater,
492 4117 828 4185 Verbum,'et
859 4117 1087 4189 Spiritus
1114 4131 1338 4175 sanctus.
1377 4121 1441 4173 Et
1473 4119 1695 4188 Apocal.
1735 4117 1800 4173 l9
1829 4135 1842 4171 :

267 4193 472 4248 Nomen
501 4194 615 4261 ejus
654 4191 877 4248 Verbum
910 4193 1038 4263 Dei,
1083 4191 1280 4263 quibus
1322 4191 1454 4245 locis
1493 4193 1678 4263 (ira-ce
1711 4191 1845 4259 legi-

264 4274 380 4339 tur,
599 4265 751 4330 Quod
784 4260 1158 4339 indiii'erenter
1191 4266 1513 4339 interpretes
1544 4260 1704 4339 modo
1731 4277 1847 4339 ver-

263 4330 591 4401 bum,niodo
608 4350 916 4390 sermonem
937 4335 1284 4390 transierunt.
1304 4333 1454 4391 Unde
1467 4330 1849 4387 etAmbrosius

264 4408 368 4462 lib.
399 4422 449 4462 tv
481 4405 549 4462 de
579 4405 712 4462 Fide
739 4423 860 4477 cap.
887 4409 921 4463 ὅ
953 4407 1081 4475 legit
1110 4426 1122 4460 :
1159 4405 1339 4460 Vivum
1365 4405 1495 4458 enim
1523 4415 1596 4457 est
1626 4401 1850 4457 Verbum

266 4477 368 4532 Dei
389 4517 405 4541 ,
431 4487 540 4532 etc.
576 4479 784 4533 llabent
807 4487 987 4533 autem
1018 4479 1105 4534 hic
1131 4480 1336 4548 singula
1365 4481 1524 4528 verba
1552 4489 1704 4548 suam
1736 4492 1851 4529 etn-

266 4549 486 4619 phasim
511 4561 565 4603 et
590 4552 886 4617 ettergi‘am.
930 4549 1087 4603 Vivus
1110 4543 1243 4604 enini
1269 4558 1312 4601 et
1339 4548 1514 4618 efﬁcax
1544 4543 1637 4600 Dei
1657 4561 1848 4611 sermo,

267 4635 366 4674 seu
391 4620 630 4675 Verbum
657 4621 852 4676 dicitur
876 4634 1094 4689 pr0pter
1121 4621 1477 4675 viviﬁcantem
1509 4633 1625 4682 eius
1655 4633 1849 4682 onera-

1869 3295 1919 3362 C

2842 1900 3099 2026 intelligi
3133 1903 3534 1975 cegitatlones;

2834 1972 2954 2026 ibus
2978 1989 2990 2026 :
3073 1981 3092 2026 t
3117 1975 3365 2026 discretor
3391 1981 3534 2026 cani-

1950 1967 2094 2051 quod
2123 1967 2363 2051 explicat
2387 1967 2572 2051 verbis
2601 1967 3092 2051 sequentibns_:_Et
3117 1967 3365 2030 discretor
3391 1967 3534 2051 cogi;

1945 2040 2198 2111 talionum
2225 2083 2239 2108 ,
2273 2047 2320 2094 et
2345 2040 2690 2096 intentionum
2723 2043 2927 2111 cordis,
2968 2043 3021 2099 id
3057 2055 3168 2111 est,
3215 2061 3319 2102 non
3357 2040 3533 2105 solum

1943 2105 2094 2196 quid.
2118 2105 2346 2194 quisque
2387 2117 2610 2196 cogitet
2641 2116 2690 2167 in
2735 2105 3092 2196 corde'suo,
3133 2105 3326 2196 verum
3372 2127 3537 2196 etiam

1943 2198 2046 2255 qua
2080 2186 2386 2240 intentione
2413 2186 2616 2255 cogitet
2641 2197 2704 2240 ac
2731 2186 2882 2255 velit,
2915 2190 3265 2244 exactissime
3294 2192 3445 2247 novit
3473 2207 3535 2250 ac

1941 2254 2172 2324 judicat.

2017 2321 2043 2406 (ξ
2078 2324 2140 2381 D.
2175 2325 2538 2406 Hieronymus
2569 2327 2621 2382 in
2657 2328 2797 2384 hunc
2828 2329 3008 2384 locum
3037 2325 3414 2406 :‘Principem,
3448 2336 3535 2393 in-

1945 2396 2092 2468 quit,
2129 2399 2309 2452 mundi
2336 2396 2531 2523 tiu/us,
2570 2409 2619 2455 et
2657 2409 2904 2454 rectorem
2944 2396 3278 2459 tenebrarum'
3304 2396 3491 2462 harum
3514 2453 3531 2478 ,

1945 2475 2097 2523 cuius
2125 2479 2171 2523 et
2200 2470 2395 2523 Anasto
2422 2487 2478 2523 us
2523 2471 2750 2523 meminit
2779 2470 2798 2523 l
2819 2469 3010 2523 Enim-
3060 2489 3111 2523 νι
3130 2475 3148 2523 i
3169 2518 3181 2523 -
3217 2491 3352 2523 nunc
3383 2479 3531 2523 snt-

1945 2475 2097 2542 cujus
2125 2479 2171 2524 et
2200 2469 2478 2536 Apostolus
2523 2471 2750 2543 meminit
2779 2469 3010 2543 (Ephes.
3060 2475 3182 2543 vn),
3217 2491 3352 2531 nunc
3383 2469 3533 2534 Scril

1945 2551 2098 2612 ptura
2124 2543 2404 2614 signiﬁcat.
2424 2543 2574 2611 Quod
2605 2544 2650 2614 si
2688 2541 2740 2596 in
2775 2541 2862 2598 cor
2886 2541 3456 2608 nostrum‘ascenderit.
3485 2561 3534 2606 et

1944 2615 2148 2689 animus
2174 2613 2327 2689 mala:
2356 2613 2678 2689 cogitationis
2706 2615 2889 2689 vulnus
2917 2620 3166 2689 acceperit
3187 2663 3200 2683 ,
3232 2635 3334 2674 non
3373 2623 3528 2677 debe-

1947 2701 2058 2765 mus
2085 2686 2222 2739 ultro
2252 2685 2427 2765 locant
2450 2686 2674 2765 tribuere
2695 2732 2708 2752 ,
2740 2688 2830 2765 sed
2864 2685 3095 2761 pugnare
3126 2699 3305 2765 contra
3332 2695 3529 2765 cogita-

1948 2760 2136 2811 tionem
2159 2756 2449 2824 pessimam,
2480 2768 2524 2811 et
2550 2755 2756 2810 liberari
2783 2775 2814 2811 a
2841 2755 3046 2829 peccato
3071 2763 3316 2824 maxime,
3345 2755 3416 2818 1ιέ
3432 2765 3534 2819 sci-

1947 2830 2067 2884 licet
2087 2832 2449 2900 cogitationem
2467 2845 2616 2898 opere
2637 2831 3014 2900 compleamus;
3037 2834 3158 2900 quia
3183 2833 3329 2886 aliud
3352 2843 3427 2889 est
3448 2853 3535 2890 co-

1946 2902 2220 2972 gitatione,
2245 2900 2390 2954 aliud
2419 2915 2570 2970 opere
2591 2915 2819 2974 peccare.
2846 2901 3012 2957 Paulo
3039 2913 3156 2974 post
3182 2903 3360 2959 subdit
3395 2907 3536 2963 hanc

1947 2973 2267 3049 Symmachi
2295 2972 2793 3049 interpretationem
2821 2973 2927 3049 :_Sl
2949 2972 3160 3046 spiritus
3188 2978 3435 3049 principis
3467 2981 3536 3032 ir-

1947 3043 2108 3120 ruerit
2136 3044 2256 3112 tibi,
2285 3045 2348 3099 de
2373 3043 2484 3098 loco
2513 3053 2600 3120 tuo
2627 3045 2937 3120 nereccdas,
2967 3043 3091 3120 quia
3117 3043 3365 3120 pudicitia
3395 3067 3534 3105 cont-

1951 3116 2381 3185 primitpeccata
2424 3115 2584 3169 multa
2609 3131 2625 3169 :
2652 3115 2708 3169 id
2746 3125 2851 3180 est,
2898 3120 2942 3171 si
2978 3115 3270 3174 titillaverit
3315 3134 3535 3178 mentem

1948 3184 2086 3241 tuam
2115 3184 2374 3254 diabolus,
2402 3196 2447 3241 et
2491 3196 2538 3242 te
2570 3187 2638 3240 ad
2668 3187 2941 3260 libidinem
2972 3192 3323 3260 concitaverit,
3357 3210 3421 3248 ne
3456 3211 3535 3249 se—

1948 3260 2125 3330 quaris
2153 3260 2517 3337 cogitationem
2547 3259 2822 3337 pessimam
2846 3269 2903 3337 et
2927 3259 3538 3337 blandientent_oolupta-

1951 3327 2091 3397 tem;
2124 3327 2316 3407 sed'sta
2346 3331 2495 3407 [ortis
2521 3327 2568 3407 et
2601 3327 2798 3400 rigidus
2833 3331 3027 3402 frigore
3062 3335 3308 3388 castitatis
3328 3375 3343 3401 ,
3374 3327 3532 3407 [lam-

1946 3416 2096 3473 mani
2112 3402 2392 3473 voluptatis
2419 3402 2688 3472 exstinguit

2021 3469 2142 3549 ξι).
2162 3469 2502 3549 Augustinus
2531 3469 2705 3549 tract._
2725 3469 2792 3549 55
2824 3473 2875 3549 in
2907 3471 3174 3549 Joannem
3210 3493 3222 3531 :
3255 3477 3318 3549 Si
3346 3483 3534 3549 qua’ris

1945 3543 2069 3616 quid
2102 3537 2312 3616 missum
2348 3544 2412 3598 sit
2451 3544 2633 3616 iu‘cor
2671 3537 2860 3616 Iuda?
2901 3546 2994 3598 hoc
3027 3537 3198 3616 utique
3224 3557 3276 3600 ut
3297 3537 3536 3614 'tr'nderet

1946 3609 2083 3672 eum.
2111 3613 2293 3694 Missio
2322 3617 2417 3669 ista
2449 3609 2734 3694 spiritualis
2755 3617 3014 3694 suggestis)
3043 3609 3134 3673 est.
3161 3627 3206 3694 et
3229 3609 3418 3689 noni/it
3444 3639 3538 3694 per

1946 3634 2083 3672 eum.
2111 3634 2293 3672 Missio
2322 3634 2417 3669 ista
2449 3634 2734 3697 spsi-ttuatts
2755 3634 3014 3738 suggestso
3043 3634 3134 3673 est.
3161 3634 3206 3671 et
3229 3635 3328 3672 non
3359 3634 3418 3689 [tt
3444 3639 3516 3694 per

1945 3703 2145 3756 aurem,
2169 3691 2256 3760 sed
2278 3705 2368 3760 per
2389 3696 2782 3758 suggestionem.
2855 3687 3081 3760 iabolica:
3097 3688 3228 3741 enim
3250 3694 3516 3760 suggestio

1947 3777 2036 3814 nes
2053 3759 2421 3822 immittuntur,
2439 3771 2485 3830 et
2503 3760 2736 3830 humanis
2755 3759 3144 3830 cogitationibus
3163 3759 3530 3820 immiscentur.

1947 3830 2170 3903 Factum
2190 3847 2310 3903 ergo
2324 3833 2437 3903 jam
2459 3827 2625 3900 fuerat
2646 3825 2700 3903 in
2723 3825 2836 3903 cor'.
2847 3848 2875 3903 ρ
2891 3825 3046 3886 Juda!
3066 3847 3152 3902 per
3172 3833 3534 3892 immissionem

1949 3899 2277 3966 diabolicani,
2303 3899 2356 3955 tit
2385 3899 2604 3956 traderet
2635 3899 2902 3964 discipulis
2929 3899 3250 3966 magistrum.

2025 3921 2277 3966 ιυοιιεαηι,
2303 3921 2356 3955 ιιι
2385 3921 2603 3956 traderet
2635 3921 2902 3964 αιδειριιηδ
2929 3921 3010 3955 ηια
3049 3921 3250 3958 turum.

2025 3972 2046 4012 ί
2087 3973 2245 4050 Alibi
2261 3975 2593 4050 principium.
2627 3971 2908 4050 Siquidem
2939 3921 3104 4028 eligas
3136 3976 3378 4050 Moyses,
3414 3980 3532 4036 coi-

1948 4047 2045 4103 lat.
2089 4061 2140 4101 c.
2188 4047 2287 4113 i9,
2320 4046 2419 4100 tria
2463 4044 2850 4114 cogitationum
2894 4054 3198 4101 nostrarum
3225 4044 3378 4106 'dtxit
3415 4067 3538 4108 esse

1954 4117 2250 4188 principia,
2283 4115 2535 4188 quoniam
2558 4116 2797 4188 exDeo,
2829 4134 2896 4172 ex
2929 4116 3174 4187 diabolo,
3203 4132 3256 4176 et
3283 4139 3349 4177 ex
3384 4123 3539 4178 nobis

1952 4186 2392 4258 proﬁciscuntur.
2425 4187 2506 4242 Ex
2533 4186 2771 4258 diabolo,
2806 4189 2974 4256 inquit
3004 4233 3017 4254 ,
3051 4189 3416 4259 cogitationum
3445 4213 3538 4248 na-

1950 4263 2110 4315 scitur
2147 4262 2335 4324 series,
2373 4277 2488 4315 cum
2523 4259 2810 4314 subvertere
2851 4277 2940 4314 nos
2981 4271 3085 4313 tam
3124 4263 3360 4317 vitiorum
3399 4265 3536 4319 oble-

1953 4335 2174 4386 ctatione
2203 4350 2357 4397 quam
2383 4334 2536 4386 etiam
2562 4331 2774 4386 occultis
2805 4342 3021 4385 conatur
3047 4332 3280 4396 insidiis,
3309 4336 3537 4391 subtilis-

1955 4407 2084 4458 sima
2110 4404 2396 4460 calliditate
2423 4402 2562 4456 mala
2593 4416 2685 4472 pro
2718 4401 2863 4456 bonis
2894 4415 3181 4470 ostentans,
3216 4416 3320 4462 etc.

2029 4485 2051 4523 α
2084 4475 2308 4530 Provide
2337 4475 2725 4542 dictum,quasi
2753 4474 2958 4528 diceret
2988 4491 3087 4527 non
3120 4477 3175 4528 in
3203 4486 3388 4532 totum.
3425 4473 3539 4532 Non

1955 4545 2098 4603 enim
2130 4562 2320 4602 omnes
2351 4545 2746 4615 cogitationes,
2776 4547 2941 4600 etiam
2985 4561 3196 4614 pravae.
3237 4564 3304 4604 ex
3344 4548 3537 4604 diabo-

1958 4618 2059 4672 lica
2094 4618 2434 4672 immissione
2460 4627 2514 4672 et
2545 4617 2888 4685 suggestione
2917 4617 3264 4685 proveniunt.
3307 4618 3439 4674 Nam
3472 4620 3537 4674 l).

269 4691 478 4774 tionem
498 4733 512 4755 ,
545 4687 990 4774 etpenetrabilior
1015 4694 1153 4774 omni
1176 4692 1360 4774 gladiq
1365 4689 1621 4774 ancipiti,
1652 4689 1706 4742 id
1736 4700 1818 4774 est
1837 4729 1852 4754 ,
1882 4695 1935 4758 D
1961 4690 2323 4772 Hieronymus
2352 4705 2414 4770 ex
2449 4687 2538 4740 illa
2567 4688 2834 4774 sententia
2862 4687 3098 4774 Matthmi
3129 4705 3199 4771 sv
3231 4710 3240 4744 :
3277 4690 3354 4773 De
3383 4691 3538 4770 corde

268 4765 528 4833 utrinque
555 4761 870 4835 scindente,
899 4764 1024 4835 quia
1068 4761 1212 4818 Dens
1247 4772 1302 4818 et
1341 4763 1436 4817 Dei
1478 4761 1646 4815 Fitius
1681 4763 1852 4816 oculis

271 4849 386 4906 sua
413 4833 742 4904 cognitionis
770 4833 956 4890 intima
995 4851 1221 4906 quisque
1259 4841 1532 4903 penetrat,
1572 4841 1627 4888 et
1664 4847 1856 4901 pervu-

272 4903 384 4970 dit,
418 4903 589 4958 multo
615 4906 789 4975 magis
819 4922 977 4974 quam
1007 4903 1219 4974 gladius
1249 4907 1499 4974 utrinque
1537 4914 1728 4960 acutus
1755 4920 1854 4976 pe-

274 4985 493 5049 netrare
517 4986 718 5049 queat.‘
736 4976 1039 5049 Pertingens
1063 4993 1218 5048 usque
1243 4978 1311 5031 ad
1331 4976 1644 5049 divisionem
1668 4977 1854 5032 animle

273 5056 322 5099 et
353 5047 600 5113 spiritus.
631 5046 723 5101 ubi
754 5062 848 5115 per
871 5046 1104 5103 animam
1136 5046 1408 5115 potentias
1435 5049 1732 5112 animales,
1757 5063 1854 5103 seu

277 5127 488 5186 partem
516 5118 713 5172 eniture
736 5119 1058 5174 sensitivnm
1075 5159 1094 5186 ,
1116 5135 1276 5189 quam
1303 5134 1424 5174 cum
1455 5119 1627 5172 brutis
1651 5123 1856 5173 anima-

277 5189 422 5243 libus
453 5190 713 5244 habemus
748 5205 1089 5246 communem
1119 5207 1133 5246 :
1166 5206 1262 5258 per
1281 5190 1542 5258 spiritum
1574 5205 1702 5244 vero
1733 5205 1856 5257 par-

276 5269 390 5313 tem
424 5261 748 5317 rationalem
775 5276 869 5316 seu
901 5262 1281 5316 intellectivam
1313 5261 1618 5315 facultatem
1653 5261 1856 5316 intelli-

276 5339 431 5398 gunt.
457 5330 645 5401 itaque
667 5347 848 5386 sermo
871 5332 962 5388 Dei
985 5331 1231 5388 Christus
1255 5348 1424 5402 usque
1446 5333 1512 5386 ad
1534 5331 1854 5388 divisionem

277 5402 478 5456 animus
505 5417 570 5456 ac
599 5403 820 5471 spiritus
849 5403 1131 5473 pertingit,
1163 5405 1292 5458 dum
1321 5404 1583 5458 animales
1610 5410 1669 5457 et
1695 5405 1857 5472 spiri-

281 5476 460 5546 tuaies_
501 5475 857 5544 cogitationes
901 5476 1186 5530 discernit.
1216 5475 1529 5546 Compagum
1555 5491 1751 5545 quoque
1793 5491 1857 5528 ac

279 5544 667 5613 medullarum,
694 5561 853 5616 supp.
883 5561 1054 5618 usque
1082 5548 1163 5618 ad
1201 5544 1524 5618 divisionem
1567 5544 1854 5615 pertingit,

281 5631 399 5669 non
430 5618 562 5687 quia
596 5632 884 5689 compages
909 5632 940 5672 a
970 5617 1226 5674 medullis
1249 5617 1468 5680 dividit,
1501 5618 1596 5672 sed
1624 5621 1750 5686 quia
1777 5619 1830 5672 in

283 5695 442 5742 terna
479 5699 534 5742 et
565 5700 789 5744 externa
824 5698 1006 5745 nostra
1045 5690 1271 5746 discutit
1312 5698 1368 5744 et
1408 5692 1674 5758 explorat.
1724 5689 1855 5744 Nam

283 5771 608 5831 compagem
637 5761 855 5816 nomine
871 5805 884 5829 ,
916 5775 1036 5831 qua:
1061 5771 1192 5817 sunt
1218 5768 1460 5817 externas
1485 5761 1860 5830 colligationes

286 5831 690 5900 membrorum,
729 5841 956 5892 externa
996 5847 1206 5902 opera;
1244 5833 1602 5892 meduttartttu
1639 5839 1857 5902 autem,

1959 4772 2142 4816 exeunt
2167 4763 2501 4831 cogitationes
2531 4760 2716 4829 malas,
2755 4775 2850 4815 eos
2895 4760 3169 4829 redatguit
3204 4763 3292 4831 qui
3331 4765 3538 4830 cogita-

1959 4833 2138 4887 tiones
2174 4847 2364 4886 otnnes
2403 4847 2433 4887 a
2465 4829 2683 4886 diabolo
2724 4832 2938 4887 immitti
2982 4841 3192 4902 putant,
3224 4829 3287 4886 et
3322 4829 3433 4886 non
3471 4849 3540 4888 ex

1962 4905 2180 4972 prepria
2220 4902 2366 4957 nasci
2409 4905 2706 4958 voluntate.
2757 4903 2829 4959 Et
2860 4904 3176 4958 Getmadius
3213 4903 3281 4958 de
3323 4903 3537 4958 Eccles.

1964 4975 2205 5044 Dogmat.
2248 4990 2365 5042 cap.
2401 4974 2508 5028 εει
2545 4973 2667 5028 Non
2697 4992 2900 5041 omnes,
2934 4977 3137 5042 inquit,
3170 4979 3320 5029 malai
3348 4976 3544 5046 cogita-

1961 5049 2124 5102 tiones
2154 5057 2341 5100 nostrtu
2367 5062 2566 5116 semper
2600 5046 2792 5101 diaboli
2828 5048 3069 5099 instinctu
3106 5047 3418 5110 excitantur,
3453 5047 3543 5100 sed

1960 5119 2230 5189 aliquoties
2257 5133 2319 5171 ea:
2344 5120 2502 5172 nostri
2533 5118 2732 5171 arbitrii
2760 5127 2900 5171 motu
2928 5127 3209 5187 emergunt.
3247 5118 3398 5172 Unde
3428 5134 3542 5172 me-

1961 5193 2066 5245 rit»
2094 5191 2244 5260 queri
2275 5190 2376 5242 sibi
2402 5192 2546 5244 visus
2567 5199 2650 5242 est
2671 5189 2919 5242 diabolus
2941 5192 3077 5256 apud
3103 5199 3349 5243 sanctum
3372 5190 3542 5242 Anto-
3602 5233 3609 5246 ,

1962 5261 2148 5325 nium,
2177 5261 2318 5330 quod
2347 5262 2448 5316 sibi
2479 5263 2658 5317 omnia
2697 5272 2909 5329 peccata
2942 5274 2972 5314 a
3006 5260 3362 5324 Christianis,
3408 5276 3544 5328 pras-

1962 5335 2149 5389 sertitn
2199 5347 2329 5388 vero
2372 5350 2400 5386 a
2448 5331 2757 5392 monet-his.
2805 5333 3211 5399 imputarentur.
3262 5331 3350 5386 Sic
3393 5333 3540 5386 enini
3601 5369 3606 5380 .

1961 5403 2263 5467 Antonius,
2299 5403 2571 5460 referente
2610 5403 2909 5459 Athanasio
2938 5415 2949 5454 τ
2990 5401 3227 5456 Pulsaeit
3263 5403 3546 5472 aliquando

1963 5476 2167 5531 daemon
2203 5477 2496 5530 monasterii
2535 5476 2741 5530 ostium.
2787 5472 3068 5543 Egrediens
3105 5475 3251 5528 uideo
3291 5473 3547 5532 hominem

1957 5549 2154 5604 enormi
2181 5549 2492 5603 sublimitate
2534 5555 2818 5616 porrectam
2853 5559 3003 5614 caput
3037 5561 3194 5612 usque
3234 5547 3319 5616 ad,
3341 5548 3542 5601 calum.

1959 5619 2088 5676 Cum
2115 5620 2180 5673 ab
2209 5620 2303 5673 hoc
2332 5615 2564 5687 quisnam
2593 5632 2755 5683 esset,
2782 5619 3093 5688 inquirerem
3111 5659 3126 5681 ,
3150 5619 3222 5670 ait
3246 5634 3264 5671 :
3299 5615 3411 5689 Ego
3431 5634 3550 5671 sunt
3600 5651 3602 5654 ν

1963 5691 2214 5749 Satanas.
2247 5689 2314 5744 Et
2345 5707 2457 5760 ego,
2494 5689 2630 5756 Quid
2653 5730 2668 5751 ,
2694 5692 2931 5756 inquam,
2962 5690 3042 5743 hic
3071 5691 3264 5760 quceris
3283 5692 3306 5742 ζ)
3333 5705 3546 5760 νεεροῃέ

1963 5764 2078 5817 dit:
2110 5763 2244 5828 Quid
2285 5758 2407 5814 milii
2451 5765 2643 5831 [rustra
2680 5761 2934 5830 imputant
2977 5758 3259 5831 moriacbi?
3289 5776 3380 5815 cur
3415 5758 3548 5831 mihi

1965 5849 2137 5892 attines
2155 5829 2563 5890 Christianorum
2587 5833 2765 5903 populi
2790 5833 3100 5889 maledicunt
3125 5835 3148 5887 ?
3175 5829 3248 5904 Et
3265 5845 3380 5902 ego,
3399 5829 3548 5900 lusts
