4012 6336
429 302 536 397 osi

1473 303 1756 389 JOANNIS
1791 328 2111 388 cassum
2149 321 2646 386 commones.

3589 323 3686 393 683

428 465 586 528 parte
613 452 845 510 maxima
886 452 1018 524 ipsis
1054 447 1474 508 imminentibus
1511 458 1676 523 atque
1705 449 2011 523 instiganti—
2035 451 2088 513 Α
2114 446 2377 504 immundi
2406 445 2790 518 cogitationum
2823 453 3131 502 nostrarum
3175 439 3438 517 attingere
3466 447 3684 516 qualita-

428 553 530 608 bus
561 550 827 606 sentimus
853 547 1104 605 oboririt

1035 639 1264 698 CAPUT
1289 638 1408 696 XV.

433 737 716 810 Responsio
745 735 889 810 quid
905 734 1105 807 possint
1134 732 1389 810 daemones
1417 731 1474 786 in
1501 730 1894 810 cogitationibus
1923 728 2017 783 ho-

820 804 1038 872 minum,
1066 804 1250 876 quidve
1276 819 1382 859 non
1404 804 1621 873 possint.

372 973 403 1018 ,.
503 926 781 984 Serenus:
805 920 950 978 Nulli
975 919 1199 977 dubium
1225 925 1311 977 est
1336 925 1365 958 ι
1388 917 1535 991 quod
1563 917 1769 988 possint
1797 914 2019 987 spiritus

2118 551 2218 609 tes,
2250 541 2345 597 sed
2375 539 2592 596 indiciis
2621 552 2714 594 eas
2733 538 3087 595 sensibilibus
3115 537 3420 596 forinsecus
3445 539 3688 612 colligen-

2119 645 2224 698 tes,
2255 633 2308 688 id
2338 641 2453 700 est,
2487 647 2552 688 ex
2596 631 2802 688 nostris
2845 631 3294 702 dispositionibus
3322 639 3418 687 aut
3444 631 3613 690 verbis
3637 643 3688 692 et

2119 723 2313 780 studiis
2341 722 2395 779 in
2422 739 2542 792 quae
2566 722 2888 794 propensius
2909 723 3299 794 conspexerint
3321 737 3418 778 nos
3438 723 3684 781 inclinari.

2118 818 2385 874 Caeterum
2418 817 2542 873 illas
2568 831 2689 888 quae
2729 817 2958 873 necdum
2990 816 3060 873 de
3096 816 3325 874 internis
3355 816 3546 872 animae
3575 834 3688 889 pro-

2121 911 2356 984 dierunt,
2383 911 2534 969 adire
2562 911 2785 969 omnino
2810 927 2918 969 non
2949 921 3190 983 possunt.
3206 911 3356 983 ipsas
3375 927 3580 984 quoque
3603 931 3688 971 εο-
3731 987 3738 998 ε
3819 918 3826 926 ’

1483 1052 1743 1110 ALARDI
1782 1048 2014 1109 GAZA‘JI
2049 1046 2616 1108 COMMENTARIUS.

425 1175 656 1251 faciunt,
687 1169 944 1251 tuisoenim
983 1168 1276 1251 frequenter
1310 1165 1648 1251 molestantur
1683 1162 1907 1251 insidiis.
1938 1159 2006 1214 At

424 1232 513 1300 ille
537 1245 610 1298 ait
635 1232 652 1297 ἑ
687 1240 838 1296 Nihil
867 1255 958 1310 ego
983 1232 1119 1308 facio
1136 1278 1150 1304 ,
1178 1254 1232 1293 se
1258 1237 1472 1310 inuicem
1495 1236 1716 1310 turbant.
1744 1232 1886 1310 Nam
1911 1248 2004 1305 ego

426 1313 732 1370 miserabilis
765 1305 934 1378 factus
962 1305 1074 1364 sum
1099 1324 1118 1363 :
1149 1324 1209 1362 en
1238 1306 1449 1378 nullum,
1462 1309 1576 1378 jam
1604 1305 1764 1361 habeo
1793 1306 1963 1360 locum
1984 1348 2000 1373 ,

422 1386 623 1440 nullam
644 1377 880 1455 possideo
895 1382 1154 1455 civitatem
1176 1421 1207 1455 ,Α
1217 1381 1332 1455 jam
1357 1377 1485 1432 mihi
1512 1377 1659 1433 nulla
1686 1385 1806 1432 sunt
1833 1392 2002 1455 arma,

422 1446 736 1526 cunctasque
764 1453 1056 1526 provincias
1086 1446 1275 1506 Christi
1303 1459 1540 1526 personat
1571 1463 1791 1526 nomen;
1810 1446 2004 1526 solitu-

423 1529 567 1583 dines
609 1518 1221 1597 quoque‘tnonachorum
1262 1518 1519 1597 stipantur
1561 1519 1758 1597 choris._
1800 1518 1913 1592 Ipsi
1950 1535 2003 1573 se

422 1591 681 1663 tueantur,
709 1591 756 1649 et
791 1593 1082 1659 observent,
1113 1600 1158 1645 et
1185 1608 1264 1645 me
1293 1594 1401 1645 sine
1425 1607 1713 1663 causa_non
1740 1591 1997 1663 lacerent,

421 1686 514 1738 nec
542 1660 676 1722 mihi
713 1667 967 1738 immerito
1007 1665 1120 1718 dira
1162 1664 1530 1738 imprecentur.
1577 1660 1724 1738 Tunc
1766 1678 1860 1738 ego
1906 1661 2003 1716 Dei

419 1734 778 1811 gratiam‘cum
808 1737 1080 1811 alacritate
1102 1735 1420 1811 admiratus,
1451 1735 1526 1788 sic
1554 1734 1621 1787 ad
1651 1750 1767 1788 eum
1795 1735 2002 1788 locutus

417 1803 533 1890 Eum
555 1807 728 1890 :“Non
758 1807 1112 1890 tutenveritati,
1147 1821 1260 1890 qua:
1289 1803 1439 1890 nulla
1469 1815 1574 1871 est,
1610 1813 1718 1890 tarn
1744 1820 1926 1886 nonam
1952 1812 2001 1890 et

418 1881 710 1936 inauditam
733 1877 932 1933 ascribo
955 1875 1275 1933 sententiam.
1303 1875 1440 1931 Nam
1465 1891 1580 1930 cum
1602 1876 1825 1946 fallacia:
1847 1882 2001 1943 caput

417 1955 489 2006 sis
509 1998 523 2020 ,
558 1953 654 2005 hoc
681 1952 792 2005 sine
821 1949 1323 2020 mendacioicoactus
1352 1963 1404 2002 es
1446 1948 1698 2012 confiteri.
1731 1947 1870 2020 llaec
1900 1947 1995 2020 ibi.

417 2016 618 2079 Verum
644 2036 751 2091 quo
775 2021 976 2076 certius
1004 2029 1058 2076 et
1084 2017 1393 2091 distinctius
1420 2026 1633 2091 constet
1656 2017 1780 2088 quid
1809 2018 1906 2091 hac
1929 2016 1998 2091 de

416 2109 476 2150 re
505 2087 850 2149 sentiendum
879 2093 983 2156 sit,
1009 2089 1310 2145 audiendus
1337 2087 1426 2144 hic
1450 2087 1516 2143 D.
1566 2087 1805 2143 Thomas
1849 2087 1996 2159 (1-2,

416 2182 468 2235 q.
492 2165 585 2231 80,
617 2172 720 2218 art.
746 2164 800 2232 Α)
821 2203 836 2227 ,
868 2162 964 2235 qui
989 2162 1282 2235 proposita
1310 2159 1410 2214 hac
1434 2160 1753 2235 quaestione,
1789 2158 1998 2235 “Unum

417 2231 594 2291 omnia
623 2243 832 2306 peccata
859 2231 1126 2306 hominum
1162 2232 1264 2286 sint
1301 2246 1368 2306 ea:
1401 2231 1726 2306 suggestione
1764 2231 2013 2306 diabqli,’

416 2307 490 2362 ita
518 2300 812 2375 respondet
839 2320 854 2358 :
887 2301 1178 2375 Dicendum
1207 2301 1346 2371 quod
1375 2300 1764 2375 occasionaliter
1789 2303 1997 2371 quidem

417 2387 464 2428 et
509 2373 759 2432 indirecte
808 2374 1046 2430 diabolus
1087 2383 1159 2429 est
1198 2389 1358 2427 causa
1400 2373 1632 2426 omnium
1658 2384 1998 2444 peccatorum

416 2459 710 2503 nostrorum
731 2489 746 2512 ,
775 2449 830 2500 in
857 2452 1108 2517 quantum
1141 2445 1347 2499 induxit
1384 2444 1606 2511 primum
1631 2443 1896 2517 hominem
1927 2448 1997 2502 ad

417 2521 764 2586 peccandum;
789 2533 852 2572 ea:
870 2515 1023 2590 cujus
1048 2525 1256 2590 peccato
1284 2517 1339 2568 in
1367 2523 1565 2590 tantum
1594 2515 1870 2590 vitiataest
1898 2519 1998 2590 hu-

415 2607 569 2644 mana
608 2598 828 2651 natura,
869 2586 1134 2642 ut'omnes
1173 2586 1242 2641 ad
1283 2586 1597 2656 peccandum
1633 2587 1876 2655 proclives
1918 2589 1993 2643 si-

417 2677 572 2714 mus:
602 2661 733 2714 sicut
772 2660 1028 2713 diceretur
1068 2674 1174 2713 esse
1219 2655 1376 2712 causa
1414 2655 1779 2711 combustionis
1821 2659 1993 2728 ligno-

415 2748 532 2785 rum
553 2772 566 2795 ,
593 2731 680 2800 qui
709 2730 851 2801 ligna
877 2729 1124 2801 siccaret,
1155 2744 1218 2783 ea:
1241 2743 1342 2800 quo
1367 2737 1658 2793 sequeretur
1681 2729 1818 2798 quod
1843 2731 1994 2801 facile

415 2799 823 2856 incenderentur.
865 2799 1070 2855 Directe
1104 2807 1276 2853 autem
1313 2814 1414 2852 non
1455 2807 1528 2852 est
1567 2813 1725 2852 causa
1763 2799 1993 2855 omnium

416 2883 740 2940 peccatorum
766 2872 1128 2938 humanorum,
1150 2871 1224 2941 ita
1251 2868 1386 2934 quod
1409 2869 1617 2941 singula
1646 2881 1852 2941 peccata
1878 2887 1994 2941 per-

414 2938 650 3002 suadeat.
686 2943 838 3011 Quod
868 2941 1114 3013 Origenes
1145 2939 1296 3013 (Lib.
1319 2955 1374 3013 in
1397 2938 1602 2994 Periar.
1627 2955 1739 3011 cap.
1770 2940 1838 3013 7)
1865 2938 1990 3013 pro-

415 3013 502 3068 bat
530 3031 595 3069 ea:
619 3009 744 3078 hoc,
777 3011 915 3078 quod
940 3009 1141 3067 etiamsi
1156 3009 1403 3065 diabolus
1430 3025 1534 3064 non
1565 3009 1732 3077 esset,
1765 3009 1994 3069 homines

415 3084 652 3155 haberent
677 3083 962 3155 appetitum
994 3083 1255 3155 ciborum,
1296 3090 1345 3136 et
1373 3096 1741 3155 venereorum,
1770 3090 1820 3138 et
1849 3084 1994 3138 simi-

413 3154 539 3237 lium
563 3196 580 3220 ,
610 3152 892 3237 quiposset
931 3171 1041 3237 esse
1069 3152 1450 3237 inordinatus;
1485 3152 1622 3222 quod
1661 3153 1889 3225 subjacet
1921 3156 1990 3210 li-

412 3227 530 3280 bero
558 3223 788 3280 arbitrio.
822 3225 952 3280 limo
978 3225 1036 3280 S.
1069 3223 1327 3278 Thomas.

485 3307 512 3334 ι
548 3297 783 3363 Quaestio
809 3296 1122 3366 pervulgata
1153 3293 1242 3366 hic
1263 3290 1592 3366 discutitun;
1618 3295 1698 3348 An
1727 3295 1902 3365 angeli
1933 3306 1989 3353 et

413 3367 686 3423 dmmones
715 3363 1045 3437 cognoscant
1067 3363 1421 3437 cogitationes
1447 3363 1708 3437 cordium.
1739 3367 1783 3433 Q

413 3453 543 3493 vero
571 3453 637 3493 ex
667 3434 826 3492 dictis
854 3445 1066 3491 constet
1096 3437 1272 3492 solum
1323 3434 1494 3489 Deum
1546 3434 1691 3489 illabi
1724 3437 1992 3496 mentibus

412 3507 684 3574 humanis,
718 3511 877 3578 eique
906 3507 1010 3562 soli
1036 3517 1222 3578 patere
1250 3505 1911 3578 cogitationesihominum
1937 3520 1994 3566 et

411 3579 638 3634 consilia
665 3576 934 3645 cord‘ium,
966 3586 1147 3633 tamen
1177 3576 1318 3631 haud
1348 3591 1526 3646 parvae
1550 3576 1886 3632 difficultatis
1910 3590 1995 3637 est

413 3650 715 3731 intellig-ere
759 3665 868 3731 qua
895 3649 1116 3731 ratione
1161 3646 1468 3731 spirituales
1655 3648 1989 3731 substantiae,

411 3722 526 3776 sive
549 3717 873 3790 spiritns’illi
895 3717 1205 3786 incorporei
1227 3728 1413 3790 natura
1433 3717 1767 3790 subtilissimi
1793 3729 1846 3775 et
1872 3717 1996 3789 per;

411 3787 792 3860 spicacissimi,
824 3790 1178 3860 cogitationes
1203 3797 1260 3844 et
1285 3787 1601 3844 affectiones
1631 3800 1842 3862 nostras
1873 3787 1994 3862 per-

411 3863 624 3933 spicere
653 3871 710 3933 et
737 3870 1024 3930 penetrare
1060 3867 1353 3928 nequeant,
1393 3873 1488 3933 eas
1532 3861 1828 3933 praesertim
1859 3861 1992 3933 Quas

411 3928 517 3999 ipsi
540 3931 694 3987 nobis
715 3928 998 3999 inspirare,
1022 3943 1310 4000 suggerere
1331 3939 1386 3983 et
1405 3928 1700 3984 immittere
1720 3928 1990 3998 dicuntur,

411 4017 536 4058 cum
564 4000 710 4056 nullo
739 4002 914 4065 obice,
947 4010 1039 4056 aut
1063 3999 1470 4067 impedimento,
1495 4009 1602 4054 tam
1625 4015 1691 4054 ex
1723 4014 1874 4068 parte
1895 4019 1992 4059 sua

411 4087 574 4144 quam
605 4081 785 4144 nostra
812 4071 880 4125 ab
906 4069 1009 4126 hoc
1051 4069 1324 4144 prohiberi
1353 4071 1658 4144 videantur.
1706 4070 1811 4126 Pro
1839 4073 1993 4144 cujus

412 4087 574 4141 quam
605 4086 785 4125 nostra
812 4086 880 4125 an
907 4086 1009 4126 noc
1051 4086 1324 4194 pronmert
1353 4086 1658 4124 vmeantur.
1707 4086 1811 4126 ιιι-ο
1839 4086 1993 4144 cujus

412 4143 494 4214 rei
522 4141 908 4214 explicatione,
935 4151 988 4214 et
1019 4157 1052 4209 p
1075 4141 1244 4214 eniori
1274 4139 1632 4195 elucidatione
1661 4155 1844 4214 eorum
1874 4159 1993 4214 qua:

413 4213 499 4266 hic
529 4228 557 4266 a
581 4213 784 4268 Sereno
810 4211 908 4266 hac
929 4211 996 4266 de
1023 4225 1080 4266 re
1109 4211 1470 4277 disseruntur,
1498 4211 1786 4282 notandum
1821 4211 1993 4282 primo

413 4283 607 4351 duplex
639 4297 760 4337 esse
788 4297 958 4351 genus
985 4282 1356 4350 operationum
1394 4281 1696 4336 intellectus
1721 4292 1771 4336 et
1806 4281 1992 4340 volun-

412 4355 562 4408 tatis.
589 4351 842 4421 Quaadam
871 4354 1013 4407 enim
1043 4359 1166 4406 sunt
1191 4351 1485 4415 naturales,
1512 4353 1756 4420 quaedam
1787 4353 1989 4410 liberae.

411 4423 695 4479 Naturales
724 4435 848 4495 sunt
877 4438 1003 4495 qua:
1033 4421 1404 4495 determinatus
1430 4422 1496 4476 ad
1532 4438 1694 4477 tinum
1715 4462 1731 4488 ,
1762 4425 1845 4479 vel
1872 4441 1992 4495 quae

414 4495 750 4563 praeveniunt
797 4492 1057 4563 judicium
1112 4503 1168 4549 et
1222 4491 1702 4557 deliberationem,
1757 4505 1811 4549 ut
1868 4491 1994 4552 sunt

415 4565 574 4633 primi
605 4575 801 4637 motus,
835 4565 1300 4637 cogitationes,_e_t
1327 4563 1642 4619 affectiones
1667 4565 1988 4637 subitaneae,

410 4636 756 4707 evagationes
785 4635 1180 4690 involuntarite.
1213 4633 1421 4707 Liberae
1447 4645 1501 4690 et
1529 4637 1844 4692 voluntaria:
1871 4633 1992 4707 qua:

411 4721 475 4759 ex
500 4705 702 4778 judicio
731 4713 791 4778 ct_
814 4713 1109 4778 spontanea
1139 4705 1418 4778 voluntate
1448 4707 1822 4778 concipiuntur
1842 4749 1857 4774 ,
1888 4705 1991 4766 nec

410 4785 540 4830 sunt
567 4775 937 4847 determinatac
965 4775 1032 4829 ad
1063 4791 1249 4830 unutn.
1297 4774 1404 4847 Ista
1443 4774 1622 4831 autem
1659 4777 1764 4832 duo
1791 4794 1987 4847 genera

409 4845 784 4917 operationum
814 4846 892 4900 sic
920 4860 979 4901 se
1009 4847 1229 4912 habent,
1259 4855 1316 4901 ut
1346 4846 1532 4902 liberae
1561 4847 1669 4902 sint
1696 4845 1988 4917 superioris

407 4915 685 4991 cujusdam
711 4917 916 4991 ordinis
936 4933 1095 4986 quam
1123 4917 1392 4991 naturales
1421 4935 1432 4969 :
1466 4915 1777 4991 proindees
1805 4922 1991 4991 cogni-

336 5019 342 5028 -
409 4987 558 5040 tione
609 4987 928 5059 naturalium
977 5003 1097 5059 non,
1125 4987 1366 5059 sequitur
1404 4987 1636 5056 cognitio
1671 4987 1984 5059 liberarum,

409 5066 675 5123 quatenus
701 5057 883 5111 liberae
913 5065 1056 5124 sunt,
1086 5057 1136 5112 id
1163 5057 1265 5120 est,
1289 5066 1547 5127 quantum
1581 5061 1646 5113 ad
1675 5057 1988 5118 affirmatio-

411 5141 531 5200 nem
563 5136 617 5182 et
648 5130 1010 5198 negationem.
1047 5127 1369 5184 electionem
1397 5138 1454 5184 et
1477 5131 1674 5200 fugam,
1704 5147 1987 5190 assensum

407 5207 459 5251 et
483 5197 804 5253 dissensum.

302 5299 309 5337 χ
427 5339 438 5340 7
479 5267 754 5332 Secundo,
774 5267 1054 5340 fatendum
1085 5283 1242 5340 posse
1267 5269 1489 5340 angelos
1517 5278 1568 5325 et
1601 5271 1876 5328 daemones
1908 5274 1987 5329 vi-

313 5341 316 5345 ’
409 5339 540 5394 dere
569 5339 921 5410 cogitationes
969 5351 1023 5393 et
1065 5338 1382 5410 affectiones
1429 5351 1639 5396 nostras
1689 5345 1982 5410 naturales,

406 5410 569 5481 etiam
609 5408 776 5479 partis
819 5408 1112 5479 superioris
1159 5421 1212 5466 et
1256 5411 1638 5477 intellectivm;
1689 5408 1982 5481 naturales,

326 5497 336 5558 ξ
408 5479 660 5558 inquam,
707 5495 828 5550 qua:
879 5481 1090 5537 scilicet
1128 5482 1403 5558 rationem
1443 5491 1500 5537 et
1542 5479 1982 5558 deliberationem

334 5551 336 5612 ἶ
409 5551 769 5620 praeveniunt,
793 5565 892 5605 nec
913 5560 1037 5605 sunt
1061 5551 1283 5620 proprie
1302 5553 1540 5608 actiones
1560 5553 1826 5610 humanae.
1852 5553 1984 5610 Nam

327 5631 341 5694 ι
409 5619 585 5694 angeli
612 5621 851 5688 perfecte
870 5619 1202 5691 cognoscunt
1226 5637 1416 5678 omnes
1441 5623 1787 5689 substantias,
1810 5634 1864 5679 et
1890 5640 1985 5693 po-

411 5689 630 5754 tentias,
652 5699 706 5763 e_t
731 5689 1094 5763 actu§_earttm
1124 5695 1416 5760 naturales,
1451 5709 1549 5748 nec
1576 5694 1626 5748 id
1656 5695 1706 5748 in
1732 5689 1985 5763 qmcstio-

410 5774 533 5815 nem
563 5759 813 5815 vertitur.
853 5759 1072 5817 Natura:
1117 5763 1260 5818 enim
1286 5759 1429 5820 actio
1454 5776 1576 5820 nata
1615 5775 1698 5820 est
1725 5759 1785 5822 se
1815 5767 1984 5822 mani-

411 5829 636 5898 festare.
664 5839 720 5892 α
739 5830 880 5888 sicut
899 5830 1015 5900 ejus
1043 5833 1342 5892 substantia
1361 5834 1619 5893 abscondi
1649 5850 1752 5894 non
1780 5844 1983 5907 potest,

2029 1987 2078 2049 B

2019 4749 2069 4810 D

2108 1159 2182 1216 ita
2214 1176 2312 1216 nec
2345 1163 2465 1228 ejus
2494 1161 2718 1218 etl‘ectns
2745 1181 2760 1231 ;
2814 1163 3115 1220 voluntaria
3145 1173 3324 1222 autem
3365 1163 3506 1221 sicut
3532 1166 3685 1226 libere

2110 1232 2444 1302 producitur,
2484 1234 2555 1288 ita
2588 1235 2758 1290 libere
2790 1237 3089 1291 occultatur
3115 1247 3170 1291 et
3201 1236 3590 1293 manifestatur.

2178 1303 2362 1379 Tertio
2391 1319 2487 1374 pro
2525 1314 2676 1379 certo
2703 1307 2996 1363 tenendum
3037 1317 3120 1362 est
3146 1324 3320 1379 neque
3351 1309 3568 1378 angelos
3595 1327 3683 1366 ne-

2107 1374 2510 1450 que‘daemones
2537 1378 2738 1450 virtute
2779 1392 2876 1432 sua
2917 1379 3150 1450 naturali
3185 1374 3345 1448 posse
3368 1374 3685 1450 cognoscere

2105 1445 2547 1519 cogitationeset
2597 1447 2912 1504 affectiones
2944 1449 3142 1505 liberas
3170 1445 3224 1506 et
3248 1445 3574 1519 spontaneas
3593 1494 3607 1516 ,
3633 1462 3688 1510 ut

2108 1527 2236 1589 sunt
2265 1516 2317 1572 in
2351 1517 2634 1573 intellectu
2665 1527 2720 1574 et
2748 1520 3054 1589 voluntate,
3097 1521 3214 1577 sine
3251 1516 3476 1578 alterius
3514 1525 3686 1580 maui-

2109 1586 2430 1663 festatioue._
2464 1589 2523 1663 i0
2551 1589 2685 1663 Quia
2712 1589 2815 1645 hoc
2843 1591 2953 1646 Deo
2990 1586 3275 1663 tribuitur,
3309 1603 3367 1650 ut
3396 1594 3685 1663 prOpriutn,

2110 1668 2278 1734 ut__ex
2325 1658 2506 1734 multis
2555 1661 2849 1734 §cripturaa
2900 1662 3051 1734 locis
3091 1658 3342 1734 superius
3395 1658 3682 1734 ostensum,

2107 1728 2303 1852 auibus
2327 1731 2533 1812 accedit
2558 1731 2687 1786 illud
2708 1733 2940 1803 apostoli
2963 1733 2997 1815 .l
3020 1728 3269 1817 floriiith.
3303 1751 3338 1791 ιι
3355 1751 3383 1817 .z
3412 1735 3538 1802 Quis
3561 1728 3685 1818 enim

2145 1817 2366 1852 animum
2397 1813 2510 1852 seu-
2539 1818 2657 1852 am
2683 1813 2804 1852 sunt
2834 1805 3076 1852 hamum-
3107 1809 3208 1852 nisi
3239 1811 3453 1852 sm’nlus
3477 1807 3685 1852 Immisit:

2145 1802 2366 1878 ominum
2397 1803 2511 1872 scit,
2539 1802 2804 1878 qutesunt
2834 1804 3215 1878 hoministnisi
3226 1806 3453 1878 spiritus
3477 1807 3685 1878 hominis

2107 1872 2193 1934 qui
2233 1873 2288 1926 in
2317 1873 2444 1947 ipso
2487 1874 2605 1928 est?
2647 1874 2752 1947 Ubi
2776 1877 3053 1947 annotavit
3079 1876 3140 1929 D.
3175 1872 3411 1932 Thomas
3443 1875 3532 1947 (In
3557 1893 3687 1931 rom-

2108 1944 2382 2014 mentario)
2403 1945 2683 2012 signanter
2703 1945 2806 2001 dici
2839 1965 2850 2000 :
2879 1945 3005 2011 Quis
3033 1947 3322 2013 hominum,
3345 1965 3407 2002 ne
3429 1944 3490 2002 ab
3513 1950 3686 2002 horum

2104 2015 2408 2089 cognitione
2435 2016 2589 2089 etiam
2628 2016 2769 2071 Deus
2799 2017 3031 2072 videatur
3070 2019 3309 2089 ercludi,
3341 2019 3428 2089 qui
3473 2030 3685 2074 secreto-

2103 2100 2221 2159 rum
2262 2087 2434 2159 cordis
2476 2087 2621 2142 solus
2666 2096 2739 2142 est
2781 2089 3032 2159 cognitor.
3090 2087 3368 2158 Manifesta
3417 2099 3590 2143 autem
3619 2099 3686 2144 est

2097 2157 2254 2229 ratio,
2283 2157 2378 2224 ait,
2405 2175 2566 2228 quare
2592 2159 2746 2213 homo
2774 2177 2833 2214 ea
2846 2157 2975 2229 qua:
3014 2160 3067 2213 in
3106 2157 3321 2214 alterius
3349 2162 3506 2215 corde
3533 2160 3687 2214 latent

2097 2227 2229 2281 scire
2254 2244 2351 2303 non
2379 2227 2582 2303 potest,
2611 2231 2736 2300 quia
2763 2227 2986 2303 cognitio
3011 2231 3230 2285 hominis
3257 2249 3288 2285 a
3312 2248 3465 2303 sensu
3496 2232 3683 2300 accipi-

2099 2306 2183 2351 tur
2214 2313 2232 2350 :
2258 2308 2306 2352 et
2334 2300 2451 2352 ideo
2479 2317 2537 2354 ea
2566 2316 2682 2371 quia
2718 2300 2842 2355 sunt
2867 2302 2918 2354 in
2949 2303 3103 2356 corde
3131 2304 3344 2357 alterius
3365 2344 3379 2364 .
3424 2301 3578 2356 homo
3602 2320 3682 2356 co-

2097 2385 2342 2445 gnoscere
2369 2387 2464 2424 non
2496 2383 2678 2443 potest,
2709 2373 2809 2445 nisi
2849 2382 3098 2445 quatenus
3129 2389 3218 2445 per
3245 2375 3397 2445 signa
3429 2374 3682 2445 sensibilia

2097 2441 2515 2514 manifestantur,
2559 2441 3020 2514 secundum'illud
3059 2444 3078 2498 1
3121 2441 3315 2514 Regum
3345 2460 3432 2500 ιη
3471 2460 3486 2499 :
3523 2442 3681 2498 Homo

2095 2511 2230 2566 videt
2252 2529 2369 2586 qua;
2391 2513 2518 2586 foris
2547 2523 2754 2586 patent,
2791 2513 2932 2569 Deus
2960 2527 3132 2569 autem
3162 2511 3388 2570 intuetur
3425 2532 3535 2569 cor.
3582 2515 3682 2571 Sed

2097 2598 2193 2656 nec
2214 2584 2431 2656 angelus
2458 2584 2653 2656 bonus,
2685 2601 2777 2640 nec
2805 2586 2994 2651 malus,
3027 2602 3084 2639 ea
3115 2603 3230 2656 qua:
3256 2587 3311 2640 in
3340 2587 3498 2641 corde
3525 2587 3682 2640 homi-

2096 2654 2177 2728 nis
2203 2654 2362 2708 latent
2392 2655 2522 2728 scire
2543 2663 2740 2727 potest,
2775 2657 2873 2710 nisi
2899 2657 2957 2709 in
2991 2654 3240 2727 quantum
3268 2674 3357 2728 per
3386 2659 3584 2728 aliquos
3611 2657 3683 2728 ef-

2096 2724 2260 2798 fectus
2291 2724 2688 2798 manifestantur
2716 2743 2734 2780 :
2755 2728 2902 2798 cujus
2925 2724 3057 2781 ratio
3091 2724 3453 2798 accipi'potest
3474 2724 3544 2782 ea:
3571 2724 3680 2793 ipso

2095 2795 2246 2848 verbo
2284 2795 2520 2864 Apostoli
2542 2798 2685 2871 ,Aqui
2711 2795 2924 2871 dici’t‘ea
2960 2799 3158 2871 ratione
3187 2795 3421 2871 spiritum
3467 2798 3680 2854 hominis

2095 2880 2398 2940 cognoscere
2421 2883 2536 2940 qua:
2563 2867 2625 2940 in;
2651 2869 2804 2923 corde
2839 2867 3058 2923 hominis
3097 2867 3296 2936 latent,
3333 2872 3455 2940 quia
3495 2871 3550 2924 in
3577 2873 3682 2939 ipso

2093 2933 2300 3012 (tamine
2326 2933 2442 3004 est,‘
2465 2939 2688 3012 Angelus
2711 2949 2882 2994 autem
2905 2955 3065 3011 neque
3091 2933 3465 3012 bonum-neque
3494 2933 3679 3012 malus,

2092 3006 2328 3062 illabitur
2353 3011 2509 3062 menti
2543 3006 2815 3076 humanae,
2845 3021 2896 3063 ut
2939 3006 2991 3065 in
3035 3012 3148 3077 ipso
3176 3011 3331 3065 corde
3361 3006 3592 3066 hominis
3617 3011 3680 3066 sit

2093 3088 2141 3154 _et
2163 3079 2473 3154 intrinsecus
2481 3089 2745 3154 operetur,
2761 3082 2848 3154 sed
2868 3080 3149 3154 hocisolius
3175 3080 3274 3136 Dei
3297 3084 3566 3154 pr0prium
3586 3091 3676 3154 est.

2095 3145 2169 3202 Ita
2193 3158 2408 3206 sanctus
2432 3145 2688 3206 Thomas.
2717 3150 2781 3204 2ο
2808 3153 2941 3218 Quia
2970 3152 3158 3208 Patres
3189 3145 3305 3207 uno
3325 3145 3420 3209 oro
3465 3156 3539 3208 ita
3584 3153 3679 3208 do-

2091 3227 2238 3285 cent,
2265 3223 2598 3290 probamque
2621 3222 2821 3278 Christi
2847 3221 3180 3279 divinitatem
3204 3238 3270 3278 ex
3294 3225 3678 3292 cogitationum

2092 3300 2420 3364 secretarum
2469 3293 2815 3364 cognitione,
2851 3295 3010 3349 toties
3041 3296 3091 3348 in
3138 3295 3428 3364 Evangelio
3457 3295 3676 3350 manife-

1789 3363 1994 3425 u'amvis
2021 3368 2066 3433 ο
2098 3367 2262 3436 stata,
2279 3363 2596 3420 Ambrosius
2620 3365 2672 3418 in
2697 3381 2729 3418 v
2748 3381 2866 3428 cap.
2900 3364 3083 3436 Lucae,
3101 3363 3463 3436 Hieronymus
3488 3367 3541 3422 in
3563 3379 3678 3435 cap.

2097 3446 2208 3508 Evn
2235 3431 2438 3508 let-em.
2463 3443 2518 3489 et
2542 3451 2671 3508 cap._
2693 3453 2753 3508 txr
2771 3436 3027 3508 Mattlnei,
3050 3431 3474 3508 Chrysostomus
3495 3431 3680 3508 homil.

2096 3503 2169 3578 ἕο
2193 3503 2243 3578 in
2275 3503 2869 3578 MatthmungVCyrillns
2899 3507 2990 3578 tib.
3025 3522 3062 3561 ll
3093 3508 3143 3560 in
3161 3503 3460 3574 'Joanncm,
3489 3519 3541 3563 et
3569 3507 3675 3563 alii.

2096 3572 2160 3626 5ο
2201 3572 2855 3649 Rationefundanicntali
2901 3577 2967 3632 D.
3019 3578 3241 3632 'l‘ltomzn
3295 3578 3342 3646 (ι
3389 3572 3544 3649 νέαι.
3590 3578 3677 3649 57,

2094 3654 2198 3719 art.
2225 3644 2284 3715 4)
2310 3661 2326 3719 _:
2353 3645 2506 3712 Quia,
2537 3648 2726 3715 inquit.
2757 3649 2994 3703 voluntas
3013 3649 3280 3702 rationalis
3305 3644 3560 3719 creatur-'42
3586 3647 3682 3702 soli

2096 3715 2208 3770 Deo
2237 3717 2493 3789 subjacet,
2523 3728 2570 3772 et
2609 3719 2718 3789 ipse
2750 3722 2892 3772 solus
2921 3721 2972 3771 in
3011 3735 3122 3772 eam
3162 3715 3590 3789 Operari'potest,
3630 3727 3682 3771 ut

2096 3787 2380 3858 principale
2399 3790 2509 3850 eius
2530 3787 2784 3860 objectum
2800 3799 2848 3842 et
2867 3789 3080 3843 ultimus
3100 3787 3238 3858 finis.
3263 3789 3330 3843 Et
3353 3791 3472 3844 ideo
3493 3807 3554 3842 ea
3573 3804 3681 3858 qua:

2093 3873 2160 3912 ea:
2182 3860 2444 3930 voluntate
2471 3860 2580 3912 sola
2611 3861 2921 3926 dependent,
2954 3861 3030 3913 vel
3054 3877 3172 3930 quia
3204 3862 3256 3913 in
3283 3861 3548 3914 voluntate
3575 3861 3682 3914 sola

2093 3940 2235 3996 sunt,
2258 3929 2353 3982 soli
2381 3927 2491 3984 Deo
2516 3939 2634 3983 sunt
2661 3941 2799 3984 nota.
2841 3930 2972 3985 Cum
3004 3927 3165 4001 igitur
3197 3933 3407 3985 interne
3431 3934 3679 3986 Voluntas

2095 4009 2302 4072 nostra,
2329 4011 2683 4072 praeterquam
2713 4015 2743 4054 a
2773 4001 2882 4056 Deo
2901 4044 2914 4069 ,
2945 4017 2974 4055 a
3003 4002 3217 4056 nemine
3247 4006 3452 4056 moveri
3490 4002 3681 4072 possit,

2095 4068 2342 4137 ejusque
2375 4068 2853 4125 nutni’volnntatis
2903 4068 3081 4127 motus
3127 4074 3438 4128 immediate
3486 4068 3678 4137 subsit,

2097 4138 2209 4212 Deo
2239 4150 2443 4194 tantum
2470 4151 2524 4196 et
2563 4143 2660 4212 ipsi
2699 4143 2901 4196 homini
2941 4145 3196 4211 cogitanti
3243 4155 3295 4197 ct
3325 4144 3526 4199 volenti
3563 4157 3682 4212 pro-

2097 4211 2244 4283 prius
2274 4214 2484 4283 animus
2516 4211 2673 4267 notus
2702 4229 2822 4268 esse
2851 4225 3051 4283 potest.
3084 4216 3145 4269 4ο
3174 4215 3265 4268 llis
3289 4215 3498 4271 accedit
3522 4211 3682 4272 Joan-

2095 4283 2179 4355 nis
2209 4281 2432 4355 Climaci
2464 4298 2566 4337 non
2600 4284 2814 4351 illepida
2850 4281 3084 4339 narratio
3106 4326 3120 4347 ,
3150 4285 3315 4355 gradu
3361 4287 3420 4340 5t
3451 4329 3465 4350 ,
3498 4287 3586 4340 ubi
3615 4285 3682 4340 de

2096 4351 2422 4408 discretione
2451 4369 2630 4422 agens,
2660 4357 2846 4409 scribit
2883 4351 3175 4410 monachos
3204 4357 3474 4411 interdum
3507 4359 3573 4410 de
3603 4359 3683 4411 in-

2094 4422 2300 4497 dustria
2334 4424 2591 4497 fefellisse
2619 4425 2950 4490 dmntonem,
2983 4427 3109 4480 dum
3140 4427 3281 4480 aliud
3313 4427 3448 4480 foris
3478 4442 3591 4497 pra:
3620 4442 3678 4482 se

2097 4493 2335 4561 ferrent,
2371 4495 2513 4550 aliud
2545 4505 2724 4549 tuente
2750 4506 2802 4552 et
2849 4498 3171 4562 cogitatione
3219 4493 3497 4552 versareni
3532 4515 3546 4551 :
3583 4498 3680 4563 Qui

2095 4565 2299 4632 vicerit,
2351 4566 2556 4633 inquit,
2597 4568 2750 4630 vitia,
2801 4568 3055 4622 dwmones
3104 4567 3375 4632 vulnerat,
3416 4585 3480 4622 ac
3523 4567 3681 4636 perid

2095 4637 2232 4705 quod
2255 4653 2310 4690 se
2335 4636 2517 4690 habere
2532 4639 2662 4709 initia
2688 4639 2920 4702 simulat,
2953 4640 3188 4692 inimicos
3215 4641 3369 4707 fallit,
3403 4643 3682 4709 perdurat-

2093 4723 2192 4789 φιτ
2229 4708 2660 4789 ἱιζειςρυθραᾶἰιίε.
2746 4709 2971 4776 Quidam
3015 4725 3090 4789 ec
3124 4709 3374 4789 fratribus
3395 4708 3682 4781 aliquando

2094 4778 2376 4846 ignominia
2401 4778 2613 4844 affectus
2633 4790 2726 4843 est,
2743 4789 2792 4833 et
2816 4796 2932 4834 cum
2953 4780 3158 4833 omnino
3177 4780 3329 4832 corde
3365 4778 3536 4832 motus
3580 4795 3682 4832 non

2094 4849 2304 4920 fuisset,
2332 4850 2387 4902 in
2417 4861 2580 4903 mente
2605 4853 2847 4904 secretius
2882 4852 3062 4914 oravit,
3095 4865 3245 4917 atque
3273 4851 3344 4903 ita
3378 4851 3431 4903 in
3458 4850 3682 4920 ignomi-

2095 4919 2194 4972 niis
2215 4919 2488 4974 lamentari
2515 4922 2664 4987 caepit
2689 4921 2784 4975 hac
2804 4923 2925 4992 ficta
2951 4922 3343 4992 perturbatione,
3378 4919 3679 4992 tranquilli-

2094 4997 2250 5043 tatem
2285 5007 2432 5043 suant
2468 4989 2842 5060 sapientissime
2885 4993 3220 5044 abscondens.
3265 4991 3410 5041 Alius
3455 4989 3583 5041 item
3617 5003 3681 5060 ea:

2097 5061 2340 5130 fratribus
2377 5077 2492 5115 cunt
2532 5058 2759 5132 primam
2799 5065 3075 5115 sessionem
3122 5061 3329 5132 omnino
3371 5075 3474 5111 non
3515 5058 3678 5132 cupit,

2095 5129 2225 5184 hanc
2251 5147 2305 5184 se
2333 5129 2569 5201 appetere
2598 5133 2886 5186 avidissime
2913 5132 3082 5201 [ἱππ-ι.
3135 5129 3291 5184 Illius
3318 5145 3434 5182 vero
3465 5131 3681 5182 castita-

2094 5210 2193 5272 tem
2236 5203 2422 5270 quibus
2465 5202 2624 5256 verbis
2667 5202 2912 5272 eloquar,
2949 5204 3037 5272 qui
3061 5203 3205 5269 qttasi
3242 5201 3493 5270 peccandi
3523 5216 3682 5253 causa

2093 5271 2317 5338 lupanar
2355 5274 2642 5342 ingressus,
2691 5271 3007 5327 meretricem
3037 5274 3199 5342 ipsam
3229 5275 3297 5324 ad
3325 5271 3683 5341 panitentiam

2089 5344 2285 5396 traxit?
2321 5343 2542 5409 Quidam
2564 5345 2680 5396 item
2700 5345 2928 5397 solitario
2958 5341 3070 5394 cum
3097 5344 3258 5412 primo
3285 5357 3571 5412 inanequ
3594 5341 3684 5412 bo-

2088 5421 2222 5484 trum
2257 5414 2542 5478 attulisset,
2575 5417 2788 5484 jamque
2830 5416 2872 5467 is
2900 5413 2987 5480 qui
3014 5410 3288 5484 attulerat,
3319 5411 3588 5484 profectus
3613 5410 3680 5463 ab

2089 5482 2180 5536 illo
2211 5493 2360 5546 esset.
2392 5482 2592 5538 summo
2617 5486 2836 5554 quodam
2863 5499 2925 5536 ac
2947 5483 3101 5538 celeri
3127 5485 3317 5553 impetu
3343 5484 3504 5554 illum,
3524 5483 3677 5554 dero-

2086 5557 2216 5625 ravit
2256 5555 2442 5625 absque
2478 5558 2709 5625 appetitu
2746 5555 2873 5619 ullo,
2904 5571 2996 5624 per
3021 5554 3117 5608 hoc
3159 5555 3381 5625 seipsunt
3409 5553 3679 5625 gultcad-

2089 5624 2280 5678 dictum
2302 5623 2616 5679 (temonibus
2648 5623 2909 5686 indicans,
2937 5635 3095 5694 atque
3124 5624 3240 5677 illos
3267 5624 3473 5677 ludens.
3530 5623 3680 5674 Alius

2091 5697 2209 5750 item
2239 5712 2355 5748 cum
2382 5696 2612 5748 modicas
2634 5695 2884 5750 amisisset
2907 5694 3124 5764 palmas,
3151 5703 3256 5748 tota
3277 5694 3360 5748 die
3380 5709 3432 5747 se
3455 5707 3677 5746 maeren-

2092 5775 2192 5820 tem
2222 5767 2391 5835 finxit.
2439 5765 2632 5822 Subdit
2661 5781 2822 5835 porro
2854 5765 2995 5821 idem
3024 5765 3291 5820 Climacus
3325 5765 3460 5835 hanc
3493 5772 3678 5835 caute-

2093 5837 2196 5896 lam
2222 5831 2242 5892 ’ς
2276 5835 2490 5894 Summa
2515 5837 2625 5893 istis
2652 5831 2920 5908 uigilantia
2941 5836 3060 5906 fuit,
3089 5851 3150 5890 ne
3173 5836 3305 5905 forte
3333 5833 3480 5903 (dum
3503 5831 3678 5886 hostes
