4012 6336
206 354 299 409 blla

592 354 936 417 COLLATIO
974 356 1088 415 VII.
1118 386 1188 400 —
1222 358 1309 416 DE
1348 358 1590 418 ΑΝΙΜᾹΞ
1633 360 1772 418 ΜΟΒ

1877 360 2049 418 I'ATE
2090 362 2179 419 ET
2218 361 2695 422 SPlRlTALlBUS
2734 362 3100 433 NEOUITIIS.

3365 371 3467 424 (ibi)

201 463 484 539 gitationes
512 480 647 537 quas
674 468 955 540 ingerunt,
990 479 1166 527 utrum
1198 482 1462 544 susceptae
1490 473 1575 530 vel
1599 488 1786 545 quem-
1813 479 1863 539 Α
1890 476 2128 531 motione
2169 476 2496 547 dignoscunt
2518 521 2534 547 ,
2580 496 2700 536 cum
2758 490 2965 539 scmcet
3011 498 3134 539 eum
3182 483 3267 541 vel
3306 484 3469 542 infre-

199 559 487 617 atltuodum
517 571 784 633 susceptae
806 564 931 634 sint,
962 579 1068 620 non
1096 580 1191 635 per
1217 564 1385 636 ipsius
1414 568 1609 623 anima:
1632 576 1785 624 natu-

201 670 331 725 ram,
366 655 418 710 id
451 665 561 723 est,
594 671 693 727 per
725 658 873 713 illum
905 660 1211 716 interiorem
1244 669 1449 717 motum
1479 662 1533 717 in
1574 663 1783 719 medul-

200 746 280 815 lis,
312 757 368 802 ut
398 747 475 803 ita
506 748 769 816 dixerim,
797 750 1118 819 latitantem,
1150 750 1246 808 sed
1274 766 1343 808 ex
1363 754 1599 811 motibus
1624 764 1786 827 atque

201 840 406 896 indiciis
426 841 719 899 exterioris
746 843 977 899 hominis
997 845 1427 915 deprehendunt,
1454 856 1637 917 utputa
1659 863 1783 904 cum

200 936 567 1004 suggesserim
612 937 1044 1009 gastrimargiam
1065 980 1079 1005 ,
1111 939 1157 994 si
1186 939 1421 996 viderint
1463 941 1782 998 monachum

200 1027 260 1081 ad
282 1026 576 1084 fenestram
598 1040 689 1085 aut
709 1031 775 1087 ad
798 1032 968 1087 solem
993 1034 1209 1088 oculum
1235 1034 1499 1091 curiosius
1519 1037 1780 1108 erexisse,

199 1120 275 1177 vel
306 1120 375 1176 de
402 1121 540 1177 hora
570 1124 854 1179 sollicitius
876 1126 1186 1196 inquisisse,
1213 1137 1546 1199 cognoscunt
1571 1128 1785 1186 deside-

199 1216 330 1269 rium
362 1215 506 1285 gulze
540 1216 709 1275 fuisse
736 1226 1068 1287 susceptum.
1101 1220 1158 1276 Si
1188 1221 1595 1278 fornicationem
1627 1222 1781 1294 inge-

200 1316 376 1363 rentes
398 1310 678 1365 senserint
699 1326 821 1367 eum
848 1314 1111 1381 patienter
1138 1313 1303 1370 telum
1334 1315 1573 1372 libidinis
1598 1330 1783 1374 susce-

198 1402 335 1473 pisse
354 1444 370 1468 ,
402 1419 501 1460 seu
534 1405 773 1462 viderint
798 1422 961 1464 carne
991 1417 1350 1476 commotum,
1379 1421 1471 1466 aut
1496 1419 1644 1467 certe
1673 1426 1779 1468 non

198 1504 252 1549 ut
281 1497 529 1566 oportuit
566 1498 829 1555 adversus
872 1503 1229 1571 suggestionis
1265 1503 1560 1560 immundae
1607 1506 1782 1577 suspi-

196 1602 337 1643 rasse
370 1589 652 1647 lasciviam
678 1633 694 1660 ,
745 1594 1047 1665 intelligunt
1086 1596 1137 1651 in
1185 1596 1556 1667 penetralibus
1585 1600 1780 1656 anima:

195 1680 429 1737 libidinis
470 1682 707 1753 jaculum
755 1685 922 1742 fuisse
963 1688 1217 1745 deﬁxum.
1249 1690 1307 1748 Si
1338 1690 1391 1747 in
1430 1692 1777 1749 incitamenta

196 1772 424 1828 tristitia:
446 1816 462 1839 ,
502 1776 549 1831 si
591 1777 719 1843 irin,
761 1778 805 1832 si
834 1777 1033 1835 luroris
1059 1780 1396 1839 admoverint
1418 1825 1433 1849 ,
1466 1794 1776 1840 utrumnam

1889 570 2091 625 muisse
2112 570 2357 637 tacitum,
2389 573 2470 628 vel
2498 588 2619 629 cum
2647 574 2876 645 quadam
2904 575 3269 648 indignatione
3290 578 3470 648 suspi-

1888 676 2057 729 rasse,
2089 661 2135 717 si
2165 662 2367 719 vultum
2393 666 2859 725 consideraverint
2884 670 3113 740 quodam
3144 672 3350 742 pallore
3376 683 3470 729 aut

1886 753 2083 811 rubore
2108 764 2365 826 mutasse,
2393 767 2448 814 et
2471 761 2543 814 ita
2569 760 2837 817 subtiliter
2860 763 3073 819 cuinam
3095 762 3215 835 quis
3236 764 3307 820 sit
3336 766 3468 821 vitio

1884 847 2098 903 deditus
2141 849 2568 920 deprehendunt.
2622 850 2722 909 Illo
2752 869 2983 926 namque
3032 871 3469 929 unumquemque

1886 950 2129 997 nostrum
2175 941 2431 999 delectari
2489 954 2637 1001 certa
2695 947 2905 1003 ratione
2966 959 3335 1020 cognoscunt,
3399 951 3467 1003 ntl

1884 1036 2039 1106 cujus
2103 1037 2502 1107 instigationem
2549 1055 2671 1095 mox
2729 1042 2960 1112 quodam
3022 1054 3156 1098 nutu
3200 1044 3283 1099 vel
3320 1055 3465 1099 motu

1884 1131 2127 1201 corporis
2170 1147 2495 1188 consensum
2543 1136 3080 1207 convenientiamque
3125 1137 3193 1191 ah
3220 1153 3285 1192 eo
3328 1152 3465 1207 prae-

1883 1226 2067 1281 stitam
2143 1225 2306 1282 fuisse
2376 1226 2727 1298 perviderint.
2802 1228 2932 1297 Quae
2999 1231 3069 1285 ab
3114 1231 3223 1285 illis
3289 1231 3467 1285 aereis

1884 1319 2169 1375 virtutibus
2198 1318 2271 1373 ita
2299 1318 2627 1389 deprehendi
2660 1335 2765 1375 non
2801 1322 2993 1376 mirum
3025 1331 3129 1387 est,
3155 1336 3275 1376 cum
3308 1320 3410 1375 hoc
3435 1338 3464 1373 a

1884 1410 2235 1483 prudentibus
2270 1426 2483 1483 quoque
2531 1412 2659 1468 viris
2688 1413 2986 1483 saepissime
3013 1413 3127 1469 fieri
3163 1414 3462 1478 videamus,

1883 1513 1941 1561 ut
1963 1504 2165 1560 scilicet
2187 1505 2461 1560 interioris
2480 1504 2714 1561 hominis
2736 1514 2930 1560 statum
2955 1506 3021 1561 de
3044 1506 3207 1576 figura
3238 1514 3291 1561 et
3316 1505 3463 1560 vultu

1881 1610 1978 1652 seu
2007 1596 2262 1667 qualitate
2293 1596 2585 1652 exterioris
2615 1606 2929 1667 agnoscant.
2962 1596 3172 1664 Quanto
3195 1613 3325 1668 ergo
3345 1613 3464 1653 cer-

1882 1690 1989 1746 tius
2015 1688 2129 1745 htec
2151 1688 2219 1745 ab
2244 1687 2327 1743 liis
2354 1698 2603 1760 poterunt
2631 1689 2982 1759 deprehendi,
3015 1706 3149 1761 quos
3176 1694 3377 1761 utique,
3404 1700 3463 1745 ut

1880 1782 2135 1854 spiritalis
2158 1791 2385 1848 naturae,
2413 1783 2582 1837 multo
2610 1783 2920 1841 subtiliores
2949 1798 3010 1839 ac
3038 1782 3338 1855 sagaciores
3366 1784 3461 1839 ιιο-

194 1865 332 1921 cordi
383 1866 685 1926 insederint
722 1880 873 1941 gestu
920 1874 1163 1944 corporis
1223 1884 1277 1932 et
1331 1876 1574 1935 sensibili
1627 1892 1776 1934 com-
1806 1870 1852 1932 B
1878 1876 2115 1933 minibus
2142 1890 2261 1933 esse
2293 1891 2398 1933 non
2427 1876 2647 1933 dubium
2670 1877 2782 1933 est!

1254 2017 1507 2074 ALARDI
1544 2016 1777 2075 GAZASI
1811 2016 2382 2076 COMMENTARIUS.

193 2103 359 2185 ludere
387 2106 651 2185 nituntur)
688 2109 793 2165 illis
822 2111 984 2185 magis
1011 2113 1113 2180 ipsi
1142 2112 1365 2185 ludibrio
1422 2113 1648 2185 fuerint.
1707 2110 1777 2166 lli

193 2181 316 2254 enim
344 2194 523 2231 revera
553 2181 634 2233 illi
660 2192 796 2254 sunt
817 2181 880 2254 de
900 2181 1099 2254 quibus
1141 2186 1212 2238 ait
1248 2181 1524 2253 Apostolus
1553 2198 1570 2237 :
1602 2181 1671 2238 Ut
1698 2200 1777 2237 se-

194 2244 521 2328 ducto_res,_et
550 2268 749 2307 veraces
778 2252 845 2328 (ll
871 2244 994 2328 Cor.
1020 2258 1121 2325 vt).
1154 2244 1434 2310 Postiemo
1461 2255 1623 2328 etiam
1648 2269 1778 2324 gen-

193 2320 304 2395 tiles
331 2320 539 2395 lumine
585 2320 811 2379 naturali
853 2326 998 2380 ducti
1035 2320 1369 2395 agnoverunt
1410 2335 1465 2379 et
1496 2326 1621 2379 fassi
1651 2320 1775 2380 sunt

190 2393 550 2465 cogitationes
582 2394 848 2450 humanas
877 2396 979 2450 soli
1012 2393 1121 2452 Deo
1145 2397 1419 2465 cognitas,
1449 2406 1676 2452 caeteros
1702 2397 1777 2450 la-

193 2468 322 2537 gre,
343 2461 603 2520 Socrates
629 2466 769 2535 apud
798 2461 1328 2537 Xenophontem‘lib.
1359 2461 1434 2534 tv,
1460 2467 1777 2537 Apollonius

192 2528 451 2608 Tyanzeus
498 2546 637 2590 orat.
666 2528 752 2592 'ad
806 2528 1161 2594 Domiiianum
1188 2582 1202 2605 ,
1234 2528 1483 2595 Julianus
1510 2528 1773 2608 Apostata

192 2604 624 2730 :p‘t’tiatmgiian.
660 2608 754 2664 lib.
789 2625 920 2679 xxv,
958 2604 1220 2667 Pacuvius
1246 2610 1385 2680 apud
1412 2604 1641 2666 Gellium
1676 2610 1771 2667 lib.

192 2687 271 2728 xiv
298 2688 421 2742 cap.
454 2687 510 2731 5.

254 2747 483 2827 Quarto:
535 2750 773 2827 Possunt
819 2761 999 2827 tamen
1048 2752 1672 2827 interntecogitationes
1718 2761 1776 2809 et

191 2818 345 2894 animi
391 2818 706 2894 aﬂectiones
730 2838 797 2878 ex
826 2825 995 2894 signis
1030 2818 1432 2888 exterioribus:
1474 2841 1525 2878 v.
1562 2838 1614 2893 g.
1643 2864 1659 2890 ,
1700 2838 1770 2879 ex

193 2886 387 2968 vpltus,
412 2892 497 2968 vel
519 2893 747 2968 alterius
774 2886 1000 2968 membri
1026 2905 1199 2968 motu,
1223 2906 1314 2949 aut
1335 2886 1655 2968 mutatione,
1683 2903 1774 2968 aut

191 2956 290 3012 alio
334 2964 646 3036 extrinseco
676 2966 832 3035 signo
858 2956 1222 3036 deprehendi,
1257 2976 1312 3023 et
1350 2967 1519 3020 multo
1548 2956 1773 3033 peritius

192 3036 241 3109 et
266 3033 523 3109 solertius
550 3037 618 3089 ab
646 3033 849 3109 angelis
898 3033 953 3093 et
978 3038 1314 3094 daemonibus
1353 3053 1510 3109 quam
1528 3053 1569 3109 7a
1601 3038 1773 3109 soler-

194 3102 408 3155 tissimis
434 3114 489 3179 et
518 3102 863 3179 peritissimis
887 3111 1046 3164 etiam
1090 3109 1313 3165 medicis
1351 3102 1765 3179 deprehendun-V

192 3181 303 3247 Lur,
332 3183 395 3227 ut
424 3176 583 3233 docet
613 3177 715 3233 hoc
748 3179 868 3234 loco
912 3180 1078 3234 abbas
1126 3180 1369 3236 Serenus
1394 3176 1537 3247 {cui
1584 3188 1639 3235 et
1678 3178 1770 3234 alii

195 3238 377 3325 Patres
402 3248 802 3325 suffragantur.
832 3251 906 3325 VD.
938 3252 1292 3325 Hieronymus
1321 3254 1372 3306 in
1396 3238 1518 3321 cap.
1548 3267 1619 3325 xv
1640 3250 1773 3305 Mat-

193 3310 310 3396 tbsei
345 3333 359 3367 :
386 3310 659 3396 Diabolus,
693 3323 887 3392 inquit,
921 3310 1218 3394 adjutor'ct
1256 3310 1486 3377 incentoi'
1515 3322 1770 3396 malarum

192 3389 554 3454 cogitationum
586 3406 695 3446 esse
723 3389 922 3464 potest,
962 3389 1142 3448 ductor
1174 3411 1281 3450 esse
1320 3410 1422 3448 non
1455 3402 1638 3463 potest.
1673 3393 1769 3447 Sin

190 3466 354 3510 autem
395 3477 595 3529 semper
622 3464 675 3517 in
714 3465 918 3520 insidiis
959 3467 1157 3535 positus
1203 3468 1362 3521 levem
1408 3466 1770 3535 cogitationum

190 3538 475 3607 nostrarum
509 3535 791 3607 scintillam
832 3538 939 3590 suis
982 3538 1242 3607 fomitibus
1270 3537 1626 3605 inﬂammarit,
1668 3552 1770 3589 non

192 3595 421 3655 debemus
447 3604 654 3679 opinari
674 3622 791 3679 eum
817 3595 993 3662 cordis
1014 3625 1210 3679 quoque
1233 3595 1435 3663 occulta
1459 3595 1658 3671 rimati,
1680 3607 1771 3661 sed

188 3682 246 3720 α
285 3677 519 3749 corporis
564 3677 738 3731 habitu
774 3688 824 3734 et
878 3680 1098 3749 gestibus
1128 3677 1393 3735 otestimare
1432 3679 1556 3749 quid
1606 3692 1771 3732 verse-

190 3753 294 3793 mus
323 3745 673 3822 intrinsecus;
717 3750 853 3822 uerbi
879 3745 1079 3822 'gratin,
1122 3752 1165 3822 si
1212 3745 1479 3819 pulchram
1506 3749 1771 3822 mulierem

188 3824 275 3893 nos
294 3814 476 3869 crebro
498 3819 695 3893 viderit
709 3814 981 3891 inspice're,
1012 3814 1252 3893 intelligit
1280 3836 1367 3875 cor
1387 3821 1577 3893 amoris
1588 3819 1770 3893 jacqu

186 3885 520 3967 uulneratum.
577 3891 637 3942 Ι).
672 3885 1001 3961 Augustinus
1034 3885 1206 3967 (ξιξοωῖ
1239 3893 1321 3967 ιιι)
1360 3885 1768 3967 lihrode'Divi-

187 3959 403 4035 natione
429 3959 733 4035 daemonium
763 3959 883 4030 cap.
916 3967 947 4017 5
981 3982 994 4019 :
1028 3959 1346 4031 Aliquando,
1376 3964 1568 4033 inquit,
1598 3972 1648 4017 et
1676 3962 1769 4017 ho-

188 4030 381 4106 minum
411 4030 767 4106 dispositiones
796 4051 897 4088 non
937 4034 1103 4089 solum
1132 4030 1263 4089 'voce
1292 4030 1521 4106 prolatas
1544 4075 1557 4098 ,
1596 4049 1767 4088 verum

185 4096 332 4151 etiam
355 4096 667 4181 cogitatione
682 4115 976 4181 conceptas,
1005 4123 1120 4159 cum
1140 4096 1636 4181 signatqutedamea:
1655 4106 1770 4158 ani-

188 4181 265 4248 mo
286 4177 651 4248 exprimuntur
675 4177 729 4228 in
757 4192 969 4248 corpore
988 4217 1001 4238 ,
1035 4186 1136 4230 tota
1166 4178 1415 4247 facilitate
1442 4177 1771 4248 perdiscant;

187 4246 333 4319 atque
364 4243 483 4319 hinc
509 4247 665 4319 etiam
688 4243 857 4300 multa
884 4248 1058 4318 futura
1081 4243 1609 4319 prmnuntiant,aliis
1630 4248 1771 4319 vide-

186 4308 294 4363 licet
319 4313 472 4384 mira,
500 4321 593 4384 qui
612 4318 708 4370 ista
745 4308 995 4389 disposita
1021 4308 1124 4372 non
1153 4328 1419 4373 noverunt.
1454 4308 1617 4389 Sicut
1635 4318 1769 4372 enim

186 4393 394 4461 apparet
422 4388 723 4461 concitatior
747 4392 905 4443 animi
934 4397 1104 4444 motus
1130 4391 1185 4444 in
1214 4391 1390 4455 vultu,
1422 4399 1477 4443 ut
1506 4389 1569 4443 ab
1598 4388 1768 4461 homi-

186 4453 326 4533 nibus
356 4472 557 4533 quoque
588 4460 782 4533 aliquid
821 4462 1099 4529 forinsecus
1138 4453 1495 4532 cognoscatur,
1524 4460 1771 4533 quadrin-

186 4528 427 4602 t_rinsecus
448 4530 656 4602 agitur;
683 4532 759 4583 ita
780 4528 880 4584 non
908 4532 1052 4584 debet
1073 4548 1183 4586 esse
1201 4528 1521 4597 incredibile,
1538 4528 1589 4584 isi
1612 4532 1769 4584 etiam

186 4591 394 4672 leniores
416 4591 751 4667 cogitationes
775 4602 899 4655 dant
928 4603 1100 4671 aliqua
1130 4605 1277 4672 s'igna
1307 4620 1396 4672 per
1419 4591 1629 4671 corpus,
1654 4617 1770 4671 qtae

185 4664 358 4744 obtuso
388 4664 537 4723 sensu
569 4673 832 4725 hominum
859 4664 1095 4744 cognosci
1118 4664 1220 4727 no'n
1242 4664 1476 4744 possunt,
1502 4664 1651 4727 oculo
1666 4664 1770 4726 au-

185 4689 358 4719 vvsmo
388 4689 537 4723 sensu
569 4689 832 4725 nominum
859 4689 918 4725 co
959 4689 1095 4726 nosci
1118 4690 1220 4727 non
1242 4689 1476 4744 possunt,
1502 4689 1651 4727 acuto
1672 4689 1765 4726 au-

184 4740 277 4814 tem
302 4736 599 4814 daemonum
628 4753 858 4812 possunt.
896 4689 1019 4797 ἕως
1043 4744 1374 4814 Augustinus
1404 4763 1415 4796 :
1444 4760 1563 4814 qua:
1588 4755 1765 4799 tamen

1882 2126 1972 2181 per
1998 2112 2400 2166 immutationem
2441 2120 2613 2167 titulus
2634 2153 2650 2177 ,
2685 2114 2963 2167 secundum
3002 2112 3140 2167 illud
3169 2111 3344 2168 Poeta
3370 2130 3389 2169 :
3416 2115 3463 2171 Ο

1878 2197 2040 2253 quam
2058 2181 2277 2253 difficile
2293 2184 2629 2253 estanimum
2651 2199 2754 2239 non
2778 2182 3002 2251 prodere
3020 2184 3196 2239 vultu!
3225 2183 3292 2238 Et
3310 2186 3462 2240 etiam

1879 2252 2067 2307 medici
2093 2252 2289 2327 aliquas
2307 2252 2601 2327 aﬂectiones
2626 2255 2785 2308 animi
2811 2271 2901 2323 per
2926 2257 3137 2327 pulsum
3161 2272 3463 2327 cognoscere

1878 2335 2131 2394 possunt;
2176 2325 2338 2396 multo
2389 2326 2553 2396 magis
2598 2328 2809 2396 angeli,
2858 2324 2935 2379 vel
2984 2328 3134 2380 etiam
3180 2324 3461 2393 daemones,

1877 2395 2356 2519 quantodsuft'ilius
2404 2395 2701 2468 hujusmodi
2742 2397 3117 2452 immutationes
3168 2399 3461 2468 corporales

1877 2482 2065 2519 peraen
2109 2484 2176 2519 un
2213 2507 2226 2519 .

1876 2476 2197 2536 perpettdunt
2213 2476 2226 2521 .'

1947 2538 2168 2609 Quinto.
2189 2537 2342 2593 Addo
2359 2546 2411 2593 et
2429 2539 2567 2595 istud
2591 2550 2937 2608 postremum,
2958 2554 3117 2609 posse
3131 2540 3452 2608 daemonem,

1876 2608 1923 2682 si
1953 2607 2097 2682 Deus
2125 2611 2420 2677 permittat,
2451 2607 2972 2682 adeovehementer
2994 2607 3457 2682 pbantasmatibus

1876 2678 2132 2751 immissis
2159 2682 2428 2736 hominem
2456 2682 2673 2737 turbare
2698 2696 2760 2735 ac
2784 2678 3059 2745 distinere,
3094 2692 3152 2736 ut
3180 2685 3266 2737 vix
3296 2692 3459 2751 queat

1874 2749 1981 2806 alia
2009 2750 2088 2822 de,
2107 2766 2167 2807 re
2195 2752 2471 2822 cogitare,
2506 2767 2603 2808 seu
2644 2753 2709 2807 ad
2753 2752 2897 2807 aliud
2944 2754 3255 2819 advertere,
3295 2749 3455 2822 quam

1874 2822 2016 2947 quod
2045 2821 2114 2876 ab
2142 2838 2206 2878 eo
2226 2821 2542 2906 suggestum
2574 2822 2736 2879 fuerit
2766 2839 2782 2906 ξ
2829 2822 2970 2878 unde
3013 2823 3070 2908 fit
3112 2835 3169 2906 ut
3210 2821 3457 2908 videatur

1917 2908 2117 2947 tvntare
2149 2894 2279 2947 autd
2309 2900 2468 2947 homo
2499 2905 2623 2947 tunc
2668 2904 2881 2947 cogitet.
2930 2893 3094 2947 Cuius
3140 2905 3457 2947 tmnortum-

1917 2894 2117 2965 iviuare
2149 2894 2279 2963 quid
2309 2893 2468 2950 homo
2499 2905 2623 2950 tunc
2668 2896 2881 2965 cogitet.
2930 2893 3094 2965 Cujus
3140 2896 3459 2963 importuni-

1876 2964 2002 3018 tatis
2044 2974 2098 3019 et
2147 2966 2546 3022 molestissima:
2582 2964 2996 3036 impugnationis
3026 2968 3300 3035 complura
3331 2982 3457 3036 sup-

1875 3044 2065 3104 petunt
2108 3036 2208 3093 SS.
2256 3036 2473 3091 Palmm
2522 3038 2827 3092 testimonia
2869 3046 2925 3091 et
2970 3039 3235 3106 exempla.
3292 3038 3365 3093 De
3396 3040 3450 3093 S.

1872 3107 2107 3178 Antonio
2138 3106 2297 3163 fidem
2330 3107 2456 3163 facit
2496 3108 2612 3177 ejus
2662 3108 2796 3164 Vita:
2833 3108 3067 3178 scriptor
3108 3108 3455 3173 Athanasius,

1872 3193 2031 3247 quam
2079 3177 2392 3249 frequentes
2432 3190 2488 3236 et
2528 3182 2868 3250 importunas
2892 3177 3068 3235 omnis
3095 3182 3309 3250 generis
3340 3189 3459 3233 ten-

1873 3250 2106 3323 t_ationes
2133 3262 2391 3323 expertus
2414 3253 2504 3307 sit.
2551 3251 2629 3307 De
2660 3252 2932 3307 Hilarione
2961 3252 3023 3307 D.
3050 3251 3409 3323 Hieronymus
3440 3268 3455 3304 :

1875 3318 2139 3393 Titillabat
2184 3318 2423 3377 diabolus
2451 3338 2629 3377 sensus
2670 3324 2805 3393 ejus,
2842 3331 2889 3376 et
2920 3324 3214 3391 pubescenti
3253 3318 3461 3391 corpori

1873 3391 2025 3465 solita
2048 3394 2369 3465 uoluptatum
2388 3396 2623 3447 incendia
2644 3391 2962 3465 suggerebat.
2984 3393 3272 3465 Cogebatur
3292 3394 3459 3446 tirun-

1875 3463 2019 3517 culus
2049 3462 2240 3537 Christi
2272 3467 2495 3535 cogitare
2518 3466 2658 3537 quod
2690 3462 2961 3537 nesciebat,
3003 3462 3186 3533 et'ejus
3215 3466 3287 3517 rei
3313 3480 3458 3532 pom-

1874 3551 1995 3607 pam
2038 3536 2208 3589 animo
2250 3538 2471 3599 volvere,
2498 3539 2646 3607 cujus
2692 3536 3034 3606 experimenta
3062 3552 3184 3607 non
3226 3546 3454 3607 noverat.

1875 3603 2052 3661 Iratus
2090 3608 2258 3677 itaque
2296 3607 2426 3672 sibi,
2456 3617 2504 3662 et
2540 3603 2714 3678 pectus
2742 3603 2926 3678 pugnis
2966 3604 3233 3659 verberans
3256 3645 3272 3669 ,
3288 3606 3457 3678 _quasi

1873 3674 2206 3747 cogitationes
2234 3680 2373 3733 caede
2398 3674 2581 3732 manus
2608 3674 2776 3748 posset
2800 3674 3094 3748 secludere,
3128 3686 3234 3748 etc.
3286 3674 3355 3748 Et
3387 3676 3455 3748 die

1873 3746 2054 3817 seipso
2080 3750 2218 3804 idem
2247 3746 2781 3819 Hieronyntus'epist.
2807 3746 2899 3811 22,
2930 3747 2997 3802 de
3017 3746 3268 3819 Custodia
3296 3746 3456 3814 virgi-

1874 3820 2079 3884 nitatis,
2113 3820 2200 3875 ubi
2229 3820 2343 3875 haec
2373 3818 2512 3875 inter
2542 3819 2644 3874 alia
2674 3836 2685 3872 :
2715 3818 2924 3882 Quoties
2947 3834 3042 3890 ego
3070 3819 3178 3887 ipse
3202 3818 3254 3871 in
3285 3832 3453 3890 eremo

1872 3894 2198 3958 constitutus,
2224 3901 2269 3947 et
2294 3893 2347 3945 in
2378 3890 2472 3944 illa
2498 3900 2639 3945 uasta
2665 3890 2961 3961 solitudine,
2979 3888 3101 3961 qua;
3121 3899 3302 3961 exusta
3332 3888 3457 3961 solis

1872 3963 2144 4018 ardoribus
2193 3964 2460 4017 horridum
2509 3960 2773 4017 monachis
2824 3958 3034 4029 praestat
3079 3958 3453 4021 habitaculum,

1875 4034 2114 4103 putabam
2142 4051 2221 4088 me
2247 4034 2495 4088 Romanis
2520 4033 2769 4087 interesse
2797 4032 3034 4087 deliciis!
3081 4028 3183 4084 Ille
3206 4047 3330 4100 ego,
3370 4033 3457 4097 qui

1874 4108 1936 4160 ob
1960 4106 2205 4177 gehennte
2242 4114 2433 4159 metum
2458 4105 2549 4158 tali
2577 4120 2658 4159 me
2687 4120 2891 4159 carcere
2929 4104 3037 4172 ipse
3070 4103 3453 4177 damnaverant,

1872 4173 2198 4249 scorpionum
2228 4186 2427 4231 tantum
2460 4176 2627 4249 socius
2648 4187 2696 4229 et
2726 4180 2951 4249 ferarum
2970 4215 2986 4239 ,
3025 4188 3157 4249 stepe
3181 4173 3349 4226 choris
3376 4174 3458 4249 in-

1873 4242 2090 4303 tereram
2113 4250 2435 4319 puellarum;
2469 4242 2735 4319 pallebant
2750 4264 2841 4301 ora
2863 4242 3103 4316 jejuniis,
3132 4253 3178 4297 et
3201 4260 3342 4319 mens
3370 4242 3459 4297 dc-

1872 4319 2077 4374 sideriis
2105 4313 2352 4374 iestuabat
2381 4313 2434 4373 in
2466 4313 2655 4389 frigido
2681 4313 2928 4388 corpore}
2947 4324 3176 4389 vetante
3200 4313 3459 4389 hatitinem

1873 4394 2106 4474 fuitqu
2144 4407 2295 4474 carne
2336 4386 2730 4474 prtemortuum,
2770 4386 2883 4474 sola
2915 4387 3185 4474 libidinum
3222 4386 3461 4468 incendia

1872 4457 2175 4517 bulliebant.
2228 4461 2439 4515 Memini
2473 4476 2553 4513 me
2588 4460 2892 4512 clamantem
2920 4458 3053 4511 diem
3074 4457 3314 4529 junxisse
3340 4473 3461 4512 cum

1873 4542 2019 4587 nocte
2037 4576 2050 4594 .
2085 4547 2178 4603 nec
2204 4534 2348 4603 prius
2368 4548 2403 4603 7a
2430 4534 2648 4602 pectoris
2686 4528 3228 4603 cessasseperberibus
3249 4568 3263 4593 ,
3304 4544 3461 4603 quam

1871 4604 2083 4665 rediret,
2118 4599 2336 4656 Domino
2359 4599 2677 4670 increpante,
2708 4599 3078 4667 tranquillitas.
3126 4600 3246 4652 llaec
3271 4607 3326 4654 et
3352 4599 3458 4651 alia

1872 4674 2069 4755 ibidem
2103 4673 2166 4728 D.
2202 4672 2587 4757 Hieronymus,
2615 4686 2733 4796 qua:
2756 4671 2885 4726 alibi
2917 4670 3274 4752 opportunius
3298 4676 3459 4723 erunt

1872 4745 2168 4796 recitanda.
2202 4744 2407 4796 Similia
2437 4757 2630 4796 exemp
2652 4758 2682 4796 a
2705 4742 2845 4796 auud
2872 4740 3167 4796 Palladium
3192 4755 3244 4793 tn
3272 4738 3458 4796 Movse

1872 4745 2168 4800 recitanda.
2202 4738 2421 4801 Similia'
2437 4738 2682 4813 exempla
2705 4742 2845 4813 apud
2872 4738 3167 4813 Palladium
3192 4740 3244 4793 in
3272 4738 3458 4813 Moyse

186 4806 391 4900 :i‘de-Iut:
413 4806 814 4900 quodammodo
844 4806 1158 4900 retractare:
1180 4815 1273 4870 lib.
1306 4831 1342 4869 ιι
1374 4806 1611 4900 ἱξεῐςθοῑ.
1644 4830 1764 4886 cap.
1794 4810 1847 4870 D
1869 4815 2145 4900 fEthiope,
2170 4816 2310 4900 apud
2336 4814 2400 4869 Ι)-
2431 4806 2877 4900 ςῖζεείξνίυιηίιίξλ
2918 4806 3375 4900 ιιῇβίιξΙΒΒλεδῌξ

184 4871 264 4936 30,
300 4879 390 4931 ubi
422 4871 494 4934 :in
528 4901 542 4937 :
574 4881 698 4936 Rem
744 4886 855 4938 dixi
883 4885 1283 4940 occultissimum
1312 4887 1587 4941 audaciora
1630 4871 1769 4941 asse-

181 4951 433 5027 reratione
456 4968 611 5018 quam
654 4954 840 5019 debui,
872 4972 989 5009 nam
1022 4960 1283 5027 pervenire
1308 4960 1409 5013 ista
1436 4959 1503 5011 ad
1531 4959 1768 5013 notitiam

182 5017 472 5100 dtrmo‘nu‘m'
493 5040 585 5089 per
607 5017 859 5100 nonnulla
898 5017 1051 5081 etiam
1082 5031 1429 5100 experimenta
1454 5041 1767 5100 compertum

183 5099 269 5170 est.
293 5090 616 5170 .Sed‘utrum
651 5097 797 5170 signa
820 5100 1057 5167 qutcdam
1086 5090 1268 5154 dentur
1292 5116 1357 5155 ea:
1383 5090 1597 5169 corpore
1630 5102 1771 5170 cogi-

181 5164 523 5243 tantiumiilis
541 5164 841 5243 sensibilia,
864 5186 958 5223 nos
988 5180 1161 5225 autem
1192 5172 1440 5243 latentia;
1471 5164 1539 5224 an
1563 5172 1668 5224 alia
1691 5164 1765 5243 iii,

182 5240 223 5314 ςι
246 5236 574 5314 suspiritati,
601 5237 701 5290 ista
722 5252 1051 5314 cognoscant,
1080 5252 1168 5296 aut
1205 5242 1501 5314 difﬁcillime
1523 5236 1769 5314 potestab

181 5299 609 5381 hominibus,_aut
631 5299 839 5364 omnino
863 5327 968 5364 non
998 5299 1158 5381 potest
1190 5299 1426 5367 inueniri.
1460 5299 1769 5369 Gennadius

179 5369 290 5427 loco
321 5369 577 5457 superius
600 5381 769 5457 t_:ittt_to
798 5369 1367 5457 (Eccles.‘Dogmat.7c.
1397 5384 1521 5455 ult.)
1551 5402 1564 5437 :
1600 5381 1771 5437 Inter-

176 5458 263 5521 ηαξ
293 5449 480 5521 animle
503 5449 840 5519 cogitationes
865 5452 1072 5507 diabolo
1098 5449 1202 5509 non
1229 5456 1389 5511 videri
1419 5449 1543 5509 certi
1569 5470 1768 5521 sumus,

176 5516 508 5598 ἐ’ίῘΙῙηοιέῢω
529 5516 618 5598 eos
648 5525 899 5598 corporis,
929 5524 991 5578 ab
1018 5525 1110 5579 illo
1135 5537 1183 5580 et
1208 5526 1535 5594 a/I'ectionum
1564 5516 1769 5580 indiciio

174 5586 353 5662 (alligt
396 5586 748 5662 experimento
783 5586 1084 5651 didicimus.
1133 5586 1342 5652 Secreta
1378 5608 1548 5651 autem
1594 5598 1767 5651 cordis

174 5660 309 5737 {eius
339 5660 613 5737 ilteﬁavit,
645 5666 714 5717 ad
733 5682 883 5737 quem
907 5666 1100 5721 dicitur
1130 5684 1149 5722 :
1179 5667 1261 5723 Tu
1284 5670 1427 5723 solus
1452 5670 1584 5721 nosti
1608 5668 1765 5721 corda

174 5728 403 5791 ﬁliorum
426 5733 694 5788 hominum
742 5728 804 5803 {ll
841 5735 1081 5809 Paralip.
1114 5740 1198 5807 tt).
1252 5741 1494 5809 Denique
1524 5738 1587 5794 ῐ).
1616 5738 1761 5792 Tho-

178 5817 285 5876 ina“
331 5816 538 5881 veteres
570 5817 790 5881 secutus
837 5825 849 5863 :
896 5808 1253 5879 Cognoscitur,
1288 5808 1487 5881 inquit,
1520 5810 1763 5881 cogitatio

176 5873 277 5921 tite
308 5873 465 5932 dum.
495 5892 600 5931 non
628 5878 797 5931 solum
822 5896 915 5938 per
944 5873 1115 5934 artum
1141 5873 1482 5941 exterior-em;
1500 5873 1601 5935 seti
1614 5881 1764 5935 etiam

1869 4888 1925 4943 in
1971 4880 2312 4942 sanctissimo
2363 4880 2906 4956 patriarcbainostro
2949 4882 3261 4956 Benedicto.
3305 4880 3370 4933 Et
3400 4882 3452 4956 in

1873 4958 2007 5014 Vitis
2037 4958 2251 5013 Patrum
2284 4953 2382 5013 libi
2412 4970 2496 5021 ut,
2530 4964 2585 5011 et
2613 4955 2737 5011 alibi
2782 4956 3000 5024 saepius.
3056 4954 3321 5024 (Steterunt
3351 4953 3459 5004 etsi

1870 5030 2043 5113 possit
2082 5032 2289 5111 daemon
2302 5026 2663 5113 “huiusmodi
2718 5022 3100 5113 cogitationes”
3202 5029 3458 5113 pontu-tias

1871 5093 2165 5155 immittere
2186 5140 2200 5163 ,
2229 5101 2274 5154 si
2302 5093 2448 5154 Deus
2475 5098 2655 5161 sinat,
2686 5093 2808 5152 non
2823 5107 2998 5151 tamen
3031 5093 3193 5147 ullam
3222 5093 3459 5163 coactio-

1874 5186 1997 5243 nem
2047 5180 2139 5224 aut
2184 5161 2565 5243 necessitatem
2594 5168 2851 5222 voluntati
2898 5164 3111 5243 afferre,
3145 5176 3245 5217 nec
3266 5161 3341 5243 de
3364 5175 3458 5215 vo-

1877 5242 2094 5298 luntatis
2115 5256 2341 5297 assensu
2363 5248 2456 5314 aut
2474 5238 2720 5294 dissensu
2739 5246 2939 5314 certant
2964 5234 3162 5314 habere
3186 5234 3453 5314 nptitiatu,

1878 5314 1972 5369 sed
1999 5314 2327 5383 probabilem
2357 5311 2643 5383 dumtaxat
2660 5325 2724 5383 ex
2755 5309 2939 5383 signis
2963 5302 3321 5383 exterioribus
3340 5346 3355 5371 ,
3402 5315 3459 5383 ut

1876 5377 2078 5439 dictum
2104 5394 2205 5438 est.
2237 5382 2423 5451 Neque
2444 5395 2574 5435 vero
2602 5380 2727 5433 sivit
2759 5377 2877 5451 eum
2906 5377 3055 5451 Deus.
3079 5377 3223 5428 vires
3250 5386 3379 5429 suas
3403 5377 3456 5451 in

1876 5455 2133 5511 tentando
2155 5444 2436 5518 exercere,
2465 5462 2719 5521 quantum
2746 5448 2839 5521 ille
2864 5448 3023 5504 vellet
3048 5444 3107 5501 et
3130 5454 3335 5514 posset,
3360 5444 3454 5498 scd

1873 5525 2279 5597 quantumfert
2322 5520 2904 5597 _l_t_uma’ua_fragili_t_as,
2956 5532 3112 5597 quam
3164 5529 3455 5597 numquam

1874 5584 2159 5653 sufficienti
2211 5593 2413 5649 auxilio
2446 5584 2725 5657 ,destituit'.
2768 5589 2924 5654 Nam,
2950 5584 3005 5642 ut
3052 5588 3127 5641 ait
3164 5584 3456 5654 Apostolus

1876 5668 1892 5722 Ι
1920 5668 1985 5721 ad
2006 5667 2252 5721 Corinth.
2286 5667 2351 5724 l0
2385 5682 2396 5716 :
2428 5660 2629 5715 Fidelis
2655 5672 2725 5714 est
2749 5661 2885 5713 Deus
2904 5660 2989 5729 qui
3017 5674 3119 5712 non
3140 5659 3335 5729 patitur
3364 5670 3456 5709 nos

1869 5740 2057 5813 tentari
2086 5756 2246 5809 supra
2287 5739 2342 5792 id
2380 5732 2516 5804 quod
2546 5747 2817 5813 possumus
2840 5773 2855 5796 ,
2885 5731 2973 5785 sed
3013 5729 3134 5813 facit
3162 5730 3314 5813 etiarn
3339 5742 3455 5813 cum

1870 5804 2159 5863 tentatione'
2180 5814 2501 5879 proventum,
2546 5804 2597 5859 id
2643 5813 2747 5869 est,
2791 5811 3130 5871 augmentum
3184 5804 3365 5864 gratia:
3399 5805 3455 5851 et

1873 5879 2079 5934 auxilii.
