  <div class='ocr_page' id='page_1' title='image "/cluster/home/n/w/nwhite01/storage/ocr_20150623/49/hvd.32044015471543/356.png"; bbox 0 0 4012 6336; ppageno 0'>
   <div class='ocr_carea' id='block_1_1' title="bbox 300 280 3621 415">
    <p class='ocr_par' dir='ltr' id='par_1_1' title="bbox 300 280 3621 415">
     <span class='ocr_line' id='line_1_1' title="bbox 300 280 3621 415; baseline 0.002 -29"><span class='ocrx_word' id='word_1_1' title='bbox 300 289 398 386; x_wconf 64' lang='lat' dir='ltr'><strong>oss</strong></span> <span class='ocrx_word' id='word_1_2' title='bbox 723 322 1064 415; x_wconf 58' lang='lat' dir='ltr'><strong>sommo</strong></span> <span class='ocrx_word' id='word_1_3' title='bbox 1109 322 1214 382; x_wconf 80' lang='lat' dir='ltr'><strong>vn.</strong></span> <span class='ocrx_word' id='word_1_4' title='bbox 1247 351 1317 366; x_wconf 90' lang='lat'><strong>—</strong></span> <span class='ocrx_word' id='word_1_5' title='bbox 1345 321 1438 380; x_wconf 77' lang='lat' dir='ltr'><strong>ba</strong></span> <span class='ocrx_word' id='word_1_6' title='bbox 1476 320 1719 381; x_wconf 66' lang='lat' dir='ltr'><strong>autne</strong></span> <span class='ocrx_word' id='word_1_7' title='bbox 1760 319 2185 380; x_wconf 75' lang='lat' dir='ltr'><strong>MOBlLl’i‘A’i‘f-J</strong></span> <span class='ocrx_word' id='word_1_8' title='bbox 2222 319 2310 380; x_wconf 74' lang='lat' dir='ltr'><strong>ar</strong></span> <span class='ocrx_word' id='word_1_9' title='bbox 2351 321 2828 383; x_wconf 81' lang='lat' dir='ltr'><strong>SPiRlTALlBUS</strong></span> <span class='ocrx_word' id='word_1_10' title='bbox 2866 324 3234 398; x_wconf 81' lang='lat' dir='ltr'><strong>NEQUITIIS.</strong></span> <span class='ocrx_word' id='word_1_11' title='bbox 3348 280 3354 289; x_wconf 56' lang='grc'><em>’</em></span> <span class='ocrx_word' id='word_1_12' title='bbox 3411 317 3438 332; x_wconf 80' lang='grc'><strong>’·</strong></span> <span class='ocrx_word' id='word_1_13' title='bbox 3475 329 3621 392; x_wconf 83' lang='lat' dir='ltr'><strong>ost-</strong></span> 
     </span>
    </p>
   </div>
   <div class='ocr_carea' id='block_1_2' title="bbox 887 437 3700 517">
    <p class='ocr_par' dir='ltr' id='par_1_2' title="bbox 887 437 3700 517">
     <span class='ocr_line' id='line_1_2' title="bbox 887 437 3700 517; baseline 0.002 -21"><span class='ocrx_word' id='word_1_14' title='bbox 887 437 1118 496; x_wconf 77' lang='lat' dir='ltr'><strong>CAPUT</strong></span> <span class='ocrx_word' id='word_1_15' title='bbox 1153 437 1298 495; x_wconf 75' lang='lat' dir='ltr'><strong>XIX.</strong></span> <span class='ocrx_word' id='word_1_16' title='bbox 1913 446 1965 508; x_wconf 72' lang='grc' dir='ltr'>Α</span> <span class='ocrx_word' id='word_1_17' title='bbox 1991 439 2327 510; x_wconf 69' lang='lat' dir='ltr'><strong>temporibus</strong></span> <span class='ocrx_word' id='word_1_18' title='bbox 2367 455 2626 497; x_wconf 81' lang='lat' dir='ltr'><strong>exercere</strong></span> <span class='ocrx_word' id='word_1_19' title='bbox 2667 441 3100 515; x_wconf 86' lang='lat' dir='ltr'><strong>impugnationes</strong></span> <span class='ocrx_word' id='word_1_20' title='bbox 3127 457 3257 501; x_wconf 86' lang='lat' dir='ltr'><strong>suas</strong></span> <span class='ocrx_word' id='word_1_21' title='bbox 3282 489 3298 517; x_wconf 96' lang='lat'><strong>,</strong></span> <span class='ocrx_word' id='word_1_22' title='bbox 3347 444 3474 503; x_wconf 88' lang='lat' dir='ltr'><strong>hinc</strong></span> <span class='ocrx_word' id='word_1_23' title='bbox 3517 445 3588 504; x_wconf 89' lang='lat' dir='ltr'><strong>li-</strong></span> <span class='ocrx_word' id='word_1_24' title='bbox 3680 486 3700 496; x_wconf 57' lang='grc' dir='ltr'><em>η</em></span> 
     </span>
    </p>
   </div>
   <div class='ocr_carea' id='block_1_3' title="bbox 300 529 3674 610">
    <p class='ocr_par' dir='ltr' id='par_1_3' title="bbox 300 529 3674 610">
     <span class='ocr_line' id='line_1_3' title="bbox 300 529 3674 610; baseline 0.003 -22"><span class='ocrx_word' id='word_1_25' title='bbox 300 531 615 610; x_wconf 71' lang='lat' dir='ltr'><strong>Responsio,</strong></span> <span class='ocrx_word' id='word_1_26' title='bbox 649 531 704 610; x_wconf 78' lang='lat' dir='ltr'><strong>in</strong></span> <span class='ocrx_word' id='word_1_27' title='bbox 727 545 906 610; x_wconf 77' lang='lat' dir='ltr'><strong>_qtt_em_</strong></span> <span class='ocrx_word' id='word_1_28' title='bbox 939 533 1150 610; x_wconf 81' lang='lat' dir='ltr'><strong>modum</strong></span> <span class='ocrx_word' id='word_1_29' title='bbox 1186 529 1363 610; x_wconf 74' lang='lat' dir='ltr'><strong>concio</strong></span> <span class='ocrx_word' id='word_1_30' title='bbox 1407 531 1696 610; x_wconf 67' lang='lat' dir='ltr'><strong>daemonum</strong></span> <span class='ocrx_word' id='word_1_31' title='bbox 1737 547 1892 604; x_wconf 82' lang='lat' dir='ltr'><strong>super</strong></span> <span class='ocrx_word' id='word_1_32' title='bbox 1993 534 2160 607; x_wconf 90' lang='lat' dir='ltr'><strong>quido</strong></span> <span class='ocrx_word' id='word_1_33' title='bbox 2185 535 2604 606; x_wconf 86' lang='lat' dir='ltr'><strong>comprobamus</strong></span> <span class='ocrx_word' id='word_1_34' title='bbox 2629 538 2752 607; x_wconf 86' lang='lat' dir='ltr'><strong>quia</strong></span> <span class='ocrx_word' id='word_1_35' title='bbox 2777 537 2959 594; x_wconf 89' lang='lat' dir='ltr'><strong>nullus</strong></span> <span class='ocrx_word' id='word_1_36' title='bbox 2986 547 3162 610; x_wconf 91' lang='lat' dir='ltr'><strong>potest</strong></span> <span class='ocrx_word' id='word_1_37' title='bbox 3202 540 3364 596; x_wconf 83' lang='lat' dir='ltr'><strong>simul</strong></span> <span class='ocrx_word' id='word_1_38' title='bbox 3410 556 3582 599; x_wconf 84' lang='lat' dir='ltr'><strong>ceno-</strong></span> <span class='ocrx_word' id='word_1_39' title='bbox 3671 581 3674 585; x_wconf 83' lang='lat'><strong><em>-</em></strong></span> 
     </span>
    </p>
   </div>
   <div class='ocr_carea' id='block_1_4' title="bbox 560 603 1629 676">
    <p class='ocr_par' dir='ltr' id='par_1_4' title="bbox 560 603 1629 676">
     <span class='ocr_line' id='line_1_4' title="bbox 560 603 1629 676; baseline 0.001 -19"><span class='ocrx_word' id='word_1_40' title='bbox 560 603 935 658; x_wconf 71' lang='lat' dir='ltr'><strong>vicissitudinis</strong></span> <span class='ocrx_word' id='word_1_41' title='bbox 955 605 1344 676; x_wconf 80' lang='lat' dir='ltr'><strong>impugnatione</strong></span> <span class='ocrx_word' id='word_1_42' title='bbox 1367 603 1629 658; x_wconf 86' lang='lat' dir='ltr'><strong>subsistat.</strong></span> 
     </span>
    </p>
   </div>
   <div class='ocr_carea' id='block_1_5' title="bbox 363 716 1890 792">
    <p class='ocr_par' dir='ltr' id='par_1_5' title="bbox 363 716 1890 792">
     <span class='ocr_line' id='line_1_5' title="bbox 363 716 1890 792; baseline -0.002 -16"><span class='ocrx_word' id='word_1_43' title='bbox 363 717 604 776; x_wconf 75' lang='lat' dir='ltr'><strong>Serenus</strong></span> <span class='ocrx_word' id='word_1_44' title='bbox 637 733 652 773; x_wconf 90' lang='lat'><strong>:</strong></span> <span class='ocrx_word' id='word_1_45' title='bbox 683 716 802 774; x_wconf 78' lang='lat' dir='ltr'><strong>Non</strong></span> <span class='ocrx_word' id='word_1_46' title='bbox 832 731 954 775; x_wconf 90' lang='lat' dir='ltr'><strong>esse</strong></span> <span class='ocrx_word' id='word_1_47' title='bbox 985 717 1126 774; x_wconf 86' lang='lat' dir='ltr'><strong>inter</strong></span> <span class='ocrx_word' id='word_1_48' title='bbox 1147 718 1322 775; x_wconf 84' lang='lat' dir='ltr'><strong>malos</strong></span> <span class='ocrx_word' id='word_1_49' title='bbox 1344 724 1661 792; x_wconf 88' lang='lat' dir='ltr'><strong>perpetuam</strong></span> <span class='ocrx_word' id='word_1_50' title='bbox 1684 717 1739 773; x_wconf 90' lang='lat' dir='ltr'><strong>in</strong></span> <span class='ocrx_word' id='word_1_51' title='bbox 1770 731 1890 773; x_wconf 84' lang='lat' dir='ltr'><strong>om-</strong></span> 
     </span>
    </p>
   </div>
   <div class='ocr_carea' id='block_1_6' title="bbox 299 810 1890 883">
    <p class='ocr_par' dir='ltr' id='par_1_6' title="bbox 299 810 1890 883">
     <span class='ocr_line' id='line_1_6' title="bbox 299 810 1890 883; baseline -0.001 -16"><span class='ocrx_word' id='word_1_52' title='bbox 299 811 455 867; x_wconf 85' lang='lat' dir='ltr'><strong>nibus</strong></span> <span class='ocrx_word' id='word_1_53' title='bbox 487 810 934 879; x_wconf 83' lang='lat' dir='ltr'><strong>consensionem,</strong></span> <span class='ocrx_word' id='word_1_54' title='bbox 967 825 1067 868; x_wconf 91' lang='lat' dir='ltr'><strong>ncc</strong></span> <span class='ocrx_word' id='word_1_55' title='bbox 1089 825 1248 883; x_wconf 84' lang='lat' dir='ltr'><strong>posse</strong></span> <span class='ocrx_word' id='word_1_56' title='bbox 1275 811 1573 882; x_wconf 71' lang='lat' dir='ltr'><strong>perfectam</strong></span> <span class='ocrx_word' id='word_1_57' title='bbox 1589 820 1734 867; x_wconf 88' lang='lat' dir='ltr'><strong>stare</strong></span> <span class='ocrx_word' id='word_1_58' title='bbox 1759 824 1890 867; x_wconf 89' lang='lat' dir='ltr'><strong>con-</strong></span> 
     </span>
    </p>
   </div>
   <div class='ocr_carea' id='block_1_7' title="bbox 296 904 1891 980">
    <p class='ocr_par' dir='ltr' id='par_1_7' title="bbox 296 904 1891 980">
     <span class='ocr_line' id='line_1_7' title="bbox 296 904 1891 980; baseline -0.001 -18"><span class='ocrx_word' id='word_1_59' title='bbox 296 905 538 962; x_wconf 89' lang='lat' dir='ltr'><strong>cordiam</strong></span> <span class='ocrx_word' id='word_1_60' title='bbox 567 906 734 962; x_wconf 88' lang='lat' dir='ltr'><strong>etiam</strong></span> <span class='ocrx_word' id='word_1_61' title='bbox 756 906 815 963; x_wconf 90' lang='lat' dir='ltr'><strong>in</strong></span> <span class='ocrx_word' id='word_1_62' title='bbox 853 904 961 963; x_wconf 90' lang='lat' dir='ltr'><strong>illis</strong></span> <span class='ocrx_word' id='word_1_63' title='bbox 992 907 1126 980; x_wconf 84' lang='lat' dir='ltr'><strong>ipsis</strong></span> <span class='ocrx_word' id='word_1_64' title='bbox 1145 907 1291 963; x_wconf 88' lang='lat' dir='ltr'><strong>vitiis</strong></span> <span class='ocrx_word' id='word_1_65' title='bbox 1311 905 1510 978; x_wconf 82' lang='lat' dir='ltr'><strong>quibus</strong></span> <span class='ocrx_word' id='word_1_66' title='bbox 1532 906 1891 962; x_wconf 82' lang='lat' dir='ltr'><strong>communiter</strong></span> 
     </span>
    </p>
   </div>
   <div class='ocr_carea' id='block_1_8' title="bbox 295 999 1886 1072">
    <p class='ocr_par' dir='ltr' id='par_1_8' title="bbox 295 999 1886 1072">
     <span class='ocr_line' id='line_1_8' title="bbox 295 999 1886 1072; baseline -0.001 -14"><span class='ocrx_word' id='word_1_67' title='bbox 295 1001 681 1071; x_wconf 84' lang='lat' dir='ltr'><strong>obiectantur,</strong></span> <span class='ocrx_word' id='word_1_68' title='bbox 738 1009 887 1058; x_wconf 87' lang='lat' dir='ltr'><strong>certa</strong></span> <span class='ocrx_word' id='word_1_69' title='bbox 943 1001 1188 1058; x_wconf 84' lang='lat' dir='ltr'><strong>definitio</strong></span> <span class='ocrx_word' id='word_1_70' title='bbox 1239 1011 1354 1070; x_wconf 89' lang='lat' dir='ltr'><strong>est;</strong></span> <span class='ocrx_word' id='word_1_71' title='bbox 1405 1016 1694 1072; x_wconf 85' lang='lat' dir='ltr'><strong>numquam</strong></span> <span class='ocrx_word' id='word_1_72' title='bbox 1742 999 1886 1056; x_wconf 88' lang='lat' dir='ltr'><strong>enim</strong></span> 
     </span>
    </p>
   </div>
   <div class='ocr_carea' id='block_1_9' title="bbox 294 1093 1889 1168">
    <p class='ocr_par' dir='ltr' id='par_1_9' title="bbox 294 1093 1889 1168">
     <span class='ocr_line' id='line_1_9' title="bbox 294 1093 1889 1168; baseline 0 -16"><span class='ocrx_word' id='word_1_73' title='bbox 294 1096 518 1168; x_wconf 89' lang='lat' dir='ltr'><strong>poterit,</strong></span> <span class='ocrx_word' id='word_1_74' title='bbox 553 1095 1015 1168; x_wconf 84' lang='lat' dir='ltr'><strong>quemadmodum</strong></span> <span class='ocrx_word' id='word_1_75' title='bbox 1038 1096 1288 1164; x_wconf 86' lang='lat' dir='ltr'><strong>dixistis,</strong></span> <span class='ocrx_word' id='word_1_76' title='bbox 1320 1096 1374 1152; x_wconf 91' lang='lat' dir='ltr'><strong>in</strong></span> <span class='ocrx_word' id='word_1_77' title='bbox 1400 1094 1564 1152; x_wconf 87' lang='lat' dir='ltr'><strong>rebus</strong></span> <span class='ocrx_word' id='word_1_78' title='bbox 1587 1093 1889 1168; x_wconf 83' lang='lat' dir='ltr'><strong>indiscipli-</strong></span> 
     </span>
    </p>
   </div>
   <div class='ocr_carea' id='block_1_10' title="bbox 294 1187 1889 1262">
    <p class='ocr_par' dir='ltr' id='par_1_10' title="bbox 294 1187 1889 1262">
     <span class='ocr_line' id='line_1_10' title="bbox 294 1187 1889 1262; baseline 0 -18"><span class='ocrx_word' id='word_1_79' title='bbox 294 1192 438 1246; x_wconf 88' lang='lat' dir='ltr'><strong>natis</strong></span> <span class='ocrx_word' id='word_1_80' title='bbox 478 1190 765 1262; x_wconf 81' lang='lat' dir='ltr'><strong>disciplina</strong></span> <span class='ocrx_word' id='word_1_81' title='bbox 799 1190 1101 1262; x_wconf 86' lang='lat' dir='ltr'><strong>modusque</strong></span> <span class='ocrx_word' id='word_1_82' title='bbox 1131 1190 1359 1246; x_wconf 88' lang='lat' dir='ltr'><strong>servari.</strong></span> <span class='ocrx_word' id='word_1_83' title='bbox 1404 1187 1461 1244; x_wconf 89' lang='lat' dir='ltr'><strong>ln</strong></span> <span class='ocrx_word' id='word_1_84' title='bbox 1493 1189 1766 1245; x_wconf 84' lang='lat' dir='ltr'><strong>nonnullis</strong></span> <span class='ocrx_word' id='word_1_85' title='bbox 1811 1198 1889 1244; x_wconf 87' lang='lat' dir='ltr'><strong>ta-</strong></span> 
     </span>
    </p>
   </div>
   <div class='ocr_carea' id='block_1_11' title="bbox 293 1281 1887 1355">
    <p class='ocr_par' dir='ltr' id='par_1_11' title="bbox 293 1281 1887 1355">
     <span class='ocr_line' id='line_1_11' title="bbox 293 1281 1887 1355; baseline -0.001 -14"><span class='ocrx_word' id='word_1_86' title='bbox 293 1299 458 1353; x_wconf 89' lang='lat' dir='ltr'><strong>men,</strong></span> <span class='ocrx_word' id='word_1_87' title='bbox 507 1284 603 1340; x_wconf 92' lang='lat' dir='ltr'><strong>ubi</strong></span> <span class='ocrx_word' id='word_1_88' title='bbox 651 1284 861 1341; x_wconf 84' lang='lat' dir='ltr'><strong>scilicet</strong></span> <span class='ocrx_word' id='word_1_89' title='bbox 909 1285 992 1339; x_wconf 88' lang='lat' dir='ltr'><strong>vel</strong></span> <span class='ocrx_word' id='word_1_90' title='bbox 1042 1283 1380 1355; x_wconf 85' lang='lat' dir='ltr'><strong>operationis</strong></span> <span class='ocrx_word' id='word_1_91' title='bbox 1409 1282 1750 1352; x_wconf 91' lang='lat' dir='ltr'><strong>communio,</strong></span> <span class='ocrx_word' id='word_1_92' title='bbox 1803 1281 1887 1339; x_wconf 90' lang='lat' dir='ltr'><strong>vel</strong></span> 
     </span>
    </p>
   </div>
   <div class='ocr_carea' id='block_1_12' title="bbox 292 1375 1886 1451">
    <p class='ocr_par' dir='ltr' id='par_1_12' title="bbox 292 1375 1886 1451">
     <span class='ocr_line' id='line_1_12' title="bbox 292 1375 1886 1451; baseline -0.003 -17"><span class='ocrx_word' id='word_1_93' title='bbox 292 1377 595 1434; x_wconf 87' lang='lat' dir='ltr'><strong>necessitas</strong></span> <span class='ocrx_word' id='word_1_94' title='bbox 643 1377 850 1451; x_wconf 79' lang='lat' dir='ltr'><strong>exigit,</strong></span> <span class='ocrx_word' id='word_1_95' title='bbox 881 1392 977 1434; x_wconf 91' lang='lat' dir='ltr'><strong>seu</strong></span> <span class='ocrx_word' id='word_1_96' title='bbox 1011 1377 1296 1448; x_wconf 86' lang='lat' dir='ltr'><strong>cujusdam</strong></span> <span class='ocrx_word' id='word_1_97' title='bbox 1334 1376 1472 1432; x_wconf 90' lang='lat' dir='ltr'><strong>lucri</strong></span> <span class='ocrx_word' id='word_1_98' title='bbox 1510 1375 1702 1432; x_wconf 84' lang='lat' dir='ltr'><strong>invitat</strong></span> <span class='ocrx_word' id='word_1_99' title='bbox 1749 1391 1886 1431; x_wconf 86' lang='lat' dir='ltr'><strong>con-</strong></span> 
     </span>
    </p>
   </div>
   <div class='ocr_carea' id='block_1_13' title="bbox 296 1468 1887 1542">
    <p class='ocr_par' dir='ltr' id='par_1_13' title="bbox 296 1468 1887 1542">
     <span class='ocr_line' id='line_1_13' title="bbox 296 1468 1887 1542; baseline -0.002 -14"><span class='ocrx_word' id='word_1_100' title='bbox 296 1473 550 1537; x_wconf 84' lang='lat' dir='ltr'><strong>sortium,</strong></span> <span class='ocrx_word' id='word_1_101' title='bbox 581 1485 809 1528; x_wconf 84' lang='lat' dir='ltr'><strong>necesse</strong></span> <span class='ocrx_word' id='word_1_102' title='bbox 839 1478 923 1528; x_wconf 90' lang='lat' dir='ltr'><strong>est</strong></span> <span class='ocrx_word' id='word_1_103' title='bbox 961 1486 1056 1526; x_wconf 93' lang='lat' dir='ltr'><strong>eos</strong></span> <span class='ocrx_word' id='word_1_104' title='bbox 1085 1478 1112 1508; x_wconf 82' lang='grc' dir='ltr'>ι</span> <span class='ocrx_word' id='word_1_105' title='bbox 1142 1468 1502 1542; x_wconf 78' lang='lat' dir='ltr'><strong>temporalem</strong></span> <span class='ocrx_word' id='word_1_106' title='bbox 1537 1468 1887 1526; x_wconf 87' lang='lat' dir='ltr'><strong>commodare</strong></span> 
     </span>
    </p>
   </div>
   <div class='ocr_carea' id='block_1_14' title="bbox 294 1562 1888 1636">
    <p class='ocr_par' dir='ltr' id='par_1_14' title="bbox 294 1562 1888 1636">
     <span class='ocr_line' id='line_1_14' title="bbox 294 1562 1888 1636; baseline -0.001 -14"><span class='ocrx_word' id='word_1_107' title='bbox 294 1580 646 1622; x_wconf 85' lang='lat' dir='ltr'><strong>consensum.</strong></span> <span class='ocrx_word' id='word_1_108' title='bbox 682 1564 837 1633; x_wconf 86' lang='lat' dir='ltr'><strong>Quod</strong></span> <span class='ocrx_word' id='word_1_109' title='bbox 882 1579 1004 1621; x_wconf 89' lang='lat' dir='ltr'><strong>esse</strong></span> <span class='ocrx_word' id='word_1_110' title='bbox 1034 1563 1090 1624; x_wconf 92' lang='lat' dir='ltr'><strong>in</strong></span> <span class='ocrx_word' id='word_1_111' title='bbox 1116 1563 1220 1621; x_wconf 91' lang='lat' dir='ltr'><strong>hac</strong></span> <span class='ocrx_word' id='word_1_112' title='bbox 1256 1562 1451 1620; x_wconf 89' lang='lat' dir='ltr'><strong>militia</strong></span> <span class='ocrx_word' id='word_1_113' title='bbox 1485 1562 1740 1635; x_wconf 73' lang='lat' dir='ltr'><strong>nequitia:</strong></span> <span class='ocrx_word' id='word_1_114' title='bbox 1775 1563 1888 1636; x_wconf 88' lang='lat' dir='ltr'><strong>spl-</strong></span> 
     </span>
    </p>
   </div>
   <div class='ocr_carea' id='block_1_15' title="bbox 296 1658 1882 1733">
    <p class='ocr_par' dir='ltr' id='par_1_15' title="bbox 296 1658 1882 1733">
     <span class='ocr_line' id='line_1_15' title="bbox 296 1658 1882 1733; baseline -0.001 -17"><span class='ocrx_word' id='word_1_115' title='bbox 296 1660 475 1716; x_wconf 87' lang='lat' dir='ltr'><strong>ritaiis</strong></span> <span class='ocrx_word' id='word_1_116' title='bbox 520 1658 967 1716; x_wconf 77' lang='lat' dir='ltr'><strong>manifestissime</strong></span> <span class='ocrx_word' id='word_1_117' title='bbox 1017 1659 1362 1733; x_wconf 81' lang='lat' dir='ltr'><strong>pervidemus</strong></span> <span class='ocrx_word' id='word_1_118' title='bbox 1389 1700 1405 1728; x_wconf 90' lang='lat'><strong>,</strong></span> <span class='ocrx_word' id='word_1_119' title='bbox 1445 1668 1504 1715; x_wconf 92' lang='lat' dir='ltr'><strong>ut</strong></span> <span class='ocrx_word' id='word_1_120' title='bbox 1558 1672 1666 1715; x_wconf 90' lang='lat' dir='ltr'><strong>non</strong></span> <span class='ocrx_word' id='word_1_121' title='bbox 1705 1659 1882 1716; x_wconf 83' lang='lat' dir='ltr'><strong>solum</strong></span> 
     </span>
    </p>
   </div>
   <div class='ocr_carea' id='block_1_16' title="bbox 290 1752 1883 1826">
    <p class='ocr_par' dir='ltr' id='par_1_16' title="bbox 290 1752 1883 1826">
     <span class='ocr_line' id='line_1_16' title="bbox 290 1752 1883 1826; baseline 0.001 -18"><span class='ocrx_word' id='word_1_122' title='bbox 290 1761 541 1826; x_wconf 87' lang='lat' dir='ltr'><strong>tempora</strong></span> <span class='ocrx_word' id='word_1_123' title='bbox 585 1753 729 1809; x_wconf 92' lang='lat' dir='ltr'><strong>inter</strong></span> <span class='ocrx_word' id='word_1_124' title='bbox 759 1769 820 1811; x_wconf 90' lang='lat' dir='ltr'><strong>se</strong></span> <span class='ocrx_word' id='word_1_125' title='bbox 847 1752 1362 1826; x_wconf 78' lang='lat' dir='ltr'><strong>vicissitudinesque</strong></span> <span class='ocrx_word' id='word_1_126' title='bbox 1409 1753 1758 1824; x_wconf 91' lang='lat' dir='ltr'><strong>custodiant,</strong></span> <span class='ocrx_word' id='word_1_127' title='bbox 1787 1753 1883 1812; x_wconf 90' lang='lat' dir='ltr'><strong>sed</strong></span> 
     </span>
    </p>
   </div>
   <div class='ocr_carea' id='block_1_17' title="bbox 287 1845 1970 1922">
    <p class='ocr_par' dir='ltr' id='par_1_17' title="bbox 287 1845 1970 1922">
     <span class='ocr_line' id='line_1_17' title="bbox 287 1845 1970 1922; baseline 0.002 -19"><span class='ocrx_word' id='word_1_128' title='bbox 287 1846 451 1903; x_wconf 88' lang='lat' dir='ltr'><strong>etiam</strong></span> <span class='ocrx_word' id='word_1_129' title='bbox 487 1845 516 1885; x_wconf 65' lang='grc' dir='ltr'>δ</span> <span class='ocrx_word' id='word_1_130' title='bbox 553 1846 689 1904; x_wconf 89' lang='lat' dir='ltr'><strong>locis</strong></span> <span class='ocrx_word' id='word_1_131' title='bbox 718 1847 1040 1918; x_wconf 86' lang='lat' dir='ltr'><strong>quibusdam</strong></span> <span class='ocrx_word' id='word_1_132' title='bbox 1071 1847 1380 1922; x_wconf 85' lang='lat' dir='ltr'><strong>specialiter</strong></span> <span class='ocrx_word' id='word_1_133' title='bbox 1400 1847 1688 1916; x_wconf 75' lang='lat' dir='ltr'><strong>inhaerere,</strong></span> <span class='ocrx_word' id='word_1_134' title='bbox 1716 1861 1891 1920; x_wconf 84' lang='lat' dir='ltr'><strong>eaque</strong></span> <span class='ocrx_word' id='word_1_135' title='bbox 1921 1850 1970 1913; x_wconf 88' lang='lat' dir='ltr'><strong>B</strong></span> 
     </span>
    </p>
   </div>
   <div class='ocr_carea' id='block_1_18' title="bbox 288 1938 1883 2014">
    <p class='ocr_par' dir='ltr' id='par_1_18' title="bbox 288 1938 1883 2014">
     <span class='ocr_line' id='line_1_18' title="bbox 288 1938 1883 2014; baseline 0.001 -20"><span class='ocrx_word' id='word_1_136' title='bbox 288 1939 487 2014; x_wconf 75' lang='lat' dir='ltr'><strong>iugiter</strong></span> <span class='ocrx_word' id='word_1_137' title='bbox 532 1939 786 1998; x_wconf 89' lang='lat' dir='ltr'><strong>obsidere</strong></span> <span class='ocrx_word' id='word_1_138' title='bbox 829 1950 1143 1996; x_wconf 88' lang='lat' dir='ltr'><strong>noscantur.</strong></span> <span class='ocrx_word' id='word_1_139' title='bbox 1196 1938 1331 2000; x_wconf 86' lang='lat' dir='ltr'><strong>Nam</strong></span> <span class='ocrx_word' id='word_1_140' title='bbox 1376 1940 1500 2013; x_wconf 88' lang='lat' dir='ltr'><strong>quia</strong></span> <span class='ocrx_word' id='word_1_141' title='bbox 1542 1955 1770 1998; x_wconf 91' lang='lat' dir='ltr'><strong>necesse</strong></span> <span class='ocrx_word' id='word_1_142' title='bbox 1813 1941 1883 1996; x_wconf 86' lang='lat' dir='ltr'><strong>sit</strong></span> 
     </span>
    </p>
   </div>
   <div class='ocr_carea' id='block_1_19' title="bbox 288 2032 1882 2108">
    <p class='ocr_par' dir='ltr' id='par_1_19' title="bbox 288 2032 1882 2108">
     <span class='ocr_line' id='line_1_19' title="bbox 288 2032 1882 2108; baseline 0.001 -19"><span class='ocrx_word' id='word_1_143' title='bbox 288 2047 381 2092; x_wconf 90' lang='lat' dir='ltr'><strong>eos</strong></span> <span class='ocrx_word' id='word_1_144' title='bbox 428 2032 733 2092; x_wconf 89' lang='lat' dir='ltr'><strong>immutatis</strong></span> <span class='ocrx_word' id='word_1_145' title='bbox 773 2033 1164 2091; x_wconf 88' lang='lat' dir='ltr'><strong>tentationibus</strong></span> <span class='ocrx_word' id='word_1_146' title='bbox 1210 2034 1483 2108; x_wconf 87' lang='lat' dir='ltr'><strong>certisque</strong></span> <span class='ocrx_word' id='word_1_147' title='bbox 1528 2034 1671 2091; x_wconf 87' lang='lat' dir='ltr'><strong>vitiis</strong></span> <span class='ocrx_word' id='word_1_148' title='bbox 1719 2046 1882 2105; x_wconf 87' lang='lat' dir='ltr'><strong>atque</strong></span> 
     </span>
    </p>
   </div>
   <div class='ocr_carea' id='block_1_20' title="bbox 1993 628 3585 703">
    <p class='ocr_par' dir='ltr' id='par_1_20' title="bbox 1993 628 3585 703">
     <span class='ocr_line' id='line_1_20' title="bbox 1993 628 3585 703; baseline 0.004 -19"><span class='ocrx_word' id='word_1_149' title='bbox 1993 629 2168 684; x_wconf 72' lang='lat' dir='ltr'><strong>doxite</strong></span> <span class='ocrx_word' id='word_1_150' title='bbox 2203 629 2436 685; x_wconf 86' lang='lat' dir='ltr'><strong>vanitate</strong></span> <span class='ocrx_word' id='word_1_151' title='bbox 2456 628 2679 697; x_wconf 88' lang='lat' dir='ltr'><strong>deludi,</strong></span> <span class='ocrx_word' id='word_1_152' title='bbox 2708 637 2763 687; x_wconf 93' lang='lat' dir='ltr'><strong>et</strong></span> <span class='ocrx_word' id='word_1_153' title='bbox 2790 631 3227 703; x_wconf 90' lang='lat' dir='ltr'><strong>concupiscentia</strong></span> <span class='ocrx_word' id='word_1_154' title='bbox 3265 633 3585 692; x_wconf 81' lang='lat' dir='ltr'><strong>fornicatio-</strong></span> 
     </span>
    </p>
   </div>
   <div class='ocr_carea' id='block_1_21' title="bbox 1993 723 3584 799">
    <p class='ocr_par' dir='ltr' id='par_1_21' title="bbox 1993 723 3584 799">
     <span class='ocr_line' id='line_1_21' title="bbox 1993 723 3584 799; baseline 0.004 -19"><span class='ocrx_word' id='word_1_155' title='bbox 1993 723 2078 780; x_wconf 85' lang='lat' dir='ltr'><strong>nis</strong></span> <span class='ocrx_word' id='word_1_156' title='bbox 2111 725 2295 791; x_wconf 87' lang='lat' dir='ltr'><strong>exuri;</strong></span> <span class='ocrx_word' id='word_1_157' title='bbox 2328 739 2429 780; x_wconf 90' lang='lat' dir='ltr'><strong>nec</strong></span> <span class='ocrx_word' id='word_1_158' title='bbox 2467 732 2646 795; x_wconf 87' lang='lat' dir='ltr'><strong>potest</strong></span> <span class='ocrx_word' id='word_1_159' title='bbox 2674 726 2876 781; x_wconf 90' lang='lat' dir='ltr'><strong>tumida</strong></span> <span class='ocrx_word' id='word_1_160' title='bbox 2916 725 3090 782; x_wconf 82' lang='lat' dir='ltr'><strong>inflari</strong></span> <span class='ocrx_word' id='word_1_161' title='bbox 3121 727 3356 785; x_wconf 78' lang='lat' dir='ltr'><strong>elatione</strong></span> <span class='ocrx_word' id='word_1_162' title='bbox 3386 743 3584 799; x_wconf 67' lang='lat' dir='ltr'><strong>supero</strong></span> 
     </span>
    </p>
   </div>
   <div class='ocr_carea' id='block_1_22' title="bbox 1991 817 3582 892">
    <p class='ocr_par' dir='ltr' id='par_1_22' title="bbox 1991 817 3582 892">
     <span class='ocr_line' id='line_1_22' title="bbox 1991 817 3582 892; baseline 0.001 -17"><span class='ocrx_word' id='word_1_163' title='bbox 1991 817 2118 875; x_wconf 74' lang='lat' dir='ltr'><strong>bite&#39;</strong></span> <span class='ocrx_word' id='word_1_164' title='bbox 2161 817 2419 888; x_wconf 88' lang='lat' dir='ltr'><strong>spiritalis</strong></span> <span class='ocrx_word' id='word_1_165' title='bbox 2449 860 2466 886; x_wconf 91' lang='lat'><strong>,</strong></span> <span class='ocrx_word' id='word_1_166' title='bbox 2519 826 2575 874; x_wconf 90' lang='lat' dir='ltr'><strong>et</strong></span> <span class='ocrx_word' id='word_1_167' title='bbox 2625 818 2860 874; x_wconf 85' lang='lat' dir='ltr'><strong>carnalis</strong></span> <span class='ocrx_word' id='word_1_168' title='bbox 2925 820 3321 891; x_wconf 70' lang='lat' dir='ltr'><strong>gastrimargim</strong></span> <span class='ocrx_word' id='word_1_169' title='bbox 3377 823 3582 892; x_wconf 90' lang='lat' dir='ltr'><strong>pariter</strong></span> 
     </span>
    </p>
   </div>
   <div class='ocr_carea' id='block_1_23' title="bbox 1993 909 3582 981">
    <p class='ocr_par' dir='ltr' id='par_1_23' title="bbox 1993 909 3582 981">
     <span class='ocr_line' id='line_1_23' title="bbox 1993 909 3582 981; baseline 0.002 -15"><span class='ocrx_word' id='word_1_170' title='bbox 1993 909 2299 966; x_wconf 87' lang='lat' dir='ltr'><strong>humilitate</strong></span> <span class='ocrx_word' id='word_1_171' title='bbox 2317 909 2577 965; x_wconf 86' lang='lat' dir='ltr'><strong>submitti.</strong></span> <span class='ocrx_word' id='word_1_172' title='bbox 2610 909 2719 966; x_wconf 78' lang='lat' dir='ltr'><strong>Nec</strong></span> <span class='ocrx_word' id='word_1_173' title='bbox 2742 919 2923 981; x_wconf 85' lang='lat' dir='ltr'><strong>potest</strong></span> <span class='ocrx_word' id='word_1_174' title='bbox 2947 912 3067 981; x_wconf 88' lang='lat' dir='ltr'><strong>quis</strong></span> <span class='ocrx_word' id='word_1_175' title='bbox 3110 909 3389 968; x_wconf 82' lang='lat' dir='ltr'><strong>cachinnis</strong></span> <span class='ocrx_word' id='word_1_176' title='bbox 3418 911 3582 970; x_wconf 86' lang='lat' dir='ltr'><strong>fatuis</strong></span> 
     </span>
    </p>
   </div>
   <div class='ocr_carea' id='block_1_24' title="bbox 1990 1003 3582 1079">
    <p class='ocr_par' dir='ltr' id='par_1_24' title="bbox 1990 1003 3582 1079">
     <span class='ocr_line' id='line_1_24' title="bbox 1990 1003 3582 1079; baseline 0.002 -18"><span class='ocrx_word' id='word_1_177' title='bbox 1990 1006 2213 1076; x_wconf 85' lang='lat' dir='ltr'><strong>risuque</strong></span> <span class='ocrx_word' id='word_1_178' title='bbox 2253 1003 2517 1073; x_wconf 88' lang='lat' dir='ltr'><strong>dissolvi,</strong></span> <span class='ocrx_word' id='word_1_179' title='bbox 2549 1011 2606 1060; x_wconf 92' lang='lat' dir='ltr'><strong>et</strong></span> <span class='ocrx_word' id='word_1_180' title='bbox 2655 1004 2946 1060; x_wconf 73' lang='lat' dir='ltr'><strong>iracundiae</strong></span> <span class='ocrx_word' id='word_1_181' title='bbox 2974 1005 3077 1061; x_wconf 91' lang='lat' dir='ltr'><strong>sub</strong></span> <span class='ocrx_word' id='word_1_182' title='bbox 3116 1006 3304 1062; x_wconf 88' lang='lat' dir='ltr'><strong>eodem</strong></span> <span class='ocrx_word' id='word_1_183' title='bbox 3336 1015 3582 1079; x_wconf 86' lang='lat' dir='ltr'><strong>tempore</strong></span> 
     </span>
    </p>
   </div>
   <div class='ocr_carea' id='block_1_25' title="bbox 1990 1097 3580 1166">
    <p class='ocr_par' dir='ltr' id='par_1_25' title="bbox 1990 1097 3580 1166">
     <span class='ocr_line' id='line_1_25' title="bbox 1990 1097 3580 1166; baseline 0 -10"><span class='ocrx_word' id='word_1_184' title='bbox 1990 1097 2221 1156; x_wconf 87' lang='lat' dir='ltr'><strong>stimulis</strong></span> <span class='ocrx_word' id='word_1_185' title='bbox 2247 1097 2492 1166; x_wconf 90' lang='lat' dir='ltr'><strong>incitari,</strong></span> <span class='ocrx_word' id='word_1_186' title='bbox 2529 1110 2624 1153; x_wconf 89' lang='lat' dir='ltr'><strong>seu</strong></span> <span class='ocrx_word' id='word_1_187' title='bbox 2661 1104 2812 1154; x_wconf 92' lang='lat' dir='ltr'><strong>certe</strong></span> <span class='ocrx_word' id='word_1_188' title='bbox 2841 1097 3022 1153; x_wconf 88' lang='lat' dir='ltr'><strong>edacis</strong></span> <span class='ocrx_word' id='word_1_189' title='bbox 3067 1097 3302 1155; x_wconf 73' lang='lat' dir='ltr'><strong>tristitiae</strong></span> <span class='ocrx_word' id='word_1_190' title='bbox 3340 1113 3580 1157; x_wconf 77' lang='lat' dir='ltr'><strong>mmrore</strong></span> 
     </span>
    </p>
   </div>
   <div class='ocr_carea' id='block_1_26' title="bbox 1990 1191 3576 1266">
    <p class='ocr_par' dir='ltr' id='par_1_26' title="bbox 1990 1191 3576 1266">
     <span class='ocr_line' id='line_1_26' title="bbox 1990 1191 3576 1266; baseline 0.001 -16"><span class='ocrx_word' id='word_1_191' title='bbox 1990 1193 2254 1266; x_wconf 89' lang='lat' dir='ltr'><strong>suppleri,</strong></span> <span class='ocrx_word' id='word_1_192' title='bbox 2286 1191 2382 1248; x_wconf 90' lang='lat' dir='ltr'><strong>sed</strong></span> <span class='ocrx_word' id='word_1_193' title='bbox 2413 1205 2639 1248; x_wconf 89' lang='lat' dir='ltr'><strong>necesse</strong></span> <span class='ocrx_word' id='word_1_194' title='bbox 2662 1200 2747 1248; x_wconf 88' lang='lat' dir='ltr'><strong>est</strong></span> <span class='ocrx_word' id='word_1_195' title='bbox 2771 1207 3208 1264; x_wconf 88' lang='lat' dir='ltr'><strong>unumquemque</strong></span> <span class='ocrx_word' id='word_1_196' title='bbox 3230 1193 3478 1265; x_wconf 88' lang='lat' dir='ltr'><strong>spiritum</strong></span> <span class='ocrx_word' id='word_1_197' title='bbox 3502 1195 3576 1251; x_wconf 86' lang='lat' dir='ltr'><strong>ita</strong></span> 
     </span>
    </p>
   </div>
   <div class='ocr_carea' id='block_1_27' title="bbox 1989 1287 3574 1362">
    <p class='ocr_par' dir='ltr' id='par_1_27' title="bbox 1989 1287 3574 1362">
     <span class='ocr_line' id='line_1_27' title="bbox 1989 1287 3574 1362; baseline 0.002 -18"><span class='ocrx_word' id='word_1_198' title='bbox 1989 1287 2265 1359; x_wconf 83' lang='lat' dir='ltr'><strong>sigillatim</strong></span> <span class='ocrx_word' id='word_1_199' title='bbox 2308 1287 2770 1359; x_wconf 76' lang='lat' dir='ltr'><strong>impugnationem</strong></span> <span class='ocrx_word' id='word_1_200' title='bbox 2797 1290 2994 1344; x_wconf 89' lang='lat' dir='ltr'><strong>mentis</strong></span> <span class='ocrx_word' id='word_1_201' title='bbox 3019 1291 3295 1362; x_wconf 89' lang='lat' dir='ltr'><strong>arripere,</strong></span> <span class='ocrx_word' id='word_1_202' title='bbox 3349 1299 3410 1347; x_wconf 91' lang='lat' dir='ltr'><strong>ut</strong></span> <span class='ocrx_word' id='word_1_203' title='bbox 3450 1305 3574 1348; x_wconf 88' lang='lat' dir='ltr'><strong>cum</strong></span> 
     </span>
    </p>
   </div>
   <div class='ocr_carea' id='block_1_28' title="bbox 1988 1380 3574 1452">
    <p class='ocr_par' dir='ltr' id='par_1_28' title="bbox 1988 1380 3574 1452">
     <span class='ocr_line' id='line_1_28' title="bbox 1988 1380 3574 1452; baseline 0.001 -16"><span class='ocrx_word' id='word_1_204' title='bbox 1988 1389 2082 1437; x_wconf 89' lang='lat' dir='ltr'><strong>aut</strong></span> <span class='ocrx_word' id='word_1_205' title='bbox 2103 1380 2280 1436; x_wconf 88' lang='lat' dir='ltr'><strong>victus</strong></span> <span class='ocrx_word' id='word_1_206' title='bbox 2311 1381 2674 1448; x_wconf 88' lang='lat' dir='ltr'><strong>abscesserit,</strong></span> <span class='ocrx_word' id='word_1_207' title='bbox 2705 1380 2797 1437; x_wconf 87' lang='lat' dir='ltr'><strong>alii</strong></span> <span class='ocrx_word' id='word_1_208' title='bbox 2826 1396 2947 1437; x_wconf 91' lang='lat' dir='ltr'><strong>eam</strong></span> <span class='ocrx_word' id='word_1_209' title='bbox 2977 1383 3187 1452; x_wconf 88' lang='lat' dir='ltr'><strong>spiritui</strong></span> <span class='ocrx_word' id='word_1_210' title='bbox 3209 1383 3367 1439; x_wconf 83' lang='lat' dir='ltr'><strong>cedat</strong></span> <span class='ocrx_word' id='word_1_211' title='bbox 3396 1384 3574 1440; x_wconf 85' lang='lat' dir='ltr'><strong>acrius</strong></span> 
     </span>
    </p>
   </div>
   <div class='ocr_carea' id='block_1_29' title="bbox 1989 1470 3572 1546">
    <p class='ocr_par' dir='ltr' id='par_1_29' title="bbox 1989 1470 3572 1546">
     <span class='ocr_line' id='line_1_29' title="bbox 1989 1470 3572 1546; baseline 0.002 -16"><span class='ocrx_word' id='word_1_212' title='bbox 1989 1470 2414 1545; x_wconf 85' lang='lat' dir='ltr'><strong>impngnandam</strong></span> <span class='ocrx_word' id='word_1_213' title='bbox 2433 1513 2448 1540; x_wconf 96' lang='lat'><strong>,</strong></span> <span class='ocrx_word' id='word_1_214' title='bbox 2505 1480 2599 1528; x_wconf 92' lang='lat' dir='ltr'><strong>aut</strong></span> <span class='ocrx_word' id='word_1_215' title='bbox 2634 1481 2782 1529; x_wconf 90' lang='lat' dir='ltr'><strong>certe</strong></span> <span class='ocrx_word' id='word_1_216' title='bbox 2813 1473 2860 1529; x_wconf 87' lang='lat' dir='ltr'><strong>si</strong></span> <span class='ocrx_word' id='word_1_217' title='bbox 2887 1475 3060 1530; x_wconf 87' lang='lat' dir='ltr'><strong>victor</strong></span> <span class='ocrx_word' id='word_1_218' title='bbox 3087 1475 3388 1546; x_wconf 86' lang='lat' dir='ltr'><strong>exstiterit,</strong></span> <span class='ocrx_word' id='word_1_219' title='bbox 3417 1475 3572 1533; x_wconf 87' lang='lat' dir='ltr'><strong>alteri</strong></span> 
     </span>
    </p>
   </div>
   <div class='ocr_carea' id='block_1_30' title="bbox 1990 1559 3511 1623">
    <p class='ocr_par' dir='ltr' id='par_1_30' title="bbox 1990 1559 3511 1623">
     <span class='ocr_line' id='line_1_30' title="bbox 1990 1559 3511 1623; baseline 0.001 -1"><span class='ocrx_word' id='word_1_220' title='bbox 1990 1565 2346 1623; x_wconf 89' lang='lat' dir='ltr'><strong>nihilominus</strong></span> <span class='ocrx_word' id='word_1_221' title='bbox 2372 1564 2548 1623; x_wconf 85' lang='lat' dir='ltr'><strong>tradat</strong></span> <span class='ocrx_word' id='word_1_222' title='bbox 2577 1565 2826 1623; x_wconf 88' lang='lat' dir='ltr'><strong>similiter</strong></span> <span class='ocrx_word' id='word_1_223' title='bbox 2853 1566 3201 1623; x_wconf 89' lang='lat' dir='ltr'><strong>iliudendam.</strong></span> <span class='ocrx_word' id='word_1_224' title='bbox 3501 1559 3511 1588; x_wconf 83' lang='lat'><strong><em>&#39;</em></strong></span> 
     </span>
    </p>
   </div>
   <div class='ocr_carea' id='block_1_31' title="bbox 2585 1726 2975 1786">
    <p class='ocr_par' dir='ltr' id='par_1_31' title="bbox 2585 1726 2975 1786">
     <span class='ocr_line' id='line_1_31' title="bbox 2585 1726 2975 1786; baseline -0.01 0"><span class='ocrx_word' id='word_1_225' title='bbox 2585 1726 2819 1786; x_wconf 77' lang='lat' dir='ltr'><strong>CAPUT</strong></span> <span class='ocrx_word' id='word_1_226' title='bbox 2854 1726 2975 1784; x_wconf 72' lang='lat' dir='ltr'><strong>XX.</strong></span> 
     </span>
    </p>
   </div>
   <div class='ocr_carea' id='block_1_32' title="bbox 1998 1819 3614 1890">
    <p class='ocr_par' dir='ltr' id='par_1_32' title="bbox 1998 1819 3614 1890">
     <span class='ocr_line' id='line_1_32' title="bbox 1998 1819 3614 1890; baseline 0.002 -13"><span class='ocrx_word' id='word_1_227' title='bbox 1998 1821 2147 1889; x_wconf 82' lang='lat' dir='ltr'><strong>Quod</strong></span> <span class='ocrx_word' id='word_1_228' title='bbox 2170 1838 2272 1876; x_wconf 87' lang='lat' dir='ltr'><strong>non</strong></span> <span class='ocrx_word' id='word_1_229' title='bbox 2300 1820 2402 1878; x_wconf 84' lang='lat' dir='ltr'><strong>sint</strong></span> <span class='ocrx_word' id='word_1_230' title='bbox 2430 1820 2583 1876; x_wconf 77' lang='lat' dir='ltr'><strong>unius</strong></span> <span class='ocrx_word' id='word_1_231' title='bbox 2611 1820 2933 1890; x_wconf 70' lang='lat' dir='ltr'><strong>fortitudinis</strong></span> <span class='ocrx_word' id='word_1_232' title='bbox 2963 1819 3240 1876; x_wconf 68' lang='lat' dir='ltr'><strong>contraries</strong></span> <span class='ocrx_word' id='word_1_233' title='bbox 3268 1827 3572 1889; x_wconf 79' lang='lat' dir='ltr'><strong>potestates,</strong></span> <span class='ocrx_word' id='word_1_234' title='bbox 3607 1869 3614 1880; x_wconf 92' lang='lat'><strong>.</strong></span> 
     </span>
    </p>
   </div>
   <div class='ocr_carea' id='block_1_33' title="bbox 2066 1891 3501 1965">
    <p class='ocr_par' dir='ltr' id='par_1_33' title="bbox 2066 1891 3501 1965">
     <span class='ocr_line' id='line_1_33' title="bbox 2066 1891 3501 1965; baseline -0.001 -18"><span class='ocrx_word' id='word_1_235' title='bbox 2066 1910 2160 1949; x_wconf 87' lang='lat' dir='ltr'><strong>nec</strong></span> <span class='ocrx_word' id='word_1_236' title='bbox 2175 1894 2407 1948; x_wconf 77' lang='lat' dir='ltr'><strong>tentandi</strong></span> <span class='ocrx_word' id='word_1_237' title='bbox 2424 1892 2643 1965; x_wconf 76' lang='lat' dir='ltr'><strong>facultas</strong></span> <span class='ocrx_word' id='word_1_238' title='bbox 2655 1893 2709 1949; x_wconf 87' lang='lat' dir='ltr'><strong>in</strong></span> <span class='ocrx_word' id='word_1_239' title='bbox 2726 1907 2902 1948; x_wconf 89' lang='lat' dir='ltr'><strong>eorum</strong></span> <span class='ocrx_word' id='word_1_240' title='bbox 2921 1893 2986 1948; x_wconf 90' lang='lat' dir='ltr'><strong>sit</strong></span> <span class='ocrx_word' id='word_1_241' title='bbox 3004 1891 3216 1945; x_wconf 86' lang='lat' dir='ltr'><strong>arbitrio</strong></span> <span class='ocrx_word' id='word_1_242' title='bbox 3231 1893 3501 1948; x_wconf 86' lang='lat' dir='ltr'><strong>collocata.</strong></span> 
     </span>
    </p>
   </div>
   <div class='ocr_carea' id='block_1_34' title="bbox 2057 2026 3576 2102">
    <p class='ocr_par' dir='ltr' id='par_1_34' title="bbox 2057 2026 3576 2102">
     <span class='ocr_line' id='line_1_34' title="bbox 2057 2026 3576 2102; baseline -0.001 -15"><span class='ocrx_word' id='word_1_243' title='bbox 2057 2031 2191 2088; x_wconf 91' lang='lat' dir='ltr'><strong>illud</strong></span> <span class='ocrx_word' id='word_1_244' title='bbox 2227 2032 2388 2089; x_wconf 90' lang='lat' dir='ltr'><strong>etiam</strong></span> <span class='ocrx_word' id='word_1_245' title='bbox 2420 2043 2760 2102; x_wconf 86' lang='lat' dir='ltr'><strong>nequaquam</strong></span> <span class='ocrx_word' id='word_1_246' title='bbox 2803 2028 3051 2100; x_wconf 89' lang='lat' dir='ltr'><strong>ignorare</strong></span> <span class='ocrx_word' id='word_1_247' title='bbox 3079 2026 3362 2096; x_wconf 85' lang='lat' dir='ltr'><strong>debemus,</strong></span> <span class='ocrx_word' id='word_1_248' title='bbox 3388 2037 3411 2067; x_wconf 73' lang='grc' dir='ltr'>ε</span> <span class='ocrx_word' id='word_1_249' title='bbox 3465 2041 3576 2088; x_wconf 84' lang='lat' dir='ltr'><strong>non</strong></span> 
     </span>
    </p>
   </div>
   <div class='ocr_carea' id='block_1_35' title="bbox 1341 2144 2480 2222">
    <p class='ocr_par' dir='ltr' id='par_1_35' title="bbox 1341 2144 2480 2222">
     <span class='ocr_line' id='line_1_35' title="bbox 1341 2144 2480 2222; baseline -0.01 -13"><span class='ocrx_word' id='word_1_250' title='bbox 1341 2149 1599 2209; x_wconf 77' lang='lat' dir='ltr'><strong>ALARDI</strong></span> <span class='ocrx_word' id='word_1_251' title='bbox 1637 2147 1868 2207; x_wconf 64' lang='lat' dir='ltr'><strong>GAZEI</strong></span> <span class='ocrx_word' id='word_1_252' title='bbox 1909 2144 2480 2222; x_wconf 75' lang='lat' dir='ltr'><strong>COMMENTARIUS.</strong></span> 
     </span>
    </p>
   </div>
   <div class='ocr_carea' id='block_1_36' title="bbox 361 2239 1882 2311">
    <p class='ocr_par' dir='ltr' id='par_1_36' title="bbox 361 2239 1882 2311">
     <span class='ocr_line' id='line_1_36' title="bbox 361 2239 1882 2311; baseline 0 -13"><span class='ocrx_word' id='word_1_253' title='bbox 361 2249 387 2280; x_wconf 77' lang='grc' dir='ltr'>ι</span> <span class='ocrx_word' id='word_1_254' title='bbox 410 2239 526 2300; x_wconf 84' lang='lat' dir='ltr'><strong>lioc</strong></span> <span class='ocrx_word' id='word_1_255' title='bbox 550 2250 659 2310; x_wconf 89' lang='lat' dir='ltr'><strong>est,</strong></span> <span class='ocrx_word' id='word_1_256' title='bbox 682 2241 748 2297; x_wconf 90' lang='lat' dir='ltr'><strong>ad</strong></span> <span class='ocrx_word' id='word_1_257' title='bbox 781 2249 997 2311; x_wconf 85' lang='lat' dir='ltr'><strong>tempus</strong></span> <span class='ocrx_word' id='word_1_258' title='bbox 1027 2241 1220 2298; x_wconf 88' lang='lat' dir='ltr'><strong>saltem</strong></span> <span class='ocrx_word' id='word_1_259' title='bbox 1250 2242 1393 2300; x_wconf 91' lang='lat' dir='ltr'><strong>inter</strong></span> <span class='ocrx_word' id='word_1_260' title='bbox 1419 2257 1479 2299; x_wconf 87' lang='lat' dir='ltr'><strong>se</strong></span> <span class='ocrx_word' id='word_1_261' title='bbox 1505 2242 1882 2308; x_wconf 87' lang='lat' dir='ltr'><strong>convenireet</strong></span> 
     </span>
    </p>
   </div>
   <div class='ocr_carea' id='block_1_37' title="bbox 286 2312 1882 2384">
    <p class='ocr_par' dir='ltr' id='par_1_37' title="bbox 286 2312 1882 2384">
     <span class='ocr_line' id='line_1_37' title="bbox 286 2312 1882 2384; baseline 0.001 -16"><span class='ocrx_word' id='word_1_262' title='bbox 286 2312 662 2382; x_wconf 85' lang='lat' dir='ltr'><strong>concordare,</strong></span> <span class='ocrx_word' id='word_1_263' title='bbox 719 2322 777 2368; x_wconf 91' lang='lat' dir='ltr'><strong>ut</strong></span> <span class='ocrx_word' id='word_1_264' title='bbox 818 2315 999 2369; x_wconf 89' lang='lat' dir='ltr'><strong>solent</strong></span> <span class='ocrx_word' id='word_1_265' title='bbox 1055 2312 1201 2369; x_wconf 87' lang='lat' dir='ltr'><strong>fures</strong></span> <span class='ocrx_word' id='word_1_266' title='bbox 1256 2322 1312 2370; x_wconf 91' lang='lat' dir='ltr'><strong>et</strong></span> <span class='ocrx_word' id='word_1_267' title='bbox 1359 2315 1644 2384; x_wconf 63' lang='lat' dir='ltr'><strong>praedones</strong></span> <span class='ocrx_word' id='word_1_268' title='bbox 1696 2322 1882 2369; x_wconf 90' lang='lat' dir='ltr'><strong>mutuo</strong></span> 
     </span>
    </p>
   </div>
   <div class='ocr_carea' id='block_1_38' title="bbox 286 2385 1883 2455">
    <p class='ocr_par' dir='ltr' id='par_1_38' title="bbox 286 2385 1883 2455">
     <span class='ocr_line' id='line_1_38' title="bbox 286 2385 1883 2455; baseline -0.001 -15"><span class='ocrx_word' id='word_1_269' title='bbox 286 2385 597 2455; x_wconf 84' lang='lat' dir='ltr'><strong>consentire</strong></span> <span class='ocrx_word' id='word_1_270' title='bbox 624 2385 675 2438; x_wconf 89' lang='lat' dir='ltr'><strong>in</strong></span> <span class='ocrx_word' id='word_1_271' title='bbox 703 2386 997 2455; x_wconf 86' lang='lat' dir='ltr'><strong>perniciem</strong></span> <span class='ocrx_word' id='word_1_272' title='bbox 1017 2395 1072 2440; x_wconf 89' lang='lat' dir='ltr'><strong>et</strong></span> <span class='ocrx_word' id='word_1_273' title='bbox 1093 2385 1348 2442; x_wconf 82' lang='lat' dir='ltr'><strong>damnum</strong></span> <span class='ocrx_word' id='word_1_274' title='bbox 1378 2385 1627 2441; x_wconf 88' lang='lat' dir='ltr'><strong>aliorum.</strong></span> <span class='ocrx_word' id='word_1_275' title='bbox 1655 2385 1714 2440; x_wconf 90' lang='lat' dir='ltr'><strong>Si</strong></span> <span class='ocrx_word' id='word_1_276' title='bbox 1745 2386 1883 2439; x_wconf 78' lang='lat' dir='ltr'><strong>enim</strong></span> 
     </span>
    </p>
   </div>
   <div class='ocr_carea' id='block_1_39' title="bbox 288 2454 1882 2529">
    <p class='ocr_par' dir='ltr' id='par_1_39' title="bbox 288 2454 1882 2529">
     <span class='ocr_line' id='line_1_39' title="bbox 288 2454 1882 2529; baseline 0.001 -18"><span class='ocrx_word' id='word_1_277' title='bbox 288 2454 524 2511; x_wconf 75' lang='lat' dir='ltr'><strong>Satanas</strong></span> <span class='ocrx_word' id='word_1_278' title='bbox 551 2455 603 2510; x_wconf 89' lang='lat' dir='ltr'><strong>in</strong></span> <span class='ocrx_word' id='word_1_279' title='bbox 633 2454 854 2529; x_wconf 76' lang='lat' dir='ltr'><strong>seipsum</strong></span> <span class='ocrx_word' id='word_1_280' title='bbox 884 2457 1077 2529; x_wconf 75' lang='lat' dir='ltr'><strong>divisus</strong></span> <span class='ocrx_word' id='word_1_281' title='bbox 1103 2466 1264 2529; x_wconf 80' lang='lat' dir='ltr'><strong>esset,</strong></span> <span class='ocrx_word' id='word_1_282' title='bbox 1303 2458 1563 2529; x_wconf 78' lang='lat' dir='ltr'><strong>quomodo</strong></span> <span class='ocrx_word' id='word_1_283' title='bbox 1591 2466 1748 2529; x_wconf 81' lang='lat' dir='ltr'><strong>staret</strong></span> <span class='ocrx_word' id='word_1_284' title='bbox 1795 2473 1882 2513; x_wconf 86' lang='lat' dir='ltr'><strong>re-</strong></span> 
     </span>
    </p>
   </div>
   <div class='ocr_carea' id='block_1_40' title="bbox 326 2526 1883 2599">
    <p class='ocr_par' dir='ltr' id='par_1_40' title="bbox 326 2526 1883 2599">
     <span class='ocr_line' id='line_1_40' title="bbox 326 2526 1883 2599; baseline 0.002 -19"><span class='ocrx_word' id='word_1_285' title='bbox 326 2544 449 2580; x_wconf 80' lang='lat' dir='ltr'><strong>nuas</strong></span> <span class='ocrx_word' id='word_1_286' title='bbox 492 2529 611 2599; x_wconf 82' lang='lat' dir='ltr'><strong>ejus</strong></span> <span class='ocrx_word' id='word_1_287' title='bbox 659 2526 1047 2599; x_wconf 60' lang='lat' dir='ltr'><strong>(Mantuani)</strong></span> <span class='ocrx_word' id='word_1_288' title='bbox 1088 2527 1200 2596; x_wconf 85' lang='lat' dir='ltr'><strong>Qua</strong></span> <span class='ocrx_word' id='word_1_289' title='bbox 1241 2526 1409 2584; x_wconf 79' lang='lat' dir='ltr'><strong>dere</strong></span> <span class='ocrx_word' id='word_1_290' title='bbox 1448 2528 1520 2584; x_wconf 90' lang='lat' dir='ltr'><strong>ita</strong></span> <span class='ocrx_word' id='word_1_291' title='bbox 1553 2530 1613 2582; x_wconf 81' lang='grc' dir='ltr'><strong>Ι).</strong></span> <span class='ocrx_word' id='word_1_292' title='bbox 1647 2528 1883 2583; x_wconf 87' lang='lat' dir='ltr'><strong>Thomas</strong></span> 
     </span>
    </p>
   </div>
   <div class='ocr_carea' id='block_1_41' title="bbox 287 2545 1876 2672">
    <p class='ocr_par' dir='ltr' id='par_1_41' title="bbox 287 2545 1876 2672">
     <span class='ocr_line' id='line_1_41' title="bbox 326 2545 1876 2599; baseline 0.002 -19"><span class='ocrx_word' id='word_1_293' title='bbox 326 2545 449 2580; x_wconf 75' lang='lat' dir='ltr'><strong>num</strong></span> <span class='ocrx_word' id='word_1_294' title='bbox 492 2545 611 2599; x_wconf 67' lang='lat' dir='ltr'><strong>ejus</strong></span> <span class='ocrx_word' id='word_1_295' title='bbox 659 2545 873 2598; x_wconf 76' lang='grc' dir='ltr'><strong>μιαιυι.</strong></span> <span class='ocrx_word' id='word_1_296' title='bbox 904 2545 1047 2591; x_wconf 74' lang='lat' dir='ltr'><strong>xuii</strong></span> <span class='ocrx_word' id='word_1_297' title='bbox 1088 2545 1200 2596; x_wconf 78' lang='lat' dir='ltr'><strong>uua</strong></span> <span class='ocrx_word' id='word_1_298' title='bbox 1241 2545 1311 2584; x_wconf 85' lang='lat' dir='ltr'><strong>ue</strong></span> <span class='ocrx_word' id='word_1_299' title='bbox 1349 2545 1409 2584; x_wconf 89' lang='lat' dir='ltr'><strong>re</strong></span> <span class='ocrx_word' id='word_1_300' title='bbox 1448 2545 1520 2584; x_wconf 85' lang='lat' dir='ltr'><strong>lla</strong></span> <span class='ocrx_word' id='word_1_301' title='bbox 1553 2545 1613 2582; x_wconf 86' lang='grc' dir='ltr'><strong>υ.</strong></span> <span class='ocrx_word' id='word_1_302' title='bbox 1648 2545 1876 2583; x_wconf 76' lang='lat' dir='ltr'><strong>&#39;tnomas</strong></span> 
     </span>
     <span class='ocr_line' id='line_1_42' title="bbox 287 2545 1876 2672; baseline 0 -20"><span class='ocrx_word' id='word_1_303' title='bbox 287 2545 333 2668; x_wconf 59' lang='grc' dir='ltr'><strong>ἴι</strong></span> <span class='ocrx_word' id='word_1_304' title='bbox 363 2607 532 2672; x_wconf 77' lang='lat' dir='ltr'><strong>part.,</strong></span> <span class='ocrx_word' id='word_1_305' title='bbox 555 2616 608 2670; x_wconf 89' lang='lat' dir='ltr'><strong>q.</strong></span> <span class='ocrx_word' id='word_1_306' title='bbox 635 2599 759 2672; x_wconf 76' lang='lat'><strong>109,</strong></span> <span class='ocrx_word' id='word_1_307' title='bbox 791 2598 962 2672; x_wconf 8' lang='lat' dir='ltr'><strong>a.g2)7:</strong></span> <span class='ocrx_word' id='word_1_308' title='bbox 993 2597 1306 2664; x_wconf 81' lang='lat' dir='ltr'><strong>Concordia,</strong></span> <span class='ocrx_word' id='word_1_309' title='bbox 1335 2599 1528 2668; x_wconf 86' lang='lat' dir='ltr'><strong>inquit,</strong></span> <span class='ocrx_word' id='word_1_310' title='bbox 1560 2599 1876 2672; x_wconf 67' lang='lat' dir='ltr'><strong>dcentonum,</strong></span> 
     </span>
    </p>
   </div>
   <div class='ocr_carea' id='block_1_42' title="bbox 287 2669 1888 2751">
    <p class='ocr_par' dir='ltr' id='par_1_42' title="bbox 287 2669 1888 2751">
     <span class='ocr_line' id='line_1_43' title="bbox 287 2669 1888 2751; baseline 0.001 -29"><span class='ocrx_word' id='word_1_311' title='bbox 287 2685 390 2751; x_wconf 77' lang='lat' dir='ltr'><strong>qua</strong></span> <span class='ocrx_word' id='word_1_312' title='bbox 415 2669 626 2751; x_wconf 74' lang='lat' dir='ltr'><strong>quidam</strong></span> <span class='ocrx_word' id='word_1_313' title='bbox 657 2670 777 2751; x_wconf 83' lang='lat' dir='ltr'><strong>aliis</strong></span> <span class='ocrx_word' id='word_1_314' title='bbox 815 2669 1056 2751; x_wconf 79' lang='lat' dir='ltr'><strong>obediunt</strong></span> <span class='ocrx_word' id='word_1_315' title='bbox 1077 2714 1092 2739; x_wconf 95' lang='lat'><strong>,</strong></span> <span class='ocrx_word' id='word_1_316' title='bbox 1120 2687 1223 2725; x_wconf 87' lang='lat' dir='ltr'><strong>non</strong></span> <span class='ocrx_word' id='word_1_317' title='bbox 1264 2678 1337 2751; x_wconf 74' lang='lat' dir='ltr'><strong>est</strong></span> <span class='ocrx_word' id='word_1_318' title='bbox 1379 2686 1442 2726; x_wconf 80' lang='lat' dir='ltr'><strong>ea:</strong></span> <span class='ocrx_word' id='word_1_319' title='bbox 1477 2670 1707 2751; x_wconf 72' lang='lat' dir='ltr'><strong>amicitia</strong></span> <span class='ocrx_word' id='word_1_320' title='bbox 1733 2686 1888 2751; x_wconf 79' lang='lat' dir='ltr'><strong>quam</strong></span> 
     </span>
    </p>
   </div>
   <div class='ocr_carea' id='block_1_43' title="bbox 286 2740 1891 2812">
    <p class='ocr_par' dir='ltr' id='par_1_43' title="bbox 286 2740 1891 2812">
     <span class='ocr_line' id='line_1_44' title="bbox 286 2740 1891 2812; baseline 0.001 -18"><span class='ocrx_word' id='word_1_321' title='bbox 286 2740 428 2812; x_wconf 79' lang='lat' dir='ltr'><strong>inter</strong></span> <span class='ocrx_word' id='word_1_322' title='bbox 452 2756 508 2795; x_wconf 90' lang='lat' dir='ltr'><strong>se</strong></span> <span class='ocrx_word' id='word_1_323' title='bbox 538 2740 801 2811; x_wconf 84' lang='lat' dir='ltr'><strong>habeant,</strong></span> <span class='ocrx_word' id='word_1_324' title='bbox 836 2743 924 2795; x_wconf 85' lang='lat' dir='ltr'><strong>sed</strong></span> <span class='ocrx_word' id='word_1_325' title='bbox 952 2758 1017 2797; x_wconf 81' lang='lat' dir='ltr'><strong>ea:</strong></span> <span class='ocrx_word' id='word_1_326' title='bbox 1058 2742 1318 2796; x_wconf 81' lang='lat' dir='ltr'><strong>communi</strong></span> <span class='ocrx_word' id='word_1_327' title='bbox 1347 2743 1572 2806; x_wconf 79' lang='lat' dir='ltr'><strong>nequitia</strong></span> <span class='ocrx_word' id='word_1_328' title='bbox 1595 2783 1609 2807; x_wconf 95' lang='lat'><strong>,</strong></span> <span class='ocrx_word' id='word_1_329' title='bbox 1653 2759 1756 2812; x_wconf 89' lang='lat' dir='ltr'><strong>qua</strong></span> <span class='ocrx_word' id='word_1_330' title='bbox 1794 2740 1891 2795; x_wconf 79' lang='lat' dir='ltr'><strong>ho-</strong></span> 
     </span>
    </p>
   </div>
   <div class='ocr_carea' id='block_1_44' title="bbox 288 2811 1888 2885">
    <p class='ocr_par' dir='ltr' id='par_1_44' title="bbox 288 2811 1888 2885">
     <span class='ocr_line' id='line_1_45' title="bbox 288 2811 1888 2885; baseline 0.002 -21"><span class='ocrx_word' id='word_1_331' title='bbox 288 2811 469 2885; x_wconf 75' lang='lat' dir='ltr'><strong>mines</strong></span> <span class='ocrx_word' id='word_1_332' title='bbox 501 2813 685 2866; x_wconf 79' lang='lat' dir='ltr'><strong>odium</strong></span> <span class='ocrx_word' id='word_1_333' title='bbox 737 2823 785 2885; x_wconf 83' lang='lat' dir='ltr'><strong>et</strong></span> <span class='ocrx_word' id='word_1_334' title='bbox 828 2813 923 2868; x_wconf 86' lang='lat' dir='ltr'><strong>Dsi</strong></span> <span class='ocrx_word' id='word_1_335' title='bbox 979 2815 1194 2885; x_wconf 72' lang='lat' dir='ltr'><strong>iustitia:</strong></span> <span class='ocrx_word' id='word_1_336' title='bbox 1232 2823 1540 2884; x_wconf 77' lang='lat' dir='ltr'><strong>repugnant.</strong></span> <span class='ocrx_word' id='word_1_337' title='bbox 1611 2811 1702 2867; x_wconf 83' lang='lat' dir='ltr'><strong>Est</strong></span> <span class='ocrx_word' id='word_1_338' title='bbox 1751 2815 1888 2868; x_wconf 82' lang='lat' dir='ltr'><strong>enim</strong></span> 
     </span>
    </p>
   </div>
   <div class='ocr_carea' id='block_1_45' title="bbox 291 2883 1885 2956">
    <p class='ocr_par' dir='ltr' id='par_1_45' title="bbox 291 2883 1885 2956">
     <span class='ocr_line' id='line_1_46' title="bbox 291 2883 1885 2956; baseline 0.001 -20"><span class='ocrx_word' id='word_1_339' title='bbox 291 2883 566 2956; x_wconf 72' lang='lat' dir='ltr'><strong>proprium</strong></span> <span class='ocrx_word' id='word_1_340' title='bbox 615 2884 881 2956; x_wconf 78' lang='lat' dir='ltr'><strong>hominum</strong></span> <span class='ocrx_word' id='word_1_341' title='bbox 911 2883 1191 2953; x_wconf 79' lang='lat' dir='ltr'><strong>impiorum</strong></span> <span class='ocrx_word' id='word_1_342' title='bbox 1219 2894 1275 2939; x_wconf 91' lang='lat' dir='ltr'><strong>ut</strong></span> <span class='ocrx_word' id='word_1_343' title='bbox 1293 2883 1372 2940; x_wconf 86' lang='lat' dir='ltr'><strong>eis</strong></span> <span class='ocrx_word' id='word_1_344' title='bbox 1409 2901 1461 2939; x_wconf 88' lang='lat' dir='ltr'><strong>se</strong></span> <span class='ocrx_word' id='word_1_345' title='bbox 1497 2885 1790 2956; x_wconf 86' lang='lat' dir='ltr'><strong>adjungant</strong></span> <span class='ocrx_word' id='word_1_346' title='bbox 1835 2893 1885 2939; x_wconf 92' lang='lat' dir='ltr'><strong>et</strong></span> 
     </span>
    </p>
   </div>
   <div class='ocr_carea' id='block_1_46' title="bbox 289 2954 1886 3082">
    <p class='ocr_par' dir='ltr' id='par_1_46' title="bbox 289 2954 1886 3082">
     <span class='ocr_line' id='line_1_47' title="bbox 289 2954 1886 3082; baseline 0.001 -74"><span class='ocrx_word' id='word_1_347' title='bbox 289 2954 571 3027; x_wconf 80' lang='lat' dir='ltr'><strong>subjiciunt</strong></span> <span class='ocrx_word' id='word_1_348' title='bbox 625 2954 694 3008; x_wconf 90' lang='lat' dir='ltr'><strong>ad</strong></span> <span class='ocrx_word' id='word_1_349' title='bbox 715 2956 988 3038; x_wconf 73' lang='lat' dir='ltr'><strong>propriam</strong></span> <span class='ocrx_word' id='word_1_350' title='bbox 1036 2956 1311 3082; x_wconf 59' lang='lat' dir='ltr'><strong>neguitiam</strong></span> <span class='ocrx_word' id='word_1_351' title='bbox 1342 2954 1717 3026; x_wconf 76' lang='lat' dir='ltr'><strong>exsequendum</strong></span> <span class='ocrx_word' id='word_1_352' title='bbox 1759 2971 1886 3020; x_wconf 88' lang='lat' dir='ltr'><strong>quos</strong></span> 
     </span>
     <span class='ocr_line' id='line_1_48' title="bbox 290 3025 1884 3082; baseline -0.001 0"><span class='ocrx_word' id='word_1_353' title='bbox 290 3026 604 3082; x_wconf 68' lang='lat' dir='ltr'><strong>potentiores</strong></span> <span class='ocrx_word' id='word_1_354' title='bbox 631 3025 821 3080; x_wconf 69' lang='lat' dir='ltr'><strong>uiribus</strong></span> <span class='ocrx_word' id='word_1_355' title='bbox 849 3027 1042 3080; x_wconf 83' lang='lat' dir='ltr'><strong>vident.</strong></span> <span class='ocrx_word' id='word_1_356' title='bbox 1134 3036 1150 3081; x_wconf 89' lang='lat' dir='ltr'><strong>t</strong></span> <span class='ocrx_word' id='word_1_357' title='bbox 1181 3028 1233 3081; x_wconf 92' lang='lat' dir='ltr'><strong>in</strong></span> <span class='ocrx_word' id='word_1_358' title='bbox 1262 3041 1509 3082; x_wconf 81' lang='lat' dir='ltr'><strong>resnons.</strong></span> <span class='ocrx_word' id='word_1_359' title='bbox 1551 3028 1614 3081; x_wconf 85' lang='lat' dir='ltr'><strong>ad</strong></span> <span class='ocrx_word' id='word_1_360' title='bbox 1668 3027 1884 3082; x_wconf 87' lang='lat' dir='ltr'><strong>tertium</strong></span> 
     </span>
    </p>
   </div>
   <div class='ocr_carea' id='block_1_47' title="bbox 289 3025 1884 3097">
    <p class='ocr_par' dir='ltr' id='par_1_47' title="bbox 289 3025 1884 3097">
     <span class='ocr_line' id='line_1_49' title="bbox 289 3025 1884 3097; baseline 0.002 -19"><span class='ocrx_word' id='word_1_361' title='bbox 289 3025 604 3095; x_wconf 75' lang='lat' dir='ltr'><strong>potentiores</strong></span> <span class='ocrx_word' id='word_1_362' title='bbox 631 3025 826 3097; x_wconf 69' lang='lat' dir='ltr'><strong>uiribus</strong></span> <span class='ocrx_word' id='word_1_363' title='bbox 849 3027 1042 3080; x_wconf 83' lang='lat' dir='ltr'><strong>vident.</strong></span> <span class='ocrx_word' id='word_1_364' title='bbox 1083 3025 1150 3082; x_wconf 84' lang='lat' dir='ltr'><strong>Et</strong></span> <span class='ocrx_word' id='word_1_365' title='bbox 1181 3028 1233 3081; x_wconf 92' lang='lat' dir='ltr'><strong>in</strong></span> <span class='ocrx_word' id='word_1_366' title='bbox 1262 3041 1509 3097; x_wconf 81' lang='lat' dir='ltr'><strong>respons.</strong></span> <span class='ocrx_word' id='word_1_367' title='bbox 1551 3028 1614 3081; x_wconf 85' lang='lat' dir='ltr'><strong>ad</strong></span> <span class='ocrx_word' id='word_1_368' title='bbox 1668 3027 1884 3082; x_wconf 87' lang='lat' dir='ltr'><strong>tertium</strong></span> 
     </span>
    </p>
   </div>
   <div class='ocr_carea' id='block_1_48' title="bbox 289 3096 1886 3168">
    <p class='ocr_par' dir='ltr' id='par_1_48' title="bbox 289 3096 1886 3168">
     <span class='ocr_line' id='line_1_50' title="bbox 289 3096 1886 3168; baseline 0.003 -18"><span class='ocrx_word' id='word_1_369' title='bbox 289 3105 676 3168; x_wconf 84' lang='lat' dir='ltr'><strong>argumentum</strong></span> <span class='ocrx_word' id='word_1_370' title='bbox 729 3114 742 3151; x_wconf 87' lang='lat'><strong>:</strong></span> <span class='ocrx_word' id='word_1_371' title='bbox 801 3096 1105 3164; x_wconf 70' lang='lat' dir='ltr'><strong>Daemones,</strong></span> <span class='ocrx_word' id='word_1_372' title='bbox 1149 3098 1356 3168; x_wconf 86' lang='lat' dir='ltr'><strong>inquit,</strong></span> <span class='ocrx_word' id='word_1_373' title='bbox 1389 3115 1494 3152; x_wconf 86' lang='lat' dir='ltr'><strong>non</strong></span> <span class='ocrx_word' id='word_1_374' title='bbox 1521 3108 1640 3153; x_wconf 87' lang='lat' dir='ltr'><strong>sunt</strong></span> <span class='ocrx_word' id='word_1_375' title='bbox 1666 3101 1886 3166; x_wconf 71' lang='lat' dir='ltr'><strong>cquales</strong></span> 
     </span>
    </p>
   </div>
   <div class='ocr_carea' id='block_1_49' title="bbox 289 3167 1880 3243">
    <p class='ocr_par' dir='ltr' id='par_1_49' title="bbox 289 3167 1880 3243">
     <span class='ocr_line' id='line_1_51' title="bbox 289 3167 1880 3243; baseline 0.001 -22"><span class='ocrx_word' id='word_1_376' title='bbox 289 3167 575 3243; x_wconf 78' lang='lat' dir='ltr'><strong>secundum</strong></span> <span class='ocrx_word' id='word_1_377' title='bbox 597 3178 874 3243; x_wconf 80' lang='lat' dir='ltr'><strong>naturam;</strong></span> <span class='ocrx_word' id='word_1_378' title='bbox 902 3171 1039 3224; x_wconf 81' lang='lat' dir='ltr'><strong>unde</strong></span> <span class='ocrx_word' id='word_1_379' title='bbox 1064 3173 1119 3224; x_wconf 79' lang='lat' dir='ltr'><strong>in</strong></span> <span class='ocrx_word' id='word_1_380' title='bbox 1139 3170 1212 3243; x_wconf 81' lang='lat' dir='ltr'><strong>eis</strong></span> <span class='ocrx_word' id='word_1_381' title='bbox 1226 3167 1308 3224; x_wconf 67' lang='lat' dir='ltr'><strong>est</strong></span> <span class='ocrx_word' id='word_1_382' title='bbox 1327 3171 1586 3243; x_wconf 82' lang='lat' dir='ltr'><strong>naturalis</strong></span> <span class='ocrx_word' id='word_1_383' title='bbox 1617 3169 1880 3243; x_wconf 66' lang='lat' dir='ltr'><strong>praelatio,</strong></span> 
     </span>
    </p>
   </div>
   <div class='ocr_carea' id='block_1_50' title="bbox 289 3237 1882 3312">
    <p class='ocr_par' dir='ltr' id='par_1_50' title="bbox 289 3237 1882 3312">
     <span class='ocr_line' id='line_1_52' title="bbox 289 3237 1882 3312; baseline 0.001 -19"><span class='ocrx_word' id='word_1_384' title='bbox 289 3238 494 3312; x_wconf 78' lang='lat' dir='ltr'><strong>quodin</strong></span> <span class='ocrx_word' id='word_1_385' title='bbox 514 3237 810 3298; x_wconf 82' lang='lat' dir='ltr'><strong>hominibus</strong></span> <span class='ocrx_word' id='word_1_386' title='bbox 829 3256 931 3294; x_wconf 89' lang='lat' dir='ltr'><strong>non</strong></span> <span class='ocrx_word' id='word_1_387' title='bbox 953 3240 1220 3312; x_wconf 85' lang='lat' dir='ltr'><strong>contingit,</strong></span> <span class='ocrx_word' id='word_1_388' title='bbox 1249 3241 1336 3310; x_wconf 86' lang='lat' dir='ltr'><strong>qui</strong></span> <span class='ocrx_word' id='word_1_389' title='bbox 1359 3253 1546 3296; x_wconf 85' lang='lat' dir='ltr'><strong>natura</strong></span> <span class='ocrx_word' id='word_1_390' title='bbox 1572 3237 1690 3294; x_wconf 76' lang='lat' dir='ltr'><strong>sunt</strong></span> <span class='ocrx_word' id='word_1_391' title='bbox 1713 3257 1882 3311; x_wconf 87' lang='lat' dir='ltr'><strong>pares.</strong></span> 
     </span>
    </p>
   </div>
   <div class='ocr_carea' id='block_1_51' title="bbox 296 3309 1882 3379">
    <p class='ocr_par' dir='ltr' id='par_1_51' title="bbox 296 3309 1882 3379">
     <span class='ocr_line' id='line_1_53' title="bbox 296 3309 1882 3379; baseline 0.002 -18"><span class='ocrx_word' id='word_1_392' title='bbox 296 3309 449 3376; x_wconf 79' lang='lat' dir='ltr'><strong>Quod</strong></span> <span class='ocrx_word' id='word_1_393' title='bbox 479 3319 652 3364; x_wconf 87' lang='lat' dir='ltr'><strong>autem</strong></span> <span class='ocrx_word' id='word_1_394' title='bbox 711 3312 1063 3379; x_wconf 85' lang='lat' dir='ltr'><strong>superioribus</strong></span> <span class='ocrx_word' id='word_1_395' title='bbox 1107 3309 1382 3378; x_wconf 77' lang='lat' dir='ltr'><strong>inferiores</strong></span> <span class='ocrx_word' id='word_1_396' title='bbox 1425 3309 1746 3378; x_wconf 78' lang='lat' dir='ltr'><strong>subdantur,</strong></span> <span class='ocrx_word' id='word_1_397' title='bbox 1776 3328 1882 3365; x_wconf 82' lang='lat' dir='ltr'><strong>non</strong></span> 
     </span>
    </p>
   </div>
   <div class='ocr_carea' id='block_1_52' title="bbox 288 3381 1882 3450">
    <p class='ocr_par' dir='ltr' id='par_1_52' title="bbox 288 3381 1882 3450">
     <span class='ocr_line' id='line_1_54' title="bbox 288 3381 1882 3450; baseline 0.003 -18"><span class='ocrx_word' id='word_1_398' title='bbox 288 3388 365 3432; x_wconf 88' lang='lat' dir='ltr'><strong>est</strong></span> <span class='ocrx_word' id='word_1_399' title='bbox 395 3381 464 3433; x_wconf 87' lang='lat' dir='ltr'><strong>ad</strong></span> <span class='ocrx_word' id='word_1_400' title='bbox 513 3382 703 3436; x_wconf 83' lang='lat' dir='ltr'><strong>bonum</strong></span> <span class='ocrx_word' id='word_1_401' title='bbox 721 3385 1070 3448; x_wconf 83' lang='lat' dir='ltr'><strong>superiorum,</strong></span> <span class='ocrx_word' id='word_1_402' title='bbox 1092 3383 1183 3438; x_wconf 89' lang='lat' dir='ltr'><strong>sed</strong></span> <span class='ocrx_word' id='word_1_403' title='bbox 1201 3384 1364 3450; x_wconf 84' lang='lat' dir='ltr'><strong>magis</strong></span> <span class='ocrx_word' id='word_1_404' title='bbox 1378 3385 1445 3437; x_wconf 81' lang='lat' dir='ltr'><strong>ad</strong></span> <span class='ocrx_word' id='word_1_405' title='bbox 1459 3384 1653 3437; x_wconf 82' lang='lat' dir='ltr'><strong>malum</strong></span> <span class='ocrx_word' id='word_1_406' title='bbox 1680 3398 1882 3449; x_wconf 84' lang='lat' dir='ltr'><strong>eorum;</strong></span> 
     </span>
    </p>
   </div>
   <div class='ocr_carea' id='block_1_53' title="bbox 290 3453 1881 3524">
    <p class='ocr_par' dir='ltr' id='par_1_53' title="bbox 290 3453 1881 3524">
     <span class='ocr_line' id='line_1_55' title="bbox 290 3453 1881 3524; baseline 0.003 -20"><span class='ocrx_word' id='word_1_407' title='bbox 290 3453 414 3516; x_wconf 76' lang='lat' dir='ltr'><strong>quia</strong></span> <span class='ocrx_word' id='word_1_408' title='bbox 434 3467 556 3524; x_wconf 79' lang='lat' dir='ltr'><strong>cum</strong></span> <span class='ocrx_word' id='word_1_409' title='bbox 597 3455 740 3508; x_wconf 83' lang='lat' dir='ltr'><strong>mala</strong></span> <span class='ocrx_word' id='word_1_410' title='bbox 782 3454 950 3524; x_wconf 76' lang='lat' dir='ltr'><strong>facere</strong></span> <span class='ocrx_word' id='word_1_411' title='bbox 973 3456 1200 3510; x_wconf 73' lang='lat' dir='ltr'><strong>maxime</strong></span> <span class='ocrx_word' id='word_1_412' title='bbox 1225 3455 1292 3508; x_wconf 87' lang='lat' dir='ltr'><strong>ad</strong></span> <span class='ocrx_word' id='word_1_413' title='bbox 1315 3455 1568 3509; x_wconf 88' lang='lat' dir='ltr'><strong>miseriam</strong></span> <span class='ocrx_word' id='word_1_414' title='bbox 1597 3456 1881 3524; x_wconf 84' lang='lat' dir='ltr'><strong>pertineat,</strong></span> 
     </span>
    </p>
   </div>
   <div class='ocr_carea' id='block_1_54' title="bbox 290 3522 1886 3600">
    <p class='ocr_par' dir='ltr' id='par_1_54' title="bbox 290 3522 1886 3600">
     <span class='ocr_line' id='line_1_56' title="bbox 290 3522 1886 3600; baseline 0.003 -25"><span class='ocrx_word' id='word_1_415' title='bbox 290 3537 522 3600; x_wconf 63' lang='lat' dir='ltr'><strong>praeesse</strong></span> <span class='ocrx_word' id='word_1_416' title='bbox 537 3522 592 3578; x_wconf 85' lang='lat' dir='ltr'><strong>in</strong></span> <span class='ocrx_word' id='word_1_417' title='bbox 619 3522 875 3600; x_wconf 48' lang='lat' dir='ltr'><strong>malis&#39;est</strong></span> <span class='ocrx_word' id='word_1_418' title='bbox 894 3529 1183 3600; x_wconf 80' lang='lat' dir='ltr'><strong>essemagis</strong></span> <span class='ocrx_word' id='word_1_419' title='bbox 1205 3526 1464 3600; x_wconf 81' lang='lat' dir='ltr'><strong>miserum.</strong></span> <span class='ocrx_word' id='word_1_420' title='bbox 1501 3522 1624 3600; x_wconf 57' lang='lat' dir='ltr'><strong>Haec</strong></span> <span class='ocrx_word' id='word_1_421' title='bbox 1652 3524 1709 3581; x_wconf 92' lang='lat' dir='ltr'><strong>S.</strong></span> <span class='ocrx_word' id='word_1_422' title='bbox 1741 3522 1886 3580; x_wconf 86' lang='lat' dir='ltr'><strong>Tho-</strong></span> 
     </span>
    </p>
   </div>
   <div class='ocr_carea' id='block_1_55' title="bbox 292 3593 1886 3666">
    <p class='ocr_par' dir='ltr' id='par_1_55' title="bbox 292 3593 1886 3666">
     <span class='ocr_line' id='line_1_57' title="bbox 292 3593 1886 3666; baseline 0.002 -20"><span class='ocrx_word' id='word_1_423' title='bbox 292 3607 428 3666; x_wconf 81' lang='lat' dir='ltr'><strong>mas.</strong></span> <span class='ocrx_word' id='word_1_424' title='bbox 481 3593 560 3648; x_wconf 88' lang='lat' dir='ltr'><strong>Ex</strong></span> <span class='ocrx_word' id='word_1_425' title='bbox 612 3593 809 3666; x_wconf 80' lang='lat' dir='ltr'><strong>quibus</strong></span> <span class='ocrx_word' id='word_1_426' title='bbox 865 3593 1215 3665; x_wconf 75' lang='lat' dir='ltr'><strong>intelligimus</strong></span> <span class='ocrx_word' id='word_1_427' title='bbox 1261 3595 1314 3651; x_wconf 86' lang='lat' dir='ltr'><strong>in</strong></span> <span class='ocrx_word' id='word_1_428' title='bbox 1374 3595 1711 3651; x_wconf 71' lang='lat' dir='ltr'><strong>dmmonibus</strong></span> <span class='ocrx_word' id='word_1_429' title='bbox 1765 3610 1886 3650; x_wconf 89' lang='lat' dir='ltr'><strong>esse</strong></span> 
     </span>
    </p>
   </div>
   <div class='ocr_carea' id='block_1_56' title="bbox 291 3664 1884 3737">
    <p class='ocr_par' dir='ltr' id='par_1_56' title="bbox 291 3664 1884 3737">
     <span class='ocr_line' id='line_1_58' title="bbox 291 3664 1884 3737; baseline 0.003 -20"><span class='ocrx_word' id='word_1_430' title='bbox 291 3665 497 3737; x_wconf 79' lang='lat' dir='ltr'><strong>gradus</strong></span> <span class='ocrx_word' id='word_1_431' title='bbox 527 3664 805 3733; x_wconf 89' lang='lat' dir='ltr'><strong>ordinum,</strong></span> <span class='ocrx_word' id='word_1_432' title='bbox 837 3682 945 3722; x_wconf 90' lang='lat' dir='ltr'><strong>non</strong></span> <span class='ocrx_word' id='word_1_433' title='bbox 978 3664 1187 3723; x_wconf 85' lang='lat' dir='ltr'><strong>ratione</strong></span> <span class='ocrx_word' id='word_1_434' title='bbox 1216 3666 1402 3737; x_wconf 75' lang='lat' dir='ltr'><strong>gratim</strong></span> <span class='ocrx_word' id='word_1_435' title='bbox 1429 3680 1515 3723; x_wconf 88' lang='lat' dir='ltr'><strong>aut</strong></span> <span class='ocrx_word' id='word_1_436' title='bbox 1548 3668 1755 3737; x_wconf 64' lang='lat' dir='ltr'><strong>gloria,</strong></span> <span class='ocrx_word' id='word_1_437' title='bbox 1787 3667 1884 3722; x_wconf 88' lang='lat' dir='ltr'><strong>sed</strong></span> 
     </span>
    </p>
   </div>
   <div class='ocr_carea' id='block_1_57' title="bbox 292 3734 1885 3809">
    <p class='ocr_par' dir='ltr' id='par_1_57' title="bbox 292 3734 1885 3809">
     <span class='ocr_line' id='line_1_59' title="bbox 292 3734 1885 3809; baseline 0.004 -21"><span class='ocrx_word' id='word_1_438' title='bbox 292 3734 504 3809; x_wconf 75' lang='lat' dir='ltr'><strong>ratione</strong></span> <span class='ocrx_word' id='word_1_439' title='bbox 543 3743 751 3809; x_wconf 62' lang='lat' dir='ltr'><strong>natura</strong></span> <span class='ocrx_word' id='word_1_440' title='bbox 795 3754 808 3794; x_wconf 85' lang='lat'><strong>:</strong></span> <span class='ocrx_word' id='word_1_441' title='bbox 844 3737 1072 3806; x_wconf 86' lang='lat' dir='ltr'><strong>proinde</strong></span> <span class='ocrx_word' id='word_1_442' title='bbox 1098 3734 1241 3795; x_wconf 69' lang='lat' dir='ltr'><strong>alioi</strong></span> <span class='ocrx_word' id='word_1_443' title='bbox 1265 3734 1580 3809; x_wconf 77' lang='lat' dir='ltr'><strong>superiores</strong></span> <span class='ocrx_word' id='word_1_444' title='bbox 1599 3779 1614 3803; x_wconf 91' lang='lat'><strong>,</strong></span> <span class='ocrx_word' id='word_1_445' title='bbox 1639 3738 1774 3796; x_wconf 88' lang='lat' dir='ltr'><strong>alios</strong></span> <span class='ocrx_word' id='word_1_446' title='bbox 1803 3739 1885 3794; x_wconf 80' lang='lat' dir='ltr'><strong>in-</strong></span> 
     </span>
    </p>
   </div>
   <div class='ocr_carea' id='block_1_58' title="bbox 294 3805 1886 3880">
    <p class='ocr_par' dir='ltr' id='par_1_58' title="bbox 294 3805 1886 3880">
     <span class='ocr_line' id='line_1_60' title="bbox 294 3805 1886 3880; baseline 0.004 -22"><span class='ocrx_word' id='word_1_447' title='bbox 294 3805 550 3880; x_wconf 76' lang='lat' dir='ltr'><strong>feriet-es,</strong></span> <span class='ocrx_word' id='word_1_448' title='bbox 575 3807 715 3880; x_wconf 61' lang='lat' dir='ltr'><strong>plina</strong></span> <span class='ocrx_word' id='word_1_449' title='bbox 746 3805 980 3880; x_wconf 62' lang='lat' dir='ltr'><strong>praeesse</strong></span> <span class='ocrx_word' id='word_1_450' title='bbox 1009 3819 1064 3880; x_wconf 77' lang='lat' dir='ltr'><strong>et</strong></span> <span class='ocrx_word' id='word_1_451' title='bbox 1093 3805 1392 3875; x_wconf 76' lang='lat' dir='ltr'><strong>dominari,</strong></span> <span class='ocrx_word' id='word_1_452' title='bbox 1422 3812 1558 3867; x_wconf 89' lang='lat' dir='ltr'><strong>alios</strong></span> <span class='ocrx_word' id='word_1_453' title='bbox 1585 3809 1808 3880; x_wconf 81' lang='lat' dir='ltr'><strong>subesse</strong></span> <span class='ocrx_word' id='word_1_454' title='bbox 1831 3818 1886 3864; x_wconf 91' lang='lat' dir='ltr'><strong>et</strong></span> 
     </span>
    </p>
   </div>
   <div class='ocr_carea' id='block_1_59' title="bbox 292 3876 1885 3950">
    <p class='ocr_par' dir='ltr' id='par_1_59' title="bbox 292 3876 1885 3950">
     <span class='ocr_line' id='line_1_61' title="bbox 292 3876 1885 3950; baseline 0.003 -19"><span class='ocrx_word' id='word_1_455' title='bbox 292 3876 762 3950; x_wconf 62' lang='lat' dir='ltr'><strong>obedire.Quem&#39;</strong></span> <span class='ocrx_word' id='word_1_456' title='bbox 778 3880 920 3935; x_wconf 90' lang='lat' dir='ltr'><strong>enim</strong></span> <span class='ocrx_word' id='word_1_457' title='bbox 943 3879 1188 3935; x_wconf 88' lang='lat' dir='ltr'><strong>ordinem</strong></span> <span class='ocrx_word' id='word_1_458' title='bbox 1225 3881 1338 3935; x_wconf 87' lang='lat' dir='ltr'><strong>sive</strong></span> <span class='ocrx_word' id='word_1_459' title='bbox 1355 3889 1586 3945; x_wconf 77' lang='lat' dir='ltr'><strong>naturm,</strong></span> <span class='ocrx_word' id='word_1_460' title='bbox 1610 3878 1726 3935; x_wconf 80' lang='lat' dir='ltr'><strong>sive</strong></span> <span class='ocrx_word' id='word_1_461' title='bbox 1746 3895 1885 3950; x_wconf 70' lang='lat' dir='ltr'><strong>prm-</strong></span> 
     </span>
    </p>
   </div>
   <div class='ocr_carea' id='block_1_60' title="bbox 293 3949 1881 4024">
    <p class='ocr_par' dir='ltr' id='par_1_60' title="bbox 293 3949 1881 4024">
     <span class='ocr_line' id='line_1_62' title="bbox 293 3949 1881 4024; baseline 0.001 -20"><span class='ocrx_word' id='word_1_462' title='bbox 293 3949 606 4024; x_wconf 68' lang='lat' dir='ltr'><strong>eminentiae</strong></span> <span class='ocrx_word' id='word_1_463' title='bbox 636 3958 693 4007; x_wconf 93' lang='lat' dir='ltr'><strong>et</strong></span> <span class='ocrx_word' id='word_1_464' title='bbox 721 3951 1118 4024; x_wconf 88' lang='lat' dir='ltr'><strong>superioritatis</strong></span> <span class='ocrx_word' id='word_1_465' title='bbox 1143 3963 1272 4008; x_wconf 88' lang='lat' dir='ltr'><strong>ante</strong></span> <span class='ocrx_word' id='word_1_466' title='bbox 1301 3951 1509 4022; x_wconf 87' lang='lat' dir='ltr'><strong>lapsum</strong></span> <span class='ocrx_word' id='word_1_467' title='bbox 1541 3949 1845 4024; x_wconf 69' lang='lat' dir='ltr'><strong>liabuerunt</strong></span> <span class='ocrx_word' id='word_1_468' title='bbox 1866 3992 1881 4017; x_wconf 93' lang='lat'><strong>,</strong></span> 
     </span>
    </p>
   </div>
   <div class='ocr_carea' id='block_1_61' title="bbox 293 4021 1888 4092">
    <p class='ocr_par' dir='ltr' id='par_1_61' title="bbox 293 4021 1888 4092">
     <span class='ocr_line' id='line_1_63' title="bbox 293 4021 1888 4092; baseline 0.003 -18"><span class='ocrx_word' id='word_1_469' title='bbox 293 4021 548 4076; x_wconf 82' lang='lat' dir='ltr'><strong>eumdem</strong></span> <span class='ocrx_word' id='word_1_470' title='bbox 576 4032 632 4077; x_wconf 86' lang='lat' dir='ltr'><strong>et</strong></span> <span class='ocrx_word' id='word_1_471' title='bbox 656 4021 1012 4092; x_wconf 56' lang='lat' dir='ltr'><strong>poat&#39;lapsum</strong></span> <span class='ocrx_word' id='word_1_472' title='bbox 1044 4024 1312 4090; x_wconf 84' lang='lat' dir='ltr'><strong>retinent,</strong></span> <span class='ocrx_word' id='word_1_473' title='bbox 1360 4021 1624 4079; x_wconf 82' lang='lat' dir='ltr'><strong>naturalia</strong></span> <span class='ocrx_word' id='word_1_474' title='bbox 1666 4023 1804 4078; x_wconf 85' lang='lat' dir='ltr'><strong>enim</strong></span> <span class='ocrx_word' id='word_1_475' title='bbox 1832 4026 1888 4078; x_wconf 88' lang='lat' dir='ltr'><strong>in</strong></span> 
     </span>
    </p>
   </div>
   <div class='ocr_carea' id='block_1_62' title="bbox 293 4092 1887 4164">
    <p class='ocr_par' dir='ltr' id='par_1_62' title="bbox 293 4092 1887 4164">
     <span class='ocr_line' id='line_1_64' title="bbox 293 4092 1887 4164; baseline 0.003 -20"><span class='ocrx_word' id='word_1_476' title='bbox 293 4092 616 4146; x_wconf 74' lang='lat' dir='ltr'><strong>dwmonibus</strong></span> <span class='ocrx_word' id='word_1_477' title='bbox 663 4095 866 4164; x_wconf 86' lang='lat' dir='ltr'><strong>integra</strong></span> <span class='ocrx_word' id='word_1_478' title='bbox 912 4105 1340 4164; x_wconf 86' lang='lat' dir='ltr'><strong>permanserunt,</strong></span> <span class='ocrx_word' id='word_1_479' title='bbox 1384 4094 1459 4150; x_wconf 87' lang='lat' dir='ltr'><strong>ait</strong></span> <span class='ocrx_word' id='word_1_480' title='bbox 1493 4095 1552 4149; x_wconf 85' lang='grc' dir='ltr'><strong>Β.</strong></span> <span class='ocrx_word' id='word_1_481' title='bbox 1596 4095 1887 4164; x_wconf 78' lang='lat' dir='ltr'><strong>Dionysius</strong></span> 
     </span>
    </p>
   </div>
   <div class='ocr_carea' id='block_1_63' title="bbox 295 4163 1887 4236">
    <p class='ocr_par' dir='ltr' id='par_1_63' title="bbox 295 4163 1887 4236">
     <span class='ocr_line' id='line_1_65' title="bbox 295 4163 1887 4236; baseline 0.003 -21"><span class='ocrx_word' id='word_1_482' title='bbox 295 4165 332 4215; x_wconf 77' lang='grc' dir='ltr'><strong>Α</strong></span> <span class='ocrx_word' id='word_1_483' title='bbox 343 4165 618 4236; x_wconf 80' lang='lat' dir='ltr'><strong>reopagita</strong></span> <span class='ocrx_word' id='word_1_484' title='bbox 641 4164 660 4236; x_wconf 94' lang='lat'>(</span> <span class='ocrx_word' id='word_1_485' title='bbox 670 4165 744 4218; x_wconf 81' lang='lat' dir='ltr'><strong>De</strong></span> <span class='ocrx_word' id='word_1_486' title='bbox 762 4163 963 4218; x_wconf 85' lang='lat' dir='ltr'><strong>Divinis</strong></span> <span class='ocrx_word' id='word_1_487' title='bbox 980 4165 1027 4219; x_wconf 87' lang='grc' dir='ltr'><em>Ν</em></span> <span class='ocrx_word' id='word_1_488' title='bbox 1036 4165 1289 4220; x_wconf 87' lang='lat' dir='ltr'><strong>ominibus</strong></span> <span class='ocrx_word' id='word_1_489' title='bbox 1303 4182 1351 4219; x_wconf 88' lang='lat' dir='ltr'><strong>c.</strong></span> <span class='ocrx_word' id='word_1_490' title='bbox 1367 4165 1650 4235; x_wconf 67' lang='lat' dir='ltr'><strong>b).Verutn</strong></span> <span class='ocrx_word' id='word_1_491' title='bbox 1680 4163 1745 4220; x_wconf 79' lang='lat' dir='ltr'><strong>ut</strong></span> <span class='ocrx_word' id='word_1_492' title='bbox 1759 4163 1887 4220; x_wconf 90' lang='lat' dir='ltr'><strong>boni</strong></span> 
     </span>
    </p>
   </div>
   <div class='ocr_carea' id='block_1_64' title="bbox 293 4233 1884 4306">
    <p class='ocr_par' dir='ltr' id='par_1_64' title="bbox 293 4233 1884 4306">
     <span class='ocr_line' id='line_1_66' title="bbox 293 4233 1884 4306; baseline 0.004 -20"><span class='ocrx_word' id='word_1_493' title='bbox 293 4233 472 4304; x_wconf 87' lang='lat' dir='ltr'><strong>angeli</strong></span> <span class='ocrx_word' id='word_1_494' title='bbox 517 4233 632 4306; x_wconf 72' lang='lat' dir='ltr'><strong>auis</strong></span> <span class='ocrx_word' id='word_1_495' title='bbox 652 4233 1047 4306; x_wconf 78' lang='lat' dir='ltr'><strong>superioribus</strong></span> <span class='ocrx_word' id='word_1_496' title='bbox 1072 4245 1265 4306; x_wconf 87' lang='lat' dir='ltr'><strong>sponte</strong></span> <span class='ocrx_word' id='word_1_497' title='bbox 1293 4246 1348 4292; x_wconf 91' lang='lat' dir='ltr'><strong>et</strong></span> <span class='ocrx_word' id='word_1_498' title='bbox 1389 4233 1642 4292; x_wconf 81' lang='lat' dir='ltr'><strong>alacriter</strong></span> <span class='ocrx_word' id='word_1_499' title='bbox 1672 4236 1884 4292; x_wconf 86' lang='lat' dir='ltr'><strong>obtem-</strong></span> 
     </span>
    </p>
   </div>
   <div class='ocr_carea' id='block_1_65' title="bbox 295 4305 1888 4376">
    <p class='ocr_par' dir='ltr' id='par_1_65' title="bbox 295 4305 1888 4376">
     <span class='ocr_line' id='line_1_67' title="bbox 295 4305 1888 4376; baseline 0.006 -21"><span class='ocrx_word' id='word_1_500' title='bbox 295 4316 487 4376; x_wconf 82' lang='lat' dir='ltr'><strong>perant</strong></span> <span class='ocrx_word' id='word_1_501' title='bbox 513 4345 530 4372; x_wconf 91' lang='lat'><strong>,</strong></span> <span class='ocrx_word' id='word_1_502' title='bbox 577 4305 657 4361; x_wconf 88' lang='lat' dir='ltr'><strong>sic</strong></span> <span class='ocrx_word' id='word_1_503' title='bbox 686 4321 716 4362; x_wconf 92' lang='lat' dir='ltr'><strong>e</strong></span> <span class='ocrx_word' id='word_1_504' title='bbox 746 4305 1028 4362; x_wconf 85' lang='lat' dir='ltr'><strong>contrario</strong></span> <span class='ocrx_word' id='word_1_505' title='bbox 1053 4305 1463 4363; x_wconf 68' lang='lat' dir='ltr'><strong>cacodazmones</strong></span> <span class='ocrx_word' id='word_1_506' title='bbox 1510 4307 1888 4376; x_wconf 84' lang='lat' dir='ltr'><strong>superioribus</strong></span> 
     </span>
    </p>
   </div>
   <div class='ocr_carea' id='block_1_66' title="bbox 294 4374 1888 4446">
    <p class='ocr_par' dir='ltr' id='par_1_66' title="bbox 294 4374 1888 4446">
     <span class='ocr_line' id='line_1_68' title="bbox 294 4374 1888 4446; baseline 0.003 -19"><span class='ocrx_word' id='word_1_507' title='bbox 294 4374 506 4440; x_wconf 86' lang='lat' dir='ltr'><strong>sois,nt</strong></span> <span class='ocrx_word' id='word_1_508' title='bbox 531 4391 692 4446; x_wconf 87' lang='lat' dir='ltr'><strong>prava</strong></span> <span class='ocrx_word' id='word_1_509' title='bbox 719 4378 986 4446; x_wconf 90' lang='lat' dir='ltr'><strong>mancipia</strong></span> <span class='ocrx_word' id='word_1_510' title='bbox 1004 4378 1152 4433; x_wconf 86' lang='lat' dir='ltr'><strong>duris</strong></span> <span class='ocrx_word' id='word_1_511' title='bbox 1173 4379 1429 4443; x_wconf 88' lang='lat' dir='ltr'><strong>dominis,</strong></span> <span class='ocrx_word' id='word_1_512' title='bbox 1449 4387 1541 4434; x_wconf 90' lang='lat' dir='ltr'><strong>aut</strong></span> <span class='ocrx_word' id='word_1_513' title='bbox 1569 4374 1888 4434; x_wconf 77' lang='lat' dir='ltr'><strong>imbecillior</strong></span> 
     </span>
    </p>
   </div>
   <div class='ocr_carea' id='block_1_67' title="bbox 297 4448 1888 4576">
    <p class='ocr_par' dir='ltr' id='par_1_67' title="bbox 297 4448 1888 4576">
     <span class='ocr_line' id='line_1_69' title="bbox 297 4448 1888 4518; baseline 0.006 -21"><span class='ocrx_word' id='word_1_514' title='bbox 297 4454 562 4516; x_wconf 82' lang='lat' dir='ltr'><strong>tyrannus</strong></span> <span class='ocrx_word' id='word_1_515' title='bbox 594 4448 916 4518; x_wconf 86' lang='lat' dir='ltr'><strong>potentiori,</strong></span> <span class='ocrx_word' id='word_1_516' title='bbox 949 4463 1058 4504; x_wconf 90' lang='lat' dir='ltr'><strong>non</strong></span> <span class='ocrx_word' id='word_1_517' title='bbox 1084 4449 1186 4505; x_wconf 87' lang='lat' dir='ltr'><strong>nisi</strong></span> <span class='ocrx_word' id='word_1_518' title='bbox 1213 4449 1365 4506; x_wconf 85' lang='lat' dir='ltr'><strong>inviti</strong></span> <span class='ocrx_word' id='word_1_519' title='bbox 1413 4459 1468 4506; x_wconf 88' lang='lat' dir='ltr'><strong>et</strong></span> <span class='ocrx_word' id='word_1_520' title='bbox 1508 4451 1650 4504; x_wconf 89' lang='lat' dir='ltr'><strong>malo</strong></span> <span class='ocrx_word' id='word_1_521' title='bbox 1696 4449 1888 4506; x_wconf 89' lang='lat' dir='ltr'><strong>domiti</strong></span> 
     </span>
     <span class='ocr_line' id='line_1_70' title="bbox 297 4517 1886 4576; baseline 0.004 -7"><span class='ocrx_word' id='word_1_522' title='bbox 297 4517 696 4576; x_wconf 81' lang='lat' dir='ltr'><strong>obsequuntur.</strong></span> <span class='ocrx_word' id='word_1_523' title='bbox 726 4519 832 4576; x_wconf 82' lang='lat' dir='ltr'><strong>Sed</strong></span> <span class='ocrx_word' id='word_1_524' title='bbox 860 4519 928 4574; x_wconf 87' lang='lat' dir='ltr'><strong>de</strong></span> <span class='ocrx_word' id='word_1_525' title='bbox 954 4519 1036 4575; x_wconf 88' lang='lat' dir='ltr'><strong>bis</strong></span> <span class='ocrx_word' id='word_1_526' title='bbox 1077 4522 1309 4576; x_wconf 87' lang='lat' dir='ltr'><strong>amnlius</strong></span> <span class='ocrx_word' id='word_1_527' title='bbox 1359 4521 1652 4576; x_wconf 87' lang='lat' dir='ltr'><strong>collatione</strong></span> <span class='ocrx_word' id='word_1_528' title='bbox 1675 4528 1886 4576; x_wconf 86' lang='lat' dir='ltr'><strong>octava.</strong></span> 
     </span>
    </p>
   </div>
   <div class='ocr_carea' id='block_1_68' title="bbox 295 4520 1886 4591">
    <p class='ocr_par' dir='ltr' id='par_1_68' title="bbox 295 4520 1886 4591">
     <span class='ocr_line' id='line_1_71' title="bbox 295 4520 1886 4591; baseline 0.004 -22"><span class='ocrx_word' id='word_1_529' title='bbox 295 4520 696 4591; x_wconf 71' lang='lat' dir='ltr'><strong>obsequuntur.</strong></span> <span class='ocrx_word' id='word_1_530' title='bbox 726 4520 832 4576; x_wconf 83' lang='lat' dir='ltr'><strong>Sed</strong></span> <span class='ocrx_word' id='word_1_531' title='bbox 860 4520 928 4574; x_wconf 87' lang='lat' dir='ltr'><strong>de</strong></span> <span class='ocrx_word' id='word_1_532' title='bbox 954 4520 1036 4575; x_wconf 88' lang='lat' dir='ltr'><strong>bis</strong></span> <span class='ocrx_word' id='word_1_533' title='bbox 1077 4522 1309 4591; x_wconf 87' lang='lat' dir='ltr'><strong>amplius</strong></span> <span class='ocrx_word' id='word_1_534' title='bbox 1359 4521 1652 4576; x_wconf 87' lang='lat' dir='ltr'><strong>collatione</strong></span> <span class='ocrx_word' id='word_1_535' title='bbox 1675 4528 1886 4580; x_wconf 86' lang='lat' dir='ltr'><strong>octava.</strong></span> 
     </span>
    </p>
   </div>
   <div class='ocr_carea' id='block_1_69' title="bbox 366 4586 1888 4661">
    <p class='ocr_par' dir='ltr' id='par_1_69' title="bbox 366 4586 1888 4661">
     <span class='ocr_line' id='line_1_72' title="bbox 366 4586 1888 4661; baseline 0.003 -17"><span class='ocrx_word' id='word_1_536' title='bbox 366 4586 396 4626; x_wconf 72' lang='grc' dir='ltr'>δ</span> <span class='ocrx_word' id='word_1_537' title='bbox 422 4586 559 4661; x_wconf 83' lang='lat' dir='ltr'><strong>Sunt</strong></span> <span class='ocrx_word' id='word_1_538' title='bbox 591 4591 733 4645; x_wconf 89' lang='lat' dir='ltr'><strong>enim</strong></span> <span class='ocrx_word' id='word_1_539' title='bbox 767 4591 1014 4658; x_wconf 70' lang='lat' dir='ltr'><strong>quaedam</strong></span> <span class='ocrx_word' id='word_1_540' title='bbox 1047 4586 1310 4646; x_wconf 56' lang='lat' dir='ltr'><strong>ioca&#39;aiiis</strong></span> <span class='ocrx_word' id='word_1_541' title='bbox 1340 4593 1509 4661; x_wconf 87' lang='lat' dir='ltr'><strong>magis</strong></span> <span class='ocrx_word' id='word_1_542' title='bbox 1533 4591 1749 4660; x_wconf 85' lang='lat' dir='ltr'><strong>infesta,</strong></span> <span class='ocrx_word' id='word_1_543' title='bbox 1773 4601 1830 4647; x_wconf 85' lang='lat' dir='ltr'><strong>et</strong></span> <span class='ocrx_word' id='word_1_544' title='bbox 1857 4606 1888 4648; x_wconf 84' lang='lat' dir='ltr'><strong>tt</strong></span> 
     </span>
    </p>
   </div>
   <div class='ocr_carea' id='block_1_70' title="bbox 296 4656 1884 4734">
    <p class='ocr_par' dir='ltr' id='par_1_70' title="bbox 296 4656 1884 4734">
     <span class='ocr_line' id='line_1_73' title="bbox 296 4656 1884 4734; baseline 0.004 -23"><span class='ocrx_word' id='word_1_545' title='bbox 296 4656 941 4734; x_wconf 69' lang='lat' dir='ltr'><strong>daemonibus&quot;‘occupari</strong></span> <span class='ocrx_word' id='word_1_546' title='bbox 975 4669 1038 4717; x_wconf 88' lang='lat' dir='ltr'><strong>et</strong></span> <span class='ocrx_word' id='word_1_547' title='bbox 1081 4661 1325 4718; x_wconf 83' lang='lat' dir='ltr'><strong>infestari</strong></span> <span class='ocrx_word' id='word_1_548' title='bbox 1357 4656 1515 4718; x_wconf 75' lang='lat' dir='ltr'><strong>solita</strong></span> <span class='ocrx_word' id='word_1_549' title='bbox 1547 4681 1560 4716; x_wconf 89' lang='lat'>:</span> <span class='ocrx_word' id='word_1_550' title='bbox 1593 4656 1884 4734; x_wconf 81' lang='lat' dir='ltr'><strong>quodqui-</strong></span> 
     </span>
    </p>
   </div>
   <div class='ocr_carea' id='block_1_71' title="bbox 296 4731 1884 4803">
    <p class='ocr_par' dir='ltr' id='par_1_71' title="bbox 296 4731 1884 4803">
     <span class='ocr_line' id='line_1_74' title="bbox 296 4731 1884 4803; baseline 0.004 -20"><span class='ocrx_word' id='word_1_551' title='bbox 296 4731 421 4803; x_wconf 69' lang='lat' dir='ltr'><strong>dem</strong></span> <span class='ocrx_word' id='word_1_552' title='bbox 450 4745 560 4786; x_wconf 92' lang='lat' dir='ltr'><strong>non</strong></span> <span class='ocrx_word' id='word_1_553' title='bbox 609 4745 678 4788; x_wconf 82' lang='lat' dir='ltr'><strong>ex</strong></span> <span class='ocrx_word' id='word_1_554' title='bbox 707 4731 946 4788; x_wconf 83' lang='lat' dir='ltr'><strong>locorum</strong></span> <span class='ocrx_word' id='word_1_555' title='bbox 976 4744 1167 4788; x_wconf 89' lang='lat' dir='ltr'><strong>natura</strong></span> <span class='ocrx_word' id='word_1_556' title='bbox 1196 4745 1252 4788; x_wconf 87' lang='lat' dir='ltr'><strong>et</strong></span> <span class='ocrx_word' id='word_1_557' title='bbox 1281 4731 1624 4800; x_wconf 76' lang='lat' dir='ltr'><strong>conditione,</strong></span> <span class='ocrx_word' id='word_1_558' title='bbox 1661 4733 1756 4790; x_wconf 87' lang='lat' dir='ltr'><strong>sed</strong></span> <span class='ocrx_word' id='word_1_559' title='bbox 1786 4731 1884 4803; x_wconf 85' lang='lat' dir='ltr'><strong>pro</strong></span> 
     </span>
    </p>
   </div>
   <div class='ocr_carea' id='block_1_72' title="bbox 297 4798 1885 4875">
    <p class='ocr_par' dir='ltr' id='par_1_72' title="bbox 297 4798 1885 4875">
     <span class='ocr_line' id='line_1_75' title="bbox 297 4798 1885 4875; baseline 0.003 -19"><span class='ocrx_word' id='word_1_560' title='bbox 297 4798 397 4856; x_wconf 81' lang='lat' dir='ltr'><strong>Dei</strong></span> <span class='ocrx_word' id='word_1_561' title='bbox 424 4811 557 4875; x_wconf 81' lang='lat' dir='ltr'><strong>nutu</strong></span> <span class='ocrx_word' id='word_1_562' title='bbox 585 4803 963 4875; x_wconf 27' lang='lat' dir='ltr'><strong>ethcmouum</strong></span> <span class='ocrx_word' id='word_1_563' title='bbox 995 4803 1271 4860; x_wconf 87' lang='lat' dir='ltr'><strong>voluntate</strong></span> <span class='ocrx_word' id='word_1_564' title='bbox 1300 4807 1558 4875; x_wconf 89' lang='lat' dir='ltr'><strong>contingit</strong></span> <span class='ocrx_word' id='word_1_565' title='bbox 1586 4798 1615 4868; x_wconf 56' lang='grc'><strong>.“</strong></span> <span class='ocrx_word' id='word_1_566' title='bbox 1639 4816 1697 4861; x_wconf 90' lang='lat' dir='ltr'><strong>ut</strong></span> <span class='ocrx_word' id='word_1_567' title='bbox 1723 4798 1885 4860; x_wconf 76' lang='lat' dir='ltr'><strong>accu-</strong></span> 
     </span>
    </p>
   </div>
   <div class='ocr_carea' id='block_1_73' title="bbox 295 4872 1884 4946">
    <p class='ocr_par' dir='ltr' id='par_1_73' title="bbox 295 4872 1884 4946">
     <span class='ocr_line' id='line_1_76' title="bbox 295 4872 1884 4946; baseline 0.003 -20"><span class='ocrx_word' id='word_1_568' title='bbox 295 4882 417 4946; x_wconf 83' lang='lat' dir='ltr'><strong>rate</strong></span> <span class='ocrx_word' id='word_1_569' title='bbox 445 4872 610 4946; x_wconf 75' lang='lat' dir='ltr'><strong>docet</strong></span> <span class='ocrx_word' id='word_1_570' title='bbox 637 4874 829 4930; x_wconf 88' lang='lat' dir='ltr'><strong>Petrus</strong></span> <span class='ocrx_word' id='word_1_571' title='bbox 857 4875 1117 4946; x_wconf 68' lang='lat' dir='ltr'><strong>Tityraaus</strong></span> <span class='ocrx_word' id='word_1_572' title='bbox 1147 4877 1406 4945; x_wconf 90' lang='lat' dir='ltr'><strong>peculiari</strong></span> <span class='ocrx_word' id='word_1_573' title='bbox 1431 4872 1572 4931; x_wconf 76' lang='lat' dir='ltr'><strong>libro</strong></span> <span class='ocrx_word' id='word_1_574' title='bbox 1597 4877 1696 4932; x_wconf 87' lang='lat' dir='ltr'><strong>hac</strong></span> <span class='ocrx_word' id='word_1_575' title='bbox 1727 4879 1794 4931; x_wconf 89' lang='lat' dir='ltr'><strong>de</strong></span> <span class='ocrx_word' id='word_1_576' title='bbox 1824 4891 1884 4931; x_wconf 89' lang='lat' dir='ltr'><strong>re</strong></span> 
     </span>
    </p>
   </div>
   <div class='ocr_carea' id='block_1_74' title="bbox 297 4943 1884 5017">
    <p class='ocr_par' dir='ltr' id='par_1_74' title="bbox 297 4943 1884 5017">
     <span class='ocr_line' id='line_1_77' title="bbox 297 4943 1884 5017; baseline 0.004 -20"><span class='ocrx_word' id='word_1_577' title='bbox 297 4943 468 5017; x_wconf 83' lang='lat' dir='ltr'><strong>edito,</strong></span> <span class='ocrx_word' id='word_1_578' title='bbox 499 4943 605 5017; x_wconf 78' lang='lat' dir='ltr'><strong>ubi</strong></span> <span class='ocrx_word' id='word_1_579' title='bbox 626 4955 875 5017; x_wconf 78' lang='lat' dir='ltr'><strong>recenset</strong></span> <span class='ocrx_word' id='word_1_580' title='bbox 904 4943 1263 5017; x_wconf 30' lang='lat' dir='ltr'><strong>quinque’aut</strong></span> <span class='ocrx_word' id='word_1_581' title='bbox 1284 4961 1379 5003; x_wconf 89' lang='lat' dir='ltr'><strong>sex</strong></span> <span class='ocrx_word' id='word_1_582' title='bbox 1418 4962 1615 5016; x_wconf 79' lang='lat' dir='ltr'><strong>genera</strong></span> <span class='ocrx_word' id='word_1_583' title='bbox 1643 4951 1884 5003; x_wconf 88' lang='lat' dir='ltr'><strong>locorum</strong></span> 
     </span>
    </p>
   </div>
   <div class='ocr_carea' id='block_1_75' title="bbox 296 5014 1886 5088">
    <p class='ocr_par' dir='ltr' id='par_1_75' title="bbox 296 5014 1886 5088">
     <span class='ocr_line' id='line_1_78' title="bbox 296 5014 1886 5088; baseline 0.003 -21"><span class='ocrx_word' id='word_1_584' title='bbox 296 5015 608 5088; x_wconf 74' lang='lat' dir='ltr'><strong>huiusmodi</strong></span> <span class='ocrx_word' id='word_1_585' title='bbox 633 5014 736 5088; x_wconf 88' lang='lat' dir='ltr'><strong>(Ds</strong></span> <span class='ocrx_word' id='word_1_586' title='bbox 757 5016 908 5072; x_wconf 84' lang='lat' dir='ltr'><strong>Locis</strong></span> <span class='ocrx_word' id='word_1_587' title='bbox 923 5014 1123 5088; x_wconf 43' lang='lat' dir='ltr'><strong>infe—st.</strong></span> <span class='ocrx_word' id='word_1_588' title='bbox 1149 5035 1194 5071; x_wconf 91' lang='lat' dir='ltr'><strong>c.</strong></span> <span class='ocrx_word' id='word_1_589' title='bbox 1223 5018 1289 5073; x_wconf 73' lang='grc' dir='ltr'>η</span> <span class='ocrx_word' id='word_1_590' title='bbox 1311 5027 1358 5073; x_wconf 90' lang='lat' dir='ltr'><strong>et</strong></span> <span class='ocrx_word' id='word_1_591' title='bbox 1386 5014 1541 5088; x_wconf 64' lang='lat' dir='ltr'><strong>seq).</strong></span> <span class='ocrx_word' id='word_1_592' title='bbox 1569 5017 1748 5072; x_wconf 82' lang='lat' dir='ltr'><strong>Primo</strong></span> <span class='ocrx_word' id='word_1_593' title='bbox 1765 5018 1886 5073; x_wconf 89' lang='lat' dir='ltr'><strong>loco</strong></span> 
     </span>
    </p>
   </div>
   <div class='ocr_carea' id='block_1_76' title="bbox 295 5087 1885 5154">
    <p class='ocr_par' dir='ltr' id='par_1_76' title="bbox 295 5087 1885 5154">
     <span class='ocr_line' id='line_1_79' title="bbox 295 5087 1885 5154; baseline 0.004 -16"><span class='ocrx_word' id='word_1_594' title='bbox 295 5096 424 5139; x_wconf 88' lang='lat' dir='ltr'><strong>sunt</strong></span> <span class='ocrx_word' id='word_1_595' title='bbox 454 5087 692 5142; x_wconf 79' lang='lat' dir='ltr'><strong>desertae</strong></span> <span class='ocrx_word' id='word_1_596' title='bbox 717 5098 772 5143; x_wconf 88' lang='lat' dir='ltr'><strong>at</strong></span> <span class='ocrx_word' id='word_1_597' title='bbox 801 5087 1022 5145; x_wconf 74' lang='lat' dir='ltr'><strong>incultze</strong></span> <span class='ocrx_word' id='word_1_598' title='bbox 1053 5089 1396 5144; x_wconf 87' lang='lat' dir='ltr'><strong>solitudines.</strong></span> <span class='ocrx_word' id='word_1_599' title='bbox 1425 5087 1578 5154; x_wconf 81' lang='lat' dir='ltr'><strong>Quod</strong></span> <span class='ocrx_word' id='word_1_600' title='bbox 1613 5091 1885 5144; x_wconf 88' lang='lat' dir='ltr'><strong>insinuare</strong></span> 
     </span>
    </p>
   </div>
   <div class='ocr_carea' id='block_1_77' title="bbox 296 5155 1886 5230">
    <p class='ocr_par' dir='ltr' id='par_1_77' title="bbox 296 5155 1886 5230">
     <span class='ocr_line' id='line_1_80' title="bbox 296 5155 1886 5230; baseline 0.004 -21"><span class='ocrx_word' id='word_1_601' title='bbox 296 5155 516 5230; x_wconf 68' lang='lat' dir='ltr'><strong>videtur</strong></span> <span class='ocrx_word' id='word_1_602' title='bbox 546 5157 715 5230; x_wconf 87' lang='lat' dir='ltr'><strong>Isaias</strong></span> <span class='ocrx_word' id='word_1_603' title='bbox 746 5163 1007 5230; x_wconf 82' lang='lat' dir='ltr'><strong>propheta</strong></span> <span class='ocrx_word' id='word_1_604' title='bbox 1045 5175 1168 5229; x_wconf 88' lang='lat' dir='ltr'><strong>cap.</strong></span> <span class='ocrx_word' id='word_1_605' title='bbox 1205 5176 1364 5216; x_wconf 80' lang='lat' dir='ltr'><strong>xxxiv</strong></span> <span class='ocrx_word' id='word_1_606' title='bbox 1395 5161 1614 5229; x_wconf 89' lang='lat' dir='ltr'><strong>quando</strong></span> <span class='ocrx_word' id='word_1_607' title='bbox 1642 5162 1886 5216; x_wconf 85' lang='lat' dir='ltr'><strong>desertas</strong></span> 
     </span>
    </p>
   </div>
   <div class='ocr_carea' id='block_1_78' title="bbox 297 5225 1883 5302">
    <p class='ocr_par' dir='ltr' id='par_1_78' title="bbox 297 5225 1883 5302">
     <span class='ocr_line' id='line_1_81' title="bbox 297 5225 1883 5302; baseline 0.004 -22"><span class='ocrx_word' id='word_1_608' title='bbox 297 5225 552 5302; x_wconf 62' lang='lat' dir='ltr'><strong>Idumaeas</strong></span> <span class='ocrx_word' id='word_1_609' title='bbox 580 5225 826 5286; x_wconf 80' lang='lat' dir='ltr'><strong>civitaies</strong></span> <span class='ocrx_word' id='word_1_610' title='bbox 849 5225 1005 5285; x_wconf 61' lang='lat' dir='ltr'><strong>{locet</strong></span> <span class='ocrx_word' id='word_1_611' title='bbox 1036 5225 1242 5287; x_wconf 83' lang='lat' dir='ltr'><strong>futuras</strong></span> <span class='ocrx_word' id='word_1_612' title='bbox 1272 5225 1544 5287; x_wconf 84' lang='lat' dir='ltr'><strong>domicilia</strong></span> <span class='ocrx_word' id='word_1_613' title='bbox 1577 5232 1883 5302; x_wconf 89' lang='lat' dir='ltr'><strong>lamiarum,</strong></span> 
     </span>
    </p>
   </div>
   <div class='ocr_carea' id='block_1_79' title="bbox 297 5298 1888 5373">
    <p class='ocr_par' dir='ltr' id='par_1_79' title="bbox 297 5298 1888 5373">
     <span class='ocr_line' id='line_1_82' title="bbox 297 5298 1888 5373; baseline 0.005 -23"><span class='ocrx_word' id='word_1_614' title='bbox 297 5298 634 5373; x_wconf 65' lang='lat' dir='ltr'><strong>daemonum,</strong></span> <span class='ocrx_word' id='word_1_615' title='bbox 666 5313 1174 5373; x_wconf 85' lang='lat' dir='ltr'><strong>onocentaurorum,</strong></span> <span class='ocrx_word' id='word_1_616' title='bbox 1207 5303 1528 5373; x_wconf 88' lang='lat' dir='ltr'><strong>pilosorum.</strong></span> <span class='ocrx_word' id='word_1_617' title='bbox 1563 5303 1627 5358; x_wconf 84' lang='lat' dir='ltr'><strong>Et</strong></span> <span class='ocrx_word' id='word_1_618' title='bbox 1652 5298 1888 5358; x_wconf 74' lang='lat' dir='ltr'><strong>Joannes</strong></span> 
     </span>
    </p>
   </div>
   <div class='ocr_carea' id='block_1_80' title="bbox 296 5368 1885 5452">
    <p class='ocr_par' dir='ltr' id='par_1_80' title="bbox 296 5368 1885 5452">
     <span class='ocr_line' id='line_1_83' title="bbox 296 5368 1885 5452; baseline 0.004 -30"><span class='ocrx_word' id='word_1_619' title='bbox 296 5368 352 5452; x_wconf 75' lang='lat' dir='ltr'><strong>in</strong></span> <span class='ocrx_word' id='word_1_620' title='bbox 377 5371 710 5452; x_wconf 47' lang='lat' dir='ltr'><strong>Apocalypsi</strong></span> <span class='ocrx_word' id='word_1_621' title='bbox 730 5386 851 5442; x_wconf 89' lang='lat' dir='ltr'><strong>cap.</strong></span> <span class='ocrx_word' id='word_1_622' title='bbox 879 5388 1042 5452; x_wconf 66' lang='lat' dir='ltr'><strong>xviii,</strong></span> <span class='ocrx_word' id='word_1_623' title='bbox 1084 5368 1513 5452; x_wconf 40' lang='lat' dir='ltr'><strong>dum—desertam</strong></span> <span class='ocrx_word' id='word_1_624' title='bbox 1559 5375 1885 5452; x_wconf 71' lang='lat' dir='ltr'><strong>Babylonem</strong></span> 
     </span>
    </p>
   </div>
   <div class='ocr_carea' id='block_1_81' title="bbox 298 5439 1888 5514">
    <p class='ocr_par' dir='ltr' id='par_1_81' title="bbox 298 5439 1888 5514">
     <span class='ocr_line' id='line_1_84' title="bbox 298 5439 1888 5514; baseline 0.005 -21"><span class='ocrx_word' id='word_1_625' title='bbox 298 5439 696 5514; x_wconf 71' lang='lat' dir='ltr'><strong>habitationem</strong></span> <span class='ocrx_word' id='word_1_626' title='bbox 745 5439 904 5500; x_wconf 80' lang='lat' dir='ltr'><strong>vocat</strong></span> <span class='ocrx_word' id='word_1_627' title='bbox 955 5439 1370 5500; x_wconf 65' lang='lat' dir='ltr'><strong>(lauinonlorum.</strong></span> <span class='ocrx_word' id='word_1_628' title='bbox 1421 5445 1489 5500; x_wconf 84' lang='lat' dir='ltr'><strong>Et</strong></span> <span class='ocrx_word' id='word_1_629' title='bbox 1558 5439 1888 5514; x_wconf 80' lang='lat' dir='ltr'><strong>evangelista</strong></span> 
     </span>
    </p>
   </div>
   <div class='ocr_carea' id='block_1_82' title="bbox 297 5510 1890 5584">
    <p class='ocr_par' dir='ltr' id='par_1_82' title="bbox 297 5510 1890 5584">
     <span class='ocr_line' id='line_1_85' title="bbox 297 5510 1890 5584; baseline 0.004 -18"><span class='ocrx_word' id='word_1_630' title='bbox 297 5510 588 5567; x_wconf 67' lang='lat' dir='ltr'><strong>llatthavus</strong></span> <span class='ocrx_word' id='word_1_631' title='bbox 615 5529 734 5584; x_wconf 87' lang='lat' dir='ltr'><strong>cap.</strong></span> <span class='ocrx_word' id='word_1_632' title='bbox 789 5530 874 5580; x_wconf 83' lang='lat' dir='ltr'><strong>tv,</strong></span> <span class='ocrx_word' id='word_1_633' title='bbox 925 5516 1019 5570; x_wconf 87' lang='lat' dir='ltr'><strong>ubi</strong></span> <span class='ocrx_word' id='word_1_634' title='bbox 1051 5526 1232 5571; x_wconf 87' lang='lat' dir='ltr'><strong>narrat</strong></span> <span class='ocrx_word' id='word_1_635' title='bbox 1269 5516 1544 5571; x_wconf 84' lang='lat' dir='ltr'><strong>Christum</strong></span> <span class='ocrx_word' id='word_1_636' title='bbox 1590 5518 1644 5572; x_wconf 92' lang='lat' dir='ltr'><strong>in</strong></span> <span class='ocrx_word' id='word_1_637' title='bbox 1674 5510 1890 5574; x_wconf 74' lang='lat' dir='ltr'><strong>deserto</strong></span> 
     </span>
    </p>
   </div>
   <div class='ocr_carea' id='block_1_83' title="bbox 301 5585 1890 5662">
    <p class='ocr_par' dir='ltr' id='par_1_83' title="bbox 301 5585 1890 5662">
     <span class='ocr_line' id='line_1_86' title="bbox 301 5585 1890 5662; baseline 0.007 -29"><span class='ocrx_word' id='word_1_638' title='bbox 301 5590 635 5662; x_wconf 50' lang='lat' dir='ltr'><strong>gntatunta</strong></span> <span class='ocrx_word' id='word_1_639' title='bbox 680 5585 1106 5662; x_wconf 70' lang='lat' dir='ltr'><strong>diabolo._Quod</strong></span> <span class='ocrx_word' id='word_1_640' title='bbox 1145 5587 1453 5662; x_wconf 30' lang='lat' dir='ltr'><strong>etiamlnon</strong></span> <span class='ocrx_word' id='word_1_641' title='bbox 1501 5603 1626 5643; x_wconf 91' lang='lat' dir='ltr'><strong>raro</strong></span> <span class='ocrx_word' id='word_1_642' title='bbox 1673 5587 1890 5662; x_wconf 81' lang='lat' dir='ltr'><strong>experti</strong></span> 
     </span>
    </p>
   </div>
   <div class='ocr_carea' id='block_1_84' title="bbox 300 5650 1884 5727">
    <p class='ocr_par' dir='ltr' id='par_1_84' title="bbox 300 5650 1884 5727">
     <span class='ocr_line' id='line_1_87' title="bbox 300 5650 1884 5727; baseline 0.005 -19"><span class='ocrx_word' id='word_1_643' title='bbox 300 5650 408 5727; x_wconf 68' lang='lat' dir='ltr'><strong>$S_.</strong></span> <span class='ocrx_word' id='word_1_644' title='bbox 431 5655 796 5719; x_wconf 61' lang='lat' dir='ltr'><strong>anachoreta,</strong></span> <span class='ocrx_word' id='word_1_645' title='bbox 814 5666 871 5713; x_wconf 92' lang='lat' dir='ltr'><strong>ut</strong></span> <span class='ocrx_word' id='word_1_646' title='bbox 893 5650 1078 5713; x_wconf 46' lang='lat' dir='ltr'><strong>vid-ere</strong></span> <span class='ocrx_word' id='word_1_647' title='bbox 1099 5669 1182 5712; x_wconf 89' lang='lat' dir='ltr'><strong>est</strong></span> <span class='ocrx_word' id='word_1_648' title='bbox 1203 5658 1259 5713; x_wconf 94' lang='lat' dir='ltr'><strong>in</strong></span> <span class='ocrx_word' id='word_1_649' title='bbox 1286 5657 1403 5714; x_wconf 78' lang='lat' dir='ltr'><strong>Vita</strong></span> <span class='ocrx_word' id='word_1_650' title='bbox 1422 5659 1480 5715; x_wconf 91' lang='lat' dir='ltr'><strong>S.</strong></span> <span class='ocrx_word' id='word_1_651' title='bbox 1506 5661 1720 5714; x_wconf 80' lang='lat' dir='ltr'><strong>Antonii</strong></span> <span class='ocrx_word' id='word_1_652' title='bbox 1743 5650 1884 5727; x_wconf 76' lang='lat' dir='ltr'><strong>apud</strong></span> 
     </span>
    </p>
   </div>
   <div class='ocr_carea' id='block_1_85' title="bbox 300 5719 1888 5804">
    <p class='ocr_par' dir='ltr' id='par_1_85' title="bbox 300 5719 1888 5804">
     <span class='ocr_line' id='line_1_88' title="bbox 300 5719 1888 5804; baseline 0.007 -28"><span class='ocrx_word' id='word_1_653' title='bbox 300 5719 690 5804; x_wconf 54' lang='lat' dir='ltr'><strong>Athanasium,</strong></span> <span class='ocrx_word' id='word_1_654' title='bbox 719 5727 945 5804; x_wconf 74' lang='lat' dir='ltr'><strong>Macarii</strong></span> <span class='ocrx_word' id='word_1_655' title='bbox 963 5729 1204 5804; x_wconf 67' lang='lat' dir='ltr'><strong>Egyptii</strong></span> <span class='ocrx_word' id='word_1_656' title='bbox 1225 5730 1708 5804; x_wconf 65' lang='lat' dir='ltr'><strong>aqudl’ailadium,</strong></span> <span class='ocrx_word' id='word_1_657' title='bbox 1724 5719 1888 5804; x_wconf 67' lang='lat' dir='ltr'><strong>Pauli</strong></span> 
     </span>
    </p>
   </div>
   <div class='ocr_carea' id='block_1_86' title="bbox 298 5795 1886 5872">
    <p class='ocr_par' dir='ltr' id='par_1_86' title="bbox 298 5795 1886 5872">
     <span class='ocr_line' id='line_1_89' title="bbox 298 5795 1886 5872; baseline 0.007 -25"><span class='ocrx_word' id='word_1_658' title='bbox 298 5801 361 5847; x_wconf 84' lang='lat' dir='ltr'><strong>et</strong></span> <span class='ocrx_word' id='word_1_659' title='bbox 391 5795 682 5852; x_wconf 78' lang='lat' dir='ltr'><strong>Hilarionis</strong></span> <span class='ocrx_word' id='word_1_660' title='bbox 706 5802 846 5871; x_wconf 87' lang='lat' dir='ltr'><strong>apud</strong></span> <span class='ocrx_word' id='word_1_661' title='bbox 888 5795 1300 5872; x_wconf 38' lang='lat' dir='ltr'><strong>Hierdnvmum’.</strong></span> <span class='ocrx_word' id='word_1_662' title='bbox 1337 5801 1475 5857; x_wconf 88' lang='lat' dir='ltr'><strong>llinc</strong></span> <span class='ocrx_word' id='word_1_663' title='bbox 1521 5803 1662 5858; x_wconf 88' lang='lat' dir='ltr'><strong>idem</strong></span> <span class='ocrx_word' id='word_1_664' title='bbox 1691 5801 1886 5858; x_wconf 81' lang='lat' dir='ltr'><strong>Hiero-</strong></span> 
     </span>
    </p>
   </div>
   <div class='ocr_carea' id='block_1_87' title="bbox 301 5872 1890 5935">
    <p class='ocr_par' dir='ltr' id='par_1_87' title="bbox 301 5872 1890 5935">
     <span class='ocr_line' id='line_1_90' title="bbox 301 5872 1890 5935; baseline 0.008 -17"><span class='ocrx_word' id='word_1_665' title='bbox 301 5877 505 5935; x_wconf 79' lang='lat' dir='ltr'><strong>nymus</strong></span> <span class='ocrx_word' id='word_1_666' title='bbox 534 5882 777 5926; x_wconf 86' lang='lat' dir='ltr'><strong>eremum</strong></span> <span class='ocrx_word' id='word_1_667' title='bbox 802 5872 934 5928; x_wconf 87' lang='lat' dir='ltr'><strong>dicit</strong></span> <span class='ocrx_word' id='word_1_668' title='bbox 958 5883 1391 5930; x_wconf 68' lang='grc' dir='ltr'><strong>«μικιδιτοοοι-ιιω</strong></span> <span class='ocrx_word' id='word_1_669' title='bbox 1413 5873 1726 5931; x_wconf 86' lang='lat' dir='ltr'><strong>animalium</strong></span> <span class='ocrx_word' id='word_1_670' title='bbox 1750 5872 1890 5931; x_wconf 77' lang='lat' dir='ltr'><strong>fera-</strong></span> 
     </span>
    </p>
   </div>
   <div class='ocr_carea' id='block_1_88' title="bbox 1987 2233 3575 2312">
    <p class='ocr_par' dir='ltr' id='par_1_88' title="bbox 1987 2233 3575 2312">
     <span class='ocr_line' id='line_1_91' title="bbox 1987 2233 3575 2312; baseline -0.006 -14"><span class='ocrx_word' id='word_1_671' title='bbox 1987 2257 2131 2298; x_wconf 91' lang='lat' dir='ltr'><strong>cem.</strong></span> <span class='ocrx_word' id='word_1_672' title='bbox 2180 2239 2591 2312; x_wconf 38' lang='lat' dir='ltr'><strong>Cyriliusuvero</strong></span> <span class='ocrx_word' id='word_1_673' title='bbox 2639 2235 2711 2312; x_wconf 40' lang='lat' dir='ltr'><strong>in“</strong></span> <span class='ocrx_word' id='word_1_674' title='bbox 2730 2251 2852 2307; x_wconf 92' lang='lat' dir='ltr'><strong>cap.</strong></span> <span class='ocrx_word' id='word_1_675' title='bbox 2902 2251 3072 2312; x_wconf 74' lang='lat' dir='ltr'><strong>xxxiv</strong></span> <span class='ocrx_word' id='word_1_676' title='bbox 3107 2235 3315 2312; x_wconf 56' lang='lat' dir='ltr'><strong>lsaiee;</strong></span> <span class='ocrx_word' id='word_1_677' title='bbox 3346 2233 3575 2312; x_wconf 71' lang='lat' dir='ltr'><strong>Spiritus</strong></span> 
     </span>
    </p>
   </div>
   <div class='ocr_carea' id='block_1_89' title="bbox 1988 2306 3578 2381">
    <p class='ocr_par' dir='ltr' id='par_1_89' title="bbox 1988 2306 3578 2381">
     <span class='ocr_line' id='line_1_92' title="bbox 1988 2306 3578 2381; baseline -0.005 -14"><span class='ocrx_word' id='word_1_678' title='bbox 1988 2312 2138 2378; x_wconf 78' lang='lat' dir='ltr'><strong>mali,</strong></span> <span class='ocrx_word' id='word_1_679' title='bbox 2170 2306 2377 2381; x_wconf 75' lang='lat' dir='ltr'><strong>inquit,</strong></span> <span class='ocrx_word' id='word_1_680' title='bbox 2419 2309 2634 2381; x_wconf 83' lang='lat' dir='ltr'><strong>libenter</strong></span> <span class='ocrx_word' id='word_1_681' title='bbox 2659 2306 2900 2381; x_wconf 75' lang='lat' dir='ltr'><strong>dicuntur</strong></span> <span class='ocrx_word' id='word_1_682' title='bbox 2929 2308 2984 2362; x_wconf 87' lang='lat' dir='ltr'><strong>in</strong></span> <span class='ocrx_word' id='word_1_683' title='bbox 3016 2309 3227 2381; x_wconf 82' lang='lat' dir='ltr'><strong>desertis</strong></span> <span class='ocrx_word' id='word_1_684' title='bbox 3273 2306 3408 2381; x_wconf 72' lang='lat' dir='ltr'><strong>locis</strong></span> <span class='ocrx_word' id='word_1_685' title='bbox 3429 2306 3578 2381; x_wconf 60' lang='lat' dir='ltr'><strong>liabl—</strong></span> 
     </span>
    </p>
   </div>
   <div class='ocr_carea' id='block_1_90' title="bbox 1989 2377 3576 2452">
    <p class='ocr_par' dir='ltr' id='par_1_90' title="bbox 1989 2377 3576 2452">
     <span class='ocr_line' id='line_1_93' title="bbox 1989 2377 3576 2452; baseline -0.005 -13"><span class='ocrx_word' id='word_1_686' title='bbox 1989 2377 2131 2439; x_wconf 19' lang='lat' dir='ltr'><strong>tare.’</strong></span> <span class='ocrx_word' id='word_1_687' title='bbox 2168 2377 2420 2440; x_wconf 79' lang='lat' dir='ltr'><strong>Secundo</strong></span> <span class='ocrx_word' id='word_1_688' title='bbox 2446 2382 2566 2436; x_wconf 88' lang='lat' dir='ltr'><strong>ioca</strong></span> <span class='ocrx_word' id='word_1_689' title='bbox 2592 2380 2812 2435; x_wconf 86' lang='lat' dir='ltr'><strong>humida</strong></span> <span class='ocrx_word' id='word_1_690' title='bbox 2834 2387 2903 2452; x_wconf 77' lang='lat' dir='ltr'><strong>et</strong></span> <span class='ocrx_word' id='word_1_691' title='bbox 2944 2380 3226 2452; x_wconf 87' lang='lat' dir='ltr'><strong>paludosa.</strong></span> <span class='ocrx_word' id='word_1_692' title='bbox 3259 2377 3410 2452; x_wconf 85' lang='lat' dir='ltr'><strong>Quod</strong></span> <span class='ocrx_word' id='word_1_693' title='bbox 3442 2378 3576 2452; x_wconf 76' lang='lat' dir='ltr'><strong>insi-</strong></span> 
     </span>
    </p>
   </div>
   <div class='ocr_carea' id='block_1_91' title="bbox 1988 2447 3608 2519">
    <p class='ocr_par' dir='ltr' id='par_1_91' title="bbox 1988 2447 3608 2519">
     <span class='ocr_line' id='line_1_94' title="bbox 1988 2447 3608 2519; baseline -0.005 -9"><span class='ocrx_word' id='word_1_694' title='bbox 1988 2467 2212 2512; x_wconf 90' lang='lat' dir='ltr'><strong>nuatum</strong></span> <span class='ocrx_word' id='word_1_695' title='bbox 2255 2454 2467 2510; x_wconf 88' lang='lat' dir='ltr'><strong>videtur</strong></span> <span class='ocrx_word' id='word_1_696' title='bbox 2504 2452 2666 2509; x_wconf 81' lang='lat' dir='ltr'><strong>Luca:</strong></span> <span class='ocrx_word' id='word_1_697' title='bbox 2691 2467 2768 2517; x_wconf 82' lang='lat' dir='ltr'><strong>xl,</strong></span> <span class='ocrx_word' id='word_1_698' title='bbox 2793 2451 2887 2508; x_wconf 91' lang='lat' dir='ltr'><strong>ubi</strong></span> <span class='ocrx_word' id='word_1_699' title='bbox 2914 2447 3137 2519; x_wconf 70' lang='lat' dir='ltr'><strong>spiritus</strong></span> <span class='ocrx_word' id='word_1_700' title='bbox 3169 2448 3477 2505; x_wconf 87' lang='lat' dir='ltr'><strong>immundus</strong></span> <span class='ocrx_word' id='word_1_701' title='bbox 3503 2447 3575 2503; x_wconf 88' lang='lat' dir='ltr'><strong>ab</strong></span> <span class='ocrx_word' id='word_1_702' title='bbox 3603 2505 3608 2512; x_wconf 95' lang='lat'><em>_</em></span> 
     </span>
    </p>
   </div>
   <div class='ocr_carea' id='block_1_92' title="bbox 1988 2519 3574 2595">
    <p class='ocr_par' dir='ltr' id='par_1_92' title="bbox 1988 2519 3574 2595">
     <span class='ocr_line' id='line_1_95' title="bbox 1988 2519 3574 2595; baseline -0.005 -13"><span class='ocrx_word' id='word_1_703' title='bbox 1988 2526 2213 2584; x_wconf 88' lang='lat' dir='ltr'><strong>homine</strong></span> <span class='ocrx_word' id='word_1_704' title='bbox 2241 2526 2445 2595; x_wconf 90' lang='lat' dir='ltr'><strong>ejectus</strong></span> <span class='ocrx_word' id='word_1_705' title='bbox 2492 2525 2689 2580; x_wconf 90' lang='lat' dir='ltr'><strong>dicitur</strong></span> <span class='ocrx_word' id='word_1_706' title='bbox 2744 2524 2796 2577; x_wconf 91' lang='lat' dir='ltr'><strong>in</strong></span> <span class='ocrx_word' id='word_1_707' title='bbox 2836 2521 2975 2595; x_wconf 84' lang='lat' dir='ltr'><strong>locis</strong></span> <span class='ocrx_word' id='word_1_708' title='bbox 3007 2522 3267 2595; x_wconf 80' lang='lat' dir='ltr'><strong>aridiset</strong></span> <span class='ocrx_word' id='word_1_709' title='bbox 3297 2519 3574 2595; x_wconf 81' lang='lat' dir='ltr'><strong>inaquosis</strong></span> 
     </span>
    </p>
   </div>
   <div class='ocr_carea' id='block_1_93' title="bbox 1991 2589 3572 2672">
    <p class='ocr_par' dir='ltr' id='par_1_93' title="bbox 1991 2589 3572 2672">
     <span class='ocr_line' id='line_1_96' title="bbox 1991 2589 3572 2672; baseline -0.006 -19"><span class='ocrx_word' id='word_1_710' title='bbox 1991 2613 2097 2653; x_wconf 91' lang='lat' dir='ltr'><strong>non</strong></span> <span class='ocrx_word' id='word_1_711' title='bbox 2131 2589 2389 2672; x_wconf 63' lang='lat' dir='ltr'><strong>invejire</strong></span> <span class='ocrx_word' id='word_1_712' title='bbox 2419 2598 2680 2666; x_wconf 90' lang='lat' dir='ltr'><strong>requiem,</strong></span> <span class='ocrx_word' id='word_1_713' title='bbox 2714 2603 2768 2672; x_wconf 77' lang='lat' dir='ltr'><strong>et</strong></span> <span class='ocrx_word' id='word_1_714' title='bbox 2800 2594 2998 2648; x_wconf 89' lang='lat' dir='ltr'><strong>idcirco</strong></span> <span class='ocrx_word' id='word_1_715' title='bbox 3025 2592 3091 2648; x_wconf 90' lang='lat' dir='ltr'><strong>ad</strong></span> <span class='ocrx_word' id='word_1_716' title='bbox 3123 2589 3572 2672; x_wconf 42' lang='lat' dir='ltr'><strong>priorem-sedem.</strong></span> 
     </span>
    </p>
   </div>
   <div class='ocr_carea' id='block_1_94' title="bbox 1991 2663 3576 2736">
    <p class='ocr_par' dir='ltr' id='par_1_94' title="bbox 1991 2663 3576 2736">
     <span class='ocr_line' id='line_1_97' title="bbox 1991 2663 3576 2736; baseline -0.004 -12"><span class='ocrx_word' id='word_1_717' title='bbox 1991 2669 2210 2724; x_wconf 82' lang='lat' dir='ltr'><strong>reverti.</strong></span> <span class='ocrx_word' id='word_1_718' title='bbox 2245 2668 2430 2723; x_wconf 87' lang='lat' dir='ltr'><strong>Tertio</strong></span> <span class='ocrx_word' id='word_1_719' title='bbox 2453 2663 2648 2736; x_wconf 78' lang='lat' dir='ltr'><strong>specus</strong></span> <span class='ocrx_word' id='word_1_720' title='bbox 2678 2666 3084 2728; x_wconf 72' lang='lat' dir='ltr'><strong>subterraneae,</strong></span> <span class='ocrx_word' id='word_1_721' title='bbox 3125 2663 3455 2736; x_wconf 64' lang='lat' dir='ltr'><strong>prasertim__</strong></span> <span class='ocrx_word' id='word_1_722' title='bbox 3478 2663 3576 2718; x_wconf 86' lang='lat' dir='ltr'><strong>ubi</strong></span> 
     </span>
    </p>
   </div>
   <div class='ocr_carea' id='block_1_95' title="bbox 1991 2732 3570 2797">
    <p class='ocr_par' dir='ltr' id='par_1_95' title="bbox 1991 2732 3570 2797">
     <span class='ocr_line' id='line_1_98' title="bbox 1991 2732 3570 2797; baseline -0.005 -1"><span class='ocrx_word' id='word_1_723' title='bbox 1991 2741 2209 2797; x_wconf 84' lang='lat' dir='ltr'><strong>metalla</strong></span> <span class='ocrx_word' id='word_1_724' title='bbox 2241 2749 2294 2795; x_wconf 92' lang='lat' dir='ltr'><strong>et</strong></span> <span class='ocrx_word' id='word_1_725' title='bbox 2322 2739 2424 2794; x_wconf 90' lang='lat' dir='ltr'><strong>alia</strong></span> <span class='ocrx_word' id='word_1_726' title='bbox 2453 2732 2641 2795; x_wconf 77' lang='lat' dir='ltr'><strong>usibus</strong></span> <span class='ocrx_word' id='word_1_727' title='bbox 2662 2736 2940 2792; x_wconf 90' lang='lat' dir='ltr'><strong>hominum</strong></span> <span class='ocrx_word' id='word_1_728' title='bbox 2972 2732 3278 2792; x_wconf 75' lang='lat' dir='ltr'><strong>necessaria</strong></span> <span class='ocrx_word' id='word_1_729' title='bbox 3301 2732 3570 2790; x_wconf 86' lang='lat' dir='ltr'><strong>effodiun-</strong></span> 
     </span>
    </p>
   </div>
   <div class='ocr_carea' id='block_1_96' title="bbox 1992 2806 3574 2878">
    <p class='ocr_par' dir='ltr' id='par_1_96' title="bbox 1992 2806 3574 2878">
     <span class='ocr_line' id='line_1_99' title="bbox 1992 2806 3574 2878; baseline -0.005 -12"><span class='ocrx_word' id='word_1_730' title='bbox 1992 2821 2107 2878; x_wconf 91' lang='lat' dir='ltr'><strong>tur;</strong></span> <span class='ocrx_word' id='word_1_731' title='bbox 2142 2813 2282 2866; x_wconf 88' lang='lat' dir='ltr'><strong>unde</strong></span> <span class='ocrx_word' id='word_1_732' title='bbox 2311 2811 2584 2864; x_wconf 65' lang='lat' dir='ltr'><strong>diemmies</strong></span> <span class='ocrx_word' id='word_1_733' title='bbox 2612 2807 2874 2878; x_wconf 86' lang='lat' dir='ltr'><strong>metallici</strong></span> <span class='ocrx_word' id='word_1_734' title='bbox 2902 2806 3051 2863; x_wconf 90' lang='lat' dir='ltr'><strong>dicti.</strong></span> <span class='ocrx_word' id='word_1_735' title='bbox 3086 2806 3254 2878; x_wconf 89' lang='lat' dir='ltr'><strong>Cujus</strong></span> <span class='ocrx_word' id='word_1_736' title='bbox 3274 2807 3358 2878; x_wconf 84' lang='lat' dir='ltr'><strong>rei</strong></span> <span class='ocrx_word' id='word_1_737' title='bbox 3389 2818 3574 2878; x_wconf 71' lang='lat' dir='ltr'><strong>exem-</strong></span> 
     </span>
    </p>
   </div>
   <div class='ocr_carea' id='block_1_97' title="bbox 1991 2875 3573 2953">
    <p class='ocr_par' dir='ltr' id='par_1_97' title="bbox 1991 2875 3573 2953">
     <span class='ocr_line' id='line_1_100' title="bbox 1991 2875 3573 2953; baseline -0.003 -17"><span class='ocrx_word' id='word_1_738' title='bbox 1991 2875 2142 2953; x_wconf 79' lang='lat' dir='ltr'><strong>piuin</strong></span> <span class='ocrx_word' id='word_1_739' title='bbox 2197 2889 2373 2936; x_wconf 82' lang='lat' dir='ltr'><strong>exstat</strong></span> <span class='ocrx_word' id='word_1_740' title='bbox 2426 2881 2478 2934; x_wconf 92' lang='lat' dir='ltr'><strong>in</strong></span> <span class='ocrx_word' id='word_1_741' title='bbox 2527 2878 2650 2953; x_wconf 72' lang='lat' dir='ltr'><strong>Vita</strong></span> <span class='ocrx_word' id='word_1_742' title='bbox 2692 2878 2748 2953; x_wconf 64' lang='grc' dir='ltr'><strong>ξ.</strong></span> <span class='ocrx_word' id='word_1_743' title='bbox 2805 2877 3078 2933; x_wconf 83' lang='lat' dir='ltr'><strong>Theodori</strong></span> <span class='ocrx_word' id='word_1_744' title='bbox 3120 2875 3573 2953; x_wconf 65' lang='lat' dir='ltr'><strong>Arcliitnandritm</strong></span> 
     </span>
    </p>
   </div>
   <div class='ocr_carea' id='block_1_98' title="bbox 1990 2948 3570 3024">
    <p class='ocr_par' dir='ltr' id='par_1_98' title="bbox 1990 2948 3570 3024">
     <span class='ocr_line' id='line_1_101' title="bbox 1990 2948 3570 3024; baseline -0.006 -16"><span class='ocrx_word' id='word_1_745' title='bbox 1990 2948 2132 3024; x_wconf 82' lang='lat' dir='ltr'><strong>apud</strong></span> <span class='ocrx_word' id='word_1_746' title='bbox 2157 2953 2401 3016; x_wconf 84' lang='lat' dir='ltr'><strong>Surium,</strong></span> <span class='ocrx_word' id='word_1_747' title='bbox 2435 2960 2581 3007; x_wconf 90' lang='lat' dir='ltr'><strong>tomo</strong></span> <span class='ocrx_word' id='word_1_748' title='bbox 2598 2952 2661 3008; x_wconf 94' lang='lat' dir='ltr'><strong>li.</strong></span> <span class='ocrx_word' id='word_1_749' title='bbox 2689 2951 2899 3024; x_wconf 81' lang='lat' dir='ltr'><strong>Quarto</strong></span> <span class='ocrx_word' id='word_1_750' title='bbox 2919 2961 3085 3024; x_wconf 68' lang='lat' dir='ltr'><strong>vastae</strong></span> <span class='ocrx_word' id='word_1_751' title='bbox 3104 2958 3160 3024; x_wconf 82' lang='lat' dir='ltr'><strong>et</strong></span> <span class='ocrx_word' id='word_1_752' title='bbox 3178 2948 3373 3024; x_wconf 69' lang='lat' dir='ltr'><strong>ampla:</strong></span> <span class='ocrx_word' id='word_1_753' title='bbox 3394 2960 3570 3014; x_wconf 87' lang='lat' dir='ltr'><strong>arces,</strong></span> 
     </span>
    </p>
   </div>
   <div class='ocr_carea' id='block_1_99' title="bbox 1992 3021 3574 3087">
    <p class='ocr_par' dir='ltr' id='par_1_99' title="bbox 1992 3021 3574 3087">
     <span class='ocr_line' id='line_1_102' title="bbox 1992 3021 3574 3087; baseline -0.003 -8"><span class='ocrx_word' id='word_1_754' title='bbox 1992 3021 2088 3081; x_wconf 77' lang='lat' dir='ltr'><strong>aut</strong></span> <span class='ocrx_word' id='word_1_755' title='bbox 2129 3033 2336 3082; x_wconf 85' lang='lat' dir='ltr'><strong>vetusta</strong></span> <span class='ocrx_word' id='word_1_756' title='bbox 2377 3033 2432 3079; x_wconf 87' lang='lat' dir='ltr'><strong>et</strong></span> <span class='ocrx_word' id='word_1_757' title='bbox 2461 3025 2675 3079; x_wconf 84' lang='lat' dir='ltr'><strong>ruinosa</strong></span> <span class='ocrx_word' id='word_1_758' title='bbox 2712 3021 2958 3078; x_wconf 63' lang='lat' dir='ltr'><strong>nidificia.</strong></span> <span class='ocrx_word' id='word_1_759' title='bbox 2990 3022 3101 3077; x_wconf 89' lang='lat' dir='ltr'><strong>Hoc</strong></span> <span class='ocrx_word' id='word_1_760' title='bbox 3139 3021 3281 3075; x_wconf 90' lang='lat' dir='ltr'><strong>idem</strong></span> <span class='ocrx_word' id='word_1_761' title='bbox 3313 3027 3574 3087; x_wconf 87' lang='lat' dir='ltr'><strong>expertus</strong></span> 
     </span>
    </p>
   </div>
   <div class='ocr_carea' id='block_1_100' title="bbox 1991 3089 3572 3165">
    <p class='ocr_par' dir='ltr' id='par_1_100' title="bbox 1991 3089 3572 3165">
     <span class='ocr_line' id='line_1_103' title="bbox 1991 3089 3572 3165; baseline -0.006 -11"><span class='ocrx_word' id='word_1_762' title='bbox 1991 3099 2049 3154; x_wconf 91' lang='lat' dir='ltr'><strong>S.</strong></span> <span class='ocrx_word' id='word_1_763' title='bbox 2073 3094 2342 3155; x_wconf 83' lang='lat' dir='ltr'><strong>Antonius</strong></span> <span class='ocrx_word' id='word_1_764' title='bbox 2365 3136 2382 3163; x_wconf 94' lang='lat'><strong>,</strong></span> <span class='ocrx_word' id='word_1_765' title='bbox 2411 3097 2499 3165; x_wconf 91' lang='lat' dir='ltr'><strong>qui</strong></span> <span class='ocrx_word' id='word_1_766' title='bbox 2526 3137 2541 3161; x_wconf 91' lang='lat'><strong>,</strong></span> <span class='ocrx_word' id='word_1_767' title='bbox 2576 3103 2634 3150; x_wconf 93' lang='lat' dir='ltr'><strong>ut</strong></span> <span class='ocrx_word' id='word_1_768' title='bbox 2657 3093 2822 3150; x_wconf 81' lang='lat' dir='ltr'><strong>refert</strong></span> <span class='ocrx_word' id='word_1_769' title='bbox 2865 3093 2922 3148; x_wconf 87' lang='lat' dir='ltr'><strong>S.</strong></span> <span class='ocrx_word' id='word_1_770' title='bbox 2955 3091 3305 3165; x_wconf 81' lang='lat' dir='ltr'><strong>Athanasius.</strong></span> <span class='ocrx_word' id='word_1_771' title='bbox 3347 3103 3468 3144; x_wconf 90' lang='lat' dir='ltr'><strong>cum</strong></span> <span class='ocrx_word' id='word_1_772' title='bbox 3519 3089 3572 3144; x_wconf 93' lang='lat' dir='ltr'><strong>in</strong></span> 
     </span>
    </p>
   </div>
   <div class='ocr_carea' id='block_1_101' title="bbox 1991 3163 3577 3232">
    <p class='ocr_par' dir='ltr' id='par_1_101' title="bbox 1991 3163 3577 3232">
     <span class='ocr_line' id='line_1_104' title="bbox 1991 3163 3577 3232; baseline -0.004 -8"><span class='ocrx_word' id='word_1_773' title='bbox 1991 3169 2288 3226; x_wconf 89' lang='lat' dir='ltr'><strong>solitudine</strong></span> <span class='ocrx_word' id='word_1_774' title='bbox 2338 3183 2396 3224; x_wconf 88' lang='lat' dir='ltr'><strong>se</strong></span> <span class='ocrx_word' id='word_1_775' title='bbox 2430 3163 2508 3221; x_wconf 64' lang='lat' dir='ltr'><strong>in</strong></span> <span class='ocrx_word' id='word_1_776' title='bbox 2550 3165 2832 3221; x_wconf 86' lang='lat' dir='ltr'><strong>castellum</strong></span> <span class='ocrx_word' id='word_1_777' title='bbox 2881 3164 3151 3232; x_wconf 85' lang='lat' dir='ltr'><strong>quoddam</strong></span> <span class='ocrx_word' id='word_1_778' title='bbox 3200 3163 3474 3218; x_wconf 78' lang='lat' dir='ltr'><strong>desertum</strong></span> <span class='ocrx_word' id='word_1_779' title='bbox 3520 3170 3577 3217; x_wconf 90' lang='lat' dir='ltr'><strong>et</strong></span> 
     </span>
    </p>
   </div>
   <div class='ocr_carea' id='block_1_102' title="bbox 1992 3235 3576 3310">
    <p class='ocr_par' dir='ltr' id='par_1_102' title="bbox 1992 3235 3576 3310">
     <span class='ocr_line' id='line_1_105' title="bbox 1992 3235 3576 3310; baseline -0.006 -15"><span class='ocrx_word' id='word_1_780' title='bbox 1992 3241 2337 3310; x_wconf 83' lang='lat' dir='ltr'><strong>serpentibus</strong></span> <span class='ocrx_word' id='word_1_781' title='bbox 2389 3238 2605 3309; x_wconf 90' lang='lat' dir='ltr'><strong>plenum</strong></span> <span class='ocrx_word' id='word_1_782' title='bbox 2637 3239 2793 3291; x_wconf 88' lang='lat' dir='ltr'><strong>annis</strong></span> <span class='ocrx_word' id='word_1_783' title='bbox 2820 3235 3007 3306; x_wconf 82' lang='lat' dir='ltr'><strong>viginti</strong></span> <span class='ocrx_word' id='word_1_784' title='bbox 3055 3236 3404 3310; x_wconf 76' lang='lat' dir='ltr'><strong>reciusisset,</strong></span> <span class='ocrx_word' id='word_1_785' title='bbox 3440 3247 3576 3310; x_wconf 73' lang='lat' dir='ltr'><strong>gra-</strong></span> 
     </span>
    </p>
   </div>
   <div class='ocr_carea' id='block_1_103' title="bbox 1991 3303 3577 3376">
    <p class='ocr_par' dir='ltr' id='par_1_103' title="bbox 1991 3303 3577 3376">
     <span class='ocr_line' id='line_1_106' title="bbox 1991 3303 3577 3376; baseline -0.003 -11"><span class='ocrx_word' id='word_1_786' title='bbox 1991 3303 2243 3367; x_wconf 74' lang='lat' dir='ltr'><strong>vissimas</strong></span> <span class='ocrx_word' id='word_1_787' title='bbox 2267 3326 2298 3365; x_wconf 92' lang='lat' dir='ltr'><strong>a</strong></span> <span class='ocrx_word' id='word_1_788' title='bbox 2332 3303 2669 3364; x_wconf 62' lang='lat' dir='ltr'><strong>daemonibus</strong></span> <span class='ocrx_word' id='word_1_789' title='bbox 2715 3303 2904 3376; x_wconf 75' lang='lat' dir='ltr'><strong>passus</strong></span> <span class='ocrx_word' id='word_1_790' title='bbox 2930 3318 3012 3363; x_wconf 83' lang='lat' dir='ltr'><strong>est</strong></span> <span class='ocrx_word' id='word_1_791' title='bbox 3045 3304 3325 3362; x_wconf 90' lang='lat' dir='ltr'><strong>molestias</strong></span> <span class='ocrx_word' id='word_1_792' title='bbox 3353 3313 3407 3360; x_wconf 88' lang='lat' dir='ltr'><strong>et</strong></span> <span class='ocrx_word' id='word_1_793' title='bbox 3439 3303 3577 3360; x_wconf 81' lang='lat' dir='ltr'><strong>infe—-</strong></span> 
     </span>
    </p>
   </div>
   <div class='ocr_carea' id='block_1_104' title="bbox 1987 3376 3576 3448">
    <p class='ocr_par' dir='ltr' id='par_1_104' title="bbox 1987 3376 3576 3448">
     <span class='ocr_line' id='line_1_107' title="bbox 1987 3376 3576 3448; baseline -0.004 -12"><span class='ocrx_word' id='word_1_794' title='bbox 1987 3385 2251 3438; x_wconf 87' lang='lat' dir='ltr'><strong>stationes</strong></span> <span class='ocrx_word' id='word_1_795' title='bbox 2284 3400 2297 3435; x_wconf 91' lang='lat'><strong>:</strong></span> <span class='ocrx_word' id='word_1_796' title='bbox 2328 3398 2447 3435; x_wconf 89' lang='lat' dir='ltr'><strong>nam</strong></span> <span class='ocrx_word' id='word_1_797' title='bbox 2479 3379 2674 3448; x_wconf 85' lang='lat' dir='ltr'><strong>multis,</strong></span> <span class='ocrx_word' id='word_1_798' title='bbox 2704 3380 2894 3448; x_wconf 84' lang='lat' dir='ltr'><strong>inquit,</strong></span> <span class='ocrx_word' id='word_1_799' title='bbox 2929 3395 3043 3434; x_wconf 80' lang='lat' dir='ltr'><strong>eum</strong></span> <span class='ocrx_word' id='word_1_800' title='bbox 3076 3377 3284 3432; x_wconf 84' lang='lat' dir='ltr'><strong>uidendi</strong></span> <span class='ocrx_word' id='word_1_801' title='bbox 3315 3376 3576 3431; x_wconf 83' lang='lat' dir='ltr'><strong>desiderio</strong></span> 
     </span>
    </p>
   </div>
   <div class='ocr_carea' id='block_1_105' title="bbox 1987 3449 3569 3523">
    <p class='ocr_par' dir='ltr' id='par_1_105' title="bbox 1987 3449 3569 3523">
     <span class='ocr_line' id='line_1_108' title="bbox 1987 3449 3569 3523; baseline -0.004 -15"><span class='ocrx_word' id='word_1_802' title='bbox 1987 3465 2034 3509; x_wconf 92' lang='lat' dir='ltr'><strong>et</strong></span> <span class='ocrx_word' id='word_1_803' title='bbox 2069 3455 2244 3510; x_wconf 87' lang='lat' dir='ltr'><strong>studio</strong></span> <span class='ocrx_word' id='word_1_804' title='bbox 2275 3452 2568 3523; x_wconf 86' lang='lat' dir='ltr'><strong>requirendi</strong></span> <span class='ocrx_word' id='word_1_805' title='bbox 2597 3463 2714 3507; x_wconf 90' lang='lat' dir='ltr'><strong>ante</strong></span> <span class='ocrx_word' id='word_1_806' title='bbox 2740 3451 2926 3503; x_wconf 86' lang='lat' dir='ltr'><strong>ostium</strong></span> <span class='ocrx_word' id='word_1_807' title='bbox 2965 3451 3077 3520; x_wconf 85' lang='lat' dir='ltr'><strong>ejus</strong></span> <span class='ocrx_word' id='word_1_808' title='bbox 3102 3449 3569 3523; x_wconf 73' lang='lat' dir='ltr'><strong>pernoctantibus,</strong></span> 
     </span>
    </p>
   </div>
   <div class='ocr_carea' id='block_1_106' title="bbox 1986 3519 3574 3591">
    <p class='ocr_par' dir='ltr' id='par_1_106' title="bbox 1986 3519 3574 3591">
     <span class='ocr_line' id='line_1_109' title="bbox 1986 3519 3574 3591; baseline -0.004 -14"><span class='ocrx_word' id='word_1_809' title='bbox 1986 3519 2353 3588; x_wconf 73' lang='lat' dir='ltr'><strong>audiebantur,</strong></span> <span class='ocrx_word' id='word_1_810' title='bbox 2379 3533 2434 3576; x_wconf 89' lang='lat' dir='ltr'><strong>ut</strong></span> <span class='ocrx_word' id='word_1_811' title='bbox 2463 3523 2601 3591; x_wconf 80' lang='lat' dir='ltr'><strong>vulgi</strong></span> <span class='ocrx_word' id='word_1_812' title='bbox 2638 3537 2782 3574; x_wconf 83' lang='lat' dir='ltr'><strong>voces</strong></span> <span class='ocrx_word' id='word_1_813' title='bbox 2803 3519 3045 3574; x_wconf 72' lang='lat' dir='ltr'><strong>adversus</strong></span> <span class='ocrx_word' id='word_1_814' title='bbox 3075 3519 3353 3591; x_wconf 82' lang='lat' dir='ltr'><strong>Antonium</strong></span> <span class='ocrx_word' id='word_1_815' title='bbox 3377 3519 3574 3591; x_wconf 72' lang='lat' dir='ltr'><strong>tumqu</strong></span> 
     </span>
    </p>
   </div>
   <div class='ocr_carea' id='block_1_107' title="bbox 1987 3589 3576 3665">
    <p class='ocr_par' dir='ltr' id='par_1_107' title="bbox 1987 3589 3576 3665">
     <span class='ocr_line' id='line_1_110' title="bbox 1987 3589 3576 3665; baseline -0.004 -16"><span class='ocrx_word' id='word_1_816' title='bbox 1987 3606 2167 3665; x_wconf 77' lang='lat' dir='ltr'><strong>iusque</strong></span> <span class='ocrx_word' id='word_1_817' title='bbox 2191 3596 2468 3649; x_wconf 83' lang='lat' dir='ltr'><strong>dicentium</strong></span> <span class='ocrx_word' id='word_1_818' title='bbox 2498 3609 2514 3646; x_wconf 90' lang='lat'><strong><em>:</em></strong></span> <span class='ocrx_word' id='word_1_819' title='bbox 2551 3589 2688 3665; x_wconf 77' lang='lat' dir='ltr'><strong>Quid</strong></span> <span class='ocrx_word' id='word_1_820' title='bbox 2718 3603 2765 3646; x_wconf 91' lang='lat' dir='ltr'><strong>te</strong></span> <span class='ocrx_word' id='word_1_821' title='bbox 2793 3593 2982 3665; x_wconf 86' lang='lat' dir='ltr'><strong>nostris</strong></span> <span class='ocrx_word' id='word_1_822' title='bbox 2997 3591 3200 3665; x_wconf 67' lang='lat' dir='ltr'><strong>ingeris</strong></span> <span class='ocrx_word' id='word_1_823' title='bbox 3225 3589 3576 3665; x_wconf 60' lang='lat' dir='ltr'><strong>babitaculis?</strong></span> 
     </span>
    </p>
   </div>
   <div class='ocr_carea' id='block_1_108' title="bbox 1986 3660 3572 3738">
    <p class='ocr_par' dir='ltr' id='par_1_108' title="bbox 1986 3660 3572 3738">
     <span class='ocr_line' id='line_1_111' title="bbox 1986 3660 3572 3738; baseline -0.003 -18"><span class='ocrx_word' id='word_1_824' title='bbox 1986 3660 2111 3738; x_wconf 81' lang='lat' dir='ltr'><strong>quid</strong></span> <span class='ocrx_word' id='word_1_825' title='bbox 2142 3668 2232 3722; x_wconf 86' lang='lat' dir='ltr'><strong>tibi</strong></span> <span class='ocrx_word' id='word_1_826' title='bbox 2260 3677 2307 3738; x_wconf 86' lang='lat' dir='ltr'><strong>et</strong></span> <span class='ocrx_word' id='word_1_827' title='bbox 2347 3664 2585 3738; x_wconf 80' lang='lat' dir='ltr'><strong>deserto?</strong></span> <span class='ocrx_word' id='word_1_828' title='bbox 2621 3663 2849 3720; x_wconf 79' lang='lat' dir='ltr'><strong>Abscede</strong></span> <span class='ocrx_word' id='word_1_829' title='bbox 2893 3679 2928 3738; x_wconf 88' lang='lat' dir='ltr'><strong>a_</strong></span> <span class='ocrx_word' id='word_1_830' title='bbox 2974 3660 3161 3738; x_wconf 79' lang='lat' dir='ltr'><strong>ﬁnibus</strong></span> <span class='ocrx_word' id='word_1_831' title='bbox 3182 3660 3365 3738; x_wconf 71' lang='lat' dir='ltr'><strong>alienis</strong></span> <span class='ocrx_word' id='word_1_832' title='bbox 3407 3675 3426 3714; x_wconf 89' lang='lat'><strong><em>:</em></strong></span> <span class='ocrx_word' id='word_1_833' title='bbox 3467 3675 3572 3716; x_wconf 83' lang='lat' dir='ltr'><strong>non</strong></span> 
     </span>
    </p>
   </div>
   <div class='ocr_carea' id='block_1_109' title="bbox 1986 3731 3568 3810">
    <p class='ocr_par' dir='ltr' id='par_1_109' title="bbox 1986 3731 3568 3810">
     <span class='ocr_line' id='line_1_112' title="bbox 1986 3731 3568 3810; baseline -0.003 -18"><span class='ocrx_word' id='word_1_834' title='bbox 1986 3731 2128 3810; x_wconf 79' lang='lat' dir='ltr'><strong>potes</strong></span> <span class='ocrx_word' id='word_1_835' title='bbox 2159 3739 2245 3810; x_wconf 73' lang='lat' dir='ltr'><strong>hic</strong></span> <span class='ocrx_word' id='word_1_836' title='bbox 2267 3737 2531 3810; x_wconf 28' lang='lat' dir='ltr'><strong>habitaret</strong></span> <span class='ocrx_word' id='word_1_837' title='bbox 2560 3752 2658 3810; x_wconf 69' lang='lat' dir='ltr'><strong>nec</strong></span> <span class='ocrx_word' id='word_1_838' title='bbox 2681 3746 2899 3810; x_wconf 70' lang='lat' dir='ltr'><strong>nostras</strong></span> <span class='ocrx_word' id='word_1_839' title='bbox 2910 3733 3128 3810; x_wconf 78' lang='lat' dir='ltr'><strong>insidias</strong></span> <span class='ocrx_word' id='word_1_840' title='bbox 3159 3731 3438 3810; x_wconf 72' lang='lat' dir='ltr'><strong>sustinere,</strong></span> <span class='ocrx_word' id='word_1_841' title='bbox 3462 3740 3568 3810; x_wconf 71' lang='lat' dir='ltr'><strong>etc.</strong></span> 
     </span>
    </p>
   </div>
   <div class='ocr_carea' id='block_1_110' title="bbox 1987 3801 3570 3875">
    <p class='ocr_par' dir='ltr' id='par_1_110' title="bbox 1987 3801 3570 3875">
     <span class='ocr_line' id='line_1_113' title="bbox 1987 3801 3570 3875; baseline -0.004 -13"><span class='ocrx_word' id='word_1_842' title='bbox 1987 3801 2186 3875; x_wconf 72' lang='lat' dir='ltr'><strong>&#39;Quinto</strong></span> <span class='ocrx_word' id='word_1_843' title='bbox 2234 3808 2352 3862; x_wconf 83' lang='lat' dir='ltr'><strong>ioca</strong></span> <span class='ocrx_word' id='word_1_844' title='bbox 2383 3805 2692 3860; x_wconf 89' lang='lat' dir='ltr'><strong>homicidiis</strong></span> <span class='ocrx_word' id='word_1_845' title='bbox 2723 3813 2813 3859; x_wconf 83' lang='lat' dir='ltr'><strong>aut</strong></span> <span class='ocrx_word' id='word_1_846' title='bbox 2835 3805 2955 3860; x_wconf 87' lang='lat' dir='ltr'><strong>aliis</strong></span> <span class='ocrx_word' id='word_1_847' title='bbox 2989 3801 3302 3875; x_wconf 80' lang='lat' dir='ltr'><strong>enormibus</strong></span> <span class='ocrx_word' id='word_1_848' title='bbox 3333 3802 3570 3875; x_wconf 82' lang='lat' dir='ltr'><strong>peccatis</strong></span> 
     </span>
    </p>
   </div>
   <div class='ocr_carea' id='block_1_111' title="bbox 1988 3873 3570 3947">
    <p class='ocr_par' dir='ltr' id='par_1_111' title="bbox 1988 3873 3570 3947">
     <span class='ocr_line' id='line_1_114' title="bbox 1988 3873 3570 3947; baseline -0.006 -11"><span class='ocrx_word' id='word_1_849' title='bbox 1988 3873 2220 3946; x_wconf 67' lang='lat' dir='ltr'><strong>insignia</strong></span> <span class='ocrx_word' id='word_1_850' title='bbox 2253 3895 2266 3932; x_wconf 89' lang='lat'><strong>:</strong></span> <span class='ocrx_word' id='word_1_851' title='bbox 2295 3877 2448 3947; x_wconf 84' lang='lat' dir='ltr'><strong>cujus</strong></span> <span class='ocrx_word' id='word_1_852' title='bbox 2474 3880 2550 3931; x_wconf 87' lang='lat' dir='ltr'><strong>rei</strong></span> <span class='ocrx_word' id='word_1_853' title='bbox 2573 3879 2817 3945; x_wconf 87' lang='lat' dir='ltr'><strong>exempla</strong></span> <span class='ocrx_word' id='word_1_854' title='bbox 2854 3875 3163 3947; x_wconf 60' lang='lat' dir='ltr'><strong>suppeditat</strong></span> <span class='ocrx_word' id='word_1_855' title='bbox 3194 3873 3468 3947; x_wconf 60' lang='lat' dir='ltr'><strong>Palladius</strong></span> <span class='ocrx_word' id='word_1_856' title='bbox 3512 3875 3570 3947; x_wconf 74' lang='lat' dir='ltr'><strong>in</strong></span> 
     </span>
    </p>
   </div>
   <div class='ocr_carea' id='block_1_112' title="bbox 1987 3943 3570 4016">
    <p class='ocr_par' dir='ltr' id='par_1_112' title="bbox 1987 3943 3570 4016">
     <span class='ocr_line' id='line_1_115' title="bbox 1987 3943 3570 4016; baseline -0.005 -8"><span class='ocrx_word' id='word_1_857' title='bbox 1987 3943 2289 4008; x_wconf 36' lang='lat' dir='ltr'><strong>Lau&#39;siacis.</strong></span> <span class='ocrx_word' id='word_1_858' title='bbox 2346 3943 2410 4003; x_wconf 76' lang='lat' dir='ltr'><strong>Et</strong></span> <span class='ocrx_word' id='word_1_859' title='bbox 2435 3949 2673 4004; x_wconf 78' lang='lat' dir='ltr'><strong>Joannes</strong></span> <span class='ocrx_word' id='word_1_860' title='bbox 2700 3943 2972 4002; x_wconf 28' lang='lat' dir='ltr'><strong>D’iaconus‘</strong></span> <span class='ocrx_word' id='word_1_861' title='bbox 2997 3948 3050 4000; x_wconf 94' lang='lat' dir='ltr'><strong>in</strong></span> <span class='ocrx_word' id='word_1_862' title='bbox 3079 3945 3200 4000; x_wconf 79' lang='lat' dir='ltr'><strong>Vita</strong></span> <span class='ocrx_word' id='word_1_863' title='bbox 3228 3944 3290 4000; x_wconf 91' lang='lat' dir='ltr'><strong>B.</strong></span> <span class='ocrx_word' id='word_1_864' title='bbox 3320 3943 3570 4016; x_wconf 82' lang='lat' dir='ltr'><strong>Gregorii</strong></span> 
     </span>
    </p>
   </div>
   <div class='ocr_carea' id='block_1_113' title="bbox 1991 4018 3573 4090">
    <p class='ocr_par' dir='ltr' id='par_1_113' title="bbox 1991 4018 3573 4090">
     <span class='ocr_line' id='line_1_116' title="bbox 1991 4018 3573 4090; baseline -0.004 -11"><span class='ocrx_word' id='word_1_865' title='bbox 1991 4035 2217 4079; x_wconf 83' lang='lat' dir='ltr'><strong>testatur</strong></span> <span class='ocrx_word' id='word_1_866' title='bbox 2237 4021 2461 4078; x_wconf 85' lang='lat' dir='ltr'><strong>fundunt</strong></span> <span class='ocrx_word' id='word_1_867' title='bbox 2490 4019 2776 4090; x_wconf 86' lang='lat' dir='ltr'><strong>quemdam</strong></span> <span class='ocrx_word' id='word_1_868' title='bbox 2807 4018 3427 4090; x_wconf 17' lang='lat' dir='ltr'><strong>Barbilianum‘propter</strong></span> <span class='ocrx_word' id='word_1_869' title='bbox 3449 4031 3573 4072; x_wconf 87' lang='lat' dir='ltr'><strong>sce-</strong></span> 
     </span>
    </p>
   </div>
   <div class='ocr_carea' id='block_1_114' title="bbox 1989 4087 3574 4154">
    <p class='ocr_par' dir='ltr' id='par_1_114' title="bbox 1989 4087 3574 4154">
     <span class='ocr_line' id='line_1_117' title="bbox 1989 4087 3574 4154; baseline -0.005 -4"><span class='ocrx_word' id='word_1_870' title='bbox 1989 4095 2100 4152; x_wconf 89' lang='lat' dir='ltr'><strong>lera</strong></span> <span class='ocrx_word' id='word_1_871' title='bbox 2143 4093 2437 4149; x_wconf 83' lang='lat' dir='ltr'><strong>incolarum</strong></span> <span class='ocrx_word' id='word_1_872' title='bbox 2482 4087 2523 4146; x_wconf 47' lang='lat' dir='ltr'><strong>a_</strong></span> <span class='ocrx_word' id='word_1_873' title='bbox 2556 4090 2890 4146; x_wconf 64' lang='lat' dir='ltr'><strong>dmmonibus</strong></span> <span class='ocrx_word' id='word_1_874' title='bbox 2918 4088 3080 4145; x_wconf 85' lang='lat' dir='ltr'><strong>fuisse</strong></span> <span class='ocrx_word' id='word_1_875' title='bbox 3109 4087 3422 4143; x_wconf 87' lang='lat' dir='ltr'><strong>infestatum</strong></span> <span class='ocrx_word' id='word_1_876' title='bbox 3453 4129 3468 4154; x_wconf 94' lang='lat'><strong>,</strong></span> <span class='ocrx_word' id='word_1_877' title='bbox 3516 4096 3574 4143; x_wconf 90' lang='lat' dir='ltr'><strong>et</strong></span> 
     </span>
    </p>
   </div>
   <div class='ocr_carea' id='block_1_115' title="bbox 1989 4159 3575 4230">
    <p class='ocr_par' dir='ltr' id='par_1_115' title="bbox 1989 4159 3575 4230">
     <span class='ocr_line' id='line_1_118' title="bbox 1989 4159 3575 4230; baseline -0.006 -8"><span class='ocrx_word' id='word_1_878' title='bbox 1989 4167 2190 4222; x_wconf 89' lang='lat' dir='ltr'><strong>multos</strong></span> <span class='ocrx_word' id='word_1_879' title='bbox 2217 4165 2419 4220; x_wconf 83' lang='lat' dir='ltr'><strong>incolas</strong></span> <span class='ocrx_word' id='word_1_880' title='bbox 2445 4163 2513 4218; x_wconf 89' lang='lat' dir='ltr'><strong>ab</strong></span> <span class='ocrx_word' id='word_1_881' title='bbox 2539 4164 2604 4218; x_wconf 91' lang='lat' dir='ltr'><strong>iis</strong></span> <span class='ocrx_word' id='word_1_882' title='bbox 2629 4163 2965 4218; x_wconf 83' lang='lat' dir='ltr'><strong>interieCtos.</strong></span> <span class='ocrx_word' id='word_1_883' title='bbox 3001 4162 3094 4215; x_wconf 90' lang='lat' dir='ltr'><strong>liis</strong></span> <span class='ocrx_word' id='word_1_884' title='bbox 3123 4170 3396 4230; x_wconf 86' lang='lat' dir='ltr'><strong>postremo</strong></span> <span class='ocrx_word' id='word_1_885' title='bbox 3423 4159 3575 4214; x_wconf 89' lang='lat' dir='ltr'><strong>addit</strong></span> 
     </span>
    </p>
   </div>
   <div class='ocr_carea' id='block_1_116' title="bbox 1990 4231 3572 4310">
    <p class='ocr_par' dir='ltr' id='par_1_116' title="bbox 1990 4231 3572 4310">
     <span class='ocr_line' id='line_1_119' title="bbox 1990 4231 3572 4310; baseline -0.006 -16"><span class='ocrx_word' id='word_1_886' title='bbox 1990 4237 2255 4310; x_wconf 69' lang='lat' dir='ltr'><strong>Tityrmus</strong></span> <span class='ocrx_word' id='word_1_887' title='bbox 2291 4238 2411 4292; x_wconf 89' lang='lat' dir='ltr'><strong>loca</strong></span> <span class='ocrx_word' id='word_1_888' title='bbox 2444 4233 3116 4310; x_wconf 62' lang='lat' dir='ltr'><strong>sanctorutn,_prgcsertim</strong></span> <span class='ocrx_word' id='word_1_889' title='bbox 3141 4231 3572 4310; x_wconf 68' lang='lat' dir='ltr'><strong>monachorum,</strong></span> 
     </span>
    </p>
   </div>
   <div class='ocr_carea' id='block_1_117' title="bbox 1989 4302 3578 4380">
    <p class='ocr_par' dir='ltr' id='par_1_117' title="bbox 1989 4302 3578 4380">
     <span class='ocr_line' id='line_1_120' title="bbox 1989 4302 3578 4380; baseline -0.006 -14"><span class='ocrx_word' id='word_1_890' title='bbox 1989 4302 2184 4380; x_wconf 80' lang='lat' dir='ltr'><strong>quibus</strong></span> <span class='ocrx_word' id='word_1_891' title='bbox 2223 4309 2500 4380; x_wconf 65' lang='lat' dir='ltr'><strong>daemones</strong></span> <span class='ocrx_word' id='word_1_892' title='bbox 2531 4306 2762 4362; x_wconf 82' lang='lat' dir='ltr'><strong>maxime</strong></span> <span class='ocrx_word' id='word_1_893' title='bbox 2791 4302 3031 4380; x_wconf 77' lang='lat' dir='ltr'><strong>invident</strong></span> <span class='ocrx_word' id='word_1_894' title='bbox 3057 4312 3112 4360; x_wconf 89' lang='lat' dir='ltr'><strong>et</strong></span> <span class='ocrx_word' id='word_1_895' title='bbox 3141 4302 3578 4380; x_wconf 76' lang='lat' dir='ltr'><strong>insitiiantur,_et</strong></span> 
     </span>
    </p>
   </div>
   <div class='ocr_carea' id='block_1_118' title="bbox 1990 4371 3577 4451">
    <p class='ocr_par' dir='ltr' id='par_1_118' title="bbox 1990 4371 3577 4451">
     <span class='ocr_line' id='line_1_121' title="bbox 1990 4371 3577 4451; baseline -0.007 -15"><span class='ocrx_word' id='word_1_896' title='bbox 1990 4371 2124 4451; x_wconf 78' lang='lat' dir='ltr'><strong>quas</strong></span> <span class='ocrx_word' id='word_1_897' title='bbox 2161 4388 2417 4451; x_wconf 88' lang='lat' dir='ltr'><strong>possunt,</strong></span> <span class='ocrx_word' id='word_1_898' title='bbox 2451 4378 2563 4451; x_wconf 80' lang='lat' dir='ltr'><strong>Deo</strong></span> <span class='ocrx_word' id='word_1_899' title='bbox 2587 4393 2693 4432; x_wconf 91' lang='lat' dir='ltr'><strong>non</strong></span> <span class='ocrx_word' id='word_1_900' title='bbox 2729 4376 3070 4451; x_wconf 65' lang='lat' dir='ltr'><strong>prohibente,</strong></span> <span class='ocrx_word' id='word_1_901' title='bbox 3114 4376 3392 4451; x_wconf 77' lang='lat' dir='ltr'><strong>molestias</strong></span> <span class='ocrx_word' id='word_1_902' title='bbox 3439 4371 3577 4451; x_wconf 46' lang='lat' dir='ltr'><strong>infe:</strong></span> 
     </span>
    </p>
   </div>
   <div class='ocr_carea' id='block_1_119' title="bbox 1991 4445 3577 4522">
    <p class='ocr_par' dir='ltr' id='par_1_119' title="bbox 1991 4445 3577 4522">
     <span class='ocr_line' id='line_1_122' title="bbox 1991 4445 3577 4522; baseline -0.003 -16"><span class='ocrx_word' id='word_1_903' title='bbox 1991 4445 2121 4506; x_wconf 69' lang='lat' dir='ltr'><strong>runt</strong></span> <span class='ocrx_word' id='word_1_904' title='bbox 2141 4445 2326 4522; x_wconf 57' lang='lat' dir='ltr'><strong>{quod</strong></span> <span class='ocrx_word' id='word_1_905' title='bbox 2354 4449 2648 4522; x_wconf 12' lang='lat' dir='ltr'><strong>probatiex</strong></span> <span class='ocrx_word' id='word_1_906' title='bbox 2668 4463 2789 4522; x_wconf 81' lang='lat' dir='ltr'><strong>cap.</strong></span> <span class='ocrx_word' id='word_1_907' title='bbox 2818 4446 2889 4501; x_wconf 75' lang='lat'><strong>25</strong></span> <span class='ocrx_word' id='word_1_908' title='bbox 2917 4445 3078 4522; x_wconf 84' lang='lat' dir='ltr'><strong>hujus</strong></span> <span class='ocrx_word' id='word_1_909' title='bbox 3097 4447 3451 4522; x_wconf 64' lang='lat' dir='ltr'><strong>collationis,</strong></span> <span class='ocrx_word' id='word_1_910' title='bbox 3479 4445 3577 4502; x_wconf 86' lang='lat' dir='ltr'><strong>ubi</strong></span> 
     </span>
    </p>
   </div>
   <div class='ocr_carea' id='block_1_120' title="bbox 1992 4517 3577 4589">
    <p class='ocr_par' dir='ltr' id='par_1_120' title="bbox 1992 4517 3577 4589">
     <span class='ocr_line' id='line_1_123' title="bbox 1992 4517 3577 4589; baseline -0.003 -12"><span class='ocrx_word' id='word_1_911' title='bbox 1992 4524 2160 4579; x_wconf 91' lang='lat' dir='ltr'><strong>refert</strong></span> <span class='ocrx_word' id='word_1_912' title='bbox 2187 4517 2373 4578; x_wconf 60' lang='lat' dir='ltr'><strong>abbas</strong></span> <span class='ocrx_word' id='word_1_913' title='bbox 2396 4521 2522 4574; x_wconf 91' lang='lat' dir='ltr'><strong>olim</strong></span> <span class='ocrx_word' id='word_1_914' title='bbox 2553 4521 2606 4574; x_wconf 91' lang='lat' dir='ltr'><strong>in</strong></span> <span class='ocrx_word' id='word_1_915' title='bbox 2636 4517 2766 4586; x_wconf 84' lang='lat' dir='ltr'><strong>ipsis</strong></span> <span class='ocrx_word' id='word_1_916' title='bbox 2797 4518 3061 4574; x_wconf 74' lang='lat' dir='ltr'><strong>cmnobiis</strong></span> <span class='ocrx_word' id='word_1_917' title='bbox 3095 4520 3148 4574; x_wconf 90' lang='lat' dir='ltr'><strong>in</strong></span> <span class='ocrx_word' id='word_1_918' title='bbox 3180 4519 3374 4589; x_wconf 91' lang='lat' dir='ltr'><strong>quibus</strong></span> <span class='ocrx_word' id='word_1_919' title='bbox 3411 4517 3577 4587; x_wconf 79' lang='lat' dir='ltr'><strong>dege-</strong></span> 
     </span>
    </p>
   </div>
   <div class='ocr_carea' id='block_1_121' title="bbox 1991 4589 3576 4660">
    <p class='ocr_par' dir='ltr' id='par_1_121' title="bbox 1991 4589 3576 4660">
     <span class='ocr_line' id='line_1_124' title="bbox 1991 4589 3576 4660; baseline -0.005 -11"><span class='ocrx_word' id='word_1_920' title='bbox 1991 4594 2122 4652; x_wconf 89' lang='lat' dir='ltr'><strong>bant</strong></span> <span class='ocrx_word' id='word_1_921' title='bbox 2141 4602 2262 4648; x_wconf 88' lang='lat' dir='ltr'><strong>octo</strong></span> <span class='ocrx_word' id='word_1_922' title='bbox 2287 4593 2372 4648; x_wconf 90' lang='lat' dir='ltr'><strong>vel</strong></span> <span class='ocrx_word' id='word_1_923' title='bbox 2391 4590 2578 4646; x_wconf 88' lang='lat' dir='ltr'><strong>decem</strong></span> <span class='ocrx_word' id='word_1_924' title='bbox 2609 4589 2880 4655; x_wconf 90' lang='lat' dir='ltr'><strong>monachi,</strong></span> <span class='ocrx_word' id='word_1_925' title='bbox 2905 4590 2976 4644; x_wconf 88' lang='lat' dir='ltr'><strong>ita</strong></span> <span class='ocrx_word' id='word_1_926' title='bbox 2999 4590 3276 4646; x_wconf 69' lang='lat' dir='ltr'><strong>daemones</strong></span> <span class='ocrx_word' id='word_1_927' title='bbox 3298 4596 3576 4660; x_wconf 84' lang='lat' dir='ltr'><strong>grassatos</strong></span> 
     </span>
    </p>
   </div>
   <div class='ocr_carea' id='block_1_122' title="bbox 1909 4659 3576 4736">
    <p class='ocr_par' dir='ltr' id='par_1_122' title="bbox 1909 4659 3576 4736">
     <span class='ocr_line' id='line_1_125' title="bbox 1909 4659 3576 4736; baseline -0.004 -16"><span class='ocrx_word' id='word_1_928' title='bbox 1909 4673 1964 4736; x_wconf 82' lang='lat'><strong>1)</strong></span> <span class='ocrx_word' id='word_1_929' title='bbox 1988 4665 2174 4730; x_wconf 85' lang='lat' dir='ltr'><strong>fuisse,</strong></span> <span class='ocrx_word' id='word_1_930' title='bbox 2201 4671 2258 4722; x_wconf 89' lang='lat' dir='ltr'><strong>et</strong></span> <span class='ocrx_word' id='word_1_931' title='bbox 2282 4674 2386 4718; x_wconf 90' lang='lat' dir='ltr'><strong>tam</strong></span> <span class='ocrx_word' id='word_1_932' title='bbox 2416 4661 2734 4732; x_wconf 84' lang='lat' dir='ltr'><strong>frequentes</strong></span> <span class='ocrx_word' id='word_1_933' title='bbox 2759 4671 2814 4716; x_wconf 89' lang='lat' dir='ltr'><strong>et</strong></span> <span class='ocrx_word' id='word_1_934' title='bbox 2840 4661 3083 4736; x_wconf 79' lang='lat' dir='ltr'><strong>visibiles</strong></span> <span class='ocrx_word' id='word_1_935' title='bbox 3112 4659 3398 4736; x_wconf 78' lang='lat' dir='ltr'><strong>aggressus</strong></span> <span class='ocrx_word' id='word_1_936' title='bbox 3428 4659 3576 4736; x_wconf 75' lang='lat' dir='ltr'><strong>exei-</strong></span> 
     </span>
    </p>
   </div>
   <div class='ocr_carea' id='block_1_123' title="bbox 1989 4730 3574 4802">
    <p class='ocr_par' dir='ltr' id='par_1_123' title="bbox 1989 4730 3574 4802">
     <span class='ocr_line' id='line_1_126' title="bbox 1989 4730 3574 4802; baseline -0.003 -10"><span class='ocrx_word' id='word_1_937' title='bbox 1989 4747 2160 4802; x_wconf 84' lang='lat' dir='ltr'><strong>tasse,</strong></span> <span class='ocrx_word' id='word_1_938' title='bbox 2193 4744 2249 4790; x_wconf 92' lang='lat' dir='ltr'><strong>ut</strong></span> <span class='ocrx_word' id='word_1_939' title='bbox 2282 4750 2386 4789; x_wconf 91' lang='lat' dir='ltr'><strong>non</strong></span> <span class='ocrx_word' id='word_1_940' title='bbox 2425 4730 2694 4789; x_wconf 81' lang='lat' dir='ltr'><strong>auderent</strong></span> <span class='ocrx_word' id='word_1_941' title='bbox 2735 4747 2924 4787; x_wconf 89' lang='lat' dir='ltr'><strong>omnes</strong></span> <span class='ocrx_word' id='word_1_942' title='bbox 2955 4730 3159 4802; x_wconf 88' lang='lat' dir='ltr'><strong>pariter</strong></span> <span class='ocrx_word' id='word_1_943' title='bbox 3185 4730 3442 4787; x_wconf 75' lang='lat' dir='ltr'><strong>noctibus</strong></span> <span class='ocrx_word' id='word_1_944' title='bbox 3470 4730 3574 4787; x_wconf 88' lang='lat' dir='ltr'><strong>ob-</strong></span> 
     </span>
    </p>
   </div>
   <div class='ocr_carea' id='block_1_124' title="bbox 1985 4803 3574 4874">
    <p class='ocr_par' dir='ltr' id='par_1_124' title="bbox 1985 4803 3574 4874">
     <span class='ocr_line' id='line_1_127' title="bbox 1985 4803 3574 4874; baseline -0.005 -11"><span class='ocrx_word' id='word_1_945' title='bbox 1985 4807 2223 4863; x_wconf 90' lang='lat' dir='ltr'><strong>dormire</strong></span> <span class='ocrx_word' id='word_1_946' title='bbox 2249 4847 2262 4868; x_wconf 88' lang='lat'><em>.</em></span> <span class='ocrx_word' id='word_1_947' title='bbox 2292 4804 2386 4860; x_wconf 86' lang='lat' dir='ltr'><strong>sed</strong></span> <span class='ocrx_word' id='word_1_948' title='bbox 2415 4803 2653 4860; x_wconf 86' lang='lat' dir='ltr'><strong>vicissim</strong></span> <span class='ocrx_word' id='word_1_949' title='bbox 2707 4803 2832 4860; x_wconf 90' lang='lat' dir='ltr'><strong>aliis</strong></span> <span class='ocrx_word' id='word_1_950' title='bbox 2857 4803 3275 4874; x_wconf 84' lang='lat' dir='ltr'><strong>degustantibus</strong></span> <span class='ocrx_word' id='word_1_951' title='bbox 3295 4816 3574 4874; x_wconf 88' lang='lat' dir='ltr'><strong>somnum,</strong></span> 
     </span>
    </p>
   </div>
   <div class='ocr_carea' id='block_1_125' title="bbox 1985 4873 3576 4945">
    <p class='ocr_par' dir='ltr' id='par_1_125' title="bbox 1985 4873 3576 4945">
     <span class='ocr_line' id='line_1_128' title="bbox 1985 4873 3576 4945; baseline -0.004 -12"><span class='ocrx_word' id='word_1_952' title='bbox 1985 4879 2074 4935; x_wconf 88' lang='lat' dir='ltr'><strong>alii</strong></span> <span class='ocrx_word' id='word_1_953' title='bbox 2103 4877 2312 4945; x_wconf 88' lang='lat' dir='ltr'><strong>vigilias</strong></span> <span class='ocrx_word' id='word_1_954' title='bbox 2334 4876 2672 4934; x_wconf 88' lang='lat' dir='ltr'><strong>celebrantes</strong></span> <span class='ocrx_word' id='word_1_955' title='bbox 2695 4875 2918 4945; x_wconf 87' lang='lat' dir='ltr'><strong>psalmis</strong></span> <span class='ocrx_word' id='word_1_956' title='bbox 2959 4883 3014 4932; x_wconf 86' lang='lat' dir='ltr'><strong>et</strong></span> <span class='ocrx_word' id='word_1_957' title='bbox 3048 4873 3478 4945; x_wconf 82' lang='lat' dir='ltr'><strong>orationibus,et</strong></span> <span class='ocrx_word' id='word_1_958' title='bbox 3496 4873 3576 4945; x_wconf 66' lang='grc' dir='ltr'><strong>ιφ.</strong></span> 
     </span>
    </p>
   </div>
   <div class='ocr_carea' id='block_1_126' title="bbox 1987 4943 3574 5004">
    <p class='ocr_par' dir='ltr' id='par_1_126' title="bbox 1987 4943 3574 5004">
     <span class='ocr_line' id='line_1_129' title="bbox 1987 4943 3574 5004; baseline -0.002 0"><span class='ocrx_word' id='word_1_959' title='bbox 1987 4943 2256 5004; x_wconf 80' lang='lat' dir='ltr'><strong>ctionibus</strong></span> <span class='ocrx_word' id='word_1_960' title='bbox 2280 4948 2626 5004; x_wconf 63' lang='lat' dir='ltr'><strong>inhaererent.</strong></span> <span class='ocrx_word' id='word_1_961' title='bbox 2645 4943 2790 5004; x_wconf 79' lang='lat' dir='ltr'><strong>idem</strong></span> <span class='ocrx_word' id='word_1_962' title='bbox 2806 4947 2968 5003; x_wconf 90' lang='lat' dir='ltr'><strong>etiam</strong></span> <span class='ocrx_word' id='word_1_963' title='bbox 2989 4944 3332 5001; x_wconf 87' lang='lat' dir='ltr'><strong>manifestum</strong></span> <span class='ocrx_word' id='word_1_964' title='bbox 3347 4961 3418 5000; x_wconf 83' lang='lat' dir='ltr'><strong>ex</strong></span> <span class='ocrx_word' id='word_1_965' title='bbox 3433 4943 3574 5001; x_wconf 80' lang='lat' dir='ltr'><strong>Vitis</strong></span> 
     </span>
    </p>
   </div>
   <div class='ocr_carea' id='block_1_127' title="bbox 1985 5017 3572 5084">
    <p class='ocr_par' dir='ltr' id='par_1_127' title="bbox 1985 5017 3572 5084">
     <span class='ocr_line' id='line_1_130' title="bbox 1985 5017 3572 5084; baseline -0.003 -6"><span class='ocrx_word' id='word_1_966' title='bbox 1985 5021 2085 5078; x_wconf 88' lang='lat' dir='ltr'><strong>SS.</strong></span> <span class='ocrx_word' id='word_1_967' title='bbox 2118 5020 2334 5076; x_wconf 89' lang='lat' dir='ltr'><strong>Patrum</strong></span> <span class='ocrx_word' id='word_1_968' title='bbox 2362 5020 2606 5084; x_wconf 82' lang='lat' dir='ltr'><strong>Antonii,</strong></span> <span class='ocrx_word' id='word_1_969' title='bbox 2636 5019 2875 5083; x_wconf 79' lang='lat' dir='ltr'><strong>Macarii,</strong></span> <span class='ocrx_word' id='word_1_970' title='bbox 2911 5018 3187 5075; x_wconf 86' lang='lat' dir='ltr'><strong>Benedicti</strong></span> <span class='ocrx_word' id='word_1_971' title='bbox 3221 5025 3275 5071; x_wconf 90' lang='lat' dir='ltr'><strong>et</strong></span> <span class='ocrx_word' id='word_1_972' title='bbox 3313 5017 3572 5073; x_wconf 90' lang='lat' dir='ltr'><strong>aliorum.</strong></span> 
     </span>
    </p>
   </div>
   <div class='ocr_carea' id='block_1_128' title="bbox 2064 5087 3568 5148">
    <p class='ocr_par' dir='ltr' id='par_1_128' title="bbox 2064 5087 3568 5148">
     <span class='ocr_line' id='line_1_131' title="bbox 2064 5087 3568 5148; baseline -0.003 -1"><span class='ocrx_word' id='word_1_973' title='bbox 2064 5104 2085 5131; x_wconf 72' lang='grc' dir='ltr'>ε</span> <span class='ocrx_word' id='word_1_974' title='bbox 2113 5093 2245 5148; x_wconf 76' lang='lat' dir='ltr'><strong>liuic</strong></span> <span class='ocrx_word' id='word_1_975' title='bbox 2275 5103 2636 5148; x_wconf 86' lang='lat' dir='ltr'><strong>consentanea</strong></span> <span class='ocrx_word' id='word_1_976' title='bbox 2685 5089 2846 5146; x_wconf 88' lang='lat' dir='ltr'><strong>etiam</strong></span> <span class='ocrx_word' id='word_1_977' title='bbox 2878 5089 2940 5145; x_wconf 88' lang='grc' dir='ltr'><strong>Β.</strong></span> <span class='ocrx_word' id='word_1_978' title='bbox 2981 5087 3199 5144; x_wconf 77' lang='lat' dir='ltr'><strong>Antonii</strong></span> <span class='ocrx_word' id='word_1_979' title='bbox 3245 5090 3514 5143; x_wconf 87' lang='lat' dir='ltr'><strong>sententia</strong></span> <span class='ocrx_word' id='word_1_980' title='bbox 3552 5105 3568 5142; x_wconf 88' lang='lat'><strong>:</strong></span> 
     </span>
    </p>
   </div>
   <div class='ocr_carea' id='block_1_129' title="bbox 1993 5158 3574 5235">
    <p class='ocr_par' dir='ltr' id='par_1_129' title="bbox 1993 5158 3574 5235">
     <span class='ocr_line' id='line_1_132' title="bbox 1993 5158 3574 5235; baseline -0.003 -17"><span class='ocrx_word' id='word_1_981' title='bbox 1993 5161 2229 5228; x_wconf 81' lang='lat' dir='ltr'><strong>Diuersa,</strong></span> <span class='ocrx_word' id='word_1_982' title='bbox 2261 5163 2454 5235; x_wconf 87' lang='lat' dir='ltr'><strong>inquit,</strong></span> <span class='ocrx_word' id='word_1_983' title='bbox 2481 5179 2654 5217; x_wconf 82' lang='lat' dir='ltr'><strong>eorum</strong></span> <span class='ocrx_word' id='word_1_984' title='bbox 2684 5161 2944 5235; x_wconf 74' lang='lat' dir='ltr'><strong>tripartito</strong></span> <span class='ocrx_word' id='word_1_985' title='bbox 2973 5159 3199 5230; x_wconf 85' lang='lat' dir='ltr'><strong>nequitia</strong></span> <span class='ocrx_word' id='word_1_986' title='bbox 3218 5168 3312 5213; x_wconf 88' lang='lat' dir='ltr'><strong>est.</strong></span> <span class='ocrx_word' id='word_1_987' title='bbox 3347 5158 3574 5235; x_wconf 76' lang='lat' dir='ltr'><strong>Quidam</strong></span> 
     </span>
    </p>
   </div>
   <div class='ocr_carea' id='block_1_130' title="bbox 1990 5231 3576 5298">
    <p class='ocr_par' dir='ltr' id='par_1_130' title="bbox 1990 5231 3576 5298">
     <span class='ocr_line' id='line_1_133' title="bbox 1990 5231 3576 5298; baseline -0.003 -8"><span class='ocrx_word' id='word_1_988' title='bbox 1990 5239 2127 5290; x_wconf 90' lang='lat' dir='ltr'><strong>enim</strong></span> <span class='ocrx_word' id='word_1_989' title='bbox 2154 5236 2221 5290; x_wconf 87' lang='lat' dir='ltr'><strong>ad</strong></span> <span class='ocrx_word' id='word_1_990' title='bbox 2253 5231 2506 5289; x_wconf 84' lang='lat' dir='ltr'><strong>summum</strong></span> <span class='ocrx_word' id='word_1_991' title='bbox 2534 5231 2761 5287; x_wconf 85' lang='lat' dir='ltr'><strong>nocendi</strong></span> <span class='ocrx_word' id='word_1_992' title='bbox 2782 5235 3017 5287; x_wconf 81' lang='lat' dir='ltr'><strong>verticem</strong></span> <span class='ocrx_word' id='word_1_993' title='bbox 3048 5246 3357 5298; x_wconf 84' lang='lat' dir='ltr'><strong>pervenere;</strong></span> <span class='ocrx_word' id='word_1_994' title='bbox 3387 5231 3479 5284; x_wconf 86' lang='lat' dir='ltr'><strong>alii</strong></span> <span class='ocrx_word' id='word_1_995' title='bbox 3508 5246 3576 5286; x_wconf 83' lang='lat' dir='ltr'><strong>sa:</strong></span> 
     </span>
    </p>
   </div>
   <div class='ocr_carea' id='block_1_131' title="bbox 1991 5299 3575 5378">
    <p class='ocr_par' dir='ltr' id='par_1_131' title="bbox 1991 5299 3575 5378">
     <span class='ocr_line' id='line_1_134' title="bbox 1991 5299 3575 5378; baseline -0.002 -18"><span class='ocrx_word' id='word_1_996' title='bbox 1991 5309 2372 5378; x_wconf 84' lang='lat' dir='ltr'><strong>comparatione</strong></span> <span class='ocrx_word' id='word_1_997' title='bbox 2417 5305 2655 5378; x_wconf 78' lang='lat' dir='ltr'><strong>peiorum</strong></span> <span class='ocrx_word' id='word_1_998' title='bbox 2701 5304 2939 5378; x_wconf 71' lang='lat' dir='ltr'><strong>uidentur</strong></span> <span class='ocrx_word' id='word_1_999' title='bbox 2979 5318 3087 5358; x_wconf 81' lang='lat' dir='ltr'><strong>esse</strong></span> <span class='ocrx_word' id='word_1_1000' title='bbox 3123 5299 3382 5378; x_wconf 82' lang='lat' dir='ltr'><strong>leniores;_</strong></span> <span class='ocrx_word' id='word_1_1001' title='bbox 3420 5313 3575 5378; x_wconf 81' lang='lat' dir='ltr'><strong>atque</strong></span> 
     </span>
    </p>
   </div>
   <div class='ocr_carea' id='block_1_132' title="bbox 1993 5372 3572 5445">
    <p class='ocr_par' dir='ltr' id='par_1_132' title="bbox 1993 5372 3572 5445">
     <span class='ocr_line' id='line_1_135' title="bbox 1993 5372 3572 5445; baseline -0.002 -14"><span class='ocrx_word' id='word_1_1002' title='bbox 1993 5372 2162 5434; x_wconf 73' lang='lat' dir='ltr'><strong>omnes</strong></span> <span class='ocrx_word' id='word_1_1003' title='bbox 2195 5394 2285 5445; x_wconf 86' lang='lat' dir='ltr'><strong>pro</strong></span> <span class='ocrx_word' id='word_1_1004' title='bbox 2313 5372 2645 5444; x_wconf 80' lang='lat' dir='ltr'><strong>possibilitate</strong></span> <span class='ocrx_word' id='word_1_1005' title='bbox 2673 5375 2858 5429; x_wconf 81' lang='lat' dir='ltr'><strong>virium</strong></span> <span class='ocrx_word' id='word_1_1006' title='bbox 2887 5375 3085 5445; x_wconf 79' lang='lat' dir='ltr'><strong>diuersa</strong></span> <span class='ocrx_word' id='word_1_1007' title='bbox 3121 5381 3309 5445; x_wconf 57' lang='lat' dir='ltr'><strong>eontra</strong></span> <span class='ocrx_word' id='word_1_1008' title='bbox 3338 5372 3572 5444; x_wconf 82' lang='lat' dir='ltr'><strong>singulas</strong></span> 
     </span>
    </p>
   </div>
   <div class='ocr_carea' id='block_1_133' title="bbox 1993 5441 3576 5518">
    <p class='ocr_par' dir='ltr' id='par_1_133' title="bbox 1993 5441 3576 5518">
     <span class='ocr_line' id='line_1_136' title="bbox 1993 5441 3576 5518; baseline -0.001 -17"><span class='ocrx_word' id='word_1_1009' title='bbox 1993 5462 2179 5502; x_wconf 82' lang='lat' dir='ltr'><strong>causas</strong></span> <span class='ocrx_word' id='word_1_1010' title='bbox 2195 5441 2458 5518; x_wconf 81' lang='lat' dir='ltr'><strong>suntpsere</strong></span> <span class='ocrx_word' id='word_1_1011' title='bbox 2481 5446 2784 5518; x_wconf 80' lang='lat' dir='ltr'><strong>certamina.</strong></span> <span class='ocrx_word' id='word_1_1012' title='bbox 2809 5445 2932 5500; x_wconf 59' lang='lat' dir='ltr'><strong>llaec</strong></span> <span class='ocrx_word' id='word_1_1013' title='bbox 2954 5444 3092 5513; x_wconf 90' lang='lat' dir='ltr'><strong>ipse.</strong></span> <span class='ocrx_word' id='word_1_1014' title='bbox 3121 5441 3576 5518; x_wconf 48' lang='lat' dir='ltr'><strong>Enimvero—sicut</strong></span> 
     </span>
    </p>
   </div>
   <div class='ocr_carea' id='block_1_134' title="bbox 1995 5513 3577 5587">
    <p class='ocr_par' dir='ltr' id='par_1_134' title="bbox 1995 5513 3577 5587">
     <span class='ocr_line' id='line_1_137' title="bbox 1995 5513 3577 5587; baseline -0.001 -12"><span class='ocrx_word' id='word_1_1015' title='bbox 1995 5522 2136 5576; x_wconf 87' lang='lat' dir='ltr'><strong>inter</strong></span> <span class='ocrx_word' id='word_1_1016' title='bbox 2180 5513 2400 5587; x_wconf 83' lang='lat' dir='ltr'><strong>angelos</strong></span> <span class='ocrx_word' id='word_1_1017' title='bbox 2436 5516 2525 5572; x_wconf 91' lang='lat' dir='ltr'><strong>alii</strong></span> <span class='ocrx_word' id='word_1_1018' title='bbox 2571 5527 2626 5570; x_wconf 88' lang='lat' dir='ltr'><strong>et</strong></span> <span class='ocrx_word' id='word_1_1019' title='bbox 2670 5524 2874 5572; x_wconf 63' lang='lat' dir='ltr'><strong>naturae</strong></span> <span class='ocrx_word' id='word_1_1020' title='bbox 2918 5527 2970 5572; x_wconf 91' lang='lat' dir='ltr'><strong>et</strong></span> <span class='ocrx_word' id='word_1_1021' title='bbox 3022 5514 3208 5585; x_wconf 61' lang='lat' dir='ltr'><strong>gratiae</strong></span> <span class='ocrx_word' id='word_1_1022' title='bbox 3253 5513 3410 5587; x_wconf 86' lang='lat' dir='ltr'><strong>donis</strong></span> <span class='ocrx_word' id='word_1_1023' title='bbox 3447 5516 3577 5573; x_wconf 89' lang='lat' dir='ltr'><strong>aliis</strong></span> 
     </span>
    </p>
   </div>
   <div class='ocr_carea' id='block_1_135' title="bbox 1997 5585 3569 5660">
    <p class='ocr_par' dir='ltr' id='par_1_135' title="bbox 1997 5585 3569 5660">
     <span class='ocr_line' id='line_1_138' title="bbox 1997 5585 3569 5660; baseline -0.003 -15"><span class='ocrx_word' id='word_1_1024' title='bbox 1997 5585 2329 5660; x_wconf 49' lang='lat' dir='ltr'><strong>praestant&#39;et</strong></span> <span class='ocrx_word' id='word_1_1025' title='bbox 2351 5589 2644 5651; x_wconf 89' lang='lat' dir='ltr'><strong>excellunt,</strong></span> <span class='ocrx_word' id='word_1_1026' title='bbox 2675 5587 2746 5643; x_wconf 91' lang='lat' dir='ltr'><strong>ita</strong></span> <span class='ocrx_word' id='word_1_1027' title='bbox 2777 5588 2917 5642; x_wconf 90' lang='lat' dir='ltr'><strong>inter</strong></span> <span class='ocrx_word' id='word_1_1028' title='bbox 2940 5585 3372 5660; x_wconf 66' lang='lat' dir='ltr'><strong>dmmonesalios</strong></span> <span class='ocrx_word' id='word_1_1029' title='bbox 3393 5595 3447 5642; x_wconf 89' lang='lat' dir='ltr'><strong>et</strong></span> <span class='ocrx_word' id='word_1_1030' title='bbox 3469 5604 3569 5660; x_wconf 47' lang='lat' dir='ltr'><strong>na:</strong></span> 
     </span>
    </p>
   </div>
   <div class='ocr_carea' id='block_1_136' title="bbox 1997 5657 3574 5729">
    <p class='ocr_par' dir='ltr' id='par_1_136' title="bbox 1997 5657 3574 5729">
     <span class='ocr_line' id='line_1_139' title="bbox 1997 5657 3574 5729; baseline -0.002 -12"><span class='ocrx_word' id='word_1_1031' title='bbox 1997 5657 2129 5718; x_wconf 68' lang='lat' dir='ltr'><strong>iura:</strong></span> <span class='ocrx_word' id='word_1_1032' title='bbox 2154 5661 2358 5716; x_wconf 88' lang='lat' dir='ltr'><strong>viribus</strong></span> <span class='ocrx_word' id='word_1_1033' title='bbox 2390 5660 2737 5728; x_wconf 86' lang='lat' dir='ltr'><strong>potentiores,</strong></span> <span class='ocrx_word' id='word_1_1034' title='bbox 2768 5668 2824 5729; x_wconf 92' lang='lat' dir='ltr'><strong>et</strong></span> <span class='ocrx_word' id='word_1_1035' title='bbox 2849 5658 3050 5713; x_wconf 88' lang='lat' dir='ltr'><strong>malitia</strong></span> <span class='ocrx_word' id='word_1_1036' title='bbox 3080 5657 3389 5729; x_wconf 85' lang='lat' dir='ltr'><strong>nequiores,</strong></span> <span class='ocrx_word' id='word_1_1037' title='bbox 3417 5667 3472 5714; x_wconf 90' lang='lat' dir='ltr'><strong>et</strong></span> <span class='ocrx_word' id='word_1_1038' title='bbox 3502 5657 3574 5714; x_wconf 89' lang='lat' dir='ltr'><strong>ad</strong></span> 
     </span>
    </p>
   </div>
   <div class='ocr_carea' id='block_1_137' title="bbox 1993 5728 3594 5810">
    <p class='ocr_par' dir='ltr' id='par_1_137' title="bbox 1993 5728 3594 5810">
     <span class='ocr_line' id='line_1_140' title="bbox 1993 5728 3594 5810; baseline -0.005 -21"><span class='ocrx_word' id='word_1_1039' title='bbox 1993 5734 2294 5810; x_wconf 77' lang='lat' dir='ltr'><strong>nocendum</strong></span> <span class='ocrx_word' id='word_1_1040' title='bbox 2333 5732 2693 5810; x_wconf 74' lang='lat' dir='ltr'><strong>promptiores</strong></span> <span class='ocrx_word' id='word_1_1041' title='bbox 2722 5741 2779 5810; x_wconf 82' lang='lat' dir='ltr'><strong>et</strong></span> <span class='ocrx_word' id='word_1_1042' title='bbox 2806 5728 3099 5810; x_wconf 75' lang='lat' dir='ltr'><strong>ferociores</strong></span> <span class='ocrx_word' id='word_1_1043' title='bbox 3129 5728 3251 5785; x_wconf 84' lang='lat' dir='ltr'><strong>esse</strong></span> <span class='ocrx_word' id='word_1_1044' title='bbox 3470 5743 3594 5810; x_wconf 87' lang='lat' dir='ltr'><strong>pa-_</strong></span> 
     </span>
    </p>
   </div>
   <div class='ocr_carea' id='block_1_138' title="bbox 1993 5799 3688 5872">
    <p class='ocr_par' dir='ltr' id='par_1_138' title="bbox 1993 5799 3688 5872">
     <span class='ocr_line' id='line_1_141' title="bbox 1993 5799 3688 5872; baseline -0.006 -10"><span class='ocrx_word' id='word_1_1045' title='bbox 1993 5805 2176 5862; x_wconf 80' lang='lat' dir='ltr'><strong>rabula</strong></span> <span class='ocrx_word' id='word_1_1046' title='bbox 2226 5803 2315 5859; x_wconf 88' lang='lat' dir='ltr'><strong>illa</strong></span> <span class='ocrx_word' id='word_1_1047' title='bbox 2335 5799 2685 5871; x_wconf 75' lang='lat' dir='ltr'><strong>evangelica,</strong></span> <span class='ocrx_word' id='word_1_1048' title='bbox 2727 5805 2784 5860; x_wconf 89' lang='lat' dir='ltr'><strong>in</strong></span> <span class='ocrx_word' id='word_1_1049' title='bbox 2829 5817 2933 5872; x_wconf 89' lang='lat' dir='ltr'><strong>qua</strong></span> <span class='ocrx_word' id='word_1_1050' title='bbox 2973 5799 3172 5858; x_wconf 86' lang='lat' dir='ltr'><strong>dicitur</strong></span> <span class='ocrx_word' id='word_1_1051' title='bbox 3217 5800 3437 5872; x_wconf 78' lang='lat' dir='ltr'><strong>spiritus</strong></span> <span class='ocrx_word' id='word_1_1052' title='bbox 3470 5799 3578 5872; x_wconf 54' lang='grc' dir='ltr'><strong>ίῳ·</strong></span> <span class='ocrx_word' id='word_1_1053' title='bbox 3684 5861 3688 5864; x_wconf 21' lang='grc' dir='ltr'><strong>η</strong></span> 
     </span>
    </p>
   </div>
   <div class='ocr_carea' id='block_1_139' title="bbox 1995 5867 3588 5951">
    <p class='ocr_par' dir='ltr' id='par_1_139' title="bbox 1995 5867 3588 5951">
     <span class='ocr_line' id='line_1_142' title="bbox 1995 5867 3588 5951; baseline -0.003 -20"><span class='ocrx_word' id='word_1_1054' title='bbox 1995 5875 2229 5932; x_wconf 90' lang='lat' dir='ltr'><strong>mundus</strong></span> <span class='ocrx_word' id='word_1_1055' title='bbox 2255 5867 2515 5930; x_wconf 74' lang='lat' dir='ltr'><strong>assumere</strong></span> <span class='ocrx_word' id='word_1_1056' title='bbox 2543 5882 2731 5944; x_wconf 88' lang='lat' dir='ltr'><strong>septem</strong></span> <span class='ocrx_word' id='word_1_1057' title='bbox 2761 5867 2984 5950; x_wconf 48' lang='lat' dir='ltr'><strong>(id&#39;est,_</strong></span> <span class='ocrx_word' id='word_1_1058' title='bbox 2998 5872 3220 5942; x_wconf 87' lang='lat' dir='ltr'><strong>multos)</strong></span> <span class='ocrx_word' id='word_1_1059' title='bbox 3246 5867 3381 5924; x_wconf 75' lang='lat' dir='ltr'><strong>alios</strong></span> <span class='ocrx_word' id='word_1_1060' title='bbox 3413 5867 3588 5951; x_wconf 48' lang='grc' dir='ltr'><strong>διάη-θ</strong></span> 
     </span>
    </p>
   </div>
  </div>
