4012 6336
489 333 597 393 695

1556 331 1827 389 JJANNIS
1864 330 2177 389 CASSIANI
2216 328 2712 387 COLLAT'IONES.

3652 337 3747 395 B98

489 464 611 507 esse
659 461 851 509 omnes
879 452 1125 522 ejusdem
1158 450 1450 507 ferocitatis
1477 458 1531 506 et
1561 450 1814 507 desiderii
1837 492 1852 515 ,
1882 451 1976 507 sed
2007 466 2075 507 ne
2100 456 2153 515 Α
2182 448 2483 514 voluntate,
2524 464 2629 504 non
2662 464 2839 522 pugna
2865 450 3093 507 dicenda
3138 461 3243 520 est,
3289 467 3387 508 nec
3426 453 3743 524 colluctatio,

488 542 650 598 unius
679 543 895 614 quidem
940 542 1269 599 fortitudinis
1308 553 1471 613 atque
1501 544 1792 615 nequitia);
1834 554 1889 599 et
1942 546 2075 599 inci-

488 634 772 707 pientibus
803 636 1017 707 quidem
1046 646 1209 708 atque
1230 635 1457 691 infirmis
1489 652 1593 691 non
1618 637 1718 692 nisi
1751 637 2075 693 infirmiores

488 728 716 799 spiritus
768 728 821 785 in
858 730 1155 785 certamine
1184 729 1525 799 comparari,
1578 738 1631 785 et
1678 729 1762 784 bis
1820 728 2073 800 nequitiis

486 821 826 892 spiritalibus
880 821 1190 892 superatis,
1244 820 1508 893 gradatim
1542 838 1757 895 semper
1811 824 2073 879 adversus

486 912 745 970 athletam
775 912 977 969 Christi
1004 914 1273 970 robustior
1302 929 1475 986 pugna
1497 915 1772 971 succedet.
1800 916 1901 971 Pro
1921 930 2072 973 com-

484 1007 773 1076 paratione
819 1008 1088 1077 siquidem
1139 1008 1332 1064 virium
1382 1024 1447 1065 ac
1505 1009 1777 1080 profectus
1815 1009 2067 1077 humani,

483 1098 647 1154 etiam
699 1098 990 1156 difficultas
1029 1099 1431 1157 colluctationis
1458 1113 1707 1171 augetur.
1733 1102 1892 1157 Nullo
1922 1103 2067 1159 enim

485 1192 652 1249 modo
679 1192 907 1264 quilibet
928 1203 1235 1251 sanctorum
1258 1194 1533 1253 sufllceret
1556 1196 1747 1252 talium
1773 1207 2069 1254 tantorum-

482 1296 591 1355 que
619 1282 853 1341 hostium
878 1286 1104 1342 sufferre
1147 1287 1479 1358 nequitiam,
1509 1290 1591 1342 vel
1641 1288 1851 1345 insidiis
1879 1304 2068 1346 eorum

484 1385 673 1446 posset
704 1392 991 1435 occurrere
1018 1420 1033 1444 ,
1078 1378 1169 1434 sed
1206 1393 1305 1434 nec
1334 1379 1707 1435 crudelitatem
1760 1380 1974 1447 quidem
2002 1395 2068 1436 ac

480 1468 749 1526 saevitiam
776 1474 1067 1539 sustinere,
1098 1472 1143 1527 si
1170 1487 1275 1528 non
1300 1472 1581 1528 certamini
1611 1482 1797 1529 nostro
1826 1472 2068 1528 clemen-

479 1560 722 1619 tissimus
746 1565 951 1625 arliiier
982 1578 1144 1637 atque
1163 1574 1187 1604 ι
1209 1567 1531 1637 agonotlieta
1562 1566 1863 1637 praesidens
1898 1566 2064 1622 Chri-

478 1662 617 1722 stus,
638 1664 692 1711 et
717 1666 1023 1727 exaequaret
1053 1659 1459 1715 colluctantium
1483 1660 1650 1726 vires,
1669 1670 1722 1715 et
1740 1660 2066 1715 immodera-

479 1753 567 1802 tos
590 1762 776 1803 eorum
806 1750 1091 1817 repelleret
1116 1765 1179 1805 ac
1208 1750 1508 1807 refrenaret
1548 1752 1815 1818 incursus,
1838 1751 2064 1808 faceret-

2184 556 2360 613 neque
2385 552 2687 611 certamen,
2715 545 2810 601 sed
2851 545 3035 613 iniqua
3063 546 3308 618 quaedam
3340 556 3393 604 et
3419 549 3746 608 irrationabi-

2184 636 2248 690 lis
2282 638 2697 707 oppugnationis
2740 638 3045 709 Oppressio.
3099 639 3204 696 Sed
3237 640 3396 712 plane
3424 641 3663 700 laborant
3694 654 3746 700 et

2184 729 2283 800 ipsi
2336 744 2445 784 non
2488 730 2666 785 minus
2705 730 3089 803 impugnantes
3132 732 3423 788 humanum
3469 749 3651 803 genus,
3695 746 3745 791 et

2178 820 2443 879 desudant
2479 830 2541 879 ut
2568 822 2897 894 prtevaleant
2940 824 3008 879 de
3062 840 3386 897 unoquoque
3416 825 3557 881 illam
3595 843 3742 897 quam

2177 918 2403 989 cupiunt
2442 917 2690 974 obtinere
2723 918 3028 985 victoriam,
3077 929 3134 975 et
3175 929 3519 991 retorquetur
3559 920 3610 974 in
3652 935 3741 976 eos

2178 1009 2267 1064 illa
2296 1009 2547 1065 confusio
2575 1025 2697 1080 qua:
2727 1025 2827 1067 nos
2858 1011 3110 1068 manebat
3138 1012 3181 1067 si
3214 1013 3281 1068 ab
3305 1012 3438 1083 ipsis
3469 1012 3745 1067 fuissemus

2176 1102 2319 1170 elisi,
2362 1102 2658 1159 secundum
2700 1103 2871 1158 illud:
2906 1101 3073 1175 Caput
3103 1105 3346 1159 circuitus
3376 1120 3573 1169 eorum,
3613 1104 3746 1159 labor

2177 1194 2431 1250 labiorum
2452 1196 2685 1265 ipsorum
2705 1196 2895 1266 aperiet
2923 1213 3009 1252 eos
3032 1196 3204 1268 (Psal.
3231 1195 3471 1266 cxxxtx).
3506 1196 3592 1259 Et,
3615 1194 3743 1250 Con-

2172 1297 2398 1342 vertetur
2425 1290 2575 1344 dolor
2609 1294 2722 1362 ejus
2747 1290 2801 1343 in
2848 1300 3001 1358 caput
3030 1293 3145 1363 ejus
3176 1288 3353 1359 (Psal.
3384 1287 3506 1361 vn).
3550 1288 3616 1344 Et
3644 1288 3736 1345 ite-

2174 1396 2292 1435 rum
2340 1398 2355 1439 :
2395 1380 2583 1436 Veniat
2622 1382 2702 1437 illi
2744 1382 2956 1453 laqueus
3002 1400 3151 1454 quem
3198 1384 3426 1453 ignorat,
3481 1393 3529 1437 et
3574 1383 3736 1451 captio

2170 1490 2329 1545 quam
2369 1474 2658 1542 abscondit,
2687 1474 3038 1548 apprehendat
3068 1491 3185 1529 eum
3222 1484 3270 1530 et
3313 1475 3367 1529 in
3404 1476 3636 1544 laqueum
3661 1490 3743 1528 ca-

2171 1570 2258 1624 dat
2280 1569 2456 1640 (Psal.
2480 1569 2695 1641 xxxiv),
2728 1570 2782 1625 in
2810 1570 2986 1640 ipsum
3033 1570 3242 1626 scilicet
3271 1585 3431 1642 quem
3472 1583 3630 1638 super
3652 1567 3743 1623 ho-

2171 1661 2373 1717 minum
2404 1662 2721 1734 deceptione
2758 1662 2994 1717 molitur.
3031 1660 3224 1717 Dolcnt
3249 1661 3412 1731 igitur
3453 1660 3612 1715 etiam
3647 1659 3741 1730 ipsi

2173 1772 2282 1810 non
2314 1756 2526 1822 minus;
2565 1764 2621 1812 et
2644 1754 3095 1825 quemadmodum
3124 1771 3221 1809 nos
3241 1753 3470 1818 elidunt,
3500 1751 3599 1822 ipsi
3619 1767 3741 1821 quo—

476 1854 582 1911 que
610 1856 731 1897 cum
759 1844 1056 1899 tentatione
1084 1843 1111 1883 δ
1142 1846 1372 1913 exitum,
1395 1860 1449 1901 ut
1479 1847 1747 1906 sustinere
1771 1849 2060 1918 possimus.
2094 1847 2141 1907 Β
2168 1862 2273 1919 que
2313 1846 2563 1903 similiter
2607 1847 2903 1909 eliduntur,
2955 1862 3057 1905 nec
3096 1847 3223 1900 victi
3272 1846 3392 1901 sine
3436 1843 3742 1901 confusione

1059 1956 1287 2015 CAPUT
1326 1958 1470 2015 XXI.

476 2045 630 2114 Quod
672 2049 929 2103 dwmones
972 2067 1089 2105 cum
1134 2051 1427 2194 honﬂiinibus
1475 2068 1577 2106 non
1616 2052 1724 2107 sine
1762 2067 1856 2106 suo
1889 2052 2063 2108 labore

1111 2138 1207 2176 con
1254 2130 1416 2192 iganl.

1111 2130 1416 2192 conﬂigant.

546 2209 695 2268 lianc
737 2221 917 2268 autem
946 2223 967 2251 ο
1005 2211 1446 2269 colluctationem
1481 2212 1605 2269 illos
1652 2228 1759 2271 non
1804 2215 1922 2270 sine
1961 2227 2061 2270 suo

470 2306 746 2362 credimus
786 2306 971 2363 labore
1016 2308 1304 2364 conficere.
1359 2307 1571 2364 Habent
1614 2324 1848 2380 namque
1894 2308 2057 2365 etiam

468 2396 574 2468 ipsi
602 2399 653 2454 in
685 2414 783 2454 suo
814 2400 1069 2455 conflictu
1098 2400 1384 2471 quamdam
1434 2402 1763 2458 anxietatem
1804 2411 1857 2459 et
1887 2402 2060 2459 tristi-

468 2491 620 2557 tiam,
652 2500 707 2547 et
735 2492 965 2548 maxime
988 2508 1110 2548 cum
1140 2492 1343 2550 fuerint
1366 2493 1722 2550 validioribus
1747 2494 1976 2559 aemulis,
2004 2494 2056 2549 id

468 2593 577 2649 est,
631 2581 762 2639 viris
811 2585 1013 2640 sanctis
1057 2584 1417 2657 perfectisque
1455 2586 1760 2657 congressi.
1804 2586 2055 2657 Alioquin

464 2672 579 2743 jam
608 2688 718 2730 non
740 2675 1026 2732 conflictus
1055 2692 1153 2733 nec
1180 2678 1511 2747 colluctatio,
1554 2677 1649 2734 sed
1679 2680 1908 2750 simplex
1939 2690 2057 2735 tan-

465 2775 605 2833 tum,
629 2776 705 2834 et,
739 2778 796 2822 ut
823 2768 893 2822 ita
925 2768 1183 2837 dixerim,
1228 2785 1417 2827 secura
1449 2772 1559 2827 illis
1586 2780 1733 2828 esset
1775 2771 2055 2829 hominum

463 2858 724 2914 attributa
750 2860 1016 2930 deceptio.
1058 2862 1127 2919 Et
1148 2864 1421 2933 quomodo
1453 2872 1628 2922 staret
1651 2865 1783 2921 illud
1808 2867 2054 2937 Apostoli

462 2953 608 3024 quod
637 2954 790 3021 dicit,
816 2955 938 3009 Non
966 2964 1043 3011 est
1076 2957 1221 3012 nobis
1247 2958 1543 3014 colluctatio
1572 2962 1815 3015 adversus
1845 2976 2053 3015 carnem

465 3060 517 3106 et
545 3054 871 3124 sanguinem,
897 3053 986 3107 sed
1008 3054 1251 3109 adversus
1275 3055 1615 3128 principatus,
1639 3056 1886 3110 adversus
1910 3064 2052 3126 pote-

463 3151 643 3211 states,
688 3144 933 3199 adversus
972 3146 1151 3199 mundi
1204 3156 1424 3201 rectores
1473 3147 1796 3202 tenebrarum
1841 3147 2045 3215 harum,

2166 1940 2472 1997 discedunt.
2506 1940 2651 2009 Quas
2692 1954 2883 1995 eorum
2926 1938 3115 1994 ruinas
3144 1947 3307 2008 atque
3351 1934 3633 1992 conflictus
3662 1935 3742 1990 ille

2167 2032 2258 2103 qui
2288 2048 2454 2089 sanos
2482 2032 2765 2088 interioris
2792 2031 3029 2087 hominis
3058 2031 3244 2087 oculos
3274 2028 3587 2101 possidebat
3618 2040 3743 2098 quo-

2166 2124 2298 2181 tidie
2328 2138 2583 2190 cernens,
2612 2123 2914 2193 vidensque
2941 2138 3036 2178 eos
3064 2120 3472 2194 supergaudere
3498 2120 3664 2177 ruinis
3692 2128 3743 2175 et

2161 2218 2381 2275 casibus
2412 2217 2773 2289 singulorum,
2807 2231 2870 2271 ac
2896 2216 3092 2271 timens
3116 2231 3183 2269 ne
3210 2214 3276 2269 de
3305 2229 3365 2270 se
3386 2228 3600 2285 quoque
3619 2229 3739 2268 eve-

2162 2309 2305 2366 niret
2350 2309 2431 2365 eis
2476 2310 2577 2364 ista
2616 2308 2827 2376 laetitia,
2873 2307 3160 2363 Dominum
3203 2306 3531 2377 deprecatur
3562 2324 3574 2359 :
3602 2304 3735 2360 Illu-

2160 2403 2324 2469 mina,
2357 2404 2628 2475 inquiens,
2657 2401 2833 2457 oculos
2862 2418 3018 2467 meos,
3050 2418 3112 2455 ne
3141 2417 3381 2471 umquam
3412 2400 3724 2455 obdormiant

2160 2496 2216 2549 in
2246 2504 2444 2560 morte;
2476 2510 2539 2549 ne
2562 2494 2775 2565 quando
2817 2493 2955 2547 dicat
2989 2493 3226 2547 inimicus
3262 2507 3424 2560 meus,
3476 2489 3729 2546 Prwvalui

2160 2587 2407 2641 adversus
2436 2602 2575 2641 eum.
2613 2585 2715 2651 Qui
2742 2584 2996 2639 tribulant
3036 2600 3138 2650 me,
3176 2581 3531 2648 exsultabant,
3558 2583 3602 2637 si
3629 2598 3734 2635 inoo

2160 2688 2243 2733 tus
2284 2676 2430 2748 fuero
2456 2675 2630 2748 (Psal.
2663 2674 2781 2747 xii).
2827 2676 2895 2732 Et
2926 2695 2939 2731 :
2968 2675 3108 2731 Deus
3148 2692 3309 2744 meus,
3352 2691 3417 2730 ne
3465 2691 3739 2755 superqua-

2159 2770 2317 2824 deant
2345 2768 2494 2835 mihi,
2514 2786 2575 2823 ne
2598 2769 2773 2823 dicant
2799 2770 2853 2823 in
2879 2768 3117 2823 cordibus
3144 2769 3274 2833 suis,
3300 2765 3469 2840 Euge,
3484 2784 3607 2838 euge
3630 2767 3736 2821 ani-

2159 2878 2256 2916 ma:
2294 2871 2519 2927 nostrie;
2574 2877 2668 2914 nec
2726 2861 2924 2927 dicant,
2988 2859 3353 2914 Devorabimus
3400 2874 3519 2913 eum
3570 2856 3735 2930 (Psal.

2160 2954 2381 3024 xxxn');
2412 2964 2464 3009 et
2489 2971 2501 3006 :
2534 2951 2895 3008 Frenduerunt
2920 2968 3078 3023 super
3106 2968 3185 3005 me
3211 2951 3446 3005 dentibus
3481 2950 3607 3006 suis.
3632 2949 3735 3004 Do-

2158 3048 2314 3112 mine,
2360 3048 2571 3119 quando
2619 3047 2858 3116 rcspicies
2895 3045 3122 3117 (Ibid.)?
3170 3044 3463 3100 insidiatur
3504 3045 3644 3100 enim
3685 3042 3736 3098 in

2159 3140 2502 3205 abscondito,
2552 3148 2610 3194 ut
2655 3139 2742 3195 leo
2773 3139 2825 3194 in
2863 3137 3027 3193 cubili
3071 3152 3191 3204 suo,
3222 3136 3514 3191 insidiatur
3558 3143 3616 3189 ut
3656 3149 3737 3188 ra-

463 3244 644 3289 contra
664 3236 919 3306 spiritalia
942 3238 1187 3308 nequitia:
1214 3237 1268 3291 in
1289 3236 1575 3294 caelestibus
1596 3238 1819 3313 (Ephes.
1851 3239 1952 3312 v1).
1981 3240 2050 3295 Et
2078 3232 2125 3295 C
2158 3236 2269 3305 piat
2300 3248 2616 3305 pauperem.
2650 3232 2735 3300 Et,
2780 3232 2980 3301 Quaerit
3010 3248 3042 3284 a
3087 3228 3197 3284 Deo
3234 3246 3401 3284 escam
3441 3229 3541 3283 sibi
3567 3224 3732 3297 (Ptol.

464 3325 600 3383 illud
630 3345 640 3380 :
672 3327 767 3384 Sic
801 3345 972 3398 pugno
1020 3345 1119 3383 non
1148 3330 1295 3401 quasi
1340 3346 1513 3386 aerem
1553 3334 1824 3387 verberans
1852 3333 1897 3401 (l
1920 3331 2043 3387 Cor.

463 3417 565 3491 Ix).
610 3418 676 3474 Et
706 3421 925 3487 iterum,
957 3420 1164 3477 Bonum
1193 3440 1414 3495 agonem
1457 3426 1648 3480 certaui
1678 3425 1744 3499 (II
1772 3426 1908 3482 Tim.
1944 3429 2043 3495 tv).

462 3509 569 3568 Ubi
596 3511 740 3568 enim
765 3510 790 3551 ἀ
820 3528 959 3584 agon
985 3514 1203 3584 dicitur,
1242 3528 1298 3572 et
1324 3527 1622 3586 certamen,
1648 3527 1703 3575 et
1726 3534 1925 3589 pugna,
1948 3533 2046 3575 seu

458 3604 797 3672 colluctatio,
830 3622 1056 3663 necesse
1086 3619 1169 3665 est
1189 3620 1243 3666 et
1265 3610 1538 3681 utrimque
1567 3611 1755 3677 sudor,
1780 3621 1835 3666 et
1865 3611 2042 3677 labor,

459 3706 517 3754 et
544 3700 849 3755 sollicitudo
888 3702 1169 3768 subeatur,
1214 3712 1269 3757 et
1299 3703 1581 3773 :equaliter
1614 3704 1739 3759 illos
1766 3704 1851 3759 vel
1883 3718 2046 3775 super

456 3788 762 3859 dejectione
792 3799 1011 3846 maneat
1039 3791 1198 3847 dolor
1237 3801 1401 3863 atque
1444 3794 1709 3858 confusio,
1752 3795 1836 3850 vel
1865 3794 1931 3849 de
1962 3796 2045 3849 vi-

456 3882 630 3935 ctoria
661 3882 913 3951 gaudium
950 3892 1337 3954 consequatur.
1372 3883 1476 3940 Ubi
1508 3902 1637 3941 vero
1662 3887 1770 3941 alio
1800 3902 1923 3940 cum
1951 3900 2043 3939 su-

456 3973 592 4027 dore
622 3974 880 4039 luctante,
910 3975 1049 4030 alius
1078 3990 1199 4030 cum
1231 3976 1344 4031 otio
1371 3991 1434 4032 ac
1463 3978 1752 4032 securitate
1774 3976 2036 4045 conﬂigit,

452 4072 513 4121 et
538 4064 606 4120 ad
650 4066 1008 4137 dejicientlutn
1049 4070 1305 4125 aemulum
1340 4068 1453 4125 sola
1489 4084 1587 4141 pro
1624 4070 1838 4124 viribus
1869 4070 2041 4123 utitur

2159 3327 2299 3398 cm).
2325 3326 2429 3394 Qui
2469 3341 2681 3383 rursum
2724 3324 2934 3381 cunctis
2976 3322 3259 3379 conatibus
3303 3321 3586 3390 expensis,
3618 3334 3733 3374 cum

2156 3419 2537 3489 deceptionem
2565 3426 2807 3475 nostram
2834 3432 2941 3472 non
2966 3415 3241 3486 potuerint
3270 3412 3545 3481 obtinere,
3578 3426 3733 3483 super

2157 3524 2369 3571 cassato
2394 3514 2581 3570 labore
2608 3529 2729 3579 suo,
2780 3526 3004 3567 necesse
3030 3520 3114 3565 est
3142 3518 3197 3565 nt
3244 3508 3649 3565 confundantur
3683 3514 3734 3563 et

2159 3606 2485 3663 erubescant
2511 3606 2604 3676 qui
2626 3612 2877 3675 quaerunt
2901 3602 3109 3657 animas
3142 3610 3355 3658 nostras
3374 3642 3390 3667 ,
3413 3611 3475 3657 ut
3498 3601 3736 3657 auferant

2158 3715 2272 3766 eas,
2294 3700 2581 3755 induantur
2606 3698 2913 3767 confusione
2937 3708 2983 3750 et
3010 3695 3209 3767 pudore
3234 3694 3321 3764 qui
3346 3694 3577 3764 cogitant
3598 3691 3733 3746 nobis

2156 3792 2299 3847 mala
2341 3790 2459 3861 (Ps.
2492 3788 2697 3861 xxxiv).
2725 3788 2987 3845 Jeremias
3029 3802 3265 3859 quoilue,
3294 3785 3728 3858 Confundantur,

2156 3886 2347 3956 inquit,
2380 3884 2481 3950 illi,
2505 3892 2552 3937 et
2573 3901 2673 3938 non
2694 3883 2986 3952 confundar
3009 3897 3135 3953 ego;
3166 3889 3384 3951 paveant
3410 3880 3525 3947 illi,
3558 3890 3606 3935 et
3631 3893 3730 3931 non

2151 3991 2364 4047 paveam
2386 3991 2511 4047 ego;
2538 3977 2694 4030 induc
2714 3992 2869 4046 super
2889 3989 2974 4030 eos
2992 3974 3123 4028 iram
3143 3972 3338 4041 furoris
3360 3972 3458 4040 tui,
3476 3982 3523 4025 et
3543 3969 3731 4042 duplici

2153 4070 2461 4122 contritione
2482 4077 2680 4122 contere
2706 4083 2792 4123 eos
2811 4065 3027 4138 (Jerem.
3045 4066 3199 4136 xvu).
3224 4063 3368 4120 Nulli
3395 4062 3601 4121 etenim
3632 4062 3729 4117 du-

1503 4182 1759 4239 ALARDI
1800 4180 2037 4239 GAZA‘II
2075 4178 2639 4239 COMMENTARIUS.

451 4283 536 4327 tus
576 4274 843 4341 nequiores
883 4290 961 4345 se,
1003 4286 1050 4329 et
1074 4276 1190 4345 ﬁeri
1218 4276 1491 4330 novissima
1528 4276 1747 4330 hominis
1773 4277 1916 4330 illius
1943 4293 2033 4343 pe-

446 4347 570 4421 jora
593 4345 853 4421 prioribus
884 4344 1095 4421 (Matth.
1129 4346 1245 4421 xit).
1295 4346 1424 4421 Vide
1468 4347 1567 4421 hac
1602 4347 1671 4402 de
1700 4348 2030 4421 relepidnin

450 4414 763 4499 Exemplum
807 4414 946 4485 apud
969 4414 1282 4499 Caesarium
1313 4417 1733 4499 Cisterciensem
1776 4414 1868 4499 lib}
1899 4434 1929 4471 ν
1961 4418 2031 4473 de

449 4484 800 4543 Damonibus
820 4484 940 4553 eap.
969 4489 1058 4554 56,
1088 4503 1196 4557 quo
1213 4488 1451 4543 ostendit
1473 4505 1577 4544 non
1609 4504 1799 4545 omnes
1826 4490 2029 4545 dmino-

447 4571 565 4644 ξινεξει⁸
588 4572 745 4644 reque
771 4560 957 4644 [malos
1000 4569 1057 4642 et
1088 4561 1296 4644 ωριφὶ
1316 4573 1459 4644 esse.
1505 4561 1773 4644 Ralladius
1811 4560 1940 4643 item
1974 4560 2028 4615 in

450 4626 574 4681 Vita
594 4626 747 4702 Pauli
771 4628 1046 4702 Simplicis
1074 4632 1243 4686 refert
1263 4630 1319 4687 S.
1345 4630 1635 4687 Antonium
1662 4648 1767 4687 non
1787 4632 2029 4702 potuisse

2136 4292 2230 4347 nec
2269 4277 2477 4331 alterius
2526 4278 2700 4347 palma
2743 4274 2893 4330 alteri
2930 4285 3083 4347 parat
3121 4273 3463 4345 ignominiam
3497 4290 3517 4328 .'
3553 4288 3726 4326 omnes

2136 4344 2359 4401 athletas
2380 4363 2504 4401 suos
2526 4344 2789 4402 desiderat
2815 4344 3074 4400 coronari.

2210 4416 2235 4455 δ
2264 4419 2338 4473 Ita
2366 4418 2565 4488 passim
2606 4417 2734 4487 legit
2768 4419 2983 4484 exitum,
3023 4416 3146 4484 quia
3168 4415 3367 4488 _Gr:ece
3389 4416 3633 4481 ἔκϐασιν,
3665 4424 3719 4468 ιιι

2134 4491 2207 4542 sit
2236 4486 2428 4544 sensus
2458 4506 2472 4543 :
2504 4491 2548 4543 si
2583 4486 2808 4545 teti’tatio
2846 4486 3319 4557 itigruerithaciet
3351 4499 3407 4540 ut
3439 4488 3626 4540 statim
3656 4500 3715 4557 ea

2134 4560 2334 4627 evolet,
2382 4570 2689 4629 superetur,
2748 4554 3040 4616 evanescat
3082 4554 3250 4626 (Vide
3291 4566 3440 4612 notas
3501 4558 3571 4611 ad
3617 4555 3721 4609 cof-

2139 4630 2422 4701 lat.5cap.
2454 4629 2565 4701 17).
2616 4700 2625 4701 ί
2769 4700 2773 4701 ί
2905 4698 2920 4701 _
3140 4699 3150 4701 Α
3230 4699 3239 4701 _
3283 4699 3294 4701 _
3688 4697 3719 4701 η

2158 4640 2229 4685 at.
2255 4633 2422 4702 Scep.
2454 4633 2565 4701 i7).

447 4680 1054 4783 “magismagis
1071 4680 2028 4783 assignatusnaeniaein;
2056 4680 2113 4743 υ
2139 4680 2236 4783 fit
2254 4680 2443 4783 fines
2460 4680 2655 4783 -ιλίιέείι
2699 4700 2871 4783 prima
2896 4698 3075 4783 fronte
3121 4697 3722 4783 de’laborejorporali

410 4832 417 4840 ,
445 4777 606 4844 locat
628 4770 672 4840 ),
696 4785 927 4844 eumque
968 4774 1035 4827 ad
1070 4770 1291 4828 Paulum
1321 4770 1594 4829 remisisse
1623 4770 2023 4844 expellendum.

448 4838 603 4919 Vide_
614 4838 735 4919 cap.
768 4838 1035 4919 Sl'hujus‘
1057 4844 1385 4919 collationis.

402 4909 422 4983 ς
516 4919 542 4947 ι
566 4909 643 4965 De
674 4909 773 4968 hac
808 4909 962 4986 voce;
969 4915 1105 4969 alias
1130 4916 1331 4970 dictum
1360 4915 1601 4986 est(Lib.
1627 4930 1702 4982 vr,
1732 4931 1779 4969 c.
1811 4915 1886 4986 9).
1913 4915 2029 4983 Qua

410 5030 411 5033 η
442 4995 574 5058 usus
615 4993 698 5058 est
730 4985 892 5058 etiam
920 4983 1309 5058 Tertullianus,
1342 4986 1416 5058 ita
1447 4983 1699 5058 martyras
1735 4983 2030 5042 exhortans

400 5100 407 5125 Γ
441 5050 585 5128 (Lib.
627 5053 696 5128 ad
738 5051 1004 5124 Martyras
1041 5072 1157 5121 cap.
1192 5050 1304 5128 3);?
1328 5055 1528 5111 Bonum
1566 5050 1783 5128 dgonsm
1811 5058 2031 5113 subituri

402 5164 408 5197 λ
439 5123 588 5199 estis,
626 5125 681 5177 in
728 5141 828 5191 quo
870 5123 1202 5194 agouothetes
1230 5123 1382 5181 'Deus
1425 5146 1557 5183 unus
1593 5123 1687 5195 Est,
1730 5129 2029 5199 xystarches

438 5192 670 5268 Spiritus
684 5192 930 5268 sanctus,
958 5212 1145 5268 corona
1172 5200 1472 5253 aeternitatis
1498 5192 1750 5262 braviuin,
1766 5192 2028 5268 angelica:

437 5264 740 5340 substantiae
772 5267 957 5340 palilia
992 5267 1047 5321 in
1094 5269 1254 5334 βαιός,
1293 5270 1459 5340 gloria
1500 5272 1553 5323 in
1584 5270 1777 5340 stacttla
1814 5264 2027 5324 uacula-

435 5352 576 5389 rum.
619 5333 803 5407 Itaque
841 5338 1083 5405 epistates
1123 5333 1556 5394 vester'CItristus
1589 5339 1764 5403 Iesus,
1815 5342 1901 5408 qui
1938 5356 2025 5395 vos

436 5407 634 5482 spiritu
666 5409 856 5482 ωαξη-
879 5418 929 5482 et
958 5408 1028 5462 ad
1069 5412 1163 5463 hoc
1200 5426 1425 5482 scamma
1461 5411 1727 5482 produxit,
1766 5407 1904 5477 ωας
1935 5412 2023 5467 ubi

438 5478 733 5551 exponitur
769 5495 799 5533 a
828 5480 1092 5535 Bhenano
1132 5478 1481 5551 agonotltetes
1509 5483 1599 5550 qui
1630 5491 1901 5537 certamen
1927 5483 2024 5537 ’ἰη-

438 5547 873 5628 struiupraemio
911 5547 1224 5628 proposito:
1268 5547 1583 5628 xystarclies
1628 5554 1767 5624 xysti
1798 5566 2017 5628 p_r:eses,

437 5616 567 5694 loci,
614 5618 855 5694 inquam,
911 5616 976 5677 'in
1014 5616 1151 5693 'quo
1194 5616 1321 5694 per'
1347 5625 1576 5679 hiemem
1628 5616 2022 5694 exercebantur

436 5687 658 5767 athletae
657 5703 688 5767 ξ
732 5693 989 5767 epistates
1026 5687 1348 5767 athletarum
1387 5692 1828 5767 magister(Vide
1857 5711 2019 5767 supra

2138 4772 2459 4843 intelligere.
2508 4772 2643 4827 Cum
2684 4769 2831 4827 enim
2884 4772 3132 4841 superius
3171 4769 3328 4843 (Cap.
3389 4770 3483 4837 i5)
3521 4771 3724 4843 dixerit

2136 4840 2411 4897 daemones
2438 4857 2545 4897 non
2573 4858 2694 4898 esse
2732 4840 3357 4913 prorsus'incorporeos,
3398 4843 3493 4896 sed
3520 4840 3719 4895 habere

2136 4929 2352 4981 corpus,
2407 4914 2530 4968 licet
2580 4914 2749 4968 multo
2794 4914 3008 4968 tenuius
3052 4930 3209 4983 quam
3252 4927 3372 4977 nos,
3424 4921 3715 4967 consenta-

2136 4999 2299 5039 neum
2347 4999 2468 5039 esse
2511 4984 2723 5039 videtur
2745 4999 2840 5039 eos
2869 4985 3145 5039 nobiscum
3180 4984 3529 5039 colluctando
3574 4984 3717 5036 labo-

2135 5070 2282 5119 rare,
2325 5064 2380 5109 et
2422 5055 2607 5110 labore
2635 5054 2878 5124 corporis
2907 5070 3065 5122 posse
3094 5055 3327 5124 fatigari.
3372 5053 3569 5107 Verum
3600 5067 3714 5105 eum

2140 5125 2450 5196 hujusmodi
2475 5126 2786 5181 colluctatio
2819 5127 3080 5195 spiritalis
3106 5128 3198 5193 sit,
3248 5140 3354 5180 non
3394 5125 3713 5196 corporalis,

2136 5194 2379 5266 et'ipsos
2415 5198 2692 5252 daemones
2720 5194 2875 5265 plane
2917 5197 3269 5267 ineorporeos
3314 5204 3368 5251 et
3408 5194 3718 5267 spiritualt-s

2135 5264 2266 5323 esse
2286 5270 2499 5323 abunde
2524 5264 2951 5323 demonstratum
2978 5264 3209 5335 sit,'non
3238 5266 3402 5321 alium
3430 5264 3714 5335 iniaginuri

2136 5352 2423 5407 possumus
2450 5338 2689 5393 laborem
2715 5338 3051 5393 daemonibus
3082 5340 3393 5403 convenire,
3423 5353 3589 5407 quam
3620 5353 3716 5390 na-

2135 5419 2272 5464 tura:
2295 5424 2482 5465 eorum
2508 5420 2914 5480 congruentem,
2947 5409 2999 5463 id
3025 5419 3129 5477 est,
3154 5409 3532 5480 spiritualem;
3561 5423 3713 5480 quem

2170 5480 2479 5536 ostmodum
2505 5478 2893 5549 interpretatur
2912 5478 3258 5545 anxietatem,
3294 5478 3595 5544 tristitiam,
3622 5478 3716 5531 du-

2151 5565 2323 5620 orem,
2348 5552 2748 5615 confusionem,
2778 5551 3187 5619 contritionem,
3212 5561 3343 5620 etc.,
3372 5564 3496 5616 quae
3523 5551 3575 5604 in
3603 5551 3716 5601 dir-

2130 5624 2383 5678 monibus
2410 5623 2690 5691 passiones
2720 5631 2847 5677 sunt
2875 5621 3203 5692 spirituales,
3236 5637 3342 5677 non
3371 5621 3709 5691 corpurchs.

2200 5692 2226 5729 ἀ
2250 5697 2429 5764 Agon,
2472 5694 2522 5747 id
2553 5704 2656 5770 est,
2697 5704 2969 5749 certamen
3002 5713 3016 5749 :
3049 5695 3627 5770 unde_agonista,_qut
3668 5708 3715 5770 i_:i

436 5755 614 5838 equal.
651 5759 684 5815 6
722 5755 913 5833 me).
944 5764 1001 5819 S.
1049 5763 1408 5848 Hieronymus
1446 5755 1604 5834 epist.
1635 5755 1706 5821 28
1751 5765 1820 5821 ad
1862 5755 2019 5822 Luci-
2088 5755 2926 5849 .agone'contendi-t,certator,
2944 5767 3133 5891 ‘pugil,
3168 5755 3457 5837 gladiator.
3502 5755 3716 5820 Tertub

438 5842 589 5885 nium
622 5848 637 5887 :
668 5829 793 5889 Non
829 5842 923 5891 est,
971 5833 1166 5891 inquit.
1209 5834 1413 5889 invidus
1452 5838 1762 5891 aaonotlteta
1805 5847 2015 5891 noster:
2126 5836 2301 5891 lianus
2330 5836 2401 5891 de
2429 5836 2763 5891 Spectaculis
2788 5850 2910 5891 can.
2983 5838 3029 5891 l.

438 5825 589 5885 nium
622 5848 637 5887 :
668 5829 793 5889 Non
829 5825 923 5898 es't,
971 5833 1166 5902 inquit,
1209 5825 1413 5889 invidus
1452 5825 1762 5904 a'gonotheta
1805 5847 2015 5904 noster;

2126 5836 2301 5891 lianus
2330 5836 2401 5892 de
2429 5836 2763 5905 Spectaculis
2788 5850 2910 5907 cap.
