  <div class='ocr_page' id='page_1' title='image "/cluster/home/n/w/nwhite01/storage/ocr_20150623/49/hvd.32044015471543/358.png"; bbox 0 0 4012 6336; ppageno 0'>
   <div class='ocr_carea' id='block_1_1' title="bbox 279 333 383 394">
    <p class='ocr_par' dir='ltr' id='par_1_1' title="bbox 279 333 383 394">
     <span class='ocr_line' id='line_1_1' title="bbox 279 333 383 394; baseline 0.01 -1"><span class='ocrx_word' id='word_1_1' title='bbox 279 333 383 394; x_wconf 78' lang='lat'><strong>691</strong></span> 
     </span>
    </p>
   </div>
   <div class='ocr_carea' id='block_1_2' title="bbox 654 303 1838 421">
    <p class='ocr_par' dir='ltr' id='par_1_2' title="bbox 654 335 1837 402">
     <span class='ocr_line' id='line_1_2' title="bbox 654 335 1837 402; baseline 0.003 -6"><span class='ocrx_word' id='word_1_2' title='bbox 654 335 1001 396; x_wconf 65' lang='grc' dir='ltr'><strong>ϐοιωτιο</strong></span> <span class='ocrx_word' id='word_1_3' title='bbox 1040 337 1152 397; x_wconf 79' lang='lat' dir='ltr'><strong>VII.</strong></span> <span class='ocrx_word' id='word_1_4' title='bbox 1184 368 1256 383; x_wconf 90' lang='lat'><strong><em>—</em></strong></span> <span class='ocrx_word' id='word_1_5' title='bbox 1286 338 1373 398; x_wconf 82' lang='lat' dir='ltr'><strong>DE</strong></span> <span class='ocrx_word' id='word_1_6' title='bbox 1413 340 1656 400; x_wconf 66' lang='lat' dir='ltr'><strong>ANIMJE</strong></span> <span class='ocrx_word' id='word_1_7' title='bbox 1696 342 1837 402; x_wconf 82' lang='lat' dir='ltr'><strong>MOB</strong></span> 
     </span>
    </p>
   </div>
   <div class='ocr_carea' id='block_1_3' title="bbox 1947 303 3181 421">
    <p class='ocr_par' dir='ltr' id='par_1_3' title="bbox 1947 303 3181 421">
     <span class='ocr_line' id='line_1_3' title="bbox 1947 303 3181 421; baseline 0.006 -22"><span class='ocrx_word' id='word_1_8' title='bbox 1947 343 2121 400; x_wconf 74' lang='lat' dir='ltr'><strong>me</strong></span> <span class='ocrx_word' id='word_1_9' title='bbox 2165 344 2252 401; x_wconf 75' lang='lat' dir='ltr'><strong>ar</strong></span> <span class='ocrx_word' id='word_1_10' title='bbox 2290 345 2770 407; x_wconf 80' lang='lat' dir='ltr'><strong>SPIRITALIBUS</strong></span> <span class='ocrx_word' id='word_1_11' title='bbox 2793 303 3181 421; x_wconf 73' lang='lat' dir='ltr'><strong>&#39;Nsourrns.</strong></span> 
     </span>
    </p>
   </div>
   <div class='ocr_carea' id='block_1_4' title="bbox 3450 358 3557 416">
    <p class='ocr_par' dir='ltr' id='par_1_4' title="bbox 3450 358 3557 416">
     <span class='ocr_line' id='line_1_4' title="bbox 3450 358 3557 416; baseline 0.009 -1"><span class='ocrx_word' id='word_1_12' title='bbox 3450 358 3557 416; x_wconf 75' lang='lat'><strong>698</strong></span> 
     </span>
    </p>
   </div>
   <div class='ocr_carea' id='block_1_5' title="bbox 280 448 3556 535">
    <p class='ocr_par' dir='ltr' id='par_1_5' title="bbox 280 448 3556 535">
     <span class='ocr_line' id='line_1_5' title="bbox 280 448 3556 535; baseline 0.007 -30"><span class='ocrx_word' id='word_1_13' title='bbox 280 450 424 506; x_wconf 84' lang='lat' dir='ltr'><strong>bium</strong></span> <span class='ocrx_word' id='word_1_14' title='bbox 465 459 575 518; x_wconf 89' lang='lat' dir='ltr'><strong>est,</strong></span> <span class='ocrx_word' id='word_1_15' title='bbox 605 464 730 506; x_wconf 89' lang='lat' dir='ltr'><strong>cum</strong></span> <span class='ocrx_word' id='word_1_16' title='bbox 753 465 783 505; x_wconf 90' lang='lat' dir='ltr'><strong>a</strong></span> <span class='ocrx_word' id='word_1_17' title='bbox 818 448 975 507; x_wconf 87' lang='lat' dir='ltr'><strong>nobis</strong></span> <span class='ocrx_word' id='word_1_18' title='bbox 1002 450 1205 508; x_wconf 78' lang='lat' dir='ltr'><strong>iuerint</strong></span> <span class='ocrx_word' id='word_1_19' title='bbox 1228 455 1487 526; x_wconf 86' lang='lat' dir='ltr'><strong>superati,</strong></span> <span class='ocrx_word' id='word_1_20' title='bbox 1536 456 1867 513; x_wconf 75' lang='lat' dir='ltr'><strong>contritione</strong></span> <span class='ocrx_word' id='word_1_21' title='bbox 1893 458 1943 519; x_wconf 77' lang='grc' dir='ltr'>Α</span> <span class='ocrx_word' id='word_1_22' title='bbox 1971 458 2207 513; x_wconf 83' lang='lat' dir='ltr'><strong>minibus</strong></span> <span class='ocrx_word' id='word_1_23' title='bbox 2237 460 2480 531; x_wconf 79' lang='lat' dir='ltr'><strong>legentes</strong></span> <span class='ocrx_word' id='word_1_24' title='bbox 2524 464 2639 519; x_wconf 86' lang='lat' dir='ltr'><strong>sive</strong></span> <span class='ocrx_word' id='word_1_25' title='bbox 2688 476 2966 535; x_wconf 75' lang='lat' dir='ltr'><strong>canentes,</strong></span> <span class='ocrx_word' id='word_1_26' title='bbox 3016 468 3118 523; x_wconf 87' lang='lat' dir='ltr'><strong>nisi</strong></span> <span class='ocrx_word' id='word_1_27' title='bbox 3151 477 3174 506; x_wconf 81' lang='grc' dir='ltr'><strong>ι</strong></span> <span class='ocrx_word' id='word_1_28' title='bbox 3199 481 3388 527; x_wconf 89' lang='lat' dir='ltr'><strong>contra</strong></span> <span class='ocrx_word' id='word_1_29' title='bbox 3423 472 3556 530; x_wconf 88' lang='lat' dir='ltr'><strong>istas</strong></span> 
     </span>
    </p>
   </div>
   <div class='ocr_carea' id='block_1_6' title="bbox 281 541 1866 619">
    <p class='ocr_par' dir='ltr' id='par_1_6' title="bbox 281 541 1866 619">
     <span class='ocr_line' id='line_1_6' title="bbox 281 541 1866 619; baseline 0.007 -24"><span class='ocrx_word' id='word_1_30' title='bbox 281 555 373 596; x_wconf 89' lang='lat' dir='ltr'><strong>eos</strong></span> <span class='ocrx_word' id='word_1_31' title='bbox 393 541 599 613; x_wconf 82' lang='lat' dir='ltr'><strong>duplici</strong></span> <span class='ocrx_word' id='word_1_32' title='bbox 621 543 980 600; x_wconf 88' lang='lat' dir='ltr'><strong>conterendos</strong></span> <span class='ocrx_word' id='word_1_33' title='bbox 998 562 1014 603; x_wconf 87' lang='lat'><strong>:</strong></span> <span class='ocrx_word' id='word_1_34' title='bbox 1033 547 1264 614; x_wconf 89' lang='lat' dir='ltr'><strong>primum</strong></span> <span class='ocrx_word' id='word_1_35' title='bbox 1280 548 1423 619; x_wconf 88' lang='lat' dir='ltr'><strong>quod</strong></span> <span class='ocrx_word' id='word_1_36' title='bbox 1447 549 1753 606; x_wconf 87' lang='lat' dir='ltr'><strong>hominibus</strong></span> <span class='ocrx_word' id='word_1_37' title='bbox 1771 566 1866 608; x_wconf 82' lang='lat' dir='ltr'><strong>ex-</strong></span> 
     </span>
    </p>
   </div>
   <div class='ocr_carea' id='block_1_7' title="bbox 277 634 1863 711">
    <p class='ocr_par' dir='ltr' id='par_1_7' title="bbox 277 634 1863 711">
     <span class='ocr_line' id='line_1_7' title="bbox 277 634 1863 711; baseline 0.006 -23"><span class='ocrx_word' id='word_1_38' title='bbox 277 634 583 702; x_wconf 86' lang='lat' dir='ltr'><strong>petentibus</strong></span> <span class='ocrx_word' id='word_1_39' title='bbox 599 635 964 704; x_wconf 91' lang='lat' dir='ltr'><strong>sanctitatem,</strong></span> <span class='ocrx_word' id='word_1_40' title='bbox 980 638 1055 694; x_wconf 85' lang='lat' dir='ltr'><strong>illi</strong></span> <span class='ocrx_word' id='word_1_41' title='bbox 1068 654 1187 694; x_wconf 90' lang='lat' dir='ltr'><strong>eam</strong></span> <span class='ocrx_word' id='word_1_42' title='bbox 1212 642 1551 711; x_wconf 83' lang='lat' dir='ltr'><strong>possidentes</strong></span> <span class='ocrx_word' id='word_1_43' title='bbox 1564 643 1863 711; x_wconf 84' lang='lat' dir='ltr'><strong>amiserint,</strong></span> 
     </span>
    </p>
   </div>
   <div class='ocr_carea' id='block_1_8' title="bbox 274 732 1864 803">
    <p class='ocr_par' dir='ltr' id='par_1_8' title="bbox 274 732 1864 803">
     <span class='ocr_line' id='line_1_8' title="bbox 274 732 1864 803; baseline 0.006 -20"><span class='ocrx_word' id='word_1_44' title='bbox 274 741 549 799; x_wconf 74' lang='lat' dir='ltr'><strong>causaque</strong></span> <span class='ocrx_word' id='word_1_45' title='bbox 596 732 908 788; x_wconf 82' lang='lat' dir='ltr'><strong>exstiterint</strong></span> <span class='ocrx_word' id='word_1_46' title='bbox 953 733 1274 803; x_wconf 82' lang='lat' dir='ltr'><strong>perditionis</strong></span> <span class='ocrx_word' id='word_1_47' title='bbox 1315 735 1605 803; x_wconf 71' lang='lat' dir='ltr'><strong>humanm;</strong></span> <span class='ocrx_word' id='word_1_48' title='bbox 1660 736 1864 793; x_wconf 90' lang='lat' dir='ltr'><strong>deinde</strong></span> 
     </span>
    </p>
   </div>
   <div class='ocr_carea' id='block_1_9' title="bbox 274 819 1860 893">
    <p class='ocr_par' dir='ltr' id='par_1_9' title="bbox 274 819 1860 893">
     <span class='ocr_line' id='line_1_9' title="bbox 274 819 1860 893; baseline 0.008 -18"><span class='ocrx_word' id='word_1_49' title='bbox 274 819 417 891; x_wconf 85' lang='lat' dir='ltr'><strong>quod</strong></span> <span class='ocrx_word' id='word_1_50' title='bbox 459 820 738 893; x_wconf 78' lang='lat' dir='ltr'><strong>spiritales</strong></span> <span class='ocrx_word' id='word_1_51' title='bbox 766 824 1081 881; x_wconf 71' lang='lat' dir='ltr'><strong>substantiae</strong></span> <span class='ocrx_word' id='word_1_52' title='bbox 1124 826 1325 883; x_wconf 78' lang='lat' dir='ltr'><strong>fuerint</strong></span> <span class='ocrx_word' id='word_1_53' title='bbox 1355 844 1384 883; x_wconf 90' lang='lat' dir='ltr'><strong>a</strong></span> <span class='ocrx_word' id='word_1_54' title='bbox 1410 831 1720 886; x_wconf 82' lang='lat' dir='ltr'><strong>carnalibus</strong></span> <span class='ocrx_word' id='word_1_55' title='bbox 1750 841 1860 888; x_wconf 88' lang='lat' dir='ltr'><strong>ter-</strong></span> 
     </span>
    </p>
   </div>
   <div class='ocr_carea' id='block_1_10' title="bbox 275 913 1858 994">
    <p class='ocr_par' dir='ltr' id='par_1_10' title="bbox 275 913 1858 994">
     <span class='ocr_line' id='line_1_10' title="bbox 275 913 1858 994; baseline 0.008 -26"><span class='ocrx_word' id='word_1_56' title='bbox 275 913 531 985; x_wconf 87' lang='lat' dir='ltr'><strong>renisque</strong></span> <span class='ocrx_word' id='word_1_57' title='bbox 558 914 807 972; x_wconf 76' lang='lat' dir='ltr'><strong>devictze.</strong></span> <span class='ocrx_word' id='word_1_58' title='bbox 830 916 940 972; x_wconf 79' lang='lat' dir='ltr'><strong>Has</strong></span> <span class='ocrx_word' id='word_1_59' title='bbox 967 918 1131 990; x_wconf 86' lang='lat' dir='ltr'><strong>igitur</strong></span> <span class='ocrx_word' id='word_1_60' title='bbox 1151 920 1336 977; x_wconf 88' lang='lat' dir='ltr'><strong>ruinas</strong></span> <span class='ocrx_word' id='word_1_61' title='bbox 1365 922 1602 977; x_wconf 88' lang='lat' dir='ltr'><strong>hostium</strong></span> <span class='ocrx_word' id='word_1_62' title='bbox 1626 938 1858 994; x_wconf 85' lang='lat' dir='ltr'><strong>suasque</strong></span> 
     </span>
    </p>
   </div>
   <div class='ocr_carea' id='block_1_11' title="bbox 195 1006 1860 1084">
    <p class='ocr_par' dir='ltr' id='par_1_11' title="bbox 195 1006 1860 1084">
     <span class='ocr_line' id='line_1_11' title="bbox 195 1006 1860 1084; baseline 0.007 -23"><span class='ocrx_word' id='word_1_63' title='bbox 195 1014 217 1083; x_wconf 53' lang='grc' dir='ltr'>ᾗ</span> <span class='ocrx_word' id='word_1_64' title='bbox 275 1006 533 1063; x_wconf 77' lang='lat' dir='ltr'><strong>victorias</strong></span> <span class='ocrx_word' id='word_1_65' title='bbox 579 1009 795 1066; x_wconf 89' lang='lat' dir='ltr'><strong>intuens</strong></span> <span class='ocrx_word' id='word_1_66' title='bbox 832 1011 1200 1084; x_wconf 80' lang='lat' dir='ltr'><strong>unusquisque</strong></span> <span class='ocrx_word' id='word_1_67' title='bbox 1246 1026 1558 1070; x_wconf 87' lang='lat' dir='ltr'><strong>sanctorum</strong></span> <span class='ocrx_word' id='word_1_68' title='bbox 1605 1031 1729 1071; x_wconf 92' lang='lat' dir='ltr'><strong>cum</strong></span> <span class='ocrx_word' id='word_1_69' title='bbox 1765 1032 1860 1072; x_wconf 78' lang='lat' dir='ltr'><strong>ex-</strong></span> 
     </span>
    </p>
   </div>
   <div class='ocr_carea' id='block_1_12' title="bbox 208 1099 1856 1179">
    <p class='ocr_par' dir='ltr' id='par_1_12' title="bbox 208 1099 1856 1179">
     <span class='ocr_line' id='line_1_12' title="bbox 208 1099 1856 1179; baseline 0.005 -24"><span class='ocrx_word' id='word_1_70' title='bbox 208 1123 212 1126; x_wconf 52' lang='grc'><em>“</em></span> <span class='ocrx_word' id='word_1_71' title='bbox 272 1099 565 1157; x_wconf 85' lang='lat' dir='ltr'><strong>sultatione</strong></span> <span class='ocrx_word' id='word_1_72' title='bbox 611 1104 957 1176; x_wconf 81' lang='lat' dir='ltr'><strong>proclamat:</strong></span> <span class='ocrx_word' id='word_1_73' title='bbox 998 1104 1289 1179; x_wconf 84' lang='lat' dir='ltr'><strong>Persequar</strong></span> <span class='ocrx_word' id='word_1_74' title='bbox 1316 1108 1556 1163; x_wconf 88' lang='lat' dir='ltr'><strong>inimicos</strong></span> <span class='ocrx_word' id='word_1_75' title='bbox 1595 1126 1755 1177; x_wconf 89' lang='lat' dir='ltr'><strong>meos,</strong></span> <span class='ocrx_word' id='word_1_76' title='bbox 1805 1119 1856 1167; x_wconf 88' lang='lat' dir='ltr'><strong>&#39;et</strong></span> 
     </span>
    </p>
   </div>
   <div class='ocr_carea' id='block_1_13' title="bbox 268 1196 1855 1275">
    <p class='ocr_par' dir='ltr' id='par_1_13' title="bbox 268 1196 1855 1275">
     <span class='ocr_line' id='line_1_13' title="bbox 268 1196 1855 1275; baseline 0.007 -26"><span class='ocrx_word' id='word_1_77' title='bbox 268 1196 693 1267; x_wconf 75' lang='lat' dir='ltr'><strong>comprehendam</strong></span> <span class='ocrx_word' id='word_1_78' title='bbox 722 1215 829 1267; x_wconf 81' lang='lat' dir='ltr'><strong>eos,</strong></span> <span class='ocrx_word' id='word_1_79' title='bbox 861 1208 910 1255; x_wconf 88' lang='lat' dir='ltr'><strong>et</strong></span> <span class='ocrx_word' id='word_1_80' title='bbox 933 1217 1036 1256; x_wconf 89' lang='lat' dir='ltr'><strong>non</strong></span> <span class='ocrx_word' id='word_1_81' title='bbox 1073 1211 1341 1257; x_wconf 88' lang='lat' dir='ltr'><strong>convertor</strong></span> <span class='ocrx_word' id='word_1_82' title='bbox 1377 1203 1539 1261; x_wconf 89' lang='lat' dir='ltr'><strong>donec</strong></span> <span class='ocrx_word' id='word_1_83' title='bbox 1569 1205 1855 1275; x_wconf 80' lang='lat' dir='ltr'><strong>deﬁciant:</strong></span> 
     </span>
    </p>
   </div>
   <div class='ocr_carea' id='block_1_14' title="bbox 265 1289 1858 1371">
    <p class='ocr_par' dir='ltr' id='par_1_14' title="bbox 265 1289 1858 1371">
     <span class='ocr_line' id='line_1_14' title="bbox 265 1289 1858 1371; baseline 0.008 -29"><span class='ocrx_word' id='word_1_84' title='bbox 265 1289 596 1361; x_wconf 81' lang='lat' dir='ltr'><strong>confringam</strong></span> <span class='ocrx_word' id='word_1_85' title='bbox 622 1308 708 1346; x_wconf 89' lang='lat' dir='ltr'><strong>eos</strong></span> <span class='ocrx_word' id='word_1_86' title='bbox 755 1308 848 1348; x_wconf 88' lang='lat' dir='ltr'><strong>nec</strong></span> <span class='ocrx_word' id='word_1_87' title='bbox 876 1305 1116 1363; x_wconf 85' lang='lat' dir='ltr'><strong>poterunt</strong></span> <span class='ocrx_word' id='word_1_88' title='bbox 1156 1307 1310 1363; x_wconf 85' lang='lat' dir='ltr'><strong>stare,</strong></span> <span class='ocrx_word' id='word_1_89' title='bbox 1354 1299 1535 1353; x_wconf 84' lang='lat' dir='ltr'><strong>cadent</strong></span> <span class='ocrx_word' id='word_1_90' title='bbox 1564 1299 1743 1353; x_wconf 89' lang='lat' dir='ltr'><strong>subtus</strong></span> <span class='ocrx_word' id='word_1_91' title='bbox 1768 1316 1858 1371; x_wconf 86' lang='lat' dir='ltr'><strong>pe-</strong></span> 
     </span>
    </p>
   </div>
   <div class='ocr_carea' id='block_1_15' title="bbox 266 1384 1850 1462">
    <p class='ocr_par' dir='ltr' id='par_1_15' title="bbox 266 1384 1850 1462">
     <span class='ocr_line' id='line_1_15' title="bbox 266 1384 1850 1462; baseline 0.008 -26"><span class='ocrx_word' id='word_1_92' title='bbox 266 1384 355 1439; x_wconf 86' lang='lat' dir='ltr'><strong>des</strong></span> <span class='ocrx_word' id='word_1_93' title='bbox 402 1400 547 1439; x_wconf 87' lang='lat' dir='ltr'><strong>meos</strong></span> <span class='ocrx_word' id='word_1_94' title='bbox 598 1385 791 1458; x_wconf 82' lang='lat' dir='ltr'><strong>(Psal.</strong></span> <span class='ocrx_word' id='word_1_95' title='bbox 834 1388 1008 1460; x_wconf 80' lang='lat' dir='ltr'><strong>xvu).</strong></span> <span class='ocrx_word' id='word_1_96' title='bbox 1059 1389 1259 1446; x_wconf 87' lang='lat' dir='ltr'><strong>Contra</strong></span> <span class='ocrx_word' id='word_1_97' title='bbox 1302 1407 1437 1462; x_wconf 89' lang='lat' dir='ltr'><strong>quos</strong></span> <span class='ocrx_word' id='word_1_98' title='bbox 1483 1394 1644 1448; x_wconf 91' lang='lat' dir='ltr'><strong>etiam</strong></span> <span class='ocrx_word' id='word_1_99' title='bbox 1686 1408 1850 1448; x_wconf 82' lang='lat' dir='ltr'><strong>orans</strong></span> 
     </span>
    </p>
   </div>
   <div class='ocr_carea' id='block_1_16' title="bbox 265 1475 1851 1551">
    <p class='ocr_par' dir='ltr' id='par_1_16' title="bbox 265 1475 1851 1551">
     <span class='ocr_line' id='line_1_16' title="bbox 265 1475 1851 1551; baseline 0.008 -24"><span class='ocrx_word' id='word_1_100' title='bbox 265 1475 405 1532; x_wconf 87' lang='lat' dir='ltr'><strong>idem</strong></span> <span class='ocrx_word' id='word_1_101' title='bbox 457 1475 752 1547; x_wconf 80' lang='lat' dir='ltr'><strong>Propheta,</strong></span> <span class='ocrx_word' id='word_1_102' title='bbox 800 1477 1015 1546; x_wconf 76' lang='lat' dir='ltr'><strong>Iudico,</strong></span> <span class='ocrx_word' id='word_1_103' title='bbox 1064 1481 1263 1551; x_wconf 85' lang='lat' dir='ltr'><strong>inquit,</strong></span> <span class='ocrx_word' id='word_1_104' title='bbox 1320 1483 1559 1551; x_wconf 81' lang='lat' dir='ltr'><strong>Domine,</strong></span> <span class='ocrx_word' id='word_1_105' title='bbox 1614 1493 1851 1539; x_wconf 78' lang='lat' dir='ltr'><strong>nocentes</strong></span> 
     </span>
    </p>
   </div>
   <div class='ocr_carea' id='block_1_17' title="bbox 262 1571 1853 1649">
    <p class='ocr_par' dir='ltr' id='par_1_17' title="bbox 262 1571 1853 1649">
     <span class='ocr_line' id='line_1_17' title="bbox 262 1571 1853 1649; baseline 0.006 -27"><span class='ocrx_word' id='word_1_106' title='bbox 262 1585 380 1635; x_wconf 77' lang='lat' dir='ltr'><strong>me;</strong></span> <span class='ocrx_word' id='word_1_107' title='bbox 417 1585 667 1643; x_wconf 68' lang='lat' dir='ltr'><strong>expugna</strong></span> <span class='ocrx_word' id='word_1_108' title='bbox 691 1571 1054 1643; x_wconf 87' lang='lat' dir='ltr'><strong>impugnantes</strong></span> <span class='ocrx_word' id='word_1_109' title='bbox 1092 1591 1210 1641; x_wconf 83' lang='lat' dir='ltr'><strong>me;</strong></span> <span class='ocrx_word' id='word_1_110' title='bbox 1239 1576 1569 1649; x_wconf 80' lang='lat' dir='ltr'><strong>apprehende</strong></span> <span class='ocrx_word' id='word_1_111' title='bbox 1610 1594 1756 1632; x_wconf 91' lang='lat' dir='ltr'><strong>arma</strong></span> <span class='ocrx_word' id='word_1_112' title='bbox 1806 1588 1853 1632; x_wconf 86' lang='lat' dir='ltr'><strong>et</strong></span> 
     </span>
    </p>
   </div>
   <div class='ocr_carea' id='block_1_18' title="bbox 262 1667 1851 1743">
    <p class='ocr_par' dir='ltr' id='par_1_18' title="bbox 262 1667 1851 1743">
     <span class='ocr_line' id='line_1_18' title="bbox 262 1667 1851 1743; baseline 0.007 -28"><span class='ocrx_word' id='word_1_113' title='bbox 262 1672 480 1729; x_wconf 77' lang='lat' dir='ltr'><strong>scutum,</strong></span> <span class='ocrx_word' id='word_1_114' title='bbox 532 1673 585 1717; x_wconf 90' lang='lat' dir='ltr'><strong>et</strong></span> <span class='ocrx_word' id='word_1_115' title='bbox 612 1679 829 1736; x_wconf 64' lang='lat' dir='ltr'><strong>assurge</strong></span> <span class='ocrx_word' id='word_1_116' title='bbox 857 1667 911 1720; x_wconf 90' lang='lat' dir='ltr'><strong>in</strong></span> <span class='ocrx_word' id='word_1_117' title='bbox 948 1667 1269 1740; x_wconf 87' lang='lat' dir='ltr'><strong>adjutorium</strong></span> <span class='ocrx_word' id='word_1_118' title='bbox 1307 1668 1454 1739; x_wconf 81' lang='lat' dir='ltr'><strong>mihi,</strong></span> <span class='ocrx_word' id='word_1_119' title='bbox 1505 1670 1717 1740; x_wconf 71' lang='lat' dir='ltr'><strong>effunde</strong></span> <span class='ocrx_word' id='word_1_120' title='bbox 1741 1674 1851 1743; x_wconf 88' lang='lat' dir='ltr'><strong>fra-</strong></span> 
     </span>
    </p>
   </div>
   <div class='ocr_carea' id='block_1_19' title="bbox 262 1759 1841 1838">
    <p class='ocr_par' dir='ltr' id='par_1_19' title="bbox 262 1759 1841 1838">
     <span class='ocr_line' id='line_1_19' title="bbox 262 1759 1841 1838; baseline 0.006 -26"><span class='ocrx_word' id='word_1_121' title='bbox 262 1772 446 1824; x_wconf 82' lang='lat' dir='ltr'><strong>meam,</strong></span> <span class='ocrx_word' id='word_1_122' title='bbox 475 1765 524 1811; x_wconf 87' lang='lat' dir='ltr'><strong>et</strong></span> <span class='ocrx_word' id='word_1_123' title='bbox 549 1759 802 1815; x_wconf 85' lang='lat' dir='ltr'><strong>conclude</strong></span> <span class='ocrx_word' id='word_1_124' title='bbox 829 1761 1079 1817; x_wconf 83' lang='lat' dir='ltr'><strong>adversus</strong></span> <span class='ocrx_word' id='word_1_125' title='bbox 1119 1779 1206 1819; x_wconf 90' lang='lat' dir='ltr'><strong>eos</strong></span> <span class='ocrx_word' id='word_1_126' title='bbox 1221 1765 1313 1835; x_wconf 92' lang='lat' dir='ltr'><strong>qui</strong></span> <span class='ocrx_word' id='word_1_127' title='bbox 1340 1776 1718 1838; x_wconf 88' lang='lat' dir='ltr'><strong>persequuntur</strong></span> <span class='ocrx_word' id='word_1_128' title='bbox 1743 1784 1841 1837; x_wconf 89' lang='lat' dir='ltr'><strong>me,</strong></span> 
     </span>
    </p>
   </div>
   <div class='ocr_carea' id='block_1_20' title="bbox 1972 552 3554 628">
    <p class='ocr_par' dir='ltr' id='par_1_20' title="bbox 1972 552 3554 628">
     <span class='ocr_line' id='line_1_20' title="bbox 1972 552 3554 628; baseline 0.011 -22"><span class='ocrx_word' id='word_1_129' title='bbox 1972 552 2242 622; x_wconf 85' lang='lat' dir='ltr'><strong>nequitias</strong></span> <span class='ocrx_word' id='word_1_130' title='bbox 2290 555 2597 626; x_wconf 87' lang='lat' dir='ltr'><strong>spirituales</strong></span> <span class='ocrx_word' id='word_1_131' title='bbox 2632 572 2753 628; x_wconf 68' lang='lat' dir='ltr'><strong>quae</strong></span> <span class='ocrx_word' id='word_1_132' title='bbox 2797 559 2958 616; x_wconf 89' lang='lat' dir='ltr'><strong>nobis</strong></span> <span class='ocrx_word' id='word_1_133' title='bbox 2999 561 3325 619; x_wconf 85' lang='lat' dir='ltr'><strong>insidiantur</strong></span> <span class='ocrx_word' id='word_1_134' title='bbox 3360 564 3554 623; x_wconf 85' lang='lat' dir='ltr'><strong>diebus</strong></span> 
     </span>
    </p>
   </div>
   <div class='ocr_carea' id='block_1_21' title="bbox 1968 650 3549 730">
    <p class='ocr_par' dir='ltr' id='par_1_21' title="bbox 1968 650 3549 730">
     <span class='ocr_line' id='line_1_21' title="bbox 1968 650 3549 730; baseline 0.011 -30"><span class='ocrx_word' id='word_1_135' title='bbox 1968 659 2033 701; x_wconf 90' lang='lat' dir='ltr'><strong>ac</strong></span> <span class='ocrx_word' id='word_1_136' title='bbox 2083 650 2334 704; x_wconf 90' lang='lat' dir='ltr'><strong>noctibus</strong></span> <span class='ocrx_word' id='word_1_137' title='bbox 2386 653 2758 723; x_wconf 84' lang='lat' dir='ltr'><strong>acceperimus</strong></span> <span class='ocrx_word' id='word_1_138' title='bbox 2814 655 2983 712; x_wconf 78' lang='lat' dir='ltr'><strong>fuisse</strong></span> <span class='ocrx_word' id='word_1_139' title='bbox 3034 659 3375 730; x_wconf 88' lang='lat' dir='ltr'><strong>conscripta,</strong></span> <span class='ocrx_word' id='word_1_140' title='bbox 3440 675 3549 718; x_wconf 86' lang='lat' dir='ltr'><strong>non</strong></span> 
     </span>
    </p>
   </div>
   <div class='ocr_carea' id='block_1_22' title="bbox 1968 738 3548 822">
    <p class='ocr_par' dir='ltr' id='par_1_22' title="bbox 1968 738 3548 822">
     <span class='ocr_line' id='line_1_22' title="bbox 1968 738 3548 822; baseline 0.011 -30"><span class='ocrx_word' id='word_1_141' title='bbox 1968 738 2129 793; x_wconf 92' lang='lat' dir='ltr'><strong>modo</strong></span> <span class='ocrx_word' id='word_1_142' title='bbox 2148 754 2214 795; x_wconf 82' lang='lat' dir='ltr'><strong>es</strong></span> <span class='ocrx_word' id='word_1_143' title='bbox 2246 740 2327 796; x_wconf 87' lang='lat' dir='ltr'><strong>eis</strong></span> <span class='ocrx_word' id='word_1_144' title='bbox 2355 742 2767 801; x_wconf 67' lang='lat' dir='ltr'><strong>aediﬁcationem</strong></span> <span class='ocrx_word' id='word_1_145' title='bbox 2798 747 2960 803; x_wconf 89' lang='lat' dir='ltr'><strong>ullam</strong></span> <span class='ocrx_word' id='word_1_146' title='bbox 2988 748 3231 806; x_wconf 89' lang='lat' dir='ltr'><strong>lenitatis</strong></span> <span class='ocrx_word' id='word_1_147' title='bbox 3254 760 3307 806; x_wconf 87' lang='lat' dir='ltr'><strong>et</strong></span> <span class='ocrx_word' id='word_1_148' title='bbox 3336 752 3548 822; x_wconf 83' lang='lat' dir='ltr'><strong>patien-</strong></span> 
     </span>
    </p>
   </div>
   <div class='ocr_carea' id='block_1_23' title="bbox 1968 830 3554 916">
    <p class='ocr_par' dir='ltr' id='par_1_23' title="bbox 1968 830 3554 916">
     <span class='ocr_line' id='line_1_23' title="bbox 1968 830 3554 916; baseline 0.01 -32"><span class='ocrx_word' id='word_1_149' title='bbox 1968 830 2055 886; x_wconf 77' lang='lat' dir='ltr'><strong>tia:</strong></span> <span class='ocrx_word' id='word_1_150' title='bbox 2082 847 2507 905; x_wconf 85' lang='lat' dir='ltr'><strong>consequemur,</strong></span> <span class='ocrx_word' id='word_1_151' title='bbox 2544 838 2637 891; x_wconf 76' lang='lat' dir='ltr'><strong>sed</strong></span> <span class='ocrx_word' id='word_1_152' title='bbox 2665 837 2828 893; x_wconf 85' lang='lat' dir='ltr'><strong>etiam</strong></span> <span class='ocrx_word' id='word_1_153' title='bbox 2860 840 3041 895; x_wconf 89' lang='lat' dir='ltr'><strong>dirum</strong></span> <span class='ocrx_word' id='word_1_154' title='bbox 3068 842 3359 912; x_wconf 85' lang='lat' dir='ltr'><strong>quemdam</strong></span> <span class='ocrx_word' id='word_1_155' title='bbox 3384 853 3554 916; x_wconf 84' lang='lat' dir='ltr'><strong>atque</strong></span> 
     </span>
    </p>
   </div>
   <div class='ocr_carea' id='block_1_24' title="bbox 1966 928 3547 1006">
    <p class='ocr_par' dir='ltr' id='par_1_24' title="bbox 1966 928 3547 1006">
     <span class='ocr_line' id='line_1_24' title="bbox 1966 928 3547 1006; baseline 0.009 -26"><span class='ocrx_word' id='word_1_156' title='bbox 1966 928 2297 982; x_wconf 89' lang='lat' dir='ltr'><strong>contrarium</strong></span> <span class='ocrx_word' id='word_1_157' title='bbox 2325 930 2653 1001; x_wconf 75' lang='lat' dir='ltr'><strong>evangelica:</strong></span> <span class='ocrx_word' id='word_1_158' title='bbox 2681 932 2995 1001; x_wconf 80' lang='lat' dir='ltr'><strong>periectioni</strong></span> <span class='ocrx_word' id='word_1_159' title='bbox 3018 936 3391 1006; x_wconf 89' lang='lat' dir='ltr'><strong>concipiemus</strong></span> <span class='ocrx_word' id='word_1_160' title='bbox 3414 937 3547 994; x_wconf 70' lang='lat' dir='ltr'><strong>alic-</strong></span> 
     </span>
    </p>
   </div>
   <div class='ocr_carea' id='block_1_25' title="bbox 1964 1020 3548 1101">
    <p class='ocr_par' dir='ltr' id='par_1_25' title="bbox 1964 1020 3548 1101">
     <span class='ocr_line' id='line_1_25' title="bbox 1964 1020 3548 1101; baseline 0.008 -27"><span class='ocrx_word' id='word_1_161' title='bbox 1964 1027 2131 1075; x_wconf 92' lang='lat' dir='ltr'><strong>ctum.</strong></span> <span class='ocrx_word' id='word_1_162' title='bbox 2171 1020 2287 1077; x_wconf 83' lang='lat' dir='ltr'><strong>Non</strong></span> <span class='ocrx_word' id='word_1_163' title='bbox 2328 1022 2504 1080; x_wconf 89' lang='lat' dir='ltr'><strong>solum</strong></span> <span class='ocrx_word' id='word_1_164' title='bbox 2552 1024 2697 1079; x_wconf 90' lang='lat' dir='ltr'><strong>enim</strong></span> <span class='ocrx_word' id='word_1_165' title='bbox 2730 1024 3047 1083; x_wconf 89' lang='lat' dir='ltr'><strong>docebimur</strong></span> <span class='ocrx_word' id='word_1_166' title='bbox 3089 1043 3197 1084; x_wconf 92' lang='lat' dir='ltr'><strong>non</strong></span> <span class='ocrx_word' id='word_1_167' title='bbox 3245 1044 3407 1086; x_wconf 90' lang='lat' dir='ltr'><strong>orare</strong></span> <span class='ocrx_word' id='word_1_168' title='bbox 3449 1045 3548 1101; x_wconf 91' lang='lat' dir='ltr'><strong>pro</strong></span> 
     </span>
    </p>
   </div>
   <div class='ocr_carea' id='block_1_26' title="bbox 1966 1112 3548 1189">
    <p class='ocr_par' dir='ltr' id='par_1_26' title="bbox 1966 1112 3548 1189">
     <span class='ocr_line' id='line_1_26' title="bbox 1966 1112 3548 1189; baseline 0.009 -23"><span class='ocrx_word' id='word_1_169' title='bbox 1966 1112 2199 1169; x_wconf 89' lang='lat' dir='ltr'><strong>inimicis</strong></span> <span class='ocrx_word' id='word_1_170' title='bbox 2245 1115 2469 1181; x_wconf 87' lang='lat' dir='ltr'><strong>nostris,</strong></span> <span class='ocrx_word' id='word_1_171' title='bbox 2514 1131 2616 1173; x_wconf 91' lang='lat' dir='ltr'><strong>nec</strong></span> <span class='ocrx_word' id='word_1_172' title='bbox 2657 1116 2884 1189; x_wconf 88' lang='lat' dir='ltr'><strong>diligere</strong></span> <span class='ocrx_word' id='word_1_173' title='bbox 2912 1134 3031 1187; x_wconf 91' lang='lat' dir='ltr'><strong>eos,</strong></span> <span class='ocrx_word' id='word_1_174' title='bbox 3076 1121 3170 1177; x_wconf 86' lang='lat' dir='ltr'><strong>sed</strong></span> <span class='ocrx_word' id='word_1_175' title='bbox 3200 1122 3365 1179; x_wconf 89' lang='lat' dir='ltr'><strong>etiam</strong></span> <span class='ocrx_word' id='word_1_176' title='bbox 3393 1122 3548 1181; x_wconf 89' lang='lat' dir='ltr'><strong>dete-</strong></span> 
     </span>
    </p>
   </div>
   <div class='ocr_carea' id='block_1_27' title="bbox 1962 1205 3546 1282">
    <p class='ocr_par' dir='ltr' id='par_1_27' title="bbox 1962 1205 3546 1282">
     <span class='ocr_line' id='line_1_27' title="bbox 1962 1205 3546 1282; baseline 0.009 -24"><span class='ocrx_word' id='word_1_177' title='bbox 1962 1207 2089 1260; x_wconf 89' lang='lat' dir='ltr'><strong>stari</strong></span> <span class='ocrx_word' id='word_1_178' title='bbox 2124 1205 2247 1263; x_wconf 89' lang='lat' dir='ltr'><strong>illos</strong></span> <span class='ocrx_word' id='word_1_179' title='bbox 2274 1207 2601 1278; x_wconf 85' lang='lat' dir='ltr'><strong>implacabili</strong></span> <span class='ocrx_word' id='word_1_180' title='bbox 2630 1209 2756 1265; x_wconf 91' lang='lat' dir='ltr'><strong>odio</strong></span> <span class='ocrx_word' id='word_1_181' title='bbox 2787 1212 3224 1282; x_wconf 85' lang='lat' dir='ltr'><strong>provocahimur,</strong></span> <span class='ocrx_word' id='word_1_182' title='bbox 3258 1211 3287 1253; x_wconf 67' lang='grc' dir='ltr'>δ</span> <span class='ocrx_word' id='word_1_183' title='bbox 3316 1214 3546 1272; x_wconf 84' lang='lat' dir='ltr'><strong>maledi-</strong></span> 
     </span>
    </p>
   </div>
   <div class='ocr_carea' id='block_1_28' title="bbox 1960 1298 3547 1371">
    <p class='ocr_par' dir='ltr' id='par_1_28' title="bbox 1960 1298 3547 1371">
     <span class='ocr_line' id='line_1_28' title="bbox 1960 1298 3547 1371; baseline 0.007 -19"><span class='ocrx_word' id='word_1_184' title='bbox 1960 1312 2086 1353; x_wconf 89' lang='lat' dir='ltr'><strong>cere</strong></span> <span class='ocrx_word' id='word_1_185' title='bbox 2115 1298 2196 1353; x_wconf 86' lang='lat' dir='ltr'><strong>eis</strong></span> <span class='ocrx_word' id='word_1_186' title='bbox 2223 1307 2384 1371; x_wconf 87' lang='lat' dir='ltr'><strong>atque</strong></span> <span class='ocrx_word' id='word_1_187' title='bbox 2411 1301 2710 1357; x_wconf 86' lang='lat' dir='ltr'><strong>orationem</strong></span> <span class='ocrx_word' id='word_1_188' title='bbox 2749 1301 3011 1359; x_wconf 81' lang='lat' dir='ltr'><strong>adversus</strong></span> <span class='ocrx_word' id='word_1_189' title='bbox 3048 1319 3144 1360; x_wconf 88' lang='lat' dir='ltr'><strong>eos</strong></span> <span class='ocrx_word' id='word_1_190' title='bbox 3173 1303 3547 1363; x_wconf 82' lang='lat' dir='ltr'><strong>indesinenter</strong></span> 
     </span>
    </p>
   </div>
   <div class='ocr_carea' id='block_1_29' title="bbox 1957 1389 3545 1464">
    <p class='ocr_par' dir='ltr' id='par_1_29' title="bbox 1957 1389 3545 1464">
     <span class='ocr_line' id='line_1_29' title="bbox 1957 1389 3545 1464; baseline 0.008 -20"><span class='ocrx_word' id='word_1_191' title='bbox 1957 1389 2258 1447; x_wconf 84' lang='lat' dir='ltr'><strong>eil&#39;undere.</strong></span> <span class='ocrx_word' id='word_1_192' title='bbox 2296 1403 2318 1431; x_wconf 78' lang='grc' dir='ltr'><strong><em>ο</em></strong></span> <span class='ocrx_word' id='word_1_193' title='bbox 2350 1392 2481 1461; x_wconf 71' lang='lat' dir='ltr'><strong>Qua:</strong></span> <span class='ocrx_word' id='word_1_194' title='bbox 2520 1393 2611 1449; x_wconf 89' lang='lat' dir='ltr'><strong>tali</strong></span> <span class='ocrx_word' id='word_1_195' title='bbox 2646 1394 2837 1464; x_wconf 87' lang='lat' dir='ltr'><strong>spiritu</strong></span> <span class='ocrx_word' id='word_1_196' title='bbox 2872 1396 3179 1464; x_wconf 90' lang='lat' dir='ltr'><strong>prolocutos</strong></span> <span class='ocrx_word' id='word_1_197' title='bbox 3205 1395 3374 1453; x_wconf 80' lang='lat' dir='ltr'><strong>fuisse</strong></span> <span class='ocrx_word' id='word_1_198' title='bbox 3399 1398 3545 1456; x_wconf 85' lang='lat' dir='ltr'><strong>viras</strong></span> 
     </span>
    </p>
   </div>
   <div class='ocr_carea' id='block_1_30' title="bbox 1956 1485 3537 1559">
    <p class='ocr_par' dir='ltr' id='par_1_30' title="bbox 1956 1485 3537 1559">
     <span class='ocr_line' id='line_1_30' title="bbox 1956 1485 3537 1559; baseline 0.005 -21"><span class='ocrx_word' id='word_1_199' title='bbox 1956 1494 2174 1539; x_wconf 87' lang='lat' dir='ltr'><strong>sanctos</strong></span> <span class='ocrx_word' id='word_1_200' title='bbox 2200 1496 2254 1540; x_wconf 93' lang='lat' dir='ltr'><strong>et</strong></span> <span class='ocrx_word' id='word_1_201' title='bbox 2285 1485 2493 1542; x_wconf 91' lang='lat' dir='ltr'><strong>amicos</strong></span> <span class='ocrx_word' id='word_1_202' title='bbox 2515 1486 2609 1541; x_wconf 92' lang='lat' dir='ltr'><strong>Dei</strong></span> <span class='ocrx_word' id='word_1_203' title='bbox 2634 1486 2936 1558; x_wconf 75' lang='lat' dir='ltr'><strong>intelligere</strong></span> <span class='ocrx_word' id='word_1_204' title='bbox 2959 1502 3216 1559; x_wconf 86' lang='lat' dir='ltr'><strong>perquam</strong></span> <span class='ocrx_word' id='word_1_205' title='bbox 3248 1490 3537 1546; x_wconf 85' lang='lat' dir='ltr'><strong>scelestum</strong></span> 
     </span>
    </p>
   </div>
   <div class='ocr_carea' id='block_1_31' title="bbox 1955 1577 3540 1648">
    <p class='ocr_par' dir='ltr' id='par_1_31' title="bbox 1955 1577 3540 1648">
     <span class='ocr_line' id='line_1_31' title="bbox 1955 1577 3540 1648; baseline 0.003 -17"><span class='ocrx_word' id='word_1_206' title='bbox 1955 1584 2039 1631; x_wconf 88' lang='lat' dir='ltr'><strong>est</strong></span> <span class='ocrx_word' id='word_1_207' title='bbox 2064 1591 2128 1632; x_wconf 90' lang='lat' dir='ltr'><strong>ac</strong></span> <span class='ocrx_word' id='word_1_208' title='bbox 2162 1577 2464 1647; x_wconf 77' lang='lat' dir='ltr'><strong>profanum,</strong></span> <span class='ocrx_word' id='word_1_209' title='bbox 2498 1580 2693 1648; x_wconf 89' lang='lat' dir='ltr'><strong>quibus</strong></span> <span class='ocrx_word' id='word_1_210' title='bbox 2732 1588 2859 1635; x_wconf 87' lang='lat' dir='ltr'><strong>ante</strong></span> <span class='ocrx_word' id='word_1_211' title='bbox 2887 1578 3180 1636; x_wconf 85' lang='lat' dir='ltr'><strong>adventum</strong></span> <span class='ocrx_word' id='word_1_212' title='bbox 3225 1578 3429 1636; x_wconf 87' lang='lat' dir='ltr'><strong>Christi</strong></span> <span class='ocrx_word' id='word_1_213' title='bbox 3459 1581 3540 1636; x_wconf 88' lang='lat' dir='ltr'><strong>id-</strong></span> 
     </span>
    </p>
   </div>
   <div class='ocr_carea' id='block_1_32' title="bbox 1954 1669 3542 1744">
    <p class='ocr_par' dir='ltr' id='par_1_32' title="bbox 1954 1669 3542 1744">
     <span class='ocr_line' id='line_1_32' title="bbox 1954 1669 3542 1744; baseline 0.004 -19"><span class='ocrx_word' id='word_1_214' title='bbox 1954 1670 2101 1725; x_wconf 92' lang='lat' dir='ltr'><strong>circo</strong></span> <span class='ocrx_word' id='word_1_215' title='bbox 2148 1686 2256 1726; x_wconf 92' lang='lat' dir='ltr'><strong>non</strong></span> <span class='ocrx_word' id='word_1_216' title='bbox 2287 1679 2374 1726; x_wconf 89' lang='lat' dir='ltr'><strong>est</strong></span> <span class='ocrx_word' id='word_1_217' title='bbox 2420 1669 2509 1726; x_wconf 81' lang='lat' dir='ltr'><strong>lex</strong></span> <span class='ocrx_word' id='word_1_218' title='bbox 2555 1672 2754 1743; x_wconf 89' lang='lat' dir='ltr'><strong>posita,</strong></span> <span class='ocrx_word' id='word_1_219' title='bbox 2798 1687 2865 1728; x_wconf 87' lang='lat' dir='ltr'><strong>eo</strong></span> <span class='ocrx_word' id='word_1_220' title='bbox 2905 1673 3049 1744; x_wconf 90' lang='lat' dir='ltr'><strong>quod</strong></span> <span class='ocrx_word' id='word_1_221' title='bbox 3093 1675 3542 1731; x_wconf 86' lang='lat' dir='ltr'><strong>transcendentes</strong></span> 
     </span>
    </p>
   </div>
   <div class='ocr_carea' id='block_1_33' title="bbox 1952 1764 3542 1839">
    <p class='ocr_par' dir='ltr' id='par_1_33' title="bbox 1952 1764 3542 1839">
     <span class='ocr_line' id='line_1_33' title="bbox 1952 1764 3542 1839; baseline 0.004 -21"><span class='ocrx_word' id='word_1_222' title='bbox 1952 1764 2203 1819; x_wconf 85' lang='lat' dir='ltr'><strong>mandata</strong></span> <span class='ocrx_word' id='word_1_223' title='bbox 2235 1764 2374 1833; x_wconf 87' lang='lat' dir='ltr'><strong>ejus,</strong></span> <span class='ocrx_word' id='word_1_224' title='bbox 2409 1766 2741 1835; x_wconf 82' lang='lat' dir='ltr'><strong>evangelicis</strong></span> <span class='ocrx_word' id='word_1_225' title='bbox 2769 1780 2962 1836; x_wconf 89' lang='lat' dir='ltr'><strong>parere</strong></span> <span class='ocrx_word' id='word_1_226' title='bbox 2989 1768 3277 1838; x_wconf 63' lang='lat' dir='ltr'><strong>praeceptis</strong></span> <span class='ocrx_word' id='word_1_227' title='bbox 3315 1777 3370 1824; x_wconf 91' lang='lat' dir='ltr'><strong>et</strong></span> <span class='ocrx_word' id='word_1_228' title='bbox 3410 1782 3542 1839; x_wconf 83' lang='lat' dir='ltr'><strong>apo-</strong></span> 
     </span>
    </p>
   </div>
   <div class='ocr_carea' id='block_1_34' title="bbox 260 1841 3539 1932">
    <p class='ocr_par' dir='ltr' id='par_1_34' title="bbox 260 1841 3539 1932">
     <span class='ocr_line' id='line_1_34' title="bbox 260 1841 3539 1932; baseline 0.005 -32"><span class='ocrx_word' id='word_1_229' title='bbox 260 1847 343 1901; x_wconf 83' lang='lat' dir='ltr'><strong>die</strong></span> <span class='ocrx_word' id='word_1_230' title='bbox 379 1849 574 1903; x_wconf 67' lang='lat' dir='ltr'><strong>animi:</strong></span> <span class='ocrx_word' id='word_1_231' title='bbox 612 1866 737 1905; x_wconf 64' lang='lat' dir='ltr'><strong>mea!</strong></span> <span class='ocrx_word' id='word_1_232' title='bbox 778 1867 798 1906; x_wconf 88' lang='lat'><strong><em>:</em></strong></span> <span class='ocrx_word' id='word_1_233' title='bbox 827 1852 985 1908; x_wconf 86' lang='lat' dir='ltr'><strong>Salus</strong></span> <span class='ocrx_word' id='word_1_234' title='bbox 1014 1862 1105 1908; x_wconf 90' lang='lat' dir='ltr'><strong>tua</strong></span> <span class='ocrx_word' id='word_1_235' title='bbox 1145 1872 1239 1927; x_wconf 88' lang='lat' dir='ltr'><strong>ego</strong></span> <span class='ocrx_word' id='word_1_236' title='bbox 1278 1873 1391 1911; x_wconf 89' lang='lat' dir='ltr'><strong>sum</strong></span> <span class='ocrx_word' id='word_1_237' title='bbox 1418 1856 1594 1930; x_wconf 89' lang='lat' dir='ltr'><strong>(Psal.</strong></span> <span class='ocrx_word' id='word_1_238' title='bbox 1631 1858 1841 1930; x_wconf 72' lang='lat' dir='ltr'><strong>xxxiv).</strong></span> <span class='ocrx_word' id='word_1_239' title='bbox 1877 1841 1924 1902; x_wconf 78' lang='grc' dir='ltr'><strong>Β</strong></span> <span class='ocrx_word' id='word_1_240' title='bbox 1950 1855 2157 1911; x_wconf 67' lang='grc' dir='ltr'><strong>διοιὶοιρ</strong></span> <span class='ocrx_word' id='word_1_241' title='bbox 2189 1855 2509 1926; x_wconf 84' lang='lat' dir='ltr'><strong>perfectioni</strong></span> <span class='ocrx_word' id='word_1_242' title='bbox 2551 1857 2791 1926; x_wconf 87' lang='lat' dir='ltr'><strong>studere,</strong></span> <span class='ocrx_word' id='word_1_243' title='bbox 2824 1859 3220 1929; x_wconf 66' lang='lat' dir='ltr'><strong>prtevenieutes</strong></span> <span class='ocrx_word' id='word_1_244' title='bbox 3255 1860 3539 1932; x_wconf 83' lang='lat' dir='ltr'><strong>dispensa-</strong></span> 
     </span>
    </p>
   </div>
   <div class='ocr_carea' id='block_1_35' title="bbox 257 1941 1843 2022">
    <p class='ocr_par' dir='ltr' id='par_1_35' title="bbox 257 1941 1843 2022">
     <span class='ocr_line' id='line_1_35' title="bbox 257 1941 1843 2022; baseline 0.008 -26"><span class='ocrx_word' id='word_1_245' title='bbox 257 1941 404 2009; x_wconf 81' lang='lat' dir='ltr'><strong>Quos</strong></span> <span class='ocrx_word' id='word_1_246' title='bbox 434 1957 585 2009; x_wconf 90' lang='lat' dir='ltr'><strong>cum,</strong></span> <span class='ocrx_word' id='word_1_247' title='bbox 617 1943 853 2001; x_wconf 86' lang='lat' dir='ltr'><strong>subditis</strong></span> <span class='ocrx_word' id='word_1_248' title='bbox 878 1955 933 2002; x_wconf 91' lang='lat' dir='ltr'><strong>et</strong></span> <span class='ocrx_word' id='word_1_249' title='bbox 969 1948 1253 2005; x_wconf 76' lang='lat' dir='ltr'><strong>exstinctis</strong></span> <span class='ocrx_word' id='word_1_250' title='bbox 1274 1952 1541 2007; x_wconf 82' lang='lat' dir='ltr'><strong>universis</strong></span> <span class='ocrx_word' id='word_1_251' title='bbox 1581 1953 1843 2022; x_wconf 87' lang='lat' dir='ltr'><strong>passioni-</strong></span> 
     </span>
    </p>
   </div>
   <div class='ocr_carea' id='block_1_36' title="bbox 254 2034 1840 2104">
    <p class='ocr_par' dir='ltr' id='par_1_36' title="bbox 254 2034 1840 2104">
     <span class='ocr_line' id='line_1_36' title="bbox 254 2034 1840 2104; baseline 0.008 -15"><span class='ocrx_word' id='word_1_252' title='bbox 254 2034 379 2104; x_wconf 85' lang='lat' dir='ltr'><strong>bns,</strong></span> <span class='ocrx_word' id='word_1_253' title='bbox 408 2035 727 2103; x_wconf 76' lang='lat' dir='ltr'><strong>vicerimus,</strong></span> <span class='ocrx_word' id='word_1_254' title='bbox 760 2039 1093 2096; x_wconf 89' lang='lat' dir='ltr'><strong>merebimur</strong></span> <span class='ocrx_word' id='word_1_255' title='bbox 1122 2042 1268 2097; x_wconf 88' lang='lat' dir='ltr'><strong>illam</strong></span> <span class='ocrx_word' id='word_1_256' title='bbox 1306 2043 1708 2100; x_wconf 89' lang='lat' dir='ltr'><strong>benedictionis</strong></span> <span class='ocrx_word' id='word_1_257' title='bbox 1747 2060 1840 2101; x_wconf 84' lang='lat' dir='ltr'><strong>vo-</strong></span> 
     </span>
    </p>
   </div>
   <div class='ocr_carea' id='block_1_37' title="bbox 252 2133 1841 2211">
    <p class='ocr_par' dir='ltr' id='par_1_37' title="bbox 252 2133 1841 2211">
     <span class='ocr_line' id='line_1_37' title="bbox 252 2133 1841 2211; baseline 0.008 -27"><span class='ocrx_word' id='word_1_258' title='bbox 252 2142 372 2185; x_wconf 84' lang='lat' dir='ltr'><strong>cem</strong></span> <span class='ocrx_word' id='word_1_259' title='bbox 391 2140 793 2202; x_wconf 84' lang='lat' dir='ltr'><strong>consequenter</strong></span> <span class='ocrx_word' id='word_1_260' title='bbox 814 2133 1021 2201; x_wconf 88' lang='lat' dir='ltr'><strong>audire,</strong></span> <span class='ocrx_word' id='word_1_261' title='bbox 1051 2135 1324 2192; x_wconf 70' lang='lat' dir='ltr'><strong>Exaltetur</strong></span> <span class='ocrx_word' id='word_1_262' title='bbox 1359 2155 1541 2195; x_wconf 85' lang='lat' dir='ltr'><strong>manus</strong></span> <span class='ocrx_word' id='word_1_263' title='bbox 1564 2151 1654 2194; x_wconf 89' lang='lat' dir='ltr'><strong>tua</strong></span> <span class='ocrx_word' id='word_1_264' title='bbox 1684 2157 1841 2211; x_wconf 82' lang='lat' dir='ltr'><strong>super</strong></span> 
     </span>
    </p>
   </div>
   <div class='ocr_carea' id='block_1_38' title="bbox 252 2219 1834 2303">
    <p class='ocr_par' dir='ltr' id='par_1_38' title="bbox 252 2219 1834 2303">
     <span class='ocr_line' id='line_1_38' title="bbox 252 2219 1834 2303; baseline 0.008 -29"><span class='ocrx_word' id='word_1_265' title='bbox 252 2219 423 2276; x_wconf 65' lang='lat' dir='ltr'><strong>hostes</strong></span> <span class='ocrx_word' id='word_1_266' title='bbox 452 2231 589 2289; x_wconf 86' lang='lat' dir='ltr'><strong>tuos,</strong></span> <span class='ocrx_word' id='word_1_267' title='bbox 611 2233 666 2277; x_wconf 88' lang='lat' dir='ltr'><strong>et</strong></span> <span class='ocrx_word' id='word_1_268' title='bbox 694 2240 871 2280; x_wconf 88' lang='lat' dir='ltr'><strong>omnes</strong></span> <span class='ocrx_word' id='word_1_269' title='bbox 915 2226 1110 2281; x_wconf 90' lang='lat' dir='ltr'><strong>inimici</strong></span> <span class='ocrx_word' id='word_1_270' title='bbox 1156 2230 1233 2283; x_wconf 88' lang='lat' dir='ltr'><strong>tui</strong></span> <span class='ocrx_word' id='word_1_271' title='bbox 1259 2230 1495 2301; x_wconf 88' lang='lat' dir='ltr'><strong>peribunt</strong></span> <span class='ocrx_word' id='word_1_272' title='bbox 1538 2231 1729 2301; x_wconf 80' lang='lat' dir='ltr'><strong>(Mich.</strong></span> <span class='ocrx_word' id='word_1_273' title='bbox 1758 2230 1834 2303; x_wconf 79' lang='grc' dir='ltr'><strong>ν).</strong></span> 
     </span>
    </p>
   </div>
   <div class='ocr_carea' id='block_1_39' title="bbox 252 2311 1840 2386">
    <p class='ocr_par' dir='ltr' id='par_1_39' title="bbox 252 2311 1840 2386">
     <span class='ocr_line' id='line_1_39' title="bbox 252 2311 1840 2386; baseline 0.007 -18"><span class='ocrx_word' id='word_1_274' title='bbox 252 2311 382 2369; x_wconf 65' lang='lat' dir='ltr'><strong>Bac</strong></span> <span class='ocrx_word' id='word_1_275' title='bbox 408 2313 573 2386; x_wconf 89' lang='lat' dir='ltr'><strong>igitur</strong></span> <span class='ocrx_word' id='word_1_276' title='bbox 598 2314 777 2371; x_wconf 90' lang='lat' dir='ltr'><strong>omnia</strong></span> <span class='ocrx_word' id='word_1_277' title='bbox 807 2325 864 2373; x_wconf 88' lang='lat' dir='ltr'><strong>et</strong></span> <span class='ocrx_word' id='word_1_278' title='bbox 896 2316 980 2374; x_wconf 88' lang='lat' dir='ltr'><strong>his</strong></span> <span class='ocrx_word' id='word_1_279' title='bbox 1019 2319 1216 2376; x_wconf 82' lang='lat' dir='ltr'><strong>similia</strong></span> <span class='ocrx_word' id='word_1_280' title='bbox 1246 2322 1417 2377; x_wconf 86' lang='lat' dir='ltr'><strong>sacris</strong></span> <span class='ocrx_word' id='word_1_281' title='bbox 1442 2322 1645 2377; x_wconf 87' lang='lat' dir='ltr'><strong>inserta</strong></span> <span class='ocrx_word' id='word_1_282' title='bbox 1680 2324 1840 2378; x_wconf 84' lang='lat' dir='ltr'><strong>volu-</strong></span> 
     </span>
    </p>
   </div>
   <div class='ocr_carea' id='block_1_40' title="bbox 1952 1950 2831 2022">
    <p class='ocr_par' dir='ltr' id='par_1_40' title="bbox 1952 1950 2831 2022">
     <span class='ocr_line' id='line_1_40' title="bbox 1952 1950 2831 2022; baseline 0.003 -17"><span class='ocrx_word' id='word_1_283' title='bbox 1952 1950 2155 2007; x_wconf 89' lang='lat' dir='ltr'><strong>tionem</strong></span> <span class='ocrx_word' id='word_1_284' title='bbox 2187 1951 2470 2022; x_wconf 86' lang='lat' dir='ltr'><strong>temporis,</strong></span> <span class='ocrx_word' id='word_1_285' title='bbox 2502 1952 2831 2009; x_wconf 88' lang='lat' dir='ltr'><strong>maluerunt.</strong></span> 
     </span>
    </p>
   </div>
   <div class='ocr_carea' id='block_1_41' title="bbox 2512 2064 2947 2124">
    <p class='ocr_par' dir='ltr' id='par_1_41' title="bbox 2512 2064 2947 2124">
     <span class='ocr_line' id='line_1_41' title="bbox 2512 2064 2947 2124; baseline 0.005 -3"><span class='ocrx_word' id='word_1_286' title='bbox 2512 2064 2740 2124; x_wconf 81' lang='lat' dir='ltr'><strong>CAPUT</strong></span> <span class='ocrx_word' id='word_1_287' title='bbox 2781 2065 2947 2123; x_wconf 80' lang='lat' dir='ltr'><strong>XXII.</strong></span> 
     </span>
    </p>
   </div>
   <div class='ocr_carea' id='block_1_42' title="bbox 1950 2159 3539 2286">
    <p class='ocr_par' dir='ltr' id='par_1_42' title="bbox 1950 2159 3539 2286">
     <span class='ocr_line' id='line_1_42' title="bbox 1950 2159 3539 2286; baseline 0.004 -72"><span class='ocrx_word' id='word_1_288' title='bbox 1950 2159 2103 2227; x_wconf 84' lang='lat' dir='ltr'><strong>Quod</strong></span> <span class='ocrx_word' id='word_1_289' title='bbox 2132 2178 2235 2216; x_wconf 88' lang='lat' dir='ltr'><strong>non</strong></span> <span class='ocrx_word' id='word_1_290' title='bbox 2266 2161 2331 2216; x_wconf 90' lang='lat' dir='ltr'><strong>sit</strong></span> <span class='ocrx_word' id='word_1_291' title='bbox 2374 2170 2597 2232; x_wconf 89' lang='lat' dir='ltr'><strong>potestas</strong></span> <span class='ocrx_word' id='word_1_292' title='bbox 2642 2162 2862 2286; x_wconf 58' lang='lat' dir='ltr'><strong>nlolcendi</strong></span> <span class='ocrx_word' id='word_1_293' title='bbox 2888 2162 2944 2217; x_wconf 85' lang='lat' dir='ltr'><strong>in</strong></span> <span class='ocrx_word' id='word_1_294' title='bbox 2987 2160 3203 2219; x_wconf 87' lang='lat' dir='ltr'><strong>arbitrio</strong></span> <span class='ocrx_word' id='word_1_295' title='bbox 3246 2162 3539 2220; x_wconf 79' lang='lat' dir='ltr'><strong>dtemonum</strong></span> 
     </span>
     <span class='ocr_line' id='line_1_43' title="bbox 2608 2243 2884 2286; baseline 0 0"><span class='ocrx_word' id='word_1_296' title='bbox 2608 2248 2668 2286; x_wconf 85' lang='lat' dir='ltr'><strong>eo</strong></span> <span class='ocrx_word' id='word_1_297' title='bbox 2714 2243 2884 2286; x_wconf 88' lang='lat' dir='ltr'><strong>ocata.</strong></span> 
     </span>
    </p>
   </div>
   <div class='ocr_carea' id='block_1_43' title="bbox 2608 2243 2884 2287">
    <p class='ocr_par' dir='ltr' id='par_1_43' title="bbox 2608 2243 2884 2287">
     <span class='ocr_line' id='line_1_44' title="bbox 2608 2243 2884 2287; baseline 0.004 -1"><span class='ocrx_word' id='word_1_298' title='bbox 2608 2243 2884 2287; x_wconf 76' lang='grc' dir='ltr'><strong>εοιιοεαια.</strong></span> 
     </span>
    </p>
   </div>
   <div class='ocr_carea' id='block_1_44' title="bbox 2018 2321 3539 2399">
    <p class='ocr_par' dir='ltr' id='par_1_44' title="bbox 2018 2321 3539 2399">
     <span class='ocr_line' id='line_1_45' title="bbox 2018 2321 3539 2399; baseline 0.004 -22"><span class='ocrx_word' id='word_1_299' title='bbox 2018 2321 2185 2378; x_wconf 72' lang='grc' dir='ltr'><strong>δΝοη</strong></span> <span class='ocrx_word' id='word_1_300' title='bbox 2240 2323 2437 2380; x_wconf 84' lang='lat' dir='ltr'><strong>habere</strong></span> <span class='ocrx_word' id='word_1_301' title='bbox 2482 2334 2664 2380; x_wconf 90' lang='lat' dir='ltr'><strong>autem</strong></span> <span class='ocrx_word' id='word_1_302' title='bbox 2708 2338 2803 2380; x_wconf 89' lang='lat' dir='ltr'><strong>eos</strong></span> <span class='ocrx_word' id='word_1_303' title='bbox 2851 2331 3174 2396; x_wconf 87' lang='lat' dir='ltr'><strong>potestatem</strong></span> <span class='ocrx_word' id='word_1_304' title='bbox 3212 2340 3539 2399; x_wconf 88' lang='lat' dir='ltr'><strong>quemquam</strong></span> 
     </span>
    </p>
   </div>
   <div class='ocr_carea' id='block_1_45' title="bbox 1327 2435 2455 2494">
    <p class='ocr_par' dir='ltr' id='par_1_45' title="bbox 1327 2435 2455 2494">
     <span class='ocr_line' id='line_1_46' title="bbox 1327 2435 2455 2494; baseline 0 -3"><span class='ocrx_word' id='word_1_305' title='bbox 1327 2435 1585 2492; x_wconf 79' lang='lat' dir='ltr'><strong>ALARDI</strong></span> <span class='ocrx_word' id='word_1_306' title='bbox 1622 2436 1854 2493; x_wconf 66' lang='grc' dir='ltr'><strong>ϐᾹΖιιΕΙ</strong></span> <span class='ocrx_word' id='word_1_307' title='bbox 1890 2436 2455 2494; x_wconf 77' lang='lat' dir='ltr'><strong>COMMENTARIUS.</strong></span> 
     </span>
    </p>
   </div>
   <div class='ocr_carea' id='block_1_46' title="bbox 319 2524 1834 2600">
    <p class='ocr_par' dir='ltr' id='par_1_46' title="bbox 319 2524 1834 2600">
     <span class='ocr_line' id='line_1_47' title="bbox 319 2524 1834 2600; baseline 0.004 -20"><span class='ocrx_word' id='word_1_308' title='bbox 319 2524 554 2600; x_wconf 67' lang='lat' dir='ltr'><strong>&#39;Potest</strong></span> <span class='ocrx_word' id='word_1_309' title='bbox 583 2525 686 2600; x_wconf 82' lang='lat' dir='ltr'><strong>hoc</strong></span> <span class='ocrx_word' id='word_1_310' title='bbox 725 2536 780 2583; x_wconf 90' lang='lat' dir='ltr'><strong>et</strong></span> <span class='ocrx_word' id='word_1_311' title='bbox 807 2526 1038 2583; x_wconf 90' lang='lat' dir='ltr'><strong>alterum</strong></span> <span class='ocrx_word' id='word_1_312' title='bbox 1084 2527 1241 2597; x_wconf 90' lang='lat' dir='ltr'><strong>hujus</strong></span> <span class='ocrx_word' id='word_1_313' title='bbox 1271 2528 1482 2583; x_wconf 82' lang='lat' dir='ltr'><strong>abbatis</strong></span> <span class='ocrx_word' id='word_1_314' title='bbox 1515 2530 1834 2600; x_wconf 77' lang='lat' dir='ltr'><strong>paradoxon</strong></span> 
     </span>
    </p>
   </div>
   <div class='ocr_carea' id='block_1_47' title="bbox 247 2597 1835 2669">
    <p class='ocr_par' dir='ltr' id='par_1_47' title="bbox 247 2597 1835 2669">
     <span class='ocr_line' id='line_1_48' title="bbox 247 2597 1835 2669; baseline 0.003 -17"><span class='ocrx_word' id='word_1_315' title='bbox 247 2597 485 2669; x_wconf 75' lang='lat' dir='ltr'><strong>censeri,</strong></span> <span class='ocrx_word' id='word_1_316' title='bbox 522 2598 668 2669; x_wconf 86' lang='lat' dir='ltr'><strong>quod</strong></span> <span class='ocrx_word' id='word_1_317' title='bbox 698 2613 889 2654; x_wconf 87' lang='lat' dir='ltr'><strong>omnes</strong></span> <span class='ocrx_word' id='word_1_318' title='bbox 927 2600 1043 2653; x_wconf 89' lang='lat' dir='ltr'><strong>illas</strong></span> <span class='ocrx_word' id='word_1_319' title='bbox 1088 2600 1404 2663; x_wconf 86' lang='lat' dir='ltr'><strong>sententias,</strong></span> <span class='ocrx_word' id='word_1_320' title='bbox 1439 2597 1543 2655; x_wconf 81' lang='lat' dir='ltr'><strong>tam</strong></span> <span class='ocrx_word' id='word_1_321' title='bbox 1592 2616 1657 2656; x_wconf 81' lang='lat' dir='ltr'><strong>ex</strong></span> <span class='ocrx_word' id='word_1_322' title='bbox 1686 2602 1835 2657; x_wconf 86' lang='lat' dir='ltr'><strong>Psal-</strong></span> 
     </span>
    </p>
   </div>
   <div class='ocr_carea' id='block_1_48' title="bbox 249 2668 1833 2742">
    <p class='ocr_par' dir='ltr' id='par_1_48' title="bbox 249 2668 1833 2742">
     <span class='ocr_line' id='line_1_49' title="bbox 249 2668 1833 2742; baseline 0.003 -20"><span class='ocrx_word' id='word_1_323' title='bbox 249 2668 357 2742; x_wconf 75' lang='lat' dir='ltr'><strong>mis</strong></span> <span class='ocrx_word' id='word_1_324' title='bbox 394 2668 565 2742; x_wconf 69' lang='lat' dir='ltr'><strong>quani</strong></span> <span class='ocrx_word' id='word_1_325' title='bbox 604 2684 675 2724; x_wconf 80' lang='lat' dir='ltr'><strong>ex</strong></span> <span class='ocrx_word' id='word_1_326' title='bbox 719 2669 1005 2741; x_wconf 86' lang='lat' dir='ltr'><strong>Prophetis</strong></span> <span class='ocrx_word' id='word_1_327' title='bbox 1045 2670 1355 2739; x_wconf 85' lang='lat' dir='ltr'><strong>productas.</strong></span> <span class='ocrx_word' id='word_1_328' title='bbox 1400 2681 1551 2741; x_wconf 86' lang='lat' dir='ltr'><strong>putet</strong></span> <span class='ocrx_word' id='word_1_329' title='bbox 1602 2672 1833 2742; x_wconf 80' lang='lat' dir='ltr'><strong>intelligi</strong></span> 
     </span>
    </p>
   </div>
   <div class='ocr_carea' id='block_1_49' title="bbox 249 2738 1834 2806">
    <p class='ocr_par' dir='ltr' id='par_1_49' title="bbox 249 2738 1834 2806">
     <span class='ocr_line' id='line_1_50' title="bbox 249 2738 1834 2806; baseline 0.003 -11"><span class='ocrx_word' id='word_1_330' title='bbox 249 2738 455 2796; x_wconf 86' lang='lat' dir='ltr'><strong>debere</strong></span> <span class='ocrx_word' id='word_1_331' title='bbox 502 2740 763 2796; x_wconf 87' lang='lat' dir='ltr'><strong>adversus</strong></span> <span class='ocrx_word' id='word_1_332' title='bbox 792 2738 1088 2806; x_wconf 54' lang='lat' dir='ltr'><strong>damones,</strong></span> <span class='ocrx_word' id='word_1_333' title='bbox 1140 2757 1245 2796; x_wconf 93' lang='lat' dir='ltr'><strong>non</strong></span> <span class='ocrx_word' id='word_1_334' title='bbox 1288 2738 1546 2798; x_wconf 81' lang='lat' dir='ltr'><strong>adversus</strong></span> <span class='ocrx_word' id='word_1_335' title='bbox 1588 2738 1834 2800; x_wconf 70' lang='lat' dir='ltr'><strong>hominés</strong></span> 
     </span>
    </p>
   </div>
   <div class='ocr_carea' id='block_1_50' title="bbox 251 2812 1832 2881">
    <p class='ocr_par' dir='ltr' id='par_1_50' title="bbox 251 2812 1832 2881">
     <span class='ocr_line' id='line_1_51' title="bbox 251 2812 1832 2881; baseline 0.002 -14"><span class='ocrx_word' id='word_1_336' title='bbox 251 2824 378 2867; x_wconf 80' lang='lat' dir='ltr'><strong>esse</strong></span> <span class='ocrx_word' id='word_1_337' title='bbox 408 2812 669 2881; x_wconf 89' lang='lat' dir='ltr'><strong>prolatas.</strong></span> <span class='ocrx_word' id='word_1_338' title='bbox 699 2812 769 2867; x_wconf 77' lang='lat' dir='ltr'><strong>At</strong></span> <span class='ocrx_word' id='word_1_339' title='bbox 788 2827 895 2869; x_wconf 91' lang='lat' dir='ltr'><strong>non</strong></span> <span class='ocrx_word' id='word_1_340' title='bbox 925 2822 1136 2867; x_wconf 89' lang='lat' dir='ltr'><strong>tantum</strong></span> <span class='ocrx_word' id='word_1_341' title='bbox 1162 2813 1231 2868; x_wconf 89' lang='lat' dir='ltr'><strong>de</strong></span> <span class='ocrx_word' id='word_1_342' title='bbox 1256 2813 1618 2879; x_wconf 69' lang='lat' dir='ltr'><strong>damonibns,</strong></span> <span class='ocrx_word' id='word_1_343' title='bbox 1646 2815 1698 2868; x_wconf 93' lang='lat' dir='ltr'><strong>id</strong></span> <span class='ocrx_word' id='word_1_344' title='bbox 1726 2824 1832 2881; x_wconf 89' lang='lat' dir='ltr'><strong>est,</strong></span> 
     </span>
    </p>
   </div>
   <div class='ocr_carea' id='block_1_51' title="bbox 252 2882 1837 2952">
    <p class='ocr_par' dir='ltr' id='par_1_51' title="bbox 252 2882 1837 2952">
     <span class='ocr_line' id='line_1_52' title="bbox 252 2882 1837 2952; baseline 0.001 -14"><span class='ocrx_word' id='word_1_345' title='bbox 252 2882 507 2938; x_wconf 73' lang='lat' dir='ltr'><strong>hostibus</strong></span> <span class='ocrx_word' id='word_1_346' title='bbox 555 2882 939 2952; x_wconf 87' lang='lat' dir='ltr'><strong>invisibilibns,</strong></span> <span class='ocrx_word' id='word_1_347' title='bbox 982 2884 1078 2939; x_wconf 82' lang='lat' dir='ltr'><strong>sed</strong></span> <span class='ocrx_word' id='word_1_348' title='bbox 1118 2884 1278 2939; x_wconf 88' lang='lat' dir='ltr'><strong>etiam</strong></span> <span class='ocrx_word' id='word_1_349' title='bbox 1318 2884 1385 2940; x_wconf 88' lang='lat' dir='ltr'><strong>de</strong></span> <span class='ocrx_word' id='word_1_350' title='bbox 1424 2884 1731 2941; x_wconf 83' lang='lat' dir='ltr'><strong>visibilibns</strong></span> <span class='ocrx_word' id='word_1_351' title='bbox 1780 2897 1837 2940; x_wconf 91' lang='lat' dir='ltr'><strong>et</strong></span> 
     </span>
    </p>
   </div>
   <div class='ocr_carea' id='block_1_52' title="bbox 250 2954 1835 3026">
    <p class='ocr_par' dir='ltr' id='par_1_52' title="bbox 250 2954 1835 3026">
     <span class='ocr_line' id='line_1_53' title="bbox 250 2954 1835 3026; baseline 0.001 -15"><span class='ocrx_word' id='word_1_352' title='bbox 250 2954 634 3026; x_wconf 66' lang='lat' dir='ltr'><strong>eorpomlihus</strong></span> <span class='ocrx_word' id='word_1_353' title='bbox 672 2955 899 3025; x_wconf 73' lang='lat' dir='ltr'><strong>intelligi</strong></span> <span class='ocrx_word' id='word_1_354' title='bbox 942 2969 1122 3025; x_wconf 88' lang='lat' dir='ltr'><strong>posse,</strong></span> <span class='ocrx_word' id='word_1_355' title='bbox 1174 2965 1233 3009; x_wconf 93' lang='lat' dir='ltr'><strong>ut</strong></span> <span class='ocrx_word' id='word_1_356' title='bbox 1271 2971 1461 3011; x_wconf 90' lang='lat' dir='ltr'><strong>omnes</strong></span> <span class='ocrx_word' id='word_1_357' title='bbox 1509 2958 1835 3026; x_wconf 87' lang='lat' dir='ltr'><strong>interpretes</strong></span> 
     </span>
    </p>
   </div>
   <div class='ocr_carea' id='block_1_53' title="bbox 250 3024 1829 3109">
    <p class='ocr_par' dir='ltr' id='par_1_53' title="bbox 250 3024 1829 3109">
     <span class='ocr_line' id='line_1_54' title="bbox 250 3024 1829 3109; baseline 0.002 -29"><span class='ocrx_word' id='word_1_358' title='bbox 250 3024 571 3109; x_wconf 31' lang='lat' dir='ltr'><strong>iptelligunit</strong></span> <span class='ocrx_word' id='word_1_359' title='bbox 596 3036 651 3081; x_wconf 91' lang='lat' dir='ltr'><strong>et</strong></span> <span class='ocrx_word' id='word_1_360' title='bbox 688 3024 985 3109; x_wconf 79' lang='lat' dir='ltr'><strong>exponunt.</strong></span> <span class='ocrx_word' id='word_1_361' title='bbox 1016 3027 1215 3109; x_wconf 74' lang='lat' dir='ltr'><strong>nemini</strong></span> <span class='ocrx_word' id='word_1_362' title='bbox 1242 3026 1465 3109; x_wconf 80' lang='lat' dir='ltr'><strong>dubium</strong></span> <span class='ocrx_word' id='word_1_363' title='bbox 1486 3042 1617 3109; x_wconf 77' lang='lat' dir='ltr'><strong>esse</strong></span> <span class='ocrx_word' id='word_1_364' title='bbox 1647 3024 1829 3109; x_wconf 75' lang='lat' dir='ltr'><strong>debet.</strong></span> 
     </span>
    </p>
   </div>
   <div class='ocr_carea' id='block_1_54' title="bbox 248 3095 1829 3168">
    <p class='ocr_par' dir='ltr' id='par_1_54' title="bbox 248 3095 1829 3168">
     <span class='ocr_line' id='line_1_55' title="bbox 248 3095 1829 3168; baseline 0.001 -17"><span class='ocrx_word' id='word_1_365' title='bbox 248 3095 593 3168; x_wconf 57' lang='lat' dir='ltr'><strong>Eequeinde</strong></span> <span class='ocrx_word' id='word_1_366' title='bbox 618 3095 865 3168; x_wconf 74' lang='lat' dir='ltr'><strong>sequitur</strong></span> <span class='ocrx_word' id='word_1_367' title='bbox 889 3098 1032 3168; x_wconf 91' lang='lat' dir='ltr'><strong>quod</strong></span> <span class='ocrx_word' id='word_1_368' title='bbox 1062 3099 1161 3152; x_wconf 88' lang='lat' dir='ltr'><strong>iste</strong></span> <span class='ocrx_word' id='word_1_369' title='bbox 1202 3098 1375 3153; x_wconf 88' lang='lat' dir='ltr'><strong>bonus</strong></span> <span class='ocrx_word' id='word_1_370' title='bbox 1413 3099 1582 3153; x_wconf 84' lang='lat' dir='ltr'><strong>abbas</strong></span> <span class='ocrx_word' id='word_1_371' title='bbox 1605 3099 1829 3153; x_wconf 88' lang='lat' dir='ltr'><strong>conclu-</strong></span> 
     </span>
    </p>
   </div>
   <div class='ocr_carea' id='block_1_55' title="bbox 246 3166 1827 3238">
    <p class='ocr_par' dir='ltr' id='par_1_55' title="bbox 246 3166 1827 3238">
     <span class='ocr_line' id='line_1_56' title="bbox 246 3166 1827 3238; baseline 0.001 -15"><span class='ocrx_word' id='word_1_372' title='bbox 246 3166 356 3232; x_wconf 87' lang='lat' dir='ltr'><strong>dit,</strong></span> <span class='ocrx_word' id='word_1_373' title='bbox 387 3168 530 3223; x_wconf 91' lang='lat' dir='ltr'><strong>unde</strong></span> <span class='ocrx_word' id='word_1_374' title='bbox 566 3166 859 3226; x_wconf 77' lang='lat' dir='ltr'><strong>doceamur</strong></span> <span class='ocrx_word' id='word_1_375' title='bbox 885 3166 992 3224; x_wconf 82' lang='lat' dir='ltr'><strong>non</strong></span> <span class='ocrx_word' id='word_1_376' title='bbox 1030 3183 1189 3224; x_wconf 87' lang='lat' dir='ltr'><strong>orare</strong></span> <span class='ocrx_word' id='word_1_377' title='bbox 1218 3184 1315 3238; x_wconf 89' lang='lat' dir='ltr'><strong>pro</strong></span> <span class='ocrx_word' id='word_1_378' title='bbox 1345 3169 1576 3225; x_wconf 87' lang='lat' dir='ltr'><strong>inimicis</strong></span> <span class='ocrx_word' id='word_1_379' title='bbox 1607 3171 1827 3237; x_wconf 88' lang='lat' dir='ltr'><strong>nostris,</strong></span> 
     </span>
    </p>
   </div>
   <div class='ocr_carea' id='block_1_56' title="bbox 246 3238 1830 3309">
    <p class='ocr_par' dir='ltr' id='par_1_56' title="bbox 246 3238 1830 3309">
     <span class='ocr_line' id='line_1_57' title="bbox 246 3238 1830 3309; baseline 0.001 -15"><span class='ocrx_word' id='word_1_380' title='bbox 246 3254 355 3295; x_wconf 79' lang='lat' dir='ltr'><strong>nec</strong></span> <span class='ocrx_word' id='word_1_381' title='bbox 378 3238 605 3309; x_wconf 77' lang='lat' dir='ltr'><strong>diligere</strong></span> <span class='ocrx_word' id='word_1_382' title='bbox 631 3254 750 3308; x_wconf 88' lang='lat' dir='ltr'><strong>eos,</strong></span> <span class='ocrx_word' id='word_1_383' title='bbox 774 3240 868 3296; x_wconf 79' lang='lat' dir='ltr'><strong>sed</strong></span> <span class='ocrx_word' id='word_1_384' title='bbox 897 3239 1062 3295; x_wconf 87' lang='lat' dir='ltr'><strong>etiam</strong></span> <span class='ocrx_word' id='word_1_385' title='bbox 1091 3239 1375 3307; x_wconf 86' lang='lat' dir='ltr'><strong>detestari,</strong></span> <span class='ocrx_word' id='word_1_386' title='bbox 1408 3252 1513 3295; x_wconf 90' lang='lat' dir='ltr'><strong>etc.</strong></span> <span class='ocrx_word' id='word_1_387' title='bbox 1544 3240 1660 3294; x_wconf 83' lang='lat' dir='ltr'><strong>Non</strong></span> <span class='ocrx_word' id='word_1_388' title='bbox 1683 3242 1830 3296; x_wconf 88' lang='lat' dir='ltr'><strong>enim</strong></span> 
     </span>
    </p>
   </div>
   <div class='ocr_carea' id='block_1_57' title="bbox 246 3310 1830 3379">
    <p class='ocr_par' dir='ltr' id='par_1_57' title="bbox 246 3310 1830 3379">
     <span class='ocr_line' id='line_1_58' title="bbox 246 3310 1830 3379; baseline 0 -13"><span class='ocrx_word' id='word_1_389' title='bbox 246 3323 319 3366; x_wconf 76' lang='lat' dir='ltr'><strong>es</strong></span> <span class='ocrx_word' id='word_1_390' title='bbox 344 3310 472 3366; x_wconf 89' lang='lat' dir='ltr'><strong>odio</strong></span> <span class='ocrx_word' id='word_1_391' title='bbox 497 3320 552 3365; x_wconf 89' lang='lat' dir='ltr'><strong>et</strong></span> <span class='ocrx_word' id='word_1_392' title='bbox 582 3310 988 3376; x_wconf 83' lang='lat' dir='ltr'><strong>malevolentia,</strong></span> <span class='ocrx_word' id='word_1_393' title='bbox 1021 3310 1114 3365; x_wconf 88' lang='lat' dir='ltr'><strong>sed</strong></span> <span class='ocrx_word' id='word_1_394' title='bbox 1147 3312 1323 3379; x_wconf 89' lang='lat' dir='ltr'><strong>potius</strong></span> <span class='ocrx_word' id='word_1_395' title='bbox 1350 3326 1416 3365; x_wconf 79' lang='lat' dir='ltr'><strong>ex</strong></span> <span class='ocrx_word' id='word_1_396' title='bbox 1447 3312 1710 3367; x_wconf 85' lang='lat' dir='ltr'><strong>charitate</strong></span> <span class='ocrx_word' id='word_1_397' title='bbox 1738 3323 1830 3366; x_wconf 90' lang='lat' dir='ltr'><strong>aut</strong></span> 
     </span>
    </p>
   </div>
   <div class='ocr_carea' id='block_1_58' title="bbox 244 3351 1903 3447">
    <p class='ocr_par' dir='ltr' id='par_1_58' title="bbox 244 3351 1903 3447">
     <span class='ocr_line' id='line_1_59' title="bbox 244 3351 1903 3447; baseline 0 -10"><span class='ocrx_word' id='word_1_398' title='bbox 244 3392 399 3437; x_wconf 71' lang='lat' dir='ltr'><strong>certe</strong></span> <span class='ocrx_word' id='word_1_399' title='bbox 426 3397 494 3437; x_wconf 77' lang='lat' dir='ltr'><strong>ex</strong></span> <span class='ocrx_word' id='word_1_400' title='bbox 522 3384 640 3437; x_wconf 79' lang='lat' dir='ltr'><strong>zelo</strong></span> <span class='ocrx_word' id='word_1_401' title='bbox 666 3382 883 3447; x_wconf 79' lang='lat' dir='ltr'><strong>iustitiae</strong></span> <span class='ocrx_word' id='word_1_402' title='bbox 921 3351 1187 3436; x_wconf 61' lang='lat' dir='ltr'><strong>vdlnntaii</strong></span> <span class='ocrx_word' id='word_1_403' title='bbox 1234 3382 1427 3437; x_wconf 66' lang='lat' dir='ltr'><strong>divinae</strong></span> <span class='ocrx_word' id='word_1_404' title='bbox 1462 3394 1828 3437; x_wconf 85' lang='lat' dir='ltr'><strong>consentanea</strong></span> <span class='ocrx_word' id='word_1_405' title='bbox 1858 3351 1903 3415; x_wconf 66' lang='grc' dir='ltr'>ο</span> 
     </span>
    </p>
   </div>
   <div class='ocr_carea' id='block_1_59' title="bbox 243 3453 1832 3524">
    <p class='ocr_par' dir='ltr' id='par_1_59' title="bbox 243 3453 1832 3524">
     <span class='ocr_line' id='line_1_60' title="bbox 243 3453 1832 3524; baseline 0.002 -18"><span class='ocrx_word' id='word_1_406' title='bbox 243 3453 495 3524; x_wconf 12' lang='lat' dir='ltr'><strong>prolata-.7</strong></span> <span class='ocrx_word' id='word_1_407' title='bbox 537 3453 932 3523; x_wconf 86' lang='lat' dir='ltr'><strong>intelliguntur.</strong></span> <span class='ocrx_word' id='word_1_408' title='bbox 990 3453 1127 3509; x_wconf 86' lang='lat' dir='ltr'><strong>Sunt</strong></span> <span class='ocrx_word' id='word_1_409' title='bbox 1185 3455 1332 3509; x_wconf 91' lang='lat' dir='ltr'><strong>enim</strong></span> <span class='ocrx_word' id='word_1_410' title='bbox 1392 3454 1701 3521; x_wconf 88' lang='lat' dir='ltr'><strong>hujnsmodi</strong></span> <span class='ocrx_word' id='word_1_411' title='bbox 1753 3456 1832 3509; x_wconf 88' lang='lat' dir='ltr'><strong>lo-</strong></span> 
     </span>
    </p>
   </div>
   <div class='ocr_carea' id='block_1_60' title="bbox 243 3523 1832 3595">
    <p class='ocr_par' dir='ltr' id='par_1_60' title="bbox 243 3523 1832 3595">
     <span class='ocr_line' id='line_1_61' title="bbox 243 3523 1832 3595; baseline -0.001 -15"><span class='ocrx_word' id='word_1_412' title='bbox 243 3523 448 3595; x_wconf 65' lang='lat' dir='ltr'><strong>Quendi</strong></span> <span class='ocrx_word' id='word_1_413' title='bbox 479 3523 726 3579; x_wconf 78' lang='lat' dir='ltr'><strong>formula:</strong></span> <span class='ocrx_word' id='word_1_414' title='bbox 751 3528 802 3580; x_wconf 92' lang='lat' dir='ltr'><strong>in</strong></span> <span class='ocrx_word' id='word_1_415' title='bbox 832 3524 1149 3595; x_wconf 79' lang='lat' dir='ltr'><strong>Scripturis,</strong></span> <span class='ocrx_word' id='word_1_416' title='bbox 1186 3526 1489 3594; x_wconf 62' lang='lat' dir='ltr'><strong>praesertim</strong></span> <span class='ocrx_word' id='word_1_417' title='bbox 1525 3524 1832 3595; x_wconf 83' lang='lat' dir='ltr'><strong>inPsalmis</strong></span> 
     </span>
    </p>
   </div>
   <div class='ocr_carea' id='block_1_61' title="bbox 242 3593 1832 3666">
    <p class='ocr_par' dir='ltr' id='par_1_61' title="bbox 242 3593 1832 3666">
     <span class='ocr_line' id='line_1_62' title="bbox 242 3593 1832 3666; baseline 0 -16"><span class='ocrx_word' id='word_1_418' title='bbox 242 3593 306 3650; x_wconf 77' lang='lat' dir='ltr'><strong>et</strong></span> <span class='ocrx_word' id='word_1_419' title='bbox 347 3595 635 3665; x_wconf 78' lang='lat' dir='ltr'><strong>Prophetis</strong></span> <span class='ocrx_word' id='word_1_420' title='bbox 680 3610 938 3666; x_wconf 80' lang='lat' dir='ltr'><strong>perquam</strong></span> <span class='ocrx_word' id='word_1_421' title='bbox 989 3593 1223 3660; x_wconf 56' lang='lat' dir='ltr'><strong>usitatas,</strong></span> <span class='ocrx_word' id='word_1_422' title='bbox 1268 3596 1463 3666; x_wconf 87' lang='lat' dir='ltr'><strong>quibus</strong></span> <span class='ocrx_word' id='word_1_423' title='bbox 1520 3594 1649 3649; x_wconf 88' lang='lat' dir='ltr'><strong>nihil</strong></span> <span class='ocrx_word' id='word_1_424' title='bbox 1688 3597 1832 3650; x_wconf 88' lang='lat' dir='ltr'><strong>aliud</strong></span> 
     </span>
    </p>
   </div>
   <div class='ocr_carea' id='block_1_62' title="bbox 241 3666 1832 3736">
    <p class='ocr_par' dir='ltr' id='par_1_62' title="bbox 241 3666 1832 3736">
     <span class='ocr_line' id='line_1_63' title="bbox 241 3666 1832 3736; baseline -0.001 -15"><span class='ocrx_word' id='word_1_425' title='bbox 241 3666 427 3735; x_wconf 86' lang='lat' dir='ltr'><strong>agitur</strong></span> <span class='ocrx_word' id='word_1_426' title='bbox 462 3682 625 3735; x_wconf 86' lang='lat' dir='ltr'><strong>quant</strong></span> <span class='ocrx_word' id='word_1_427' title='bbox 666 3677 779 3722; x_wconf 87' lang='lat' dir='ltr'><strong>uta</strong></span> <span class='ocrx_word' id='word_1_428' title='bbox 822 3666 934 3721; x_wconf 87' lang='lat' dir='ltr'><strong>Deo</strong></span> <span class='ocrx_word' id='word_1_429' title='bbox 970 3666 1327 3722; x_wconf 89' lang='lat' dir='ltr'><strong>cohibeantur</strong></span> <span class='ocrx_word' id='word_1_430' title='bbox 1364 3666 1533 3735; x_wconf 86' lang='lat' dir='ltr'><strong>impii,</strong></span> <span class='ocrx_word' id='word_1_431' title='bbox 1576 3681 1675 3721; x_wconf 80' lang='lat' dir='ltr'><strong>nec</strong></span> <span class='ocrx_word' id='word_1_432' title='bbox 1708 3681 1832 3736; x_wconf 87' lang='lat' dir='ltr'><strong>pec-</strong></span> 
     </span>
    </p>
   </div>
   <div class='ocr_carea' id='block_1_63' title="bbox 242 3738 1834 3807">
    <p class='ocr_par' dir='ltr' id='par_1_63' title="bbox 242 3738 1834 3807">
     <span class='ocr_line' id='line_1_64' title="bbox 242 3738 1834 3807; baseline -0.001 -14"><span class='ocrx_word' id='word_1_433' title='bbox 242 3745 365 3793; x_wconf 79' lang='lat' dir='ltr'><strong>cata</strong></span> <span class='ocrx_word' id='word_1_434' title='bbox 395 3740 633 3807; x_wconf 81' lang='lat' dir='ltr'><strong>peccatis</strong></span> <span class='ocrx_word' id='word_1_435' title='bbox 668 3740 967 3803; x_wconf 89' lang='lat' dir='ltr'><strong>cumulent,</strong></span> <span class='ocrx_word' id='word_1_436' title='bbox 1002 3746 1096 3792; x_wconf 88' lang='lat' dir='ltr'><strong>aut</strong></span> <span class='ocrx_word' id='word_1_437' title='bbox 1141 3738 1192 3792; x_wconf 90' lang='lat' dir='ltr'><strong>in</strong></span> <span class='ocrx_word' id='word_1_438' title='bbox 1228 3738 1293 3792; x_wconf 90' lang='lat' dir='ltr'><strong>iis</strong></span> <span class='ocrx_word' id='word_1_439' title='bbox 1338 3746 1707 3806; x_wconf 80' lang='lat' dir='ltr'><strong>perseverent,</strong></span> <span class='ocrx_word' id='word_1_440' title='bbox 1740 3747 1834 3792; x_wconf 84' lang='lat' dir='ltr'><strong>aut</strong></span> 
     </span>
    </p>
   </div>
   <div class='ocr_carea' id='block_1_64' title="bbox 242 3806 1832 3879">
    <p class='ocr_par' dir='ltr' id='par_1_64' title="bbox 242 3806 1832 3879">
     <span class='ocr_line' id='line_1_65' title="bbox 242 3806 1832 3879; baseline -0.001 -16"><span class='ocrx_word' id='word_1_441' title='bbox 242 3807 423 3879; x_wconf 77' lang='lat' dir='ltr'><strong>bonos</strong></span> <span class='ocrx_word' id='word_1_442' title='bbox 462 3808 690 3864; x_wconf 87' lang='lat' dir='ltr'><strong>ulterius</strong></span> <span class='ocrx_word' id='word_1_443' title='bbox 729 3821 1144 3879; x_wconf 87' lang='lat' dir='ltr'><strong>persequantur,</strong></span> <span class='ocrx_word' id='word_1_444' title='bbox 1179 3810 1261 3864; x_wconf 88' lang='lat' dir='ltr'><strong>vel</strong></span> <span class='ocrx_word' id='word_1_445' title='bbox 1306 3819 1359 3863; x_wconf 92' lang='lat' dir='ltr'><strong>ut</strong></span> <span class='ocrx_word' id='word_1_446' title='bbox 1404 3806 1577 3877; x_wconf 66' lang='lat' dir='ltr'><strong>poenis</strong></span> <span class='ocrx_word' id='word_1_447' title='bbox 1626 3819 1832 3877; x_wconf 85' lang='lat' dir='ltr'><strong>tempo-</strong></span> 
     </span>
    </p>
   </div>
   <div class='ocr_carea' id='block_1_65' title="bbox 243 3878 1834 3950">
    <p class='ocr_par' dir='ltr' id='par_1_65' title="bbox 243 3878 1834 3950">
     <span class='ocr_line' id='line_1_66' title="bbox 243 3878 1834 3950; baseline -0.001 -16"><span class='ocrx_word' id='word_1_448' title='bbox 243 3878 453 3934; x_wconf 78' lang='lat' dir='ltr'><strong>ralibus</strong></span> <span class='ocrx_word' id='word_1_449' title='bbox 504 3881 816 3950; x_wconf 88' lang='lat' dir='ltr'><strong>puniantur,</strong></span> <span class='ocrx_word' id='word_1_450' title='bbox 858 3878 926 3935; x_wconf 88' lang='lat' dir='ltr'><strong>ne</strong></span> <span class='ocrx_word' id='word_1_451' title='bbox 967 3883 1020 3936; x_wconf 90' lang='lat' dir='ltr'><strong>in</strong></span> <span class='ocrx_word' id='word_1_452' title='bbox 1059 3889 1319 3935; x_wconf 71' lang='lat' dir='ltr'><strong>aeternum</strong></span> <span class='ocrx_word' id='word_1_453' title='bbox 1360 3889 1612 3947; x_wconf 80' lang='lat' dir='ltr'><strong>pereant;</strong></span> <span class='ocrx_word' id='word_1_454' title='bbox 1654 3894 1834 3948; x_wconf 88' lang='lat' dir='ltr'><strong>quem-</strong></span> 
     </span>
    </p>
   </div>
   <div class='ocr_carea' id='block_1_66' title="bbox 241 3950 1833 4023">
    <p class='ocr_par' dir='ltr' id='par_1_66' title="bbox 241 3950 1833 4023">
     <span class='ocr_line' id='line_1_67' title="bbox 241 3950 1833 4023; baseline -0.001 -18"><span class='ocrx_word' id='word_1_455' title='bbox 241 3950 543 4023; x_wconf 80' lang='lat' dir='ltr'><strong>admodum</strong></span> <span class='ocrx_word' id='word_1_456' title='bbox 583 3953 653 4006; x_wconf 86' lang='lat' dir='ltr'><strong>ait</strong></span> <span class='ocrx_word' id='word_1_457' title='bbox 694 3954 987 4023; x_wconf 79' lang='lat' dir='ltr'><strong>Apostolus</strong></span> <span class='ocrx_word' id='word_1_458' title='bbox 1024 3950 1039 4004; x_wconf 93' lang='lat' dir='ltr'><strong>l</strong></span> <span class='ocrx_word' id='word_1_459' title='bbox 1076 3950 1326 4005; x_wconf 79' lang='lat' dir='ltr'><strong>Corinth.</strong></span> <span class='ocrx_word' id='word_1_460' title='bbox 1360 3966 1392 4004; x_wconf 75' lang='grc' dir='ltr'><strong>ι</strong></span> <span class='ocrx_word' id='word_1_461' title='bbox 1426 3968 1438 4002; x_wconf 89' lang='lat'><strong>:</strong></span> <span class='ocrx_word' id='word_1_462' title='bbox 1480 3950 1540 4005; x_wconf 88' lang='lat' dir='ltr'><strong>Si</strong></span> <span class='ocrx_word' id='word_1_463' title='bbox 1571 3965 1665 4004; x_wconf 88' lang='lat' dir='ltr'><strong>nos</strong></span> <span class='ocrx_word' id='word_1_464' title='bbox 1694 3952 1833 4023; x_wconf 86' lang='lat' dir='ltr'><strong>ipsos</strong></span> 
     </span>
    </p>
   </div>
   <div class='ocr_carea' id='block_1_67' title="bbox 243 4022 1834 4094">
    <p class='ocr_par' dir='ltr' id='par_1_67' title="bbox 243 4022 1834 4094">
     <span class='ocr_line' id='line_1_68' title="bbox 243 4022 1834 4094; baseline -0.001 -19"><span class='ocrx_word' id='word_1_465' title='bbox 243 4022 677 4091; x_wconf 79' lang='lat' dir='ltr'><strong>dijudicaremus,</strong></span> <span class='ocrx_word' id='word_1_466' title='bbox 716 4022 822 4077; x_wconf 83' lang='lat' dir='ltr'><strong>non</strong></span> <span class='ocrx_word' id='word_1_467' title='bbox 849 4024 1027 4092; x_wconf 87' lang='lat' dir='ltr'><strong>utique</strong></span> <span class='ocrx_word' id='word_1_468' title='bbox 1046 4023 1444 4094; x_wconf 85' lang='lat' dir='ltr'><strong>judicaremur;</strong></span> <span class='ocrx_word' id='word_1_469' title='bbox 1473 4037 1591 4075; x_wconf 88' lang='lat' dir='ltr'><strong>cum</strong></span> <span class='ocrx_word' id='word_1_470' title='bbox 1629 4022 1834 4087; x_wconf 76' lang='lat' dir='ltr'><strong>iudica-</strong></span> 
     </span>
    </p>
   </div>
   <div class='ocr_carea' id='block_1_68' title="bbox 241 4094 1834 4161">
    <p class='ocr_par' dir='ltr' id='par_1_68' title="bbox 241 4094 1834 4161">
     <span class='ocr_line' id='line_1_69' title="bbox 241 4094 1834 4161; baseline 0 -16"><span class='ocrx_word' id='word_1_471' title='bbox 241 4108 367 4146; x_wconf 64' lang='lat' dir='ltr'><strong>aur</strong></span> <span class='ocrx_word' id='word_1_472' title='bbox 416 4104 609 4158; x_wconf 75' lang='lat' dir='ltr'><strong>autem,</strong></span> <span class='ocrx_word' id='word_1_473' title='bbox 653 4111 686 4147; x_wconf 89' lang='lat' dir='ltr'><strong>a</strong></span> <span class='ocrx_word' id='word_1_474' title='bbox 719 4094 940 4149; x_wconf 88' lang='lat' dir='ltr'><strong>Domino</strong></span> <span class='ocrx_word' id='word_1_475' title='bbox 983 4095 1311 4161; x_wconf 87' lang='lat' dir='ltr'><strong>corripimur,</strong></span> <span class='ocrx_word' id='word_1_476' title='bbox 1352 4102 1539 4146; x_wconf 88' lang='lat' dir='ltr'><strong>utnon</strong></span> <span class='ocrx_word' id='word_1_477' title='bbox 1576 4108 1692 4146; x_wconf 85' lang='lat' dir='ltr'><strong>cum</strong></span> <span class='ocrx_word' id='word_1_478' title='bbox 1737 4094 1834 4146; x_wconf 80' lang='lat' dir='ltr'><strong>hoc</strong></span> 
     </span>
    </p>
   </div>
   <div class='ocr_carea' id='block_1_69' title="bbox 242 4164 1830 4233">
    <p class='ocr_par' dir='ltr' id='par_1_69' title="bbox 242 4164 1830 4233">
     <span class='ocr_line' id='line_1_70' title="bbox 242 4164 1830 4233; baseline 0.001 -15"><span class='ocrx_word' id='word_1_479' title='bbox 242 4164 443 4218; x_wconf 67' lang='lat' dir='ltr'><strong>arundo</strong></span> <span class='ocrx_word' id='word_1_480' title='bbox 467 4165 793 4219; x_wconf 82' lang='lat' dir='ltr'><strong>damnentur.</strong></span> <span class='ocrx_word' id='word_1_481' title='bbox 826 4164 921 4220; x_wconf 85' lang='lat' dir='ltr'><strong>Vel</strong></span> <span class='ocrx_word' id='word_1_482' title='bbox 946 4175 1091 4219; x_wconf 89' lang='lat' dir='ltr'><strong>certe</strong></span> <span class='ocrx_word' id='word_1_483' title='bbox 1119 4180 1227 4217; x_wconf 90' lang='lat' dir='ltr'><strong>non</strong></span> <span class='ocrx_word' id='word_1_484' title='bbox 1258 4175 1365 4217; x_wconf 81' lang='lat' dir='ltr'><strong>tam</strong></span> <span class='ocrx_word' id='word_1_485' title='bbox 1392 4165 1830 4233; x_wconf 84' lang='lat' dir='ltr'><strong>itnprecationcs.</strong></span> 
     </span>
    </p>
   </div>
   <div class='ocr_carea' id='block_1_70' title="bbox 356 4234 1829 4305">
    <p class='ocr_par' dir='ltr' id='par_1_70' title="bbox 356 4234 1829 4305">
     <span class='ocr_line' id='line_1_71' title="bbox 356 4234 1829 4305; baseline 0.001 -17"><span class='ocrx_word' id='word_1_486' title='bbox 356 4250 408 4288; x_wconf 89' lang='lat' dir='ltr'><strong>m</strong></span> <span class='ocrx_word' id='word_1_487' title='bbox 444 4236 917 4298; x_wconf 88' lang='lat' dir='ltr'><strong>comminationes,</strong></span> <span class='ocrx_word' id='word_1_488' title='bbox 958 4248 1050 4290; x_wconf 90' lang='lat' dir='ltr'><strong>aut</strong></span> <span class='ocrx_word' id='word_1_489' title='bbox 1080 4234 1464 4305; x_wconf 64' lang='lat' dir='ltr'><strong>praedictiones</strong></span> <span class='ocrx_word' id='word_1_490' title='bbox 1507 4243 1633 4288; x_wconf 91' lang='lat' dir='ltr'><strong>sunt</strong></span> <span class='ocrx_word' id='word_1_491' title='bbox 1660 4235 1829 4289; x_wconf 85' lang='lat' dir='ltr'><strong>divini</strong></span> 
     </span>
    </p>
   </div>
   <div class='ocr_carea' id='block_1_71' title="bbox 288 4306 1831 4378">
    <p class='ocr_par' dir='ltr' id='par_1_71' title="bbox 288 4306 1831 4378">
     <span class='ocr_line' id='line_1_72' title="bbox 288 4306 1831 4378; baseline 0.001 -18"><span class='ocrx_word' id='word_1_492' title='bbox 288 4306 481 4374; x_wconf 87' lang='lat' dir='ltr'><strong>pirittts</strong></span> <span class='ocrx_word' id='word_1_493' title='bbox 512 4321 613 4377; x_wconf 85' lang='lat' dir='ltr'><strong>per</strong></span> <span class='ocrx_word' id='word_1_494' title='bbox 656 4324 718 4362; x_wconf 86' lang='lat' dir='ltr'><strong>os</strong></span> <span class='ocrx_word' id='word_1_495' title='bbox 754 4309 1138 4378; x_wconf 89' lang='lat' dir='ltr'><strong>pr0phetarum</strong></span> <span class='ocrx_word' id='word_1_496' title='bbox 1173 4308 1443 4375; x_wconf 81' lang='lat' dir='ltr'><strong>loquentis</strong></span> <span class='ocrx_word' id='word_1_497' title='bbox 1472 4314 1530 4360; x_wconf 90' lang='lat' dir='ltr'><strong>et</strong></span> <span class='ocrx_word' id='word_1_498' title='bbox 1574 4321 1831 4375; x_wconf 70' lang='lat' dir='ltr'><strong>prmnun-</strong></span> 
     </span>
    </p>
   </div>
   <div class='ocr_carea' id='block_1_72' title="bbox 244 4376 1293 4447">
    <p class='ocr_par' dir='ltr' id='par_1_72' title="bbox 244 4376 1293 4447">
     <span class='ocr_line' id='line_1_73' title="bbox 244 4376 1293 4447; baseline 0 -16"><span class='ocrx_word' id='word_1_499' title='bbox 244 4376 438 4447; x_wconf 81' lang='lat' dir='ltr'><strong>tiantis</strong></span> <span class='ocrx_word' id='word_1_500' title='bbox 463 4376 653 4447; x_wconf 75' lang='lat' dir='ltr'><strong>ptenas</strong></span> <span class='ocrx_word' id='word_1_501' title='bbox 684 4376 944 4447; x_wconf 82' lang='lat' dir='ltr'><strong>improbis</strong></span> <span class='ocrx_word' id='word_1_502' title='bbox 978 4380 1293 4433; x_wconf 87' lang='lat' dir='ltr'><strong>destinatas.</strong></span> 
     </span>
    </p>
   </div>
   <div class='ocr_carea' id='block_1_73' title="bbox 322 4446 1834 4519">
    <p class='ocr_par' dir='ltr' id='par_1_73' title="bbox 322 4446 1834 4519">
     <span class='ocr_line' id='line_1_74' title="bbox 322 4446 1834 4519; baseline -0.001 -16"><span class='ocrx_word' id='word_1_503' title='bbox 322 4446 351 4486; x_wconf 71' lang='grc' dir='ltr'>δ</span> <span class='ocrx_word' id='word_1_504' title='bbox 375 4448 700 4505; x_wconf 75' lang='lat' dir='ltr'><strong>Maledicere</strong></span> <span class='ocrx_word' id='word_1_505' title='bbox 720 4446 862 4505; x_wconf 80' lang='lat' dir='ltr'><strong>idem</strong></span> <span class='ocrx_word' id='word_1_506' title='bbox 890 4459 975 4504; x_wconf 88' lang='lat' dir='ltr'><strong>est</strong></span> <span class='ocrx_word' id='word_1_507' title='bbox 998 4449 1141 4519; x_wconf 88' lang='lat' dir='ltr'><strong>quod</strong></span> <span class='ocrx_word' id='word_1_508' title='bbox 1179 4450 1377 4503; x_wconf 86' lang='lat' dir='ltr'><strong>malum</strong></span> <span class='ocrx_word' id='word_1_509' title='bbox 1414 4448 1617 4503; x_wconf 87' lang='lat' dir='ltr'><strong>dicere.</strong></span> <span class='ocrx_word' id='word_1_510' title='bbox 1650 4446 1706 4519; x_wconf 86' lang='lat' dir='ltr'><strong>Id</strong></span> <span class='ocrx_word' id='word_1_511' title='bbox 1738 4463 1834 4501; x_wconf 87' lang='lat' dir='ltr'><strong>au-</strong></span> 
     </span>
    </p>
   </div>
   <div class='ocr_carea' id='block_1_74' title="bbox 244 4518 1833 4590">
    <p class='ocr_par' dir='ltr' id='par_1_74' title="bbox 244 4518 1833 4590">
     <span class='ocr_line' id='line_1_75' title="bbox 244 4518 1833 4590; baseline -0.001 -15"><span class='ocrx_word' id='word_1_512' title='bbox 244 4529 361 4575; x_wconf 79' lang='lat' dir='ltr'><strong>tem</strong></span> <span class='ocrx_word' id='word_1_513' title='bbox 406 4520 465 4574; x_wconf 82' lang='lat' dir='ltr'><strong>tit</strong></span> <span class='ocrx_word' id='word_1_514' title='bbox 492 4521 817 4589; x_wconf 87' lang='lat' dir='ltr'><strong>tripliciter:</strong></span> <span class='ocrx_word' id='word_1_515' title='bbox 848 4518 1025 4590; x_wconf 87' lang='lat' dir='ltr'><strong>primo</strong></span> <span class='ocrx_word' id='word_1_516' title='bbox 1069 4520 1403 4575; x_wconf 83' lang='lat' dir='ltr'><strong>enuntiative</strong></span> <span class='ocrx_word' id='word_1_517' title='bbox 1449 4518 1737 4574; x_wconf 87' lang='lat' dir='ltr'><strong>indicando</strong></span> <span class='ocrx_word' id='word_1_518' title='bbox 1779 4529 1833 4573; x_wconf 92' lang='lat' dir='ltr'><strong>et</strong></span> 
     </span>
    </p>
   </div>
   <div class='ocr_carea' id='block_1_75' title="bbox 243 4591 1829 4662">
    <p class='ocr_par' dir='ltr' id='par_1_75' title="bbox 243 4591 1829 4662">
     <span class='ocr_line' id='line_1_76' title="bbox 243 4591 1829 4662; baseline -0.001 -16"><span class='ocrx_word' id='word_1_519' title='bbox 243 4591 574 4662; x_wconf 77' lang='lat' dir='ltr'><strong>exponendo</strong></span> <span class='ocrx_word' id='word_1_520' title='bbox 620 4593 817 4647; x_wconf 89' lang='lat' dir='ltr'><strong>malum</strong></span> <span class='ocrx_word' id='word_1_521' title='bbox 860 4591 1108 4659; x_wconf 82' lang='lat' dir='ltr'><strong>alterius,</strong></span> <span class='ocrx_word' id='word_1_522' title='bbox 1149 4591 1291 4661; x_wconf 86' lang='lat' dir='ltr'><strong>quod</strong></span> <span class='ocrx_word' id='word_1_523' title='bbox 1322 4591 1380 4644; x_wconf 84' lang='lat' dir='ltr'><strong>iit</strong></span> <span class='ocrx_word' id='word_1_524' title='bbox 1410 4605 1507 4662; x_wconf 79' lang='lat' dir='ltr'><strong>per</strong></span> <span class='ocrx_word' id='word_1_525' title='bbox 1544 4597 1829 4645; x_wconf 84' lang='lat' dir='ltr'><strong>contume—</strong></span> 
     </span>
    </p>
   </div>
   <div class='ocr_carea' id='block_1_76' title="bbox 243 4660 1828 4730">
    <p class='ocr_par' dir='ltr' id='par_1_76' title="bbox 243 4660 1828 4730">
     <span class='ocr_line' id='line_1_77' title="bbox 243 4660 1828 4730; baseline -0.004 -11"><span class='ocrx_word' id='word_1_526' title='bbox 243 4660 401 4730; x_wconf 79' lang='lat' dir='ltr'><strong>liam,</strong></span> <span class='ocrx_word' id='word_1_527' title='bbox 454 4664 786 4727; x_wconf 86' lang='lat' dir='ltr'><strong>irrisionem,</strong></span> <span class='ocrx_word' id='word_1_528' title='bbox 830 4660 1249 4726; x_wconf 86' lang='lat' dir='ltr'><strong>detractionem;</strong></span> <span class='ocrx_word' id='word_1_529' title='bbox 1300 4660 1541 4717; x_wconf 90' lang='lat' dir='ltr'><strong>secundo</strong></span> <span class='ocrx_word' id='word_1_530' title='bbox 1590 4662 1828 4726; x_wconf 87' lang='lat' dir='ltr'><strong>impera-</strong></span> 
     </span>
    </p>
   </div>
   <div class='ocr_carea' id='block_1_77' title="bbox 1943 2531 3524 2607">
    <p class='ocr_par' dir='ltr' id='par_1_77' title="bbox 1943 2531 3524 2607">
     <span class='ocr_line' id='line_1_78' title="bbox 1943 2531 3524 2607; baseline 0.005 -25"><span class='ocrx_word' id='word_1_531' title='bbox 1943 2531 2274 2607; x_wconf 79' lang='lat' dir='ltr'><strong>nmtizando;</strong></span> <span class='ocrx_word' id='word_1_532' title='bbox 2301 2533 2437 2607; x_wconf 84' lang='lat' dir='ltr'><strong>sicut</strong></span> <span class='ocrx_word' id='word_1_533' title='bbox 2464 2540 2510 2585; x_wconf 88' lang='lat' dir='ltr'><strong>et</strong></span> <span class='ocrx_word' id='word_1_534' title='bbox 2536 2531 2798 2607; x_wconf 75' lang='lat' dir='ltr'><strong>prapltetce</strong></span> <span class='ocrx_word' id='word_1_535' title='bbox 2827 2535 2878 2588; x_wconf 89' lang='lat' dir='ltr'><strong>in</strong></span> <span class='ocrx_word' id='word_1_536' title='bbox 2908 2534 3192 2607; x_wconf 87' lang='lat' dir='ltr'><strong>Scripturis</strong></span> <span class='ocrx_word' id='word_1_537' title='bbox 3216 2535 3524 2607; x_wconf 83' lang='lat' dir='ltr'><strong>quandoque</strong></span> 
     </span>
    </p>
   </div>
   <div class='ocr_carea' id='block_1_78' title="bbox 1942 2602 3535 2685">
    <p class='ocr_par' dir='ltr' id='par_1_78' title="bbox 1942 2602 3535 2685">
     <span class='ocr_line' id='line_1_79' title="bbox 1942 2602 3535 2685; baseline 0.005 -32"><span class='ocrx_word' id='word_1_538' title='bbox 1942 2602 2293 2685; x_wconf 71' lang='lat' dir='ltr'><strong>imprecantur</strong></span> <span class='ocrx_word' id='word_1_539' title='bbox 2318 2603 2453 2685; x_wconf 76' lang='lat' dir='ltr'><strong>mala</strong></span> <span class='ocrx_word' id='word_1_540' title='bbox 2479 2602 2855 2685; x_wconf 68' lang='lat' dir='ltr'><strong>peccatoribus,</strong></span> <span class='ocrx_word' id='word_1_541' title='bbox 2880 2602 3535 2685; x_wconf 44' lang='lat' dir='ltr'><strong>quasi&#39;_conformantes&#39;vo-</strong></span> 
     </span>
    </p>
   </div>
   <div class='ocr_carea' id='block_1_79' title="bbox 1940 2670 3533 2748">
    <p class='ocr_par' dir='ltr' id='par_1_79' title="bbox 1940 2670 3533 2748">
     <span class='ocr_line' id='line_1_80' title="bbox 1940 2670 3533 2748; baseline 0.006 -24"><span class='ocrx_word' id='word_1_542' title='bbox 1940 2670 2192 2748; x_wconf 81' lang='lat' dir='ltr'><strong>luntatem</strong></span> <span class='ocrx_word' id='word_1_543' title='bbox 2217 2690 2362 2728; x_wconf 85' lang='lat' dir='ltr'><strong>suam</strong></span> <span class='ocrx_word' id='word_1_544' title='bbox 2388 2670 2574 2727; x_wconf 76' lang='lat' dir='ltr'><strong>divina:</strong></span> <span class='ocrx_word' id='word_1_545' title='bbox 2600 2670 2849 2748; x_wconf 74' lang='lat' dir='ltr'><strong>justitite,</strong></span> <span class='ocrx_word' id='word_1_546' title='bbox 2889 2670 3003 2730; x_wconf 85' lang='lat' dir='ltr'><strong>licet</strong></span> <span class='ocrx_word' id='word_1_547' title='bbox 3028 2677 3110 2732; x_wconf 82' lang='lat' dir='ltr'><strong>lue</strong></span> <span class='ocrx_word' id='word_1_548' title='bbox 3137 2670 3533 2748; x_wconf 66' lang='lat' dir='ltr'><strong>imprecatione:</strong></span> 
     </span>
    </p>
   </div>
   <div class='ocr_carea' id='block_1_80' title="bbox 1942 2745 3523 2819">
    <p class='ocr_par' dir='ltr' id='par_1_80' title="bbox 1942 2745 3523 2819">
     <span class='ocr_line' id='line_1_81' title="bbox 1942 2745 3523 2819; baseline 0.004 -23"><span class='ocrx_word' id='word_1_549' title='bbox 1942 2745 2138 2819; x_wconf 66' lang='lat' dir='ltr'><strong>possint</strong></span> <span class='ocrx_word' id='word_1_550' title='bbox 2177 2751 2329 2797; x_wconf 79' lang='lat' dir='ltr'><strong>etiam</strong></span> <span class='ocrx_word' id='word_1_551' title='bbox 2374 2745 3236 2819; x_wconf 22' lang='lat' dir='ltr'><strong>per“modum”prwnuntiationis</strong></span> <span class='ocrx_word' id='word_1_552' title='bbox 3279 2746 3523 2819; x_wconf 80' lang='lat' dir='ltr'><strong>intelligi.</strong></span> 
     </span>
    </p>
   </div>
   <div class='ocr_carea' id='block_1_81' title="bbox 1943 2813 3535 2887">
    <p class='ocr_par' dir='ltr' id='par_1_81' title="bbox 1943 2813 3535 2887">
     <span class='ocr_line' id='line_1_82' title="bbox 1943 2813 3535 2887; baseline 0.005 -22"><span class='ocrx_word' id='word_1_553' title='bbox 1943 2813 2265 2887; x_wconf 85' lang='lat' dir='ltr'><strong>Quandoque</strong></span> <span class='ocrx_word' id='word_1_554' title='bbox 2300 2813 2419 2869; x_wconf 72' lang='lat' dir='ltr'><strong>vero</strong></span> <span class='ocrx_word' id='word_1_555' title='bbox 2461 2815 2655 2869; x_wconf 89' lang='lat' dir='ltr'><strong>dicitur</strong></span> <span class='ocrx_word' id='word_1_556' title='bbox 2696 2813 2911 2887; x_wconf 75' lang='lat' dir='ltr'><strong>aliquod</strong></span> <span class='ocrx_word' id='word_1_557' title='bbox 2962 2818 3155 2872; x_wconf 89' lang='lat' dir='ltr'><strong>malum</strong></span> <span class='ocrx_word' id='word_1_558' title='bbox 3190 2819 3283 2873; x_wconf 86' lang='lat' dir='ltr'><strong>sub</strong></span> <span class='ocrx_word' id='word_1_559' title='bbox 3331 2813 3535 2873; x_wconf 69' lang='lat' dir='ltr'><strong>ratidne</strong></span> 
     </span>
    </p>
   </div>
   <div class='ocr_carea' id='block_1_82' title="bbox 1940 2885 3534 2959">
    <p class='ocr_par' dir='ltr' id='par_1_82' title="bbox 1940 2885 3534 2959">
     <span class='ocr_line' id='line_1_83' title="bbox 1940 2885 3534 2959; baseline 0.003 -20"><span class='ocrx_word' id='word_1_560' title='bbox 1940 2885 2107 2959; x_wconf 81' lang='lat' dir='ltr'><strong>utilis,</strong></span> <span class='ocrx_word' id='word_1_561' title='bbox 2133 2897 2258 2956; x_wconf 87' lang='lat' dir='ltr'><strong>puta</strong></span> <span class='ocrx_word' id='word_1_562' title='bbox 2290 2887 2620 2959; x_wconf 15' lang='lat' dir='ltr'><strong>cuntraliquis</strong></span> <span class='ocrx_word' id='word_1_563' title='bbox 2652 2885 2796 2957; x_wconf 84' lang='lat' dir='ltr'><strong>Optat</strong></span> <span class='ocrx_word' id='word_1_564' title='bbox 2824 2890 3050 2959; x_wconf 84' lang='lat' dir='ltr'><strong>aliquem</strong></span> <span class='ocrx_word' id='word_1_565' title='bbox 3079 2899 3397 2959; x_wconf 88' lang='lat' dir='ltr'><strong>peccatorem</strong></span> <span class='ocrx_word' id='word_1_566' title='bbox 3424 2891 3534 2959; x_wconf 90' lang='lat' dir='ltr'><strong>pati</strong></span> 
     </span>
    </p>
   </div>
   <div class='ocr_carea' id='block_1_83' title="bbox 1940 2955 3532 3029">
    <p class='ocr_par' dir='ltr' id='par_1_83' title="bbox 1940 2955 3532 3029">
     <span class='ocr_line' id='line_1_84' title="bbox 1940 2955 3532 3029; baseline 0.004 -21"><span class='ocrx_word' id='word_1_567' title='bbox 1940 2955 2171 3027; x_wconf 86' lang='lat' dir='ltr'><strong>aliquam</strong></span> <span class='ocrx_word' id='word_1_568' title='bbox 2194 2955 2577 3029; x_wconf 72' lang='lat' dir='ltr'><strong>a&#39;gritudinem,</strong></span> <span class='ocrx_word' id='word_1_569' title='bbox 2608 2955 2697 3011; x_wconf 85' lang='lat' dir='ltr'><strong>aut</strong></span> <span class='ocrx_word' id='word_1_570' title='bbox 2734 2955 2947 3029; x_wconf 78' lang='lat' dir='ltr'><strong>aliquod</strong></span> <span class='ocrx_word' id='word_1_571' title='bbox 2977 2955 3434 3029; x_wconf 63' lang='lat' dir='ltr'><strong>impedimentum,</strong></span> <span class='ocrx_word' id='word_1_572' title='bbox 3453 2962 3532 3015; x_wconf 85' lang='lat' dir='ltr'><strong>vel</strong></span> 
     </span>
    </p>
   </div>
   <div class='ocr_carea' id='block_1_84' title="bbox 1938 3028 3533 3099">
    <p class='ocr_par' dir='ltr' id='par_1_84' title="bbox 1938 3028 3533 3099">
     <span class='ocr_line' id='line_1_85' title="bbox 1938 3028 3533 3099; baseline 0.005 -20"><span class='ocrx_word' id='word_1_573' title='bbox 1938 3038 1994 3082; x_wconf 82' lang='lat' dir='ltr'><strong>ut</strong></span> <span class='ocrx_word' id='word_1_574' title='bbox 2028 3030 2135 3099; x_wconf 88' lang='lat' dir='ltr'><strong>ipse</strong></span> <span class='ocrx_word' id='word_1_575' title='bbox 2160 3030 2344 3081; x_wconf 81' lang='lat' dir='ltr'><strong>melior</strong></span> <span class='ocrx_word' id='word_1_576' title='bbox 2373 3028 2644 3099; x_wconf 72' lang='lat' dir='ltr'><strong>efﬁciatur,</strong></span> <span class='ocrx_word' id='word_1_577' title='bbox 2687 3031 2767 3084; x_wconf 86' lang='lat' dir='ltr'><strong>vel</strong></span> <span class='ocrx_word' id='word_1_578' title='bbox 2806 3028 2861 3083; x_wconf 86' lang='lat' dir='ltr'><strong>ut</strong></span> <span class='ocrx_word' id='word_1_579' title='bbox 2883 3028 3064 3085; x_wconf 88' lang='lat' dir='ltr'><strong>saltem</strong></span> <span class='ocrx_word' id='word_1_580' title='bbox 3094 3032 3157 3085; x_wconf 86' lang='lat' dir='ltr'><strong>ab</strong></span> <span class='ocrx_word' id='word_1_581' title='bbox 3185 3033 3410 3085; x_wconf 87' lang='lat' dir='ltr'><strong>aliorum</strong></span> <span class='ocrx_word' id='word_1_582' title='bbox 3436 3046 3533 3087; x_wconf 87' lang='lat' dir='ltr'><strong>no-</strong></span> 
     </span>
    </p>
   </div>
   <div class='ocr_carea' id='block_1_85' title="bbox 1937 3100 3530 3171">
    <p class='ocr_par' dir='ltr' id='par_1_85' title="bbox 1937 3100 3530 3171">
     <span class='ocr_line' id='line_1_86' title="bbox 1937 3100 3530 3171; baseline 0.004 -19"><span class='ocrx_word' id='word_1_583' title='bbox 1937 3108 2177 3171; x_wconf 15' lang='lat' dir='ltr'><strong>cumeittio</strong></span> <span class='ocrx_word' id='word_1_584' title='bbox 2204 3107 2388 3171; x_wconf 83' lang='lat' dir='ltr'><strong>cesset.</strong></span> <span class='ocrx_word' id='word_1_585' title='bbox 2428 3100 2555 3155; x_wconf 67' lang='lat' dir='ltr'><strong>llaec</strong></span> <span class='ocrx_word' id='word_1_586' title='bbox 2593 3107 2811 3155; x_wconf 86' lang='lat' dir='ltr'><strong>sanctus</strong></span> <span class='ocrx_word' id='word_1_587' title='bbox 2835 3100 3072 3157; x_wconf 91' lang='lat' dir='ltr'><strong>&#39;l&#39;homas</strong></span> <span class='ocrx_word' id='word_1_588' title='bbox 3101 3119 3221 3171; x_wconf 67' lang='lat' dir='ltr'><strong>quae</strong></span> <span class='ocrx_word' id='word_1_589' title='bbox 3246 3103 3311 3157; x_wconf 87' lang='lat' dir='ltr'><strong>ad</strong></span> <span class='ocrx_word' id='word_1_590' title='bbox 3354 3104 3530 3159; x_wconf 88' lang='lat' dir='ltr'><strong>locum</strong></span> 
     </span>
    </p>
   </div>
   <div class='ocr_carea' id='block_1_86' title="bbox 1937 3166 3529 3229">
    <p class='ocr_par' dir='ltr' id='par_1_86' title="bbox 1937 3166 3529 3229">
     <span class='ocr_line' id='line_1_87' title="bbox 1937 3166 3529 3229; baseline 0.003 -6"><span class='ocrx_word' id='word_1_591' title='bbox 1937 3166 2082 3224; x_wconf 89' lang='lat' dir='ltr'><strong>hunc</strong></span> <span class='ocrx_word' id='word_1_592' title='bbox 2105 3170 2486 3225; x_wconf 88' lang='lat' dir='ltr'><strong>elucidandum</strong></span> <span class='ocrx_word' id='word_1_593' title='bbox 2518 3171 2735 3226; x_wconf 90' lang='lat' dir='ltr'><strong>abunde</strong></span> <span class='ocrx_word' id='word_1_594' title='bbox 2759 3171 3053 3229; x_wconf 78' lang='lat' dir='ltr'><strong>sufﬁciunt.</strong></span> <span class='ocrx_word' id='word_1_595' title='bbox 3080 3166 3279 3229; x_wconf 75' lang='lat' dir='ltr'><strong>Verum</strong></span> <span class='ocrx_word' id='word_1_596' title='bbox 3314 3173 3403 3228; x_wconf 88' lang='lat' dir='ltr'><strong>hic</strong></span> <span class='ocrx_word' id='word_1_597' title='bbox 3430 3187 3529 3228; x_wconf 86' lang='lat' dir='ltr'><strong>au-</strong></span> 
     </span>
    </p>
   </div>
   <div class='ocr_carea' id='block_1_87' title="bbox 1936 3241 3531 3314">
    <p class='ocr_par' dir='ltr' id='par_1_87' title="bbox 1936 3241 3531 3314">
     <span class='ocr_line' id='line_1_88' title="bbox 1936 3241 3531 3314; baseline 0.004 -20"><span class='ocrx_word' id='word_1_598' title='bbox 1936 3241 2092 3314; x_wconf 71' lang='lat' dir='ltr'><strong>ctarii</strong></span> <span class='ocrx_word' id='word_1_599' title='bbox 2147 3242 2269 3314; x_wconf 8' lang='lat' dir='ltr'><strong>loco?</strong></span> <span class='ocrx_word' id='word_1_600' title='bbox 2312 3242 2553 3314; x_wconf 86' lang='lat' dir='ltr'><strong>occu_rrit</strong></span> <span class='ocrx_word' id='word_1_601' title='bbox 2604 3242 2748 3313; x_wconf 92' lang='lat' dir='ltr'><strong>quod</strong></span> <span class='ocrx_word' id='word_1_602' title='bbox 2799 3255 2982 3298; x_wconf 89' lang='lat' dir='ltr'><strong>narrat</strong></span> <span class='ocrx_word' id='word_1_603' title='bbox 3021 3245 3185 3299; x_wconf 83' lang='lat' dir='ltr'><strong>divus</strong></span> <span class='ocrx_word' id='word_1_604' title='bbox 3235 3243 3531 3314; x_wconf 71' lang='lat' dir='ltr'><strong>Gregorius</strong></span> 
     </span>
    </p>
   </div>
   <div class='ocr_carea' id='block_1_88' title="bbox 1936 3310 3534 3387">
    <p class='ocr_par' dir='ltr' id='par_1_88' title="bbox 1936 3310 3534 3387">
     <span class='ocr_line' id='line_1_89' title="bbox 1936 3310 3534 3387; baseline 0.003 -22"><span class='ocrx_word' id='word_1_605' title='bbox 1936 3310 2030 3365; x_wconf 91' lang='lat' dir='ltr'><strong>lib.</strong></span> <span class='ocrx_word' id='word_1_606' title='bbox 2074 3327 2131 3365; x_wconf 89' lang='grc' dir='ltr'><strong>ιιι</strong></span> <span class='ocrx_word' id='word_1_607' title='bbox 2164 3312 2366 3382; x_wconf 79' lang='lat' dir='ltr'><strong>Dialog.</strong></span> <span class='ocrx_word' id='word_1_608' title='bbox 2402 3310 2710 3387; x_wconf 29' lang='lat' dir='ltr'><strong>(Copais),</strong></span> <span class='ocrx_word' id='word_1_609' title='bbox 2762 3314 3006 3369; x_wconf 78' lang='lat' dir='ltr'><strong>terribile</strong></span> <span class='ocrx_word' id='word_1_610' title='bbox 3042 3310 3371 3387; x_wconf 54' lang='lat' dir='ltr'><strong>egemplum&#39;</strong></span> <span class='ocrx_word' id='word_1_611' title='bbox 3400 3329 3534 3387; x_wconf 88' lang='lat' dir='ltr'><strong>qua-</strong></span> 
     </span>
    </p>
   </div>
   <div class='ocr_carea' id='block_1_89' title="bbox 1940 3384 3529 3452">
    <p class='ocr_par' dir='ltr' id='par_1_89' title="bbox 1940 3384 3529 3452">
     <span class='ocr_line' id='line_1_90' title="bbox 1940 3384 3529 3452; baseline 0.004 -17"><span class='ocrx_word' id='word_1_612' title='bbox 1940 3392 2065 3437; x_wconf 93' lang='lat' dir='ltr'><strong>tuor</strong></span> <span class='ocrx_word' id='word_1_613' title='bbox 2086 3388 2478 3437; x_wconf 81' lang='lat' dir='ltr'><strong>monaehorum</strong></span> <span class='ocrx_word' id='word_1_614' title='bbox 2498 3384 2588 3452; x_wconf 90' lang='lat' dir='ltr'><strong>qni</strong></span> <span class='ocrx_word' id='word_1_615' title='bbox 2608 3384 2803 3439; x_wconf 90' lang='lat' dir='ltr'><strong>Ursum</strong></span> <span class='ocrx_word' id='word_1_616' title='bbox 2826 3387 3037 3440; x_wconf 88' lang='lat' dir='ltr'><strong>cuidam</strong></span> <span class='ocrx_word' id='word_1_617' title='bbox 3070 3386 3345 3440; x_wconf 84' lang='lat' dir='ltr'><strong>Florentio</strong></span> <span class='ocrx_word' id='word_1_618' title='bbox 3369 3384 3529 3441; x_wconf 77' lang='lat' dir='ltr'><strong>servo</strong></span> 
     </span>
    </p>
   </div>
   <div class='ocr_carea' id='block_1_90' title="bbox 1938 3452 3530 3525">
    <p class='ocr_par' dir='ltr' id='par_1_90' title="bbox 1938 3452 3530 3525">
     <span class='ocr_line' id='line_1_91' title="bbox 1938 3452 3530 3525; baseline 0.003 -18"><span class='ocrx_word' id='word_1_619' title='bbox 1938 3452 2033 3507; x_wconf 89' lang='lat' dir='ltr'><strong>Dei</strong></span> <span class='ocrx_word' id='word_1_620' title='bbox 2065 3452 2415 3508; x_wconf 82' lang='lat' dir='ltr'><strong>fatnulantem</strong></span> <span class='ocrx_word' id='word_1_621' title='bbox 2464 3454 2772 3509; x_wconf 88' lang='lat' dir='ltr'><strong>occiderant</strong></span> <span class='ocrx_word' id='word_1_622' title='bbox 2805 3474 2817 3507; x_wconf 86' lang='lat'><strong>:</strong></span> <span class='ocrx_word' id='word_1_623' title='bbox 2850 3471 3011 3524; x_wconf 83' lang='lat' dir='ltr'><strong>quam</strong></span> <span class='ocrx_word' id='word_1_624' title='bbox 3041 3458 3110 3511; x_wconf 90' lang='lat' dir='ltr'><strong>ob</strong></span> <span class='ocrx_word' id='word_1_625' title='bbox 3140 3471 3357 3511; x_wconf 86' lang='lat' dir='ltr'><strong>causam</strong></span> <span class='ocrx_word' id='word_1_626' title='bbox 3408 3457 3530 3525; x_wconf 88' lang='lat' dir='ltr'><strong>ejus</strong></span> 
     </span>
    </p>
   </div>
   <div class='ocr_carea' id='block_1_91' title="bbox 1936 3525 3528 3594">
    <p class='ocr_par' dir='ltr' id='par_1_91' title="bbox 1936 3525 3528 3594">
     <span class='ocr_line' id='line_1_92' title="bbox 1936 3525 3528 3594; baseline 0.003 -17"><span class='ocrx_word' id='word_1_627' title='bbox 1936 3534 2121 3578; x_wconf 89' lang='lat' dir='ltr'><strong>secuta</strong></span> <span class='ocrx_word' id='word_1_628' title='bbox 2181 3525 2597 3593; x_wconf 83' lang='lat' dir='ltr'><strong>imprecatione,</strong></span> <span class='ocrx_word' id='word_1_629' title='bbox 2650 3525 2842 3580; x_wconf 89' lang='lat' dir='ltr'><strong>morbo</strong></span> <span class='ocrx_word' id='word_1_630' title='bbox 2895 3527 3245 3593; x_wconf 69' lang='lat' dir='ltr'><strong>elephantine</strong></span> <span class='ocrx_word' id='word_1_631' title='bbox 3293 3529 3528 3594; x_wconf 85' lang='lat' dir='ltr'><strong>correpti</strong></span> 
     </span>
    </p>
   </div>
   <div class='ocr_carea' id='block_1_92' title="bbox 1937 3594 3527 3666">
    <p class='ocr_par' dir='ltr' id='par_1_92' title="bbox 1937 3594 3527 3666">
     <span class='ocr_line' id='line_1_93' title="bbox 1937 3594 3527 3666; baseline 0.002 -18"><span class='ocrx_word' id='word_1_632' title='bbox 1937 3594 2264 3650; x_wconf 89' lang='lat' dir='ltr'><strong>interierunt</strong></span> <span class='ocrx_word' id='word_1_633' title='bbox 2302 3613 2314 3648; x_wconf 92' lang='lat'><strong>:</strong></span> <span class='ocrx_word' id='word_1_634' title='bbox 2352 3595 2504 3661; x_wconf 84' lang='lat' dir='ltr'><strong>Quod</strong></span> <span class='ocrx_word' id='word_1_635' title='bbox 2526 3596 2741 3666; x_wconf 88' lang='lat' dir='ltr'><strong>factum,</strong></span> <span class='ocrx_word' id='word_1_636' title='bbox 2776 3599 3061 3666; x_wconf 80' lang='lat' dir='ltr'><strong>inquit,vir</strong></span> <span class='ocrx_word' id='word_1_637' title='bbox 3100 3596 3197 3650; x_wconf 87' lang='lat' dir='ltr'><strong>Dei</strong></span> <span class='ocrx_word' id='word_1_638' title='bbox 3228 3595 3527 3651; x_wconf 85' lang='lat' dir='ltr'><strong>Florentius</strong></span> 
     </span>
    </p>
   </div>
   <div class='ocr_carea' id='block_1_93' title="bbox 1936 3666 3525 3738">
    <p class='ocr_par' dir='ltr' id='par_1_93' title="bbox 1936 3666 3525 3738">
     <span class='ocr_line' id='line_1_94' title="bbox 1936 3666 3525 3738; baseline 0.002 -20"><span class='ocrx_word' id='word_1_639' title='bbox 1936 3667 2141 3738; x_wconf 64' lang='lat' dir='ltr'><strong>expauit</strong></span> <span class='ocrx_word' id='word_1_640' title='bbox 2168 3710 2181 3734; x_wconf 91' lang='lat'><strong>,</strong></span> <span class='ocrx_word' id='word_1_641' title='bbox 2232 3682 2386 3735; x_wconf 80' lang='lat' dir='ltr'><strong>seque</strong></span> <span class='ocrx_word' id='word_1_642' title='bbox 2431 3667 2501 3720; x_wconf 90' lang='lat' dir='ltr'><strong>ita</strong></span> <span class='ocrx_word' id='word_1_643' title='bbox 2542 3668 2791 3734; x_wconf 77' lang='lat' dir='ltr'><strong>fratribus</strong></span> <span class='ocrx_word' id='word_1_644' title='bbox 2849 3666 3179 3721; x_wconf 75' lang='lat' dir='ltr'><strong>maledizisse</strong></span> <span class='ocrx_word' id='word_1_645' title='bbox 3236 3668 3525 3738; x_wconf 82' lang='lat' dir='ltr'><strong>pertimuit.</strong></span> 
     </span>
    </p>
   </div>
   <div class='ocr_carea' id='block_1_94' title="bbox 1941 3735 3527 3808">
    <p class='ocr_par' dir='ltr' id='par_1_94' title="bbox 1941 3735 3527 3808">
     <span class='ocr_line' id='line_1_95' title="bbox 1941 3735 3527 3808; baseline 0.002 -20"><span class='ocrx_word' id='word_1_646' title='bbox 1941 3735 2096 3789; x_wconf 76' lang='lat' dir='ltr'><strong>omni</strong></span> <span class='ocrx_word' id='word_1_647' title='bbox 2142 3738 2281 3790; x_wconf 87' lang='lat' dir='ltr'><strong>enim</strong></span> <span class='ocrx_word' id='word_1_648' title='bbox 2322 3739 2439 3808; x_wconf 64' lang='lat' dir='ltr'><strong>vita;</strong></span> <span class='ocrx_word' id='word_1_649' title='bbox 2481 3753 2589 3792; x_wconf 64' lang='lat' dir='ltr'><strong>sui:</strong></span> <span class='ocrx_word' id='word_1_650' title='bbox 2626 3746 2851 3807; x_wconf 89' lang='lat' dir='ltr'><strong>tempore</strong></span> <span class='ocrx_word' id='word_1_651' title='bbox 2879 3738 3056 3808; x_wconf 79' lang='lat' dir='ltr'><strong>ﬂebat,</strong></span> <span class='ocrx_word' id='word_1_652' title='bbox 3104 3735 3527 3808; x_wconf 55' lang='lat' dir='ltr'><strong>quia&#39;eszauditus</strong></span> 
     </span>
    </p>
   </div>
   <div class='ocr_carea' id='block_1_95' title="bbox 1940 3807 3526 3877">
    <p class='ocr_par' dir='ltr' id='par_1_95' title="bbox 1940 3807 3526 3877">
     <span class='ocr_line' id='line_1_96' title="bbox 1940 3807 3526 3877; baseline 0.001 -18"><span class='ocrx_word' id='word_1_653' title='bbox 1940 3810 2132 3877; x_wconf 86' lang='lat' dir='ltr'><strong>fuerat,</strong></span> <span class='ocrx_word' id='word_1_654' title='bbox 2163 3824 2216 3862; x_wconf 89' lang='lat' dir='ltr'><strong>se</strong></span> <span class='ocrx_word' id='word_1_655' title='bbox 2253 3807 2535 3871; x_wconf 88' lang='lat' dir='ltr'><strong>crudelem,</strong></span> <span class='ocrx_word' id='word_1_656' title='bbox 2567 3824 2621 3862; x_wconf 91' lang='lat' dir='ltr'><strong>se</strong></span> <span class='ocrx_word' id='word_1_657' title='bbox 2651 3808 2704 3860; x_wconf 86' lang='lat' dir='ltr'><strong>in</strong></span> <span class='ocrx_word' id='word_1_658' title='bbox 2742 3807 2923 3861; x_wconf 87' lang='lat' dir='ltr'><strong>eorum</strong></span> <span class='ocrx_word' id='word_1_659' title='bbox 2953 3807 3124 3862; x_wconf 85' lang='lat' dir='ltr'><strong>morte</strong></span> <span class='ocrx_word' id='word_1_660' title='bbox 3143 3807 3396 3862; x_wconf 88' lang='lat' dir='ltr'><strong>clamabat</strong></span> <span class='ocrx_word' id='word_1_661' title='bbox 3434 3808 3526 3861; x_wconf 77' lang='lat' dir='ltr'><strong>Ito-</strong></span> 
     </span>
    </p>
   </div>
   <div class='ocr_carea' id='block_1_96' title="bbox 1936 3878 3527 3949">
    <p class='ocr_par' dir='ltr' id='par_1_96' title="bbox 1936 3878 3527 3949">
     <span class='ocr_line' id='line_1_97' title="bbox 1936 3878 3527 3949; baseline 0.002 -19"><span class='ocrx_word' id='word_1_662' title='bbox 1936 3879 2199 3931; x_wconf 88' lang='lat' dir='ltr'><strong>micidam.</strong></span> <span class='ocrx_word' id='word_1_663' title='bbox 2251 3880 2401 3942; x_wconf 87' lang='lat' dir='ltr'><strong>Quod</strong></span> <span class='ocrx_word' id='word_1_664' title='bbox 2441 3878 2639 3933; x_wconf 87' lang='lat' dir='ltr'><strong>idcirco</strong></span> <span class='ocrx_word' id='word_1_665' title='bbox 2691 3880 3085 3947; x_wconf 80' lang='lat' dir='ltr'><strong>omnipotentem</strong></span> <span class='ocrx_word' id='word_1_666' title='bbox 3134 3878 3416 3933; x_wconf 87' lang='lat' dir='ltr'><strong>Dominum</strong></span> <span class='ocrx_word' id='word_1_667' title='bbox 3450 3880 3527 3949; x_wconf 85' lang='lat' dir='ltr'><strong>fe-</strong></span> 
     </span>
    </p>
   </div>
   <div class='ocr_carea' id='block_1_97' title="bbox 1936 3949 3526 4018">
    <p class='ocr_par' dir='ltr' id='par_1_97' title="bbox 1936 3949 3526 4018">
     <span class='ocr_line' id='line_1_98' title="bbox 1936 3949 3526 4018; baseline 0.003 -17"><span class='ocrx_word' id='word_1_668' title='bbox 1936 3951 2064 4003; x_wconf 83' lang='lat' dir='ltr'><strong>cisse</strong></span> <span class='ocrx_word' id='word_1_669' title='bbox 2102 3949 2379 4016; x_wconf 84' lang='lat' dir='ltr'><strong>credimus,</strong></span> <span class='ocrx_word' id='word_1_670' title='bbox 2419 3966 2483 4003; x_wconf 86' lang='lat' dir='ltr'><strong>ne</strong></span> <span class='ocrx_word' id='word_1_671' title='bbox 2524 3955 2602 4004; x_wconf 84' lang='lat' dir='ltr'><strong>vir</strong></span> <span class='ocrx_word' id='word_1_672' title='bbox 2646 3950 2794 4003; x_wconf 77' lang='lat' dir='ltr'><strong>mirte</strong></span> <span class='ocrx_word' id='word_1_673' title='bbox 2839 3951 3185 4016; x_wconf 87' lang='lat' dir='ltr'><strong>simplicitatis</strong></span> <span class='ocrx_word' id='word_1_674' title='bbox 3212 3949 3526 4018; x_wconf 88' lang='lat' dir='ltr'><strong>quantolibet</strong></span> 
     </span>
    </p>
   </div>
   <div class='ocr_carea' id='block_1_98' title="bbox 1937 4018 3524 4093">
    <p class='ocr_par' dir='ltr' id='par_1_98' title="bbox 1937 4018 3524 4093">
     <span class='ocr_line' id='line_1_99' title="bbox 1937 4018 3524 4093; baseline 0.001 -20"><span class='ocrx_word' id='word_1_675' title='bbox 1937 4018 2117 4093; x_wconf 84' lang='lat' dir='ltr'><strong>dolore</strong></span> <span class='ocrx_word' id='word_1_676' title='bbox 2150 4030 2458 4085; x_wconf 88' lang='lat' dir='ltr'><strong>commotus,</strong></span> <span class='ocrx_word' id='word_1_677' title='bbox 2497 4022 2789 4093; x_wconf 70' lang='lat' dir='ltr'><strong>intorquere</strong></span> <span class='ocrx_word' id='word_1_678' title='bbox 2829 4023 2973 4074; x_wconf 88' lang='lat' dir='ltr'><strong>ultra</strong></span> <span class='ocrx_word' id='word_1_679' title='bbox 3016 4032 3348 4093; x_wconf 68' lang='lat' dir='ltr'><strong>praesumeret</strong></span> <span class='ocrx_word' id='word_1_680' title='bbox 3367 4024 3524 4093; x_wconf 82' lang='lat' dir='ltr'><strong>jacu-</strong></span> 
     </span>
    </p>
   </div>
   <div class='ocr_carea' id='block_1_99' title="bbox 1937 4090 3525 4161">
    <p class='ocr_par' dir='ltr' id='par_1_99' title="bbox 1937 4090 3525 4161">
     <span class='ocr_line' id='line_1_100' title="bbox 1937 4090 3525 4161; baseline 0.001 -16"><span class='ocrx_word' id='word_1_681' title='bbox 1937 4091 2047 4145; x_wconf 88' lang='lat' dir='ltr'><strong>lum</strong></span> <span class='ocrx_word' id='word_1_682' title='bbox 2072 4093 2469 4146; x_wconf 84' lang='lat' dir='ltr'><strong>maledictionis.</strong></span> <span class='ocrx_word' id='word_1_683' title='bbox 2500 4090 2663 4147; x_wconf 85' lang='lat' dir='ltr'><strong>Petro</strong></span> <span class='ocrx_word' id='word_1_684' title='bbox 2703 4090 2900 4146; x_wconf 85' lang='lat' dir='ltr'><strong>deinde</strong></span> <span class='ocrx_word' id='word_1_685' title='bbox 2939 4090 3290 4161; x_wconf 83' lang='lat' dir='ltr'><strong>interroganti</strong></span> <span class='ocrx_word' id='word_1_686' title='bbox 3332 4090 3525 4147; x_wconf 49' lang='lat' dir='ltr'><strong>{Num</strong></span> 
     </span>
    </p>
   </div>
   <div class='ocr_carea' id='block_1_100' title="bbox 1935 4162 3525 4236">
    <p class='ocr_par' dir='ltr' id='par_1_100' title="bbox 1935 4162 3525 4236">
     <span class='ocr_line' id='line_1_101' title="bbox 1935 4162 3525 4236; baseline 0.001 -21"><span class='ocrx_word' id='word_1_687' title='bbox 1935 4165 2183 4228; x_wconf 88' lang='lat' dir='ltr'><strong>quidnam</strong></span> <span class='ocrx_word' id='word_1_688' title='bbox 2226 4163 2374 4216; x_wconf 80' lang='lat' dir='ltr'><strong>valde</strong></span> <span class='ocrx_word' id='word_1_689' title='bbox 2401 4179 2555 4236; x_wconf 83' lang='lat' dir='ltr'><strong>grave</strong></span> <span class='ocrx_word' id='word_1_690' title='bbox 2581 4180 2691 4217; x_wconf 88' lang='lat' dir='ltr'><strong>esse</strong></span> <span class='ocrx_word' id='word_1_691' title='bbox 2730 4162 3006 4236; x_wconf 77' lang='lat' dir='ltr'><strong>credimus,</strong></span> <span class='ocrx_word' id='word_1_692' title='bbox 3036 4166 3082 4217; x_wconf 88' lang='lat' dir='ltr'><strong>si</strong></span> <span class='ocrx_word' id='word_1_693' title='bbox 3121 4170 3344 4233; x_wconf 79' lang='lat' dir='ltr'><strong>fortasse</strong></span> <span class='ocrx_word' id='word_1_694' title='bbox 3369 4163 3525 4236; x_wconf 82' lang='lat' dir='ltr'><strong>cuili-</strong></span> 
     </span>
    </p>
   </div>
   <div class='ocr_carea' id='block_1_101' title="bbox 1939 4234 3527 4306">
    <p class='ocr_par' dir='ltr' id='par_1_101' title="bbox 1939 4234 3527 4306">
     <span class='ocr_line' id='line_1_102' title="bbox 1939 4234 3527 4306; baseline 0.001 -19"><span class='ocrx_word' id='word_1_695' title='bbox 1939 4237 2054 4301; x_wconf 87' lang='lat' dir='ltr'><strong>bet,</strong></span> <span class='ocrx_word' id='word_1_696' title='bbox 2079 4237 2375 4306; x_wconf 74' lang='lat' dir='ltr'><strong>exagitante</strong></span> <span class='ocrx_word' id='word_1_697' title='bbox 2406 4234 2725 4296; x_wconf 67' lang='lat' dir='ltr'><strong>iracundia,</strong></span> <span class='ocrx_word' id='word_1_698' title='bbox 2756 4234 3173 4289; x_wconf 83' lang='lat' dir='ltr'><strong>maledicamus?</strong></span> <span class='ocrx_word' id='word_1_699' title='bbox 3229 4235 3527 4303; x_wconf 88' lang='lat' dir='ltr'><strong>respondet</strong></span> 
     </span>
    </p>
   </div>
   <div class='ocr_carea' id='block_1_102' title="bbox 1937 4306 3523 4376">
    <p class='ocr_par' dir='ltr' id='par_1_102' title="bbox 1937 4306 3523 4376">
     <span class='ocr_line' id='line_1_103' title="bbox 1937 4306 3523 4376; baseline 0 -17"><span class='ocrx_word' id='word_1_700' title='bbox 1937 4306 2266 4373; x_wconf 84' lang='lat' dir='ltr'><strong>Gregorius:</strong></span> <span class='ocrx_word' id='word_1_701' title='bbox 2305 4306 2382 4361; x_wconf 89' lang='lat' dir='ltr'><strong>De</strong></span> <span class='ocrx_word' id='word_1_702' title='bbox 2428 4308 2524 4360; x_wconf 83' lang='lat' dir='ltr'><strong>hoc</strong></span> <span class='ocrx_word' id='word_1_703' title='bbox 2556 4316 2762 4376; x_wconf 88' lang='lat' dir='ltr'><strong>peccato</strong></span> <span class='ocrx_word' id='word_1_704' title='bbox 2811 4323 2903 4376; x_wconf 84' lang='lat' dir='ltr'><strong>cur</strong></span> <span class='ocrx_word' id='word_1_705' title='bbox 2942 4323 3021 4360; x_wconf 88' lang='lat' dir='ltr'><strong>me</strong></span> <span class='ocrx_word' id='word_1_706' title='bbox 3059 4306 3415 4374; x_wconf 83' lang='lat' dir='ltr'><strong>percunctaris</strong></span> <span class='ocrx_word' id='word_1_707' title='bbox 3454 4322 3523 4359; x_wconf 80' lang='lat' dir='ltr'><strong>an</strong></span> 
     </span>
    </p>
   </div>
   <div class='ocr_carea' id='block_1_103' title="bbox 1936 4375 3526 4447">
    <p class='ocr_par' dir='ltr' id='par_1_103' title="bbox 1936 4375 3526 4447">
     <span class='ocr_line' id='line_1_104' title="bbox 1936 4375 3526 4447; baseline -0.002 -16"><span class='ocrx_word' id='word_1_708' title='bbox 1936 4394 2087 4447; x_wconf 78' lang='lat' dir='ltr'><strong>grave</strong></span> <span class='ocrx_word' id='word_1_709' title='bbox 2113 4378 2198 4441; x_wconf 89' lang='lat' dir='ltr'><strong>sit,</strong></span> <span class='ocrx_word' id='word_1_710' title='bbox 2229 4395 2341 4430; x_wconf 89' lang='lat' dir='ltr'><strong>cum</strong></span> <span class='ocrx_word' id='word_1_711' title='bbox 2383 4375 2585 4431; x_wconf 86' lang='lat' dir='ltr'><strong>Paulus</strong></span> <span class='ocrx_word' id='word_1_712' title='bbox 2612 4379 2751 4430; x_wconf 85' lang='lat' dir='ltr'><strong>dicat</strong></span> <span class='ocrx_word' id='word_1_713' title='bbox 2782 4394 2800 4430; x_wconf 91' lang='lat'><em>:</em></span> <span class='ocrx_word' id='word_1_714' title='bbox 2829 4375 3010 4447; x_wconf 78' lang='lat' dir='ltr'><strong>Neque</strong></span> <span class='ocrx_word' id='word_1_715' title='bbox 3036 4376 3278 4429; x_wconf 80' lang='lat' dir='ltr'><strong>maledici</strong></span> <span class='ocrx_word' id='word_1_716' title='bbox 3315 4393 3526 4447; x_wconf 81' lang='lat' dir='ltr'><strong>regnum</strong></span> 
     </span>
    </p>
   </div>
   <div class='ocr_carea' id='block_1_104' title="bbox 1939 4448 3530 4520">
    <p class='ocr_par' dir='ltr' id='par_1_104' title="bbox 1939 4448 3530 4520">
     <span class='ocr_line' id='line_1_105' title="bbox 1939 4448 3530 4520; baseline -0.001 -19"><span class='ocrx_word' id='word_1_717' title='bbox 1939 4448 2038 4501; x_wconf 89' lang='lat' dir='ltr'><strong>Dei</strong></span> <span class='ocrx_word' id='word_1_718' title='bbox 2069 4450 2397 4520; x_wconf 82' lang='lat' dir='ltr'><strong>possidebunt</strong></span> <span class='ocrx_word' id='word_1_719' title='bbox 2426 4451 2466 4518; x_wconf 76' lang='grc' dir='ltr'><strong>(Ι</strong></span> <span class='ocrx_word' id='word_1_720' title='bbox 2498 4448 2673 4501; x_wconf 79' lang='lat' dir='ltr'><strong>Coriu.</strong></span> <span class='ocrx_word' id='word_1_721' title='bbox 2712 4450 2788 4516; x_wconf 83' lang='lat' dir='ltr'><strong>v).</strong></span> <span class='ocrx_word' id='word_1_722' title='bbox 2825 4448 2994 4501; x_wconf 85' lang='lat' dir='ltr'><strong>Pensa</strong></span> <span class='ocrx_word' id='word_1_723' title='bbox 3032 4449 3191 4520; x_wconf 82' lang='lat' dir='ltr'><strong>igitur</strong></span> <span class='ocrx_word' id='word_1_724' title='bbox 3216 4464 3387 4520; x_wconf 66' lang='lat' dir='ltr'><strong>quam</strong></span> <span class='ocrx_word' id='word_1_725' title='bbox 3408 4463 3530 4520; x_wconf 82' lang='lat' dir='ltr'><strong>gra-</strong></span> 
     </span>
    </p>
   </div>
   <div class='ocr_carea' id='block_1_105' title="bbox 1937 4518 3530 4590">
    <p class='ocr_par' dir='ltr' id='par_1_105' title="bbox 1937 4518 3530 4590">
     <span class='ocr_line' id='line_1_106' title="bbox 1937 4518 3530 4590; baseline 0.001 -19"><span class='ocrx_word' id='word_1_726' title='bbox 1937 4520 2013 4571; x_wconf 81' lang='lat' dir='ltr'><strong>vis</strong></span> <span class='ocrx_word' id='word_1_727' title='bbox 2037 4518 2190 4585; x_wconf 88' lang='lat' dir='ltr'><strong>culpa</strong></span> <span class='ocrx_word' id='word_1_728' title='bbox 2220 4529 2318 4587; x_wconf 82' lang='lat' dir='ltr'><strong>est,</strong></span> <span class='ocrx_word' id='word_1_729' title='bbox 2354 4536 2471 4589; x_wconf 74' lang='lat' dir='ltr'><strong>qua:</strong></span> <span class='ocrx_word' id='word_1_730' title='bbox 2498 4528 2702 4590; x_wconf 83' lang='lat' dir='ltr'><strong>separat</strong></span> <span class='ocrx_word' id='word_1_731' title='bbox 2728 4536 2761 4590; x_wconf 78' lang='grc' dir='ltr'><strong>ιι</strong></span> <span class='ocrx_word' id='word_1_732' title='bbox 2782 4535 2940 4590; x_wconf 80' lang='lat' dir='ltr'><strong>regno</strong></span> <span class='ocrx_word' id='word_1_733' title='bbox 2971 4518 3186 4573; x_wconf 74' lang='lat' dir='ltr'><strong>caelestis</strong></span> <span class='ocrx_word' id='word_1_734' title='bbox 3211 4519 3347 4572; x_wconf 63' lang='lat' dir='ltr'><strong>vita.</strong></span> <span class='ocrx_word' id='word_1_735' title='bbox 3368 4518 3530 4573; x_wconf 84' lang='lat' dir='ltr'><strong>Petro</strong></span> 
     </span>
    </p>
   </div>
   <div class='ocr_carea' id='block_1_106' title="bbox 1938 4588 3531 4660">
    <p class='ocr_par' dir='ltr' id='par_1_106' title="bbox 1938 4588 3531 4660">
     <span class='ocr_line' id='line_1_107' title="bbox 1938 4588 3531 4660; baseline -0.001 -17"><span class='ocrx_word' id='word_1_736' title='bbox 1938 4604 2126 4660; x_wconf 85' lang='lat' dir='ltr'><strong>rursus</strong></span> <span class='ocrx_word' id='word_1_737' title='bbox 2156 4588 2524 4657; x_wconf 84' lang='lat' dir='ltr'><strong>interrogante</strong></span> <span class='ocrx_word' id='word_1_738' title='bbox 2559 4608 2572 4641; x_wconf 90' lang='lat'><strong>:</strong></span> <span class='ocrx_word' id='word_1_739' title='bbox 2612 4588 2749 4655; x_wconf 83' lang='lat' dir='ltr'><strong>Quid</strong></span> <span class='ocrx_word' id='word_1_740' title='bbox 2799 4588 2853 4643; x_wconf 86' lang='lat' dir='ltr'><strong>si</strong></span> <span class='ocrx_word' id='word_1_741' title='bbox 2872 4588 3025 4643; x_wconf 82' lang='lat' dir='ltr'><strong>homo</strong></span> <span class='ocrx_word' id='word_1_742' title='bbox 3072 4606 3177 4643; x_wconf 81' lang='lat' dir='ltr'><strong>non</strong></span> <span class='ocrx_word' id='word_1_743' title='bbox 3204 4590 3423 4660; x_wconf 80' lang='lat' dir='ltr'><strong>fortasse</strong></span> <span class='ocrx_word' id='word_1_744' title='bbox 3466 4605 3531 4643; x_wconf 77' lang='lat' dir='ltr'><strong>ea:</strong></span> 
     </span>
    </p>
   </div>
   <div class='ocr_carea' id='block_1_107' title="bbox 1935 4659 3528 4731">
    <p class='ocr_par' dir='ltr' id='par_1_107' title="bbox 1935 4659 3528 4731">
     <span class='ocr_line' id='line_1_108' title="bbox 1935 4659 3528 4731; baseline 0.001 -20"><span class='ocrx_word' id='word_1_745' title='bbox 1935 4659 2161 4725; x_wconf 85' lang='lat' dir='ltr'><strong>malitia,</strong></span> <span class='ocrx_word' id='word_1_746' title='bbox 2200 4663 2291 4713; x_wconf 90' lang='lat' dir='ltr'><strong>sed</strong></span> <span class='ocrx_word' id='word_1_747' title='bbox 2332 4678 2394 4714; x_wconf 75' lang='lat' dir='ltr'><strong>ex</strong></span> <span class='ocrx_word' id='word_1_748' title='bbox 2431 4662 2619 4731; x_wconf 70' lang='lat' dir='ltr'><strong>linguae</strong></span> <span class='ocrx_word' id='word_1_749' title='bbox 2655 4661 2857 4713; x_wconf 82' lang='lat' dir='ltr'><strong>incuria</strong></span> <span class='ocrx_word' id='word_1_750' title='bbox 2900 4659 3275 4715; x_wconf 85' lang='lat' dir='ltr'><strong>maledictionis</strong></span> <span class='ocrx_word' id='word_1_751' title='bbox 3320 4660 3528 4731; x_wconf 79' lang='lat' dir='ltr'><strong>uerbum</strong></span> 
     </span>
    </p>
   </div>
   <div class='ocr_carea' id='block_1_108' title="bbox 244 4730 3523 4803">
    <p class='ocr_par' dir='ltr' id='par_1_108' title="bbox 244 4730 3523 4803">
     <span class='ocr_line' id='line_1_109' title="bbox 244 4730 3523 4803; baseline -0.001 -14"><span class='ocrx_word' id='word_1_752' title='bbox 244 4733 379 4802; x_wconf 70' lang='lat' dir='ltr'><strong>sive,</strong></span> <span class='ocrx_word' id='word_1_753' title='bbox 403 4734 646 4803; x_wconf 78' lang='lat' dir='ltr'><strong>iubendo</strong></span> <span class='ocrx_word' id='word_1_754' title='bbox 675 4733 837 4790; x_wconf 71' lang='lat' dir='ltr'><strong>alteri</strong></span> <span class='ocrx_word' id='word_1_755' title='bbox 868 4734 1067 4788; x_wconf 88' lang='lat' dir='ltr'><strong>malum</strong></span> <span class='ocrx_word' id='word_1_756' title='bbox 1091 4733 1349 4802; x_wconf 86' lang='lat' dir='ltr'><strong>irrogari;</strong></span> <span class='ocrx_word' id='word_1_757' title='bbox 1380 4734 1541 4787; x_wconf 89' lang='lat' dir='ltr'><strong>tertio</strong></span> <span class='ocrx_word' id='word_1_758' title='bbox 1569 4732 1827 4803; x_wconf 80' lang='lat' dir='ltr'><strong>Optative,</strong></span> <span class='ocrx_word' id='word_1_759' title='bbox 1858 4742 1910 4802; x_wconf 82' lang='grc' dir='ltr'><strong>Ῑ)</strong></span> <span class='ocrx_word' id='word_1_760' title='bbox 1928 4731 2201 4803; x_wconf 86' lang='lat' dir='ltr'><strong>jaculatur</strong></span> <span class='ocrx_word' id='word_1_761' title='bbox 2246 4733 2296 4784; x_wconf 87' lang='lat' dir='ltr'><strong>in</strong></span> <span class='ocrx_word' id='word_1_762' title='bbox 2346 4733 2679 4799; x_wconf 76' lang='lat' dir='ltr'><strong>proximum?</strong></span> <span class='ocrx_word' id='word_1_763' title='bbox 2732 4731 3026 4799; x_wconf 87' lang='lat' dir='ltr'><strong>respondet</strong></span> <span class='ocrx_word' id='word_1_764' title='bbox 3076 4732 3426 4803; x_wconf 74' lang='lat' dir='ltr'><strong>Gregorius:</strong></span> <span class='ocrx_word' id='word_1_765' title='bbox 3461 4730 3523 4785; x_wconf 87' lang='lat' dir='ltr'><strong>Si</strong></span> 
     </span>
    </p>
   </div>
   <div class='ocr_carea' id='block_1_109' title="bbox 244 4802 1832 4873">
    <p class='ocr_par' dir='ltr' id='par_1_109' title="bbox 244 4802 1832 4873">
     <span class='ocr_line' id='line_1_110' title="bbox 244 4802 1832 4873; baseline -0.002 -14"><span class='ocrx_word' id='word_1_766' title='bbox 244 4802 513 4873; x_wconf 84' lang='lat' dir='ltr'><strong>optando,</strong></span> <span class='ocrx_word' id='word_1_767' title='bbox 544 4806 776 4873; x_wconf 84' lang='lat' dir='ltr'><strong>scilicet,</strong></span> <span class='ocrx_word' id='word_1_768' title='bbox 815 4814 909 4858; x_wconf 90' lang='lat' dir='ltr'><strong>aut</strong></span> <span class='ocrx_word' id='word_1_769' title='bbox 946 4804 1295 4871; x_wconf 89' lang='lat' dir='ltr'><strong>imprecando</strong></span> <span class='ocrx_word' id='word_1_770' title='bbox 1326 4805 1523 4858; x_wconf 89' lang='lat' dir='ltr'><strong>malum</strong></span> <span class='ocrx_word' id='word_1_771' title='bbox 1544 4804 1700 4857; x_wconf 91' lang='lat' dir='ltr'><strong>alteri</strong></span> <span class='ocrx_word' id='word_1_772' title='bbox 1727 4820 1737 4854; x_wconf 89' lang='lat'>:</span> <span class='ocrx_word' id='word_1_773' title='bbox 1767 4802 1832 4856; x_wconf 87' lang='lat' dir='ltr'><strong>In</strong></span> 
     </span>
    </p>
   </div>
   <div class='ocr_carea' id='block_1_110' title="bbox 243 4873 1834 4946">
    <p class='ocr_par' dir='ltr' id='par_1_110' title="bbox 243 4873 1834 4946">
     <span class='ocr_line' id='line_1_111' title="bbox 243 4873 1834 4946; baseline -0.001 -16"><span class='ocrx_word' id='word_1_774' title='bbox 243 4876 361 4930; x_wconf 84' lang='lat' dir='ltr'><strong>istis</strong></span> <span class='ocrx_word' id='word_1_775' title='bbox 386 4889 561 4929; x_wconf 84' lang='lat' dir='ltr'><strong>autem</strong></span> <span class='ocrx_word' id='word_1_776' title='bbox 589 4876 788 4930; x_wconf 87' lang='lat' dir='ltr'><strong>duobus</strong></span> <span class='ocrx_word' id='word_1_777' title='bbox 821 4876 1009 4944; x_wconf 87' lang='lat' dir='ltr'><strong>modis,</strong></span> <span class='ocrx_word' id='word_1_778' title='bbox 1056 4877 1227 4946; x_wconf 87' lang='lat' dir='ltr'><strong>inquit</strong></span> <span class='ocrx_word' id='word_1_779' title='bbox 1253 4874 1307 4929; x_wconf 87' lang='lat' dir='ltr'><strong>S.</strong></span> <span class='ocrx_word' id='word_1_780' title='bbox 1358 4874 1621 4937; x_wconf 86' lang='lat' dir='ltr'><strong>Thomas,</strong></span> <span class='ocrx_word' id='word_1_781' title='bbox 1651 4873 1834 4942; x_wconf 85' lang='lat' dir='ltr'><strong>quibus</strong></span> 
     </span>
    </p>
   </div>
   <div class='ocr_carea' id='block_1_111' title="bbox 244 4945 1834 5016">
    <p class='ocr_par' dir='ltr' id='par_1_111' title="bbox 244 4945 1834 5016">
     <span class='ocr_line' id='line_1_112' title="bbox 244 4945 1834 5016; baseline -0.003 -15"><span class='ocrx_word' id='word_1_782' title='bbox 244 4948 444 5001; x_wconf 68' lang='lat' dir='ltr'><strong>malum</strong></span> <span class='ocrx_word' id='word_1_783' title='bbox 472 4949 665 5000; x_wconf 86' lang='lat' dir='ltr'><strong>dicitur</strong></span> <span class='ocrx_word' id='word_1_784' title='bbox 694 4964 786 5016; x_wconf 87' lang='lat' dir='ltr'><strong>per</strong></span> <span class='ocrx_word' id='word_1_785' title='bbox 811 4948 1022 4999; x_wconf 85' lang='lat' dir='ltr'><strong>modum</strong></span> <span class='ocrx_word' id='word_1_786' title='bbox 1050 4945 1371 5015; x_wconf 73' lang='lat' dir='ltr'><strong>imperantis.</strong></span> <span class='ocrx_word' id='word_1_787' title='bbox 1401 4945 1477 4999; x_wconf 78' lang='lat' dir='ltr'><strong>vel</strong></span> <span class='ocrx_word' id='word_1_788' title='bbox 1505 4961 1595 5015; x_wconf 89' lang='lat' dir='ltr'><strong>per</strong></span> <span class='ocrx_word' id='word_1_789' title='bbox 1623 4946 1834 4998; x_wconf 89' lang='lat' dir='ltr'><strong>modum</strong></span> 
     </span>
    </p>
   </div>
   <div class='ocr_carea' id='block_1_112' title="bbox 246 5016 1832 5143">
    <p class='ocr_par' dir='ltr' id='par_1_112' title="bbox 246 5016 1832 5143">
     <span class='ocr_line' id='line_1_113' title="bbox 337 5016 1832 5087; baseline -0.001 -16"><span class='ocrx_word' id='word_1_790' title='bbox 337 5021 501 5082; x_wconf 86' lang='lat' dir='ltr'><strong>antis,</strong></span> <span class='ocrx_word' id='word_1_791' title='bbox 530 5019 707 5072; x_wconf 85' lang='lat' dir='ltr'><strong>eadem</strong></span> <span class='ocrx_word' id='word_1_792' title='bbox 726 5019 930 5071; x_wconf 87' lang='lat' dir='ltr'><strong>ratione</strong></span> <span class='ocrx_word' id='word_1_793' title='bbox 958 5027 1029 5071; x_wconf 92' lang='lat' dir='ltr'><strong>est</strong></span> <span class='ocrx_word' id='word_1_794' title='bbox 1052 5017 1247 5087; x_wconf 74' lang='lat' dir='ltr'><strong>aliquid</strong></span> <span class='ocrx_word' id='word_1_795' title='bbox 1271 5018 1468 5070; x_wconf 84' lang='lat' dir='ltr'><strong>licitum</strong></span> <span class='ocrx_word' id='word_1_796' title='bbox 1494 5025 1541 5070; x_wconf 88' lang='lat' dir='ltr'><strong>et</strong></span> <span class='ocrx_word' id='word_1_797' title='bbox 1569 5016 1832 5070; x_wconf 86' lang='lat' dir='ltr'><strong>illicitum.</strong></span> 
     </span>
     <span class='ocr_line' id='line_1_114' title="bbox 246 5028 1832 5143; baseline -0.002 0"><span class='ocrx_word' id='word_1_798' title='bbox 246 5028 488 5143; x_wconf 42' lang='lat' dir='ltr'><strong>Etenim</strong></span> <span class='ocrx_word' id='word_1_799' title='bbox 518 5090 711 5143; x_wconf 89' lang='lat' dir='ltr'><strong>aliauis</strong></span> <span class='ocrx_word' id='word_1_800' title='bbox 738 5090 973 5143; x_wconf 86' lang='lat' dir='ltr'><strong>inmeret.</strong></span> <span class='ocrx_word' id='word_1_801' title='bbox 1006 5087 1083 5142; x_wconf 81' lang='lat' dir='ltr'><strong>uel</strong></span> <span class='ocrx_word' id='word_1_802' title='bbox 1111 5098 1251 5143; x_wconf 80' lang='lat' dir='ltr'><strong>aptet</strong></span> <span class='ocrx_word' id='word_1_803' title='bbox 1296 5086 1489 5141; x_wconf 88' lang='lat' dir='ltr'><strong>malum</strong></span> <span class='ocrx_word' id='word_1_804' title='bbox 1515 5088 1748 5143; x_wconf 86' lang='lat' dir='ltr'><strong>alterius.</strong></span> <span class='ocrx_word' id='word_1_805' title='bbox 1780 5089 1832 5141; x_wconf 88' lang='lat' dir='ltr'><strong>in</strong></span> 
     </span>
    </p>
   </div>
   <div class='ocr_carea' id='block_1_113' title="bbox 297 5086 1835 5160">
    <p class='ocr_par' dir='ltr' id='par_1_113' title="bbox 297 5086 1835 5160">
     <span class='ocr_line' id='line_1_115' title="bbox 297 5086 1835 5160; baseline -0.001 -18"><span class='ocrx_word' id='word_1_806' title='bbox 297 5090 315 5142; x_wconf 84' lang='lat' dir='ltr'><strong>i</strong></span> <span class='ocrx_word' id='word_1_807' title='bbox 351 5091 488 5143; x_wconf 80' lang='lat' dir='ltr'><strong>enim</strong></span> <span class='ocrx_word' id='word_1_808' title='bbox 518 5090 711 5160; x_wconf 84' lang='lat' dir='ltr'><strong>aliquis</strong></span> <span class='ocrx_word' id='word_1_809' title='bbox 738 5090 973 5156; x_wconf 85' lang='lat' dir='ltr'><strong>imperet,</strong></span> <span class='ocrx_word' id='word_1_810' title='bbox 1006 5087 1083 5142; x_wconf 82' lang='lat' dir='ltr'><strong>uel</strong></span> <span class='ocrx_word' id='word_1_811' title='bbox 1111 5086 1251 5151; x_wconf 88' lang='lat' dir='ltr'><strong>optet</strong></span> <span class='ocrx_word' id='word_1_812' title='bbox 1296 5086 1489 5141; x_wconf 88' lang='lat' dir='ltr'><strong>malum</strong></span> <span class='ocrx_word' id='word_1_813' title='bbox 1515 5088 1748 5160; x_wconf 84' lang='lat' dir='ltr'><strong>alterius,</strong></span> <span class='ocrx_word' id='word_1_814' title='bbox 1780 5089 1835 5141; x_wconf 87' lang='lat' dir='ltr'><strong>in</strong></span> 
     </span>
    </p>
   </div>
   <div class='ocr_carea' id='block_1_114' title="bbox 243 5158 1829 5231">
    <p class='ocr_par' dir='ltr' id='par_1_114' title="bbox 243 5158 1829 5231">
     <span class='ocr_line' id='line_1_116' title="bbox 243 5158 1829 5231; baseline -0.002 -17"><span class='ocrx_word' id='word_1_815' title='bbox 243 5172 498 5231; x_wconf 84' lang='lat' dir='ltr'><strong>quantum</strong></span> <span class='ocrx_word' id='word_1_816' title='bbox 544 5158 619 5215; x_wconf 83' lang='lat' dir='ltr'><strong>est</strong></span> <span class='ocrx_word' id='word_1_817' title='bbox 661 5161 875 5221; x_wconf 84' lang='lat' dir='ltr'><strong>malum,</strong></span> <span class='ocrx_word' id='word_1_818' title='bbox 914 5159 1063 5231; x_wconf 85' lang='lat' dir='ltr'><strong>quasi</strong></span> <span class='ocrx_word' id='word_1_819' title='bbox 1098 5161 1267 5227; x_wconf 87' lang='lat' dir='ltr'><strong>ipsum</strong></span> <span class='ocrx_word' id='word_1_820' title='bbox 1306 5160 1496 5231; x_wconf 86' lang='lat' dir='ltr'><strong>malum</strong></span> <span class='ocrx_word' id='word_1_821' title='bbox 1540 5158 1829 5231; x_wconf 78' lang='lat' dir='ltr'><strong>intendens,</strong></span> 
     </span>
    </p>
   </div>
   <div class='ocr_carea' id='block_1_115' title="bbox 242 5229 1835 5302">
    <p class='ocr_par' dir='ltr' id='par_1_115' title="bbox 242 5229 1835 5302">
     <span class='ocr_line' id='line_1_117' title="bbox 242 5229 1835 5302; baseline -0.001 -17"><span class='ocrx_word' id='word_1_822' title='bbox 242 5229 319 5285; x_wconf 74' lang='lat' dir='ltr'><strong>sic</strong></span> <span class='ocrx_word' id='word_1_823' title='bbox 350 5230 658 5286; x_wconf 81' lang='lat' dir='ltr'><strong>maledicere</strong></span> <span class='ocrx_word' id='word_1_824' title='bbox 687 5240 902 5302; x_wconf 88' lang='lat' dir='ltr'><strong>utroque</strong></span> <span class='ocrx_word' id='word_1_825' title='bbox 928 5229 1093 5283; x_wconf 84' lang='lat' dir='ltr'><strong>modo</strong></span> <span class='ocrx_word' id='word_1_826' title='bbox 1111 5232 1217 5302; x_wconf 80' lang='lat' dir='ltr'><strong>erit</strong></span> <span class='ocrx_word' id='word_1_827' title='bbox 1243 5230 1517 5302; x_wconf 85' lang='lat' dir='ltr'><strong>illicitum;</strong></span> <span class='ocrx_word' id='word_1_828' title='bbox 1548 5229 1721 5302; x_wconf 74' lang='lat' dir='ltr'><strong>ethoc</strong></span> <span class='ocrx_word' id='word_1_829' title='bbox 1763 5239 1835 5284; x_wconf 89' lang='lat' dir='ltr'><strong>est</strong></span> 
     </span>
    </p>
   </div>
   <div class='ocr_carea' id='block_1_116' title="bbox 242 5300 1833 5372">
    <p class='ocr_par' dir='ltr' id='par_1_116' title="bbox 242 5300 1833 5372">
     <span class='ocr_line' id='line_1_118' title="bbox 242 5300 1833 5372; baseline -0.003 -17"><span class='ocrx_word' id='word_1_830' title='bbox 242 5303 560 5357; x_wconf 81' lang='lat' dir='ltr'><strong>maledicere</strong></span> <span class='ocrx_word' id='word_1_831' title='bbox 591 5320 681 5372; x_wconf 88' lang='lat' dir='ltr'><strong>per</strong></span> <span class='ocrx_word' id='word_1_832' title='bbox 708 5318 760 5355; x_wconf 84' lang='lat' dir='ltr'><strong>se</strong></span> <span class='ocrx_word' id='word_1_833' title='bbox 790 5300 1062 5371; x_wconf 80' lang='lat' dir='ltr'><strong>loquendo.</strong></span> <span class='ocrx_word' id='word_1_834' title='bbox 1097 5301 1157 5355; x_wconf 85' lang='lat' dir='ltr'><strong>Si</strong></span> <span class='ocrx_word' id='word_1_835' title='bbox 1188 5309 1359 5354; x_wconf 88' lang='lat' dir='ltr'><strong>autem</strong></span> <span class='ocrx_word' id='word_1_836' title='bbox 1391 5301 1577 5369; x_wconf 88' lang='lat' dir='ltr'><strong>aliquis</strong></span> <span class='ocrx_word' id='word_1_837' title='bbox 1599 5300 1833 5372; x_wconf 86' lang='lat' dir='ltr'><strong>imperet,</strong></span> 
     </span>
    </p>
   </div>
   <div class='ocr_carea' id='block_1_117' title="bbox 240 5371 1836 5441">
    <p class='ocr_par' dir='ltr' id='par_1_117' title="bbox 240 5371 1836 5441">
     <span class='ocr_line' id='line_1_119' title="bbox 240 5371 1836 5441; baseline -0.002 -14"><span class='ocrx_word' id='word_1_838' title='bbox 240 5374 324 5427; x_wconf 67' lang='lat' dir='ltr'><strong>rel</strong></span> <span class='ocrx_word' id='word_1_839' title='bbox 352 5383 493 5441; x_wconf 84' lang='lat' dir='ltr'><strong>aptet</strong></span> <span class='ocrx_word' id='word_1_840' title='bbox 520 5371 717 5428; x_wconf 85' lang='lat' dir='ltr'><strong>malum</strong></span> <span class='ocrx_word' id='word_1_841' title='bbox 744 5371 960 5426; x_wconf 84' lang='lat' dir='ltr'><strong>alterius</strong></span> <span class='ocrx_word' id='word_1_842' title='bbox 987 5372 1079 5425; x_wconf 85' lang='lat' dir='ltr'><strong>sub</strong></span> <span class='ocrx_word' id='word_1_843' title='bbox 1123 5374 1321 5427; x_wconf 85' lang='lat' dir='ltr'><strong>ratione</strong></span> <span class='ocrx_word' id='word_1_844' title='bbox 1358 5372 1494 5435; x_wconf 85' lang='lat' dir='ltr'><strong>boni,</strong></span> <span class='ocrx_word' id='word_1_845' title='bbox 1525 5372 1598 5424; x_wconf 87' lang='lat' dir='ltr'><strong>sic</strong></span> <span class='ocrx_word' id='word_1_846' title='bbox 1623 5382 1695 5423; x_wconf 88' lang='lat' dir='ltr'><strong>est</strong></span> <span class='ocrx_word' id='word_1_847' title='bbox 1723 5371 1836 5424; x_wconf 89' lang='lat' dir='ltr'><strong>lici-</strong></span> 
     </span>
    </p>
   </div>
   <div class='ocr_carea' id='block_1_118' title="bbox 245 5441 1832 5513">
    <p class='ocr_par' dir='ltr' id='par_1_118' title="bbox 245 5441 1832 5513">
     <span class='ocr_line' id='line_1_120' title="bbox 245 5441 1832 5513; baseline -0.001 -16"><span class='ocrx_word' id='word_1_848' title='bbox 245 5459 381 5513; x_wconf 81' lang='lat' dir='ltr'><strong>tum,</strong></span> <span class='ocrx_word' id='word_1_849' title='bbox 417 5460 510 5497; x_wconf 84' lang='lat' dir='ltr'><strong>nec</strong></span> <span class='ocrx_word' id='word_1_850' title='bbox 535 5447 627 5499; x_wconf 87' lang='lat' dir='ltr'><strong>erit</strong></span> <span class='ocrx_word' id='word_1_851' title='bbox 659 5444 953 5498; x_wconf 85' lang='lat' dir='ltr'><strong>maledictio</strong></span> <span class='ocrx_word' id='word_1_852' title='bbox 990 5461 1083 5512; x_wconf 87' lang='lat' dir='ltr'><strong>per</strong></span> <span class='ocrx_word' id='word_1_853' title='bbox 1110 5460 1163 5498; x_wconf 89' lang='lat' dir='ltr'><strong>se</strong></span> <span class='ocrx_word' id='word_1_854' title='bbox 1197 5444 1471 5513; x_wconf 88' lang='lat' dir='ltr'><strong>loquendo,</strong></span> <span class='ocrx_word' id='word_1_855' title='bbox 1503 5441 1591 5495; x_wconf 90' lang='lat' dir='ltr'><strong>sed</strong></span> <span class='ocrx_word' id='word_1_856' title='bbox 1625 5458 1713 5508; x_wconf 87' lang='lat' dir='ltr'><strong>per</strong></span> <span class='ocrx_word' id='word_1_857' title='bbox 1743 5458 1832 5495; x_wconf 83' lang='lat' dir='ltr'><strong>ac—</strong></span> 
     </span>
    </p>
   </div>
   <div class='ocr_carea' id='block_1_119' title="bbox 242 5512 1832 5586">
    <p class='ocr_par' dir='ltr' id='par_1_119' title="bbox 242 5512 1832 5586">
     <span class='ocr_line' id='line_1_121' title="bbox 242 5512 1832 5586; baseline -0.002 -17"><span class='ocrx_word' id='word_1_858' title='bbox 242 5512 447 5586; x_wconf 74' lang='lat' dir='ltr'><strong>cidens.</strong></span> <span class='ocrx_word' id='word_1_859' title='bbox 467 5518 588 5586; x_wconf 87' lang='lat' dir='ltr'><strong>quia</strong></span> <span class='ocrx_word' id='word_1_860' title='bbox 619 5516 926 5585; x_wconf 84' lang='lat' dir='ltr'><strong>principalis</strong></span> <span class='ocrx_word' id='word_1_861' title='bbox 953 5515 1168 5586; x_wconf 86' lang='lat' dir='ltr'><strong>int_entio</strong></span> <span class='ocrx_word' id='word_1_862' title='bbox 1193 5512 1409 5567; x_wconf 82' lang='lat' dir='ltr'><strong>dicentis</strong></span> <span class='ocrx_word' id='word_1_863' title='bbox 1441 5530 1541 5566; x_wconf 90' lang='lat' dir='ltr'><strong>non</strong></span> <span class='ocrx_word' id='word_1_864' title='bbox 1571 5515 1736 5582; x_wconf 84' lang='lat' dir='ltr'><strong>fertur</strong></span> <span class='ocrx_word' id='word_1_865' title='bbox 1764 5517 1832 5566; x_wconf 89' lang='lat' dir='ltr'><strong>ad</strong></span> 
     </span>
    </p>
   </div>
   <div class='ocr_carea' id='block_1_120' title="bbox 243 5584 1834 5656">
    <p class='ocr_par' dir='ltr' id='par_1_120' title="bbox 243 5584 1834 5656">
     <span class='ocr_line' id='line_1_122' title="bbox 243 5584 1834 5656; baseline -0.001 -17"><span class='ocrx_word' id='word_1_866' title='bbox 243 5584 488 5651; x_wconf 70' lang='lat' dir='ltr'><strong>malum,</strong></span> <span class='ocrx_word' id='word_1_867' title='bbox 515 5588 608 5640; x_wconf 85' lang='lat' dir='ltr'><strong>sed</strong></span> <span class='ocrx_word' id='word_1_868' title='bbox 643 5588 711 5640; x_wconf 90' lang='lat' dir='ltr'><strong>ad</strong></span> <span class='ocrx_word' id='word_1_869' title='bbox 750 5586 955 5640; x_wconf 86' lang='lat' dir='ltr'><strong>bonum.</strong></span> <span class='ocrx_word' id='word_1_870' title='bbox 998 5584 1257 5656; x_wconf 87' lang='lat' dir='ltr'><strong>Contingit</strong></span> <span class='ocrx_word' id='word_1_871' title='bbox 1292 5594 1463 5638; x_wconf 90' lang='lat' dir='ltr'><strong>autem</strong></span> <span class='ocrx_word' id='word_1_872' title='bbox 1495 5586 1689 5656; x_wconf 83' lang='lat' dir='ltr'><strong>malum</strong></span> <span class='ocrx_word' id='word_1_873' title='bbox 1733 5586 1834 5656; x_wconf 81' lang='lat' dir='ltr'><strong>ali-</strong></span> 
     </span>
    </p>
   </div>
   <div class='ocr_carea' id='block_1_121' title="bbox 243 5654 1834 5728">
    <p class='ocr_par' dir='ltr' id='par_1_121' title="bbox 243 5654 1834 5728">
     <span class='ocr_line' id='line_1_123' title="bbox 243 5654 1834 5728; baseline -0.001 -18"><span class='ocrx_word' id='word_1_874' title='bbox 243 5658 391 5728; x_wconf 78' lang='lat' dir='ltr'><strong>quod</strong></span> <span class='ocrx_word' id='word_1_875' title='bbox 424 5657 527 5710; x_wconf 85' lang='lat' dir='ltr'><strong>dici</strong></span> <span class='ocrx_word' id='word_1_876' title='bbox 554 5658 880 5726; x_wconf 76' lang='lat' dir='ltr'><strong>imperando,</strong></span> <span class='ocrx_word' id='word_1_877' title='bbox 915 5655 989 5710; x_wconf 74' lang='lat' dir='ltr'><strong>vel</strong></span> <span class='ocrx_word' id='word_1_878' title='bbox 1029 5654 1279 5727; x_wconf 83' lang='lat' dir='ltr'><strong>optando,</strong></span> <span class='ocrx_word' id='word_1_879' title='bbox 1306 5656 1396 5709; x_wconf 91' lang='lat' dir='ltr'><strong>sub</strong></span> <span class='ocrx_word' id='word_1_880' title='bbox 1422 5656 1623 5728; x_wconf 79' lang='lat' dir='ltr'><strong>ratione</strong></span> <span class='ocrx_word' id='word_1_881' title='bbox 1656 5654 1834 5723; x_wconf 86' lang='lat' dir='ltr'><strong>dupli-</strong></span> 
     </span>
    </p>
   </div>
   <div class='ocr_carea' id='block_1_122' title="bbox 241 5727 1832 5798">
    <p class='ocr_par' dir='ltr' id='par_1_122' title="bbox 241 5727 1832 5798">
     <span class='ocr_line' id='line_1_124' title="bbox 241 5727 1832 5798; baseline -0.002 -16"><span class='ocrx_word' id='word_1_882' title='bbox 241 5727 325 5782; x_wconf 80' lang='lat' dir='ltr'><strong>cis</strong></span> <span class='ocrx_word' id='word_1_883' title='bbox 350 5728 495 5792; x_wconf 86' lang='lat' dir='ltr'><strong>boni,</strong></span> <span class='ocrx_word' id='word_1_884' title='bbox 525 5731 837 5798; x_wconf 75' lang='lat' dir='ltr'><strong>quandoque</strong></span> <span class='ocrx_word' id='word_1_885' title='bbox 874 5729 1076 5796; x_wconf 87' lang='lat' dir='ltr'><strong>quidem</strong></span> <span class='ocrx_word' id='word_1_886' title='bbox 1116 5727 1209 5781; x_wconf 79' lang='lat' dir='ltr'><strong>sub</strong></span> <span class='ocrx_word' id='word_1_887' title='bbox 1259 5729 1458 5783; x_wconf 88' lang='lat' dir='ltr'><strong>ratione</strong></span> <span class='ocrx_word' id='word_1_888' title='bbox 1494 5727 1644 5797; x_wconf 83' lang='lat' dir='ltr'><strong>justi,</strong></span> <span class='ocrx_word' id='word_1_889' title='bbox 1673 5736 1723 5780; x_wconf 89' lang='lat' dir='ltr'><strong>et</strong></span> <span class='ocrx_word' id='word_1_890' title='bbox 1759 5728 1832 5779; x_wconf 90' lang='lat' dir='ltr'><strong>sic</strong></span> 
     </span>
    </p>
   </div>
   <div class='ocr_carea' id='block_1_123' title="bbox 236 5798 1832 5878">
    <p class='ocr_par' dir='ltr' id='par_1_123' title="bbox 236 5798 1832 5878">
     <span class='ocr_line' id='line_1_125' title="bbox 236 5798 1832 5878; baseline 0.001 -27"><span class='ocrx_word' id='word_1_891' title='bbox 236 5798 589 5878; x_wconf 57' lang='lat' dir='ltr'><strong>iudex_lifite_</strong></span> <span class='ocrx_word' id='word_1_892' title='bbox 618 5800 1077 5878; x_wconf 46' lang='lat' dir='ltr'><strong>malediciuillum‘</strong></span> <span class='ocrx_word' id='word_1_893' title='bbox 1108 5800 1192 5878; x_wconf 80' lang='lat' dir='ltr'><strong>cui</strong></span> <span class='ocrx_word' id='word_1_894' title='bbox 1219 5799 1688 5878; x_wconf 33' lang='lat' dir='ltr'><strong>prmeipit‘justam</strong></span> <span class='ocrx_word' id='word_1_895' title='bbox 1724 5815 1832 5878; x_wconf 75' lang='lat' dir='ltr'><strong>pte-</strong></span> 
     </span>
    </p>
   </div>
   <div class='ocr_carea' id='block_1_124' title="bbox 241 5868 1830 5937">
    <p class='ocr_par' dir='ltr' id='par_1_124' title="bbox 241 5868 1830 5937">
     <span class='ocr_line' id='line_1_126' title="bbox 241 5868 1830 5937; baseline 0.001 -13"><span class='ocrx_word' id='word_1_896' title='bbox 241 5868 375 5924; x_wconf 74' lang='lat' dir='ltr'><strong>isam</strong></span> <span class='ocrx_word' id='word_1_897' title='bbox 405 5868 608 5937; x_wconf 82' lang='lat' dir='ltr'><strong>inferri.</strong></span> <span class='ocrx_word' id='word_1_898' title='bbox 646 5869 711 5924; x_wconf 84' lang='lat' dir='ltr'><strong>Et</strong></span> <span class='ocrx_word' id='word_1_899' title='bbox 737 5873 811 5927; x_wconf 90' lang='lat' dir='ltr'><strong>sic</strong></span> <span class='ocrx_word' id='word_1_900' title='bbox 838 5871 989 5927; x_wconf 86' lang='lat' dir='ltr'><strong>etiam</strong></span> <span class='ocrx_word' id='word_1_901' title='bbox 1030 5868 1261 5927; x_wconf 79' lang='lat' dir='ltr'><strong>Ecclesia</strong></span> <span class='ocrx_word' id='word_1_902' title='bbox 1308 5871 1567 5926; x_wconf 74' lang='lat' dir='ltr'><strong>maledicit</strong></span> <span class='ocrx_word' id='word_1_903' title='bbox 1612 5869 1830 5925; x_wconf 80' lang='lat' dir='ltr'><strong>anathe-</strong></span> 
     </span>
    </p>
   </div>
   <div class='ocr_carea' id='block_1_125' title="bbox 1942 4800 3526 4873">
    <p class='ocr_par' dir='ltr' id='par_1_125' title="bbox 1942 4800 3526 4873">
     <span class='ocr_line' id='line_1_127' title="bbox 1942 4800 3526 4873; baseline -0.003 -18"><span class='ocrx_word' id='word_1_904' title='bbox 1942 4803 2083 4873; x_wconf 87' lang='lat' dir='ltr'><strong>apud</strong></span> <span class='ocrx_word' id='word_1_905' title='bbox 2111 4802 2407 4855; x_wconf 79' lang='lat' dir='ltr'><strong>districrum</strong></span> <span class='ocrx_word' id='word_1_906' title='bbox 2436 4803 2675 4856; x_wconf 73' lang='lat' dir='ltr'><strong>Iudicem</strong></span> <span class='ocrx_word' id='word_1_907' title='bbox 2696 4804 2888 4873; x_wconf 83' lang='lat' dir='ltr'><strong>otiosus</strong></span> <span class='ocrx_word' id='word_1_908' title='bbox 2915 4819 3081 4858; x_wconf 85' lang='lat' dir='ltr'><strong>sermo</strong></span> <span class='ocrx_word' id='word_1_909' title='bbox 3107 4800 3526 4873; x_wconf 75' lang='lat' dir='ltr'><strong>reprelienditur,</strong></span> 
     </span>
    </p>
   </div>
   <div class='ocr_carea' id='block_1_126' title="bbox 1942 4870 3527 4945">
    <p class='ocr_par' dir='ltr' id='par_1_126' title="bbox 1942 4870 3527 4945">
     <span class='ocr_line' id='line_1_128' title="bbox 1942 4870 3527 4945; baseline -0.001 -20"><span class='ocrx_word' id='word_1_910' title='bbox 1942 4870 2136 4943; x_wconf 85' lang='lat' dir='ltr'><strong>quanto</strong></span> <span class='ocrx_word' id='word_1_911' title='bbox 2163 4874 2325 4945; x_wconf 84' lang='lat' dir='ltr'><strong>magis</strong></span> <span class='ocrx_word' id='word_1_912' title='bbox 2349 4885 2395 4925; x_wconf 88' lang='lat' dir='ltr'><strong>et</strong></span> <span class='ocrx_word' id='word_1_913' title='bbox 2415 4875 2600 4927; x_wconf 80' lang='lat' dir='ltr'><strong>noxius</strong></span> <span class='ocrx_word' id='word_1_914' title='bbox 2624 4874 2643 4927; x_wconf 91' lang='lat'><strong>.&#39;</strong></span> <span class='ocrx_word' id='word_1_915' title='bbox 2673 4872 2846 4927; x_wconf 87' lang='lat' dir='ltr'><strong>Pensa</strong></span> <span class='ocrx_word' id='word_1_916' title='bbox 2868 4890 2989 4945; x_wconf 87' lang='lat' dir='ltr'><strong>ergo</strong></span> <span class='ocrx_word' id='word_1_917' title='bbox 3013 4870 3261 4944; x_wconf 89' lang='lat' dir='ltr'><strong>quantum</strong></span> <span class='ocrx_word' id='word_1_918' title='bbox 3286 4872 3350 4925; x_wconf 88' lang='lat' dir='ltr'><strong>sit</strong></span> <span class='ocrx_word' id='word_1_919' title='bbox 3377 4870 3527 4923; x_wconf 86' lang='lat' dir='ltr'><strong>dant-</strong></span> 
     </span>
    </p>
   </div>
   <div class='ocr_carea' id='block_1_127' title="bbox 1944 4944 3527 5013">
    <p class='ocr_par' dir='ltr' id='par_1_127' title="bbox 1944 4944 3527 5013">
     <span class='ocr_line' id='line_1_129' title="bbox 1944 4944 3527 5013; baseline -0.001 -17"><span class='ocrx_word' id='word_1_920' title='bbox 1944 4946 2129 4997; x_wconf 86' lang='lat' dir='ltr'><strong>nabilis</strong></span> <span class='ocrx_word' id='word_1_921' title='bbox 2149 4944 2235 5011; x_wconf 86' lang='lat' dir='ltr'><strong>qui</strong></span> <span class='ocrx_word' id='word_1_922' title='bbox 2262 4961 2293 4996; x_wconf 82' lang='grc' dir='ltr'><em>α</em></span> <span class='ocrx_word' id='word_1_923' title='bbox 2320 4945 2522 4997; x_wconf 87' lang='lat' dir='ltr'><strong>malitia</strong></span> <span class='ocrx_word' id='word_1_924' title='bbox 2548 4962 2650 4997; x_wconf 92' lang='lat' dir='ltr'><strong>non</strong></span> <span class='ocrx_word' id='word_1_925' title='bbox 2680 4956 2847 5010; x_wconf 72' lang='lat' dir='ltr'><strong>uacat,</strong></span> <span class='ocrx_word' id='word_1_926' title='bbox 2889 4944 2937 4999; x_wconf 86' lang='lat' dir='ltr'><strong>si</strong></span> <span class='ocrx_word' id='word_1_927' title='bbox 2960 4956 3005 4997; x_wconf 86' lang='lat' dir='ltr'><strong>et</strong></span> <span class='ocrx_word' id='word_1_928' title='bbox 3033 4946 3123 4999; x_wconf 90' lang='lat' dir='ltr'><strong>ille</strong></span> <span class='ocrx_word' id='word_1_929' title='bbox 3150 4958 3317 4998; x_wconf 88' lang='lat' dir='ltr'><strong>sermo</strong></span> <span class='ocrx_word' id='word_1_930' title='bbox 3345 4958 3527 5013; x_wconf 71' lang='lat' dir='ltr'><strong>pana-</strong></span> 
     </span>
    </p>
   </div>
   <div class='ocr_carea' id='block_1_128' title="bbox 1944 5016 2992 5084">
    <p class='ocr_par' dir='ltr' id='par_1_128' title="bbox 1944 5016 2992 5084">
     <span class='ocr_line' id='line_1_130' title="bbox 1944 5016 2992 5084; baseline 0 -15"><span class='ocrx_word' id='word_1_931' title='bbox 1944 5017 2007 5069; x_wconf 88' lang='lat' dir='ltr'><strong>lis</strong></span> <span class='ocrx_word' id='word_1_932' title='bbox 2032 5027 2105 5069; x_wconf 88' lang='lat' dir='ltr'><strong>est</strong></span> <span class='ocrx_word' id='word_1_933' title='bbox 2134 5016 2221 5084; x_wconf 90' lang='lat' dir='ltr'><strong>qui</strong></span> <span class='ocrx_word' id='word_1_934' title='bbox 2252 5032 2283 5067; x_wconf 89' lang='lat' dir='ltr'><strong>a</strong></span> <span class='ocrx_word' id='word_1_935' title='bbox 2306 5016 2533 5070; x_wconf 81' lang='lat' dir='ltr'><strong>bonitate</strong></span> <span class='ocrx_word' id='word_1_936' title='bbox 2558 5017 2797 5069; x_wconf 89' lang='lat' dir='ltr'><strong>utilitatis</strong></span> <span class='ocrx_word' id='word_1_937' title='bbox 2826 5026 2992 5071; x_wconf 82' lang='lat' dir='ltr'><strong>vacat.</strong></span> 
     </span>
    </p>
   </div>
   <div class='ocr_carea' id='block_1_129' title="bbox 2019 5082 3530 5157">
    <p class='ocr_par' dir='ltr' id='par_1_129' title="bbox 2019 5082 3530 5157">
     <span class='ocr_line' id='line_1_131' title="bbox 2019 5082 3530 5157; baseline -0.002 -17"><span class='ocrx_word' id='word_1_938' title='bbox 2019 5096 2042 5125; x_wconf 74' lang='grc' dir='ltr'><strong>ο</strong></span> <span class='ocrx_word' id='word_1_939' title='bbox 2072 5082 2153 5140; x_wconf 62' lang='lat' dir='ltr'><strong>sx</strong></span> <span class='ocrx_word' id='word_1_940' title='bbox 2178 5086 2338 5140; x_wconf 88' lang='lat' dir='ltr'><strong>dictis</strong></span> <span class='ocrx_word' id='word_1_941' title='bbox 2384 5090 2517 5141; x_wconf 87' lang='lat' dir='ltr'><strong>satis</strong></span> <span class='ocrx_word' id='word_1_942' title='bbox 2561 5086 2789 5157; x_wconf 88' lang='lat' dir='ltr'><strong>intelligi</strong></span> <span class='ocrx_word' id='word_1_943' title='bbox 2832 5095 3009 5157; x_wconf 88' lang='lat' dir='ltr'><strong>potest</strong></span> <span class='ocrx_word' id='word_1_944' title='bbox 3053 5099 3174 5157; x_wconf 7' lang='lat' dir='ltr'><strong>quo,</strong></span> <span class='ocrx_word' id='word_1_945' title='bbox 3210 5082 3430 5157; x_wconf 72' lang='lat' dir='ltr'><strong>spiritu,</strong></span> <span class='ocrx_word' id='word_1_946' title='bbox 3476 5083 3530 5137; x_wconf 90' lang='lat' dir='ltr'><strong>id</strong></span> 
     </span>
    </p>
   </div>
   <div class='ocr_carea' id='block_1_130' title="bbox 1944 5153 3531 5227">
    <p class='ocr_par' dir='ltr' id='par_1_130' title="bbox 1944 5153 3531 5227">
     <span class='ocr_line' id='line_1_132' title="bbox 1944 5153 3531 5227; baseline -0.004 -15"><span class='ocrx_word' id='word_1_947' title='bbox 1944 5166 2049 5227; x_wconf 86' lang='lat' dir='ltr'><strong>est,</strong></span> <span class='ocrx_word' id='word_1_948' title='bbox 2094 5167 2295 5222; x_wconf 88' lang='lat' dir='ltr'><strong>mente,</strong></span> <span class='ocrx_word' id='word_1_949' title='bbox 2328 5172 2424 5211; x_wconf 88' lang='lat' dir='ltr'><strong>seu</strong></span> <span class='ocrx_word' id='word_1_950' title='bbox 2458 5153 2764 5213; x_wconf 77' lang='lat' dir='ltr'><strong>intentione</strong></span> <span class='ocrx_word' id='word_1_951' title='bbox 2808 5153 2866 5214; x_wconf 58' lang='lat' dir='ltr'><strong>e&#39;t</strong></span> <span class='ocrx_word' id='word_1_952' title='bbox 2901 5153 3094 5212; x_wconf 70' lang='lat' dir='ltr'><strong>affectu</strong></span> <span class='ocrx_word' id='word_1_953' title='bbox 3127 5155 3230 5227; x_wconf 79' lang='lat' dir='ltr'><strong>viri</strong></span> <span class='ocrx_word' id='word_1_954' title='bbox 3261 5153 3432 5227; x_wconf 79' lang='lat' dir='ltr'><strong>sancti</strong></span> <span class='ocrx_word' id='word_1_955' title='bbox 3475 5163 3531 5227; x_wconf 85' lang='lat' dir='ltr'><strong>et</strong></span> 
     </span>
    </p>
   </div>
   <div class='ocr_carea' id='block_1_131' title="bbox 1943 5224 3530 5298">
    <p class='ocr_par' dir='ltr' id='par_1_131' title="bbox 1943 5224 3530 5298">
     <span class='ocr_line' id='line_1_133' title="bbox 1943 5224 3530 5298; baseline -0.003 -16"><span class='ocrx_word' id='word_1_956' title='bbox 1943 5224 2103 5283; x_wconf 87' lang='lat' dir='ltr'><strong>amici</strong></span> <span class='ocrx_word' id='word_1_957' title='bbox 2125 5227 2244 5292; x_wconf 85' lang='lat' dir='ltr'><strong>Dei,</strong></span> <span class='ocrx_word' id='word_1_958' title='bbox 2274 5243 2469 5296; x_wconf 89' lang='lat' dir='ltr'><strong>nempe</strong></span> <span class='ocrx_word' id='word_1_959' title='bbox 2497 5228 2797 5298; x_wconf 65' lang='lat' dir='ltr'><strong>prophetae,</strong></span> <span class='ocrx_word' id='word_1_960' title='bbox 2827 5228 3122 5298; x_wconf 86' lang='lat' dir='ltr'><strong>sententias</strong></span> <span class='ocrx_word' id='word_1_961' title='bbox 3150 5226 3270 5280; x_wconf 85' lang='lat' dir='ltr'><strong>illas</strong></span> <span class='ocrx_word' id='word_1_962' title='bbox 3295 5233 3350 5279; x_wconf 91' lang='lat' dir='ltr'><strong>et</strong></span> <span class='ocrx_word' id='word_1_963' title='bbox 3378 5224 3530 5278; x_wconf 88' lang='lat' dir='ltr'><strong>simi-</strong></span> 
     </span>
    </p>
   </div>
   <div class='ocr_carea' id='block_1_132' title="bbox 1942 5296 3529 5370">
    <p class='ocr_par' dir='ltr' id='par_1_132' title="bbox 1942 5296 3529 5370">
     <span class='ocr_line' id='line_1_134' title="bbox 1942 5296 3529 5370; baseline -0.002 -17"><span class='ocrx_word' id='word_1_964' title='bbox 1942 5298 2023 5353; x_wconf 86' lang='lat' dir='ltr'><strong>les</strong></span> <span class='ocrx_word' id='word_1_965' title='bbox 2059 5300 2326 5370; x_wconf 86' lang='lat' dir='ltr'><strong>prolocnti</strong></span> <span class='ocrx_word' id='word_1_966' title='bbox 2356 5296 2576 5354; x_wconf 81' lang='lat' dir='ltr'><strong>fuerint.</strong></span> <span class='ocrx_word' id='word_1_967' title='bbox 2600 5296 2717 5354; x_wconf 76' lang='lat' dir='ltr'><strong>Sed</strong></span> <span class='ocrx_word' id='word_1_968' title='bbox 2758 5301 2919 5367; x_wconf 89' lang='lat' dir='ltr'><strong>hujus</strong></span> <span class='ocrx_word' id='word_1_969' title='bbox 2965 5296 3045 5354; x_wconf 84' lang='lat' dir='ltr'><strong>rei</strong></span> <span class='ocrx_word' id='word_1_970' title='bbox 3073 5298 3327 5351; x_wconf 84' lang='lat' dir='ltr'><strong>tractatio</strong></span> <span class='ocrx_word' id='word_1_971' title='bbox 3364 5309 3529 5351; x_wconf 86' lang='lat' dir='ltr'><strong>accu-</strong></span> 
     </span>
    </p>
   </div>
   <div class='ocr_carea' id='block_1_133' title="bbox 1940 5371 2915 5440">
    <p class='ocr_par' dir='ltr' id='par_1_133' title="bbox 1940 5371 2915 5440">
     <span class='ocr_line' id='line_1_135' title="bbox 1940 5371 2915 5440; baseline -0.001 -16"><span class='ocrx_word' id='word_1_972' title='bbox 1940 5372 2114 5440; x_wconf 85' lang='lat' dir='ltr'><strong>ratior</strong></span> <span class='ocrx_word' id='word_1_973' title='bbox 2137 5371 2205 5423; x_wconf 87' lang='lat' dir='ltr'><strong>ab</strong></span> <span class='ocrx_word' id='word_1_974' title='bbox 2237 5371 2630 5439; x_wconf 86' lang='lat' dir='ltr'><strong>interpretibus</strong></span> <span class='ocrx_word' id='word_1_975' title='bbox 2665 5371 2915 5440; x_wconf 86' lang='lat' dir='ltr'><strong>petenda.</strong></span> 
     </span>
    </p>
   </div>
   <div class='ocr_carea' id='block_1_134' title="bbox 2012 5438 3532 5510">
    <p class='ocr_par' dir='ltr' id='par_1_134' title="bbox 2012 5438 3532 5510">
     <span class='ocr_line' id='line_1_136' title="bbox 2012 5438 3532 5510; baseline -0.001 -15"><span class='ocrx_word' id='word_1_976' title='bbox 2012 5438 2038 5478; x_wconf 72' lang='grc' dir='ltr'><em>δ</em></span> <span class='ocrx_word' id='word_1_977' title='bbox 2086 5442 2275 5495; x_wconf 74' lang='lat' dir='ltr'><strong>Docuit</strong></span> <span class='ocrx_word' id='word_1_978' title='bbox 2313 5438 2413 5494; x_wconf 72' lang='lat' dir='ltr'><strong>hoc</strong></span> <span class='ocrx_word' id='word_1_979' title='bbox 2444 5441 2502 5495; x_wconf 90' lang='lat' dir='ltr'><strong>S.</strong></span> <span class='ocrx_word' id='word_1_980' title='bbox 2540 5438 2799 5495; x_wconf 77' lang='lat' dir='ltr'><strong>Antonius</strong></span> <span class='ocrx_word' id='word_1_981' title='bbox 2830 5440 3113 5510; x_wconf 78' lang='lat' dir='ltr'><strong>multiplici</strong></span> <span class='ocrx_word' id='word_1_982' title='bbox 3155 5439 3532 5509; x_wconf 81' lang='lat' dir='ltr'><strong>experimento</strong></span> 
     </span>
    </p>
   </div>
   <div class='ocr_carea' id='block_1_135' title="bbox 1941 5510 3533 5582">
    <p class='ocr_par' dir='ltr' id='par_1_135' title="bbox 1941 5510 3533 5582">
     <span class='ocr_line' id='line_1_137' title="bbox 1941 5510 3533 5582; baseline 0 -17"><span class='ocrx_word' id='word_1_983' title='bbox 1941 5513 2091 5582; x_wconf 89' lang='lat' dir='ltr'><strong>prius</strong></span> <span class='ocrx_word' id='word_1_984' title='bbox 2134 5514 2384 5573; x_wconf 80' lang='lat' dir='ltr'><strong>edoctus,</strong></span> <span class='ocrx_word' id='word_1_985' title='bbox 2425 5514 2679 5567; x_wconf 88' lang='lat' dir='ltr'><strong>audacter</strong></span> <span class='ocrx_word' id='word_1_986' title='bbox 2724 5525 2778 5567; x_wconf 87' lang='lat' dir='ltr'><strong>et</strong></span> <span class='ocrx_word' id='word_1_987' title='bbox 2824 5517 3019 5582; x_wconf 71' lang='lat' dir='ltr'><strong>smpius</strong></span> <span class='ocrx_word' id='word_1_988' title='bbox 3068 5513 3210 5580; x_wconf 83' lang='lat' dir='ltr'><strong>ipsos</strong></span> <span class='ocrx_word' id='word_1_989' title='bbox 3254 5510 3533 5565; x_wconf 75' lang='lat' dir='ltr'><strong>dmmones</strong></span> 
     </span>
    </p>
   </div>
   <div class='ocr_carea' id='block_1_136' title="bbox 1942 5583 3530 5652">
    <p class='ocr_par' dir='ltr' id='par_1_136' title="bbox 1942 5583 3530 5652">
     <span class='ocr_line' id='line_1_138' title="bbox 1942 5583 3530 5652; baseline -0.001 -15"><span class='ocrx_word' id='word_1_990' title='bbox 1942 5586 2027 5638; x_wconf 84' lang='lat' dir='ltr'><strong>lus</strong></span> <span class='ocrx_word' id='word_1_991' title='bbox 2071 5595 2162 5637; x_wconf 87' lang='lat' dir='ltr'><strong>aut</strong></span> <span class='ocrx_word' id='word_1_992' title='bbox 2206 5584 2470 5637; x_wconf 85' lang='lat' dir='ltr'><strong>similibus</strong></span> <span class='ocrx_word' id='word_1_993' title='bbox 2512 5584 2690 5638; x_wconf 71' lang='lat' dir='ltr'><strong>verbis</strong></span> <span class='ocrx_word' id='word_1_994' title='bbox 2723 5598 3052 5652; x_wconf 86' lang='lat' dir='ltr'><strong>provocans,</strong></span> <span class='ocrx_word' id='word_1_995' title='bbox 3084 5593 3138 5638; x_wconf 89' lang='lat' dir='ltr'><strong>et</strong></span> <span class='ocrx_word' id='word_1_996' title='bbox 3183 5583 3418 5650; x_wconf 83' lang='lat' dir='ltr'><strong>seipsutn</strong></span> <span class='ocrx_word' id='word_1_997' title='bbox 3450 5583 3530 5636; x_wconf 88' lang='lat' dir='ltr'><strong>eis</strong></span> 
     </span>
    </p>
   </div>
   <div class='ocr_carea' id='block_1_137' title="bbox 1939 5654 3535 5723">
    <p class='ocr_par' dir='ltr' id='par_1_137' title="bbox 1939 5654 3535 5723">
     <span class='ocr_line' id='line_1_139' title="bbox 1939 5654 3535 5723; baseline -0.003 -14"><span class='ocrx_word' id='word_1_998' title='bbox 1939 5655 2199 5723; x_wconf 86' lang='lat' dir='ltr'><strong>ohjiciens</strong></span> <span class='ocrx_word' id='word_1_999' title='bbox 2241 5672 2252 5708; x_wconf 90' lang='lat'>:</span> <span class='ocrx_word' id='word_1_1000' title='bbox 2304 5654 2434 5708; x_wconf 81' lang='lat' dir='ltr'><strong>Ecce</strong></span> <span class='ocrx_word' id='word_1_1001' title='bbox 2479 5671 2570 5723; x_wconf 85' lang='lat' dir='ltr'><strong>ego</strong></span> <span class='ocrx_word' id='word_1_1002' title='bbox 2621 5654 2700 5706; x_wconf 80' lang='lat' dir='ltr'><strong>In&#39;c</strong></span> <span class='ocrx_word' id='word_1_1003' title='bbox 2754 5670 2867 5707; x_wconf 86' lang='lat' dir='ltr'><strong>sunt</strong></span> <span class='ocrx_word' id='word_1_1004' title='bbox 2920 5656 3342 5708; x_wconf 78' lang='lat' dir='ltr'><strong>Antonius:non</strong></span> <span class='ocrx_word' id='word_1_1005' title='bbox 3391 5654 3535 5723; x_wconf 88' lang='lat' dir='ltr'><strong>fugio</strong></span> 
     </span>
    </p>
   </div>
   <div class='ocr_carea' id='block_1_138' title="bbox 1894 5724 3535 5799">
    <p class='ocr_par' dir='ltr' id='par_1_138' title="bbox 1894 5724 3535 5799">
     <span class='ocr_line' id='line_1_140' title="bbox 1894 5724 3535 5799; baseline 0.001 -24"><span class='ocrx_word' id='word_1_1006' title='bbox 1894 5774 1897 5775; x_wconf 30' lang='grc' dir='ltr'><em>ν</em></span> <span class='ocrx_word' id='word_1_1007' title='bbox 1938 5741 2105 5780; x_wconf 73' lang='lat' dir='ltr'><strong>vestra</strong></span> <span class='ocrx_word' id='word_1_1008' title='bbox 2134 5726 2447 5799; x_wconf 73' lang='lat' dir='ltr'><strong>certamina,</strong></span> <span class='ocrx_word' id='word_1_1009' title='bbox 2480 5726 2705 5799; x_wconf 10' lang='lat' dir='ltr'><strong>etiamsi;</strong></span> <span class='ocrx_word' id='word_1_1010' title='bbox 2726 5728 2927 5799; x_wconf 69' lang='lat' dir='ltr'><strong>majora</strong></span> <span class='ocrx_word' id='word_1_1011' title='bbox 2954 5726 3204 5799; x_wconf 82' lang='lat' dir='ltr'><strong>faciatis,</strong></span> <span class='ocrx_word' id='word_1_1012' title='bbox 3246 5724 3419 5799; x_wconf 87' lang='lat' dir='ltr'><strong>nullus</strong></span> <span class='ocrx_word' id='word_1_1013' title='bbox 3458 5739 3535 5799; x_wconf 72' lang='lat' dir='ltr'><strong>me</strong></span> 
     </span>
    </p>
   </div>
   <div class='ocr_carea' id='block_1_139' title="bbox 1940 5794 3535 5869">
    <p class='ocr_par' dir='ltr' id='par_1_139' title="bbox 1940 5794 3535 5869">
     <span class='ocr_line' id='line_1_141' title="bbox 1940 5794 3535 5869; baseline -0.003 -18"><span class='ocrx_word' id='word_1_1014' title='bbox 1940 5798 2194 5868; x_wconf 80' lang='lat' dir='ltr'><strong>separabit</strong></span> <span class='ocrx_word' id='word_1_1015' title='bbox 2234 5814 2265 5849; x_wconf 79' lang='grc' dir='ltr'><strong>ιι</strong></span> <span class='ocrx_word' id='word_1_1016' title='bbox 2305 5796 2555 5869; x_wconf 77' lang='lat' dir='ltr'><strong>cbaritate</strong></span> <span class='ocrx_word' id='word_1_1017' title='bbox 2584 5794 3196 5869; x_wconf 68' lang='lat' dir='ltr'><strong>Christi.&#39;Psallebatque</strong></span> <span class='ocrx_word' id='word_1_1018' title='bbox 3225 5796 3399 5850; x_wconf 86' lang='lat' dir='ltr'><strong>dicens</strong></span> <span class='ocrx_word' id='word_1_1019' title='bbox 3427 5809 3445 5849; x_wconf 92' lang='lat'><strong><em>:</em></strong></span> <span class='ocrx_word' id='word_1_1020' title='bbox 3476 5794 3535 5849; x_wconf 89' lang='lat' dir='ltr'><strong>Si</strong></span> 
     </span>
    </p>
   </div>
   <div class='ocr_carea' id='block_1_140' title="bbox 1941 5867 3533 5937">
    <p class='ocr_par' dir='ltr' id='par_1_140' title="bbox 1941 5867 3533 5937">
     <span class='ocr_line' id='line_1_142' title="bbox 1941 5867 3533 5937; baseline -0.002 -15"><span class='ocrx_word' id='word_1_1021' title='bbox 1941 5867 2220 5929; x_wconf 78' lang='lat' dir='ltr'><strong>consistant</strong></span> <span class='ocrx_word' id='word_1_1022' title='bbox 2247 5867 2512 5924; x_wconf 75' lang='lat' dir='ltr'><strong>adversum</strong></span> <span class='ocrx_word' id='word_1_1023' title='bbox 2544 5884 2621 5923; x_wconf 86' lang='lat' dir='ltr'><strong>nte</strong></span> <span class='ocrx_word' id='word_1_1024' title='bbox 2664 5876 2854 5937; x_wconf 83' lang='lat' dir='ltr'><strong>castra,</strong></span> <span class='ocrx_word' id='word_1_1025' title='bbox 2883 5885 2984 5925; x_wconf 90' lang='lat' dir='ltr'><strong>non</strong></span> <span class='ocrx_word' id='word_1_1026' title='bbox 3025 5867 3216 5926; x_wconf 81' lang='lat' dir='ltr'><strong>timebit</strong></span> <span class='ocrx_word' id='word_1_1027' title='bbox 3245 5884 3329 5925; x_wconf 85' lang='lat' dir='ltr'><strong>cor</strong></span> <span class='ocrx_word' id='word_1_1028' title='bbox 3368 5882 3533 5923; x_wconf 78' lang='lat' dir='ltr'><strong>meum</strong></span> 
     </span>
    </p>
   </div>
  </div>
