4012 6336
373 344 426 368 ’
465 390 565 450 699

464 613 671 670 ratione
696 610 1036 669 demonstrat
1067 607 1211 683 (Job.
1242 607 1330 678 ιι),
1371 605 1465 664 ubi
1496 621 1606 664 non
1650 605 1883 676 amplius
1921 619 2046 662 eum

397 773 402 778 ,
466 695 862 778 προίει-θέωσι
887 711 1138 768 inimicus
1163 724 1330 782 quam
1354 695 1534 766 divina
1565 709 1616 766 ei
1647 707 2054 779 dispensatione

385 873 388 876 .
468 815 806 881 conceditur,
840 823 895 871 et
917 812 1188 871 confessio
1215 813 1530 870 eorumdem
1564 814 1850 886 spirituum
1885 827 2052 870 evan-

464 915 656 986 gelicis
700 913 1063 970 monumentis
1092 914 1298 971 inserta
1347 923 1577 971 testatur
1615 915 1935 981 dicentium,
1987 915 2049 972 8i

463 1017 608 1090 ejs'ois
635 1032 752 1081 nos,
779 1016 924 1071 mitte
943 1032 1034 1071 nos
1059 1017 1120 1071 in
1138 1015 1652 1090 gregem-porcorum
1670 1018 1888 1092 (Matth.
1908 1019 2048 1091 vm).

462 1117 565 1186 Qui
592 1119 761 1174 multo
783 1119 1237 1190 magis'credendi
1265 1128 1395 1176 sunt
1433 1124 1484 1177 in
1516 1122 1724 1179 nullum
1765 1122 2043 1180 hominum

393 1231 406 1246 ‘
461 1221 552 1292 qui
586 1221 652 1276 ad
680 1222 970 1294 imaginem
1011 1220 1103 1280 Dei
1135 1224 1307 1279 creati
1342 1233 1469 1280 sunt
1506 1225 1729 1283 introire
1769 1242 1866 1296 pro
1893 1227 2041 1283 arbi-

462 1317 572 1381 trio
606 1339 706 1382 suo
741 1339 926 1398 posse,
959 1342 1081 1383 cum
1111 1328 1162 1384 in
1193 1328 1442 1384 animalia
1489 1328 1759 1385 immunda
1793 1345 1856 1387 ac
1902 1340 2051 1388 muta

463 1419 801 1499 ingrediendi
827 1429 1032 1500 absque
1060 1429 1154 1486 Dei
1187 1431 1450 1502 permissu
1497 1446 1606 1487 non
1637 1432 1924 1490 habuerint
1954 1449 2049 1503 po-

405 1599 412 1606 _
463 1540 734 1588 testatem.
783 1533 1053 1590 Caeterum
1087 1549 1252 1591 nemo
1293 1542 1500 1606 posset,
1545 1549 1653 1592 non
1699 1535 1872 1592 dicam
1899 1536 2092 1607 juve~.

466 1650 594 1691 num
640 1649 778 1708 quos
828 1635 1074 1693 videmus
1123 1637 1177 1694 in
1221 1636 1324 1698 hac
1377 1652 1568 1695 eremo
1617 1641 2093 1698 constantissime.

465 1739 820 1806 commorari,
851 1738 948 1796 sed
979 1753 1081 1796 nec
1126 1739 1488 1810 perfectorum
1530 1740 1748 1811 quidem
1781 1742 1942 1798 tantis
1972 1749 2054 1798 ta-

413 1875 420 1882 -
461 1837 704 1911 liumque
733 1841 972 1897 hostium
1011 1840 1316 1913 agminibus
1353 1841 1750 1914 circumseptus
1782 1843 1834 1898 in
1865 1857 2053 1900 eremo

469 1940 757 2011 singularis
786 1942 1058 2014 habitare,
1108 1944 1151 1999 si
1193 1945 1246 1998 in
1295 1943 1431 2014 ipsis
1471 1953 1614 2000 esset
1642 1960 1740 2016 pro
1777 1947 2054 2004 voluntate

461 2057 558 2097 sua
603 2045 836 2100 nocendi
865 2045 950 2101 vel
987 2046 1289 2104 attentandi
1332 2045 1561 2103 facultas
1597 2056 1759 2118 atque
1798 2048 2042 2106 libertas.

413 2167 428 2185 τ
462 2146 618 2214 Quod
647 2148 952 2206 evidentius
992 2150 1159 2206 etiam
1191 2150 1404 2206 Domini
1434 2166 1498 2206 ac
1526 2151 1832 2209 Salvatoris
1869 2153 2048 2210 nostri

465 2249 752 2306 confirmat
797 2253 1088 2319 sententia,
1137 2268 1297 2319 quam
1328 2267 1428 2324 pro
1471 2253 1774 2310 humilitate
1815 2254 2052 2312 hominis

464 2341 726 2424 as'sumpti
754 2355 978 2425 protulit
1001 2356 1069 2410 ad
1097 2355 1349 2424 Pilatum,
1379 2359 1448 2412 ita
1476 2357 1665 2414 dicens
1693 2375 1706 2413 :
1736 2357 1851 2413 Non
1884 2358 2049 2415 habe-

462 2469 550 2510 res
581 2455 637 2510 in
671 2471 756 2514 me
782 2457 946 2513 ullam
981 2466 1335 2532 potestatem,
1369 2459 1476 2516 nisi
1517 2461 1702 2517 datum
1739 2460 1831 2517 tibi
1863 2460 2053 2518 fuisset

462 2547 695 2633 desuper
737 2545 918 2636 (lean.
950 2560 1066 2633 xix)

1399 341 1404 346 ’
1511 339 1794 445 ausurus
1830 361 2144 445 cassum
2181 382 2674 444 CULLATIONES.

383 583 394 594 ο
464 507 744 596 hominum
772 481 1051 578 ludendi,
1097 503 1405 576 exemplum
1444 502 1588 584 beati
1617 470 2047 578 .iohmariiiesta
2071 509 2127 569 Α

3629 385 3730 448 τοο

2707 497 2936 559 CAPUT
2976 496 3164 556 XXIII.

2447 594 2529 652 De
2556 596 2831 652 imminuta
2857 596 3148 652 damonum
3176 601 3442 666 poustatc.

2224 688 2374 748 Satis
2400 700 2577 746 tamen
2608 689 2764 745 nobis
2791 696 2848 746 et
2872 688 3208 759 experientia
3247 695 3432 746 nostra
3459 696 3516 746 et
3551 689 3731 749 senio-

2155 797 2275 840 rum
2305 781 2572 839 relatione
2592 791 2928 852 compertum
2958 791 3064 848 est,
3097 795 3209 836 non
3237 779 3485 836 eamdem
3512 780 3616 837 vim
3647 782 3738 837 ha-

2153 875 2282 934 bere
2320 891 2466 933 nunc
2487 875 2762 933 daemones
2789 890 2956 945 quam
2997 876 3272 931 anteriore
3317 883 3559 946 tempore
3601 876 3736 934 inter

2153 968 2610 1026 anachoretarum
2636 967 2920 1024 dumtaxat
2946 968 3233 1039 principia,
3261 967 3318 1024 in
3342 967 3541 1039 quibus
3564 968 3735 1028 adhuc

2154 1066 2354 1124 raritas
2391 1062 2784 1122 monachorum
2830 1062 2885 1118 in
2929 1076 3116 1120 eremo
3141 1061 3541 1119 commanebat.
3573 1061 3739 1122 Tanta

2154 1173 2389 1231 namque
2409 1165 2529 1215 erat
2553 1171 2743 1214 eorum
2768 1156 2976 1224 feritas,
3001 1163 3062 1212 ut
3081 1153 3173 1211 vix
3195 1155 3350 1224 pauci
3375 1165 3428 1210 et
3455 1154 3738 1213 admodum

2155 1252 2383 1308 stabiles
2421 1260 2586 1322 atque
2623 1259 2783 1306 aetate
2813 1247 3056 1321 provecti
3093 1248 3329 1304 tolerare
3361 1247 3738 1306 habitationem

2154 1347 2466 1404 solitudinis
2492 1353 2737 1417 possent.
2767 1343 3048 1417 Siquidem
3077 1352 3105 1382 ι
3127 1343 3182 1400 in
3221 1343 3356 1414 ipsis
3396 1342 3661 1400 cmnobiis
3688 1344 3741 1402 in

2154 1443 2353 1516 quibus
2388 1439 2869 1498 commorabantur
2911 1447 3038 1496 octo
3067 1437 3155 1496 vel
3197 1436 3411 1506 decem,
3441 1436 3517 1493 ita
3555 1453 3741 1494 eorum

2153 1537 2410 1594 atrocitas
2435 1534 2808 1608 grassabatur,
2841 1541 2899 1590 et
2929 1532 3244 1606 frequentes
3262 1547 3329 1592 ac
3353 1531 3597 1589 visibiles
3617 1547 3740 1590 sen-

2154 1630 2429 1690 tiebantur
2458 1642 2766 1702 aggressus,
2798 1635 2857 1684 ut
2881 1642 2994 1684 non
3029 1625 3295 1684 auderent
3327 1639 3518 1682 omnes
3547 1623 3743 1697 pariter

2155 1722 2410 1781 noctibus
2437 1721 2774 1790 obdormire,
2797 1719 2897 1777 sed
2924 1719 3162 1777 vicissim
3185 1720 3307 1778 aliis
3329 1717 3743 1790 degustantibus

2155 1829 2434 1883 somnum,
2461 1814 2558 1872 alii
2587 1814 2800 1886 vigilias
2825 1813 3186 1881 celebrantes,
3218 1811 3443 1884 psalmis
3469 1819 3526 1867 et
3549 1809 3719 1868 oratio

2083 1903 2134 1974 B
2159 1910 2342 1976 nibus,
2370 1923 2467 1966 seu
2501 1907 2850 1974 lectionibus,
2877 1905 3237 1962 inhaerebant.
3260 1903 3504 1976 Cumque
3532 1903 3654 1962 illos
3677 1901 3742 1958 ad

2160 2016 2412 2073 50porem
2455 2009 2662 2058 naturae
2702 1999 3003 2057 necessitas
3031 1997 3314 2064 invitaret,
3354 1994 3742 2067 expergefactis

2158 2095 2282 2152 aliis
2307 2095 2374 2153 ad
2412 2109 2602 2151 eorum
2643 2093 2737 2166 qui
2771 2087 3062 2149 dormituri
3086 2098 3242 2148 erant
3268 2087 3574 2146 custodiam
3600 2085 3744 2144 simi-

2157 2189 2283 2248 liter
2311 2189 2555 2247 escubia:
2584 2187 2960 2258 tradebantur,
2987 2183 3143 2246 Unde
3169 2183 3409 2250 dubitari
3437 2198 3546 2239 non
3573 2188 3744 2254 potest

2159 2298 2324 2341 unum
2373 2298 2405 2339 e
2436 2281 2669 2348 duobus,
2704 2281 2843 2337 hanc
2874 2293 3018 2337 nunc
3046 2277 3395 2347 securitatem
3435 2275 3526 2334 vel
3573 2272 3743 2332 conii-

2158 2373 2396 2432 dentiam
2440 2389 2549 2431 non
2593 2374 2770 2430 solum
2812 2373 2990 2442 nobis,
3023 2372 3113 2444 qui
3142 2371 3392 2427 videmur
3435 2385 3534 2439 pro
3581 2383 3745 2440 expe-

2159 2468 2353 2525 rientia
2398 2465 2699 2523 senectutis
2741 2465 3077 2538 aliquatenus
3130 2463 3398 2538 roborari,
3441 2461 3540 2519 sed
3586 2461 3741 2519 etiam

2158 2559 2469 2634 junioribus
2498 2568 2655 2615 aetate
2682 2557 2950 2621 conferri;
2981 2567 3074 2620 aut
3091 2554 3122 2598 ιι
3143 2556 3344 2614 virtute
3371 2553 3553 2614 crucis
3584 2553 3740 2612 etiam

1529 2699 1790 2758 ALARDI
1830 2697 2066 2758 GAZ/El
2103 2694 2671 2757 COMMENTARIUS.

463 2788 887 2866 (Ρεαιηιηχκνι).
922 2793 986 2866 Et
1014 2807 1205 2850 rursus
1226 2811 1238 2849 :
1258 2793 1319 2866 Si
1337 2795 1527 2851 virium
1549 2795 1748 2866 aliquid
1770 2795 2046 2861 haberetis,

463 2861 706 2937 suficeret
729 2861 861 2920 unus
885 2864 953 2920 ad
974 2868 1234 2936 praetium.
1266 2865 1507 2937 Itemque
1527 2885 1538 2921 :
1558 2869 1618 2923 Si
1636 2861 1762 2935 quid
1785 2867 1983 2927 valetis,
2005 2869 2051 2921 si

463 2935 600 2988 vobis
651 2935 705 3007 in
753 2951 833 2990 me
882 2935 1186 3007 potestatem
1230 2935 1481 2992 Dominus
1510 2938 1672 3004 dedit,
1712 2954 1825 2992 ecce
1864 2948 2052 3003 prasto

463 3019 592 3080 sunt,
640 3005 1239 3080 devorate'rconcessum.
1273 3009 1335 3065 Si
1364 3025 1482 3064 vero
1527 3027 1627 3064 non
1670 3010 1896 3080 potestis,
1927 3010 2052 3080 quid

463 3077 658 3150 frustra
687 3078 948 3134 nitimini.’
972 3079 1177 3150 signum
1201 3080 1332 3134 enim
1355 3082 1527 3136 crucis
1554 3092 1600 3134 et
1627 3080 1756 3150 ﬁdes
1784 3082 1837 3133 in
1868 3077 2048 3134 Domi-

463 3162 588 3222 num
613 3149 1033 3222 inexpugnabilis
1057 3151 1202 3206 nobis
1223 3167 1401 3206 murus
1428 3161 1521 3206 est.
1552 3149 1790 3222 Denique
1829 3151 2052 3222 inferius

463 3216 755 3294 objectioni
786 3216 1076 3294 occurrens
1101 3239 1113 3294 ς
1147 3222 1213 3275 At
1239 3223 1362 3276 dicit
1401 3223 1594 3294 aliquis
1617 3238 1636 3277 :
1665 3216 1769 3276 Cur
1819 3221 2055 3276 diabolus

2156 2794 2415 2851 Sinuntur
2442 2805 2611 2849 autem
2647 2790 2755 2848 alto
2785 2787 2884 2847 Dei
2910 2789 3359 2866 suntmidjustique
3393 2789 3622 2866 judicio,
3653 2805 3748 2866 pro

2106 2899 2108 2902 ν
2154 2868 2351 2921 meritis
2378 2881 2556 2920 eorum
2583 2882 2710 2936 quos
2729 2868 2806 2919 .ab
2839 2864 3024 2936 eis-vel
3052 2864 3208 2936 afﬂigi
3236 2864 3456 2926 tantum.
3488 2866 3571 2918 vel
3595 2865 3747 2918 etiam

2154 2937 2339 3004 subjici
2359 2954 2424 2992 ac
2444 2935 2614 3005 decipi
2634 2939 2836 3006 justum
2857 2946 2951 2991 est.
2977 2935 3044 2990 Et
3070 2935 3168 2990 lib.
3189 2951 3227 2992 ll
3255 2947 3440 2991 contra
3461 2935 3744 2991 adversar.

2111 3047 2114 3054 .
2156 3008 2289 3078 legis
2319 3023 2436 3078 cap.
2463 3009 2560 3064 ult.
2587 3026 2599 3061 :
2624 3007 2872 3073 Satanas,
2897 3009 2992 3073 ait,
3016 3022 3132 3060 cum
3159 3006 3343 3061 habeat
3372 3023 3575 3079 semper
3598 3009 3738 3072 cupi-

2112 3111 2116 3118 -
2155 3080 2361 3135 ditatem
2407 3080 2643 3144 nocendi,
2688 3093 2870 3133 nocere
2910 3079 3151 3149 cuiquam
3187 3095 3291 3133 non
3318 3085 3504 3146 potest.
3551 3079 3652 3133 nisi
3686 3079 3750 3132 ob

2111 3187 2114 3192 η
2159 3151 2522 3232 omnipotente
2571 3150 2829 3232 acceperit
2873 3159 3194 3232 petestatem,
3444 3149 3598 3232 aliud
3651 3163 3749 3232 non

2157 3219 2327 3275 solum
2349 3226 2402 3275 in
2432 3222 2561 3276 libro
2589 3221 2712 3284 Job,
2739 3221 2829 3276 sed
2863 3219 3019 3275 etiam
3050 3222 3217 3292 magis
3247 3221 3301 3274 in
3334 3219 3618 3293 Evangelia
3657 3220 3744 3274 dc-

464 3292 766 3378 ςρςνοέιεξυ
794 3295 995 3378 beatum
1018 3289 1120 3378 Job
1145 3309 1352 3378 omnem
1373 3295 1426 3348 in
1465 3289 1914 3378 rininainJimpufit
1953 3295 2043 3378 do-
2080 3309 2128 3378 α
2157 3294 2408 3378 claraturn
2434 3305 2532 3378 est,
2558 3293 2645 3378 u‘bi
2674 3293 2886 3376 spiritus
2910 3289 3278 3378 imng‘und'i‘nec
3304 3294 3367 3378 in
3385 3289 3569 3378 pareas
3597 3293 3745 3378 irent,

465 3361 642 3415 mum?
680 3363 786 3436 Cur
832 3368 946 3436 ejus
995 3364 1173 3436 opibus
1213 3367 1418 3436 penitus
1463 3366 1745 3436 dissipatis,
1784 3361 2052 3432 parietum

465 3447 661 3511 quoque
686 3435 1364 3511 fundamentasubvertens2
1397 3453 1557 3511 unum
1586 3435 1871 3511 numerosa:
1896 3435 2050 3490 sobo-

466 3503 528 3577 lis
560 3503 888 3577 coacervavit
940 3509 1282 3575 sepulcrum?
1323 3505 1426 3562 Cur
1464 3509 1634 3577 ipsum
1674 3507 1743 3561 ad
1774 3517 2057 3561 extremum

467 3573 570 3649 diri
595 3577 819 3649 vulneris
848 3573 1072 3634 novitate
1097 3581 1391 3646 percussit?
1423 3573 1525 3647 Qui
1570 3581 1665 3632 hoc
1693 3580 1924 3649 apponit,
1957 3595 2051 3632 au-

468 3645 576 3698 diat
616 3662 643 3701 e
683 3648 880 3704 diverso
921 3666 1022 3704 non
1065 3645 1329 3703 diabolum
1366 3645 1588 3720 pot—uisse
1612 3645 1735 3706 hoc.
1757 3645 1848 3704 sed
1881 3649 2058 3704 Domi-

467 3730 609 3790 num,
634 3733 685 3790 ea
714 3737 832 3790 quo
880 3731 1100 3789 palestas
1147 3723 1413 3776 adversum
1443 3738 1534 3775 nos
1576 3722 1851 3790 dupliciter
1881 3723 2054 3788 datur,

469 3787 547 3840 vel
573 3789 640 3842 ad
652 3787 885 3864 gloriam
909 3792 954 3846 si
979 3793 1278 3864 probamur,
1305 3794 1384 3847 vel
1413 3793 1482 3846 ad
1509 3787 1708 3861 plenam
1736 3794 1780 3846 si
1805 3787 2061 3864 delinqui-

469 3874 604 3934 mus.
636 3860 772 3934 Quin
801 3864 974 3934 potius
997 3880 1058 3918 es
1080 3862 1178 3917 hoc
1202 3860 1578 3918 animadvertat
1605 3881 1670 3918 ne
1697 3872 1876 3918 contra
1903 3860 2060 3917 unum

471 3930 674 3996 quidem
713 3930 968 3986 hominem
1004 3933 1266 3988 diabolum
1296 3935 1576 4003 quidquam
1607 3937 1850 4001 potuisse,
1884 3935 1929 3988 si
1957 3951 2060 3988 non

471 4009 772 4072 potestatem
800 4005 1078 4072 accepisset
1121 4021 1155 4058 α
1202 4003 1448 4059 Domino.
1496 4005 1693 4060 Nullus
1737 4006 1874 4059 enim
1923 4006 2060 4072 quod

470 4086 580 4126 suta
602 4071 814 4128 ditionis
839 4071 929 4128 est
952 4075 1016 4129 ab
1055 4077 1159 4130 alio
1198 4077 1519 4146 deprecatur.
1555 4076 1661 4130 Sed
1681 4078 1801 4143 quid
1829 4071 2062 4130 Job’me-

471 4157 640 4207 moro,
684 4159 832 4217 quem
879 4161 972 4200 nec
1022 4147 1299 4210 expetitum
1345 4149 1514 4217 potuit
1561 4148 1790 4200 vincere?
1836 4147 1926 4201 sed
1972 4163 2062 4201 nec

471 4223 650 4267 contra
675 4214 902 4288 iumenta
931 4218 1138 4288 quidem
1159 4221 1266 4288 ejus
1289 4214 1381 4270 nec
1400 4229 1576 4272 contra
1603 4234 1736 4283 oves,
1764 4234 1852 4271 nec
1881 4227 2062 4271 contra

472 4298 610 4360 sues,
641 4284 752 4340 sine
777 4284 1017 4360 concessu
1044 4287 1142 4342 Dei
1169 4284 1440 4360 proprium
1459 4288 1616 4344 robur
1644 4290 1902 4354 exercuit;
1929 4289 2063 4342 sicut

472 4355 525 4407 in
555 4353 844 4429 Evangelia
885 4362 1138 4428 scriptum
1169 4353 1240 4413 est
1265 4353 1282 4416 Ξ
1315 4359 1584 4415 Daemones
1611 4370 1782 4413 autem
1812 4359 2064 4429 rogabant

473 4439 588 4479 eum
618 4426 887 4502 dic—entes:
913 4429 976 4485 Si
996 4426 1146 4502 'ejicis
1178 4447 1268 4502 nos
1302 4430 1445 4497 hinc,
1477 4433 1622 4485 mitte
1649 4447 1739 4484 nos
1766 4431 1819 4483 in
1862 4426 2062 4502 gregem

473 4512 749 4567 porcorum
781 4500 994 4571 (Matth.
1024 4500 1162 4575 viti).
1191 4501 1460 4575 Quomodo
1490 4503 1650 4575 igitur
1670 4501 1758 4572 qui
1786 4500 2062 4575 porcorum

473 4579 712 4641 expetunt
752 4581 957 4638 montes,
991 4574 1269 4641 imaginem
1305 4571 1400 4627 Dei
1431 4571 1689 4627 hominem
1714 4582 1762 4626 et
1792 4584 1896 4626 tam
1941 4573 2063 4627 cha-

473 4653 588 4716 [ψη
613 4639 895 4716 _Conditori
939 4639 1134 4699 animal
1180 4661 1275 4698 suo
1321 4645 1555 4716 valebunt
1597 4645 1712 4710 iure
1737 4645 2062 4716 pervertere?

2159 3364 2257 3417 nisi
2293 3365 2390 3417 hoc
2429 3365 2538 3418 illis
2583 3365 2829 3434 benignus
2859 3364 2970 3433 ipse
3005 3364 3245 3420 Salvator
3285 3364 3596 3434 petentibus,
3624 3377 3749 3434 quos

2160 3446 2292 3490 certe
2320 3437 2372 3488 in
2399 3437 2640 3506 abyssum
2678 3445 2846 3505 posset
2884 3436 3129 3506 relegare,
3158 3435 3492 3499 concederet;
3522 3449 3634 3488 rem
3661 3449 3748 3486 ne—

2160 3508 2439 3560 cessariam
2477 3508 2685 3560 educere
2728 3522 2820 3560 nos
2863 3507 3074 3560 volens.
3117 3516 3175 3559 ut
3221 3506 3418 3560 scilicet
3459 3505 3748 3559 noverimus

2159 3508 2439 3560 cessariam
2477 3508 2685 3561 educere
2728 3522 2820 3560 nos
2863 3508 3074 3571 volens,
3117 3516 3175 3559 ut
3221 3508 3418 3560 scilicet
3459 3508 3743 3559 noverimus

2159 3579 2323 3631 multo
2347 3579 2515 3632 minus
2543 3594 2628 3632 eos
2660 3593 2807 3649 posse
2833 3593 2926 3649 sua
2954 3585 3202 3646 potestate
3226 3592 3405 3630 nocere
3431 3575 3743 3649 hominibus,

2160 3650 2247 3716 qui
2277 3664 2369 3702 nec
2393 3647 2668 3720 pecoribus
2688 3647 3157 3730 qualibuscumque
3195 3657 3489 3718 potuerunt.
3540 3647 3742 3729 Similis

2163 3720 2322 3774 habet
2371 3722 2429 3774 Ι).
2473 3719 2769 3774 Greaorrus
2804 3721 2898 3773 lib.
2928 3733 2985 3773 ut
3023 3719 3230 3774 Dialoa.
3267 3733 3389 3774 cun.
3417 3717 3482 3772 Si
3517 3726 3577 3773 et
3605 3718 3742 3774 hb.t

2163 3722 2322 3774 habet
2371 3722 2429 3774 Ι).
2473 3722 2769 3787 Gregorius
2804 3722 2898 3773 lib.
2928 3733 2985 3773 ut
3023 3722 3230 3789 Dialog.
3267 3733 3389 3788 cup.
3417 3722 3482 3772 ﬁt
3517 3726 3577 3773 et
3605 3722 3743 3774 lib.t

2161 3789 2351 3845 Morai.
2375 3805 2496 3860 cap.
2524 3792 2557 3846 9
2576 3800 2632 3846 et
2657 3791 3010 3860 sequentibus
3652 3859 3660 3860 ί

2235 3870 2261 3898 ο
2306 3859 2464 3918 Vides
2500 3861 2588 3916 hic
2614 3859 2774 3917 etiam
2803 3861 3072 3928 cmnobia,
3102 3861 3218 3917 sive
3261 3860 3616 3924 monasteria.
3650 3859 3749 3916 hoc

2163 3941 2267 3997 est,
2302 3933 2417 3988 loca
2448 3943 2656 3997 sancta,
2695 3941 2752 3986 et
2782 3949 2809 3986 a
2837 3934 2971 3986 viris
3005 3932 3209 3988 sanctis
3233 3932 3397 3999 culta,
3427 3948 3458 3986 a
3484 3931 3746 3986 daemoni-

2164 4003 2262 4058 bus
2290 4005 2538 4067 subinde.
2571 4005 2684 4060 Deo
2711 4004 3078 4070 permittente,
3107 4004 3378 4070 infestari,
3409 4014 3467 4058 ut
3494 4002 3748 4070 superius

2164 4074 2366 4148 dictum
2391 4084 2478 4148 est
2511 4075 2664 4148 (Cap.
2699 4075 2815 4148 i9).
2842 4075 2916 4130 Ita
2946 4077 3210 4130 maximas
3247 4089 3464 4148 quoque
3487 4089 3521 4128 s
3550 4074 3749 4148 d3!me

2167 4145 2324 4199 nibus
2367 4144 2644 4202 molestias
2686 4144 3010 4202 sustinuisse
3057 4145 3354 4201 monachos
3402 4147 3614 4207 Romae,
3659 4144 3744 4198 ubi

2165 4218 2224 4286 S.
2255 4215 2546 4286 Gregorius
2569 4233 2724 4272 suum
2748 4218 3046 4272 oratorium
3070 4218 3322 4281 trahebat,
3354 4218 3522 4272 refert
3551 4217 3604 4269 in
3634 4216 3747 4282 ejus

2166 4285 2286 4340 Vita
2317 4285 2554 4344 Joannes
2580 4289 2847 4344 Diaconus
2873 4287 3010 4356 (Lib.
3041 4303 3117 4355 tv,
3141 4305 3186 4342 c.
3213 4289 3325 4358 89).
3358 4289 3474 4344 Alia
3504 4287 3745 4358 exempla

2164 4358 2287 4428 vide
2309 4360 2446 4424 apud
2465 4359 2756 4414 Caesarium
2780 4371 2837 4415 et
2860 4361 3078 4414 Petrum
3099 4355 3502 4414 Cluniabensem
3529 4355 3744 4428 (δαείην.

2167 4427 2204 4482 ι.
2234 4445 2286 4502 v,
2316 4429 2503 4502 Petrus
2530 4431 2766 4486 Cluniae.
2799 4431 2889 4485 lib.
2919 4431 3022 4486 Ide
3051 4429 3296 4484 Miracul.
3328 4447 3443 4502 cap.
3479 4427 3597 4502 iu).

2236 4501 2265 4542 ι)
2302 4501 2518 4557 Clarum
2548 4502 2883 4573 antiquitatis
2919 4502 3284 4573 testimonium
3315 4499 3593 4573 de‘crucis
3636 4499 3744 4573 vir-

2167 4579 2280 4645 tute
2330 4582 2387 4628 et
2428 4568 2763 4645 efficaciu'ad
2803 4571 3168 4645 profligandos
3213 4582 3269 4628 et
3312 4568 3746 4645 comprimendos

2165 4644 2439 4700 daemones
2480 4663 2493 4698 :
2529 4644 2687 4714 cujus
2729 4641 2819 4700 rei
2851 4646 3137 4699 innumera
3191 4651 3318 4698 sunt
3358 4641 3536 4698 omnis
3579 4641 3748 4714 aetatis

473 4710 563 4787 _Sit_:
609 4711 667 4768 S.
707 4713 971 4772 Antonius
1013 4716 1286 4787 (Athenas.
1328 4716 1382 4769 in
1432 4715 1545 4769 Vita
1586 4716 1648 4771 S.
1690 4710 1961 4784 Antonii);
2009 4725 2065 4771 et
2090 4710 2442 4786 Dexempla,
2466 4710 2716 4787 equibus
2750 4730 2932 4787 pauca
2957 4716 3239 4787 dumtaxat
3262 4713 3329 4787 ad
3369 4711 3745 4787 illustrandum

475 4781 614 4837 infra
645 4799 832 4858 rursus
862 4804 926 4841 ex
960 4781 1244 4858 ipsiusmet
1270 4787 1474 4842 diaboli
1503 4787 1870 4851 confessione,
1901 4781 2062 4856 quam

476 4865 635 4922 supra
675 4857 991 4922 retulimus,
1018 4858 1311 4913 monachos
1344 4858 1643 4912 adhortans
1677 4869 1732 4912 et
1759 4859 2012 4912 animans
2043 4876 2056 4911 :

476 4921 716 5002 Enuipse,
745 4927 936 4998 inquit,
966 4921 1226 4996 diabolus,
1256 4931 1341 4999 qui
1371 4929 1663 5002 hujusmodi
1696 4945 1814 4982 cum
1846 4930 1956 5002 suis
1983 4946 2069 4983 sa-

476 4995 722 5070 tellitibus
755 4995 951 5055 exercet
991 4995 1225 5067 astutias,
1265 4995 1397 5055 nihil
1433 4995 1488 5055 'se
1524 5017 1671 5070 posse
1701 5012 1879 5054 contra
1919 5001 2070 5054 Chri-

476 5067 672 5122 stianos
703 5070 912 5138 fatetur.
941 5071 1064 5127 lam
1102 5087 1240 5127 cura:
1269 5067 1682 5127 Christianorum
1720 5080 1769 5126 et
1793 5073 2068 5127 monacho-

475 5153 592 5213 rum
622 5141 686 5192 sit
715 5158 794 5213 ne?
819 5160 908 5213 per
943 5160 1117 5198 eorum
1144 5143 1386 5198 inertiam
1419 5145 1549 5199 vires
1593 5142 1908 5198 daemonibus
1937 5159 2070 5210 prte-

477 5209 708 5288 beantur.
749 5209 892 5288 Nam
917 5216 1093 5288 quales
1122 5231 1215 5269 nos
1253 5224 1302 5268 et
1333 5224 1534 5269 nostras
1565 5216 1899 5288 cogitationes
1925 5209 2072 5283 repe-

477 5282 654 5358 rerint,
685 5285 810 5358 tales
837 5301 891 5339 se
913 5282 1056 5340 nobis
1082 5295 1324 5358 prcstare
1347 5282 1745 5351 consueverunt;
1775 5295 1823 5339 et
1853 5287 1898 5340 si
1930 5289 2070 5356 quod

477 5355 528 5401 in
560 5355 850 5428 pectoribus
881 5358 1032 5410 malle
1059 5355 1237 5412 mentis
1265 5369 1309 5410 et
1339 5359 1543 5428 pavoris
1569 5373 1740 5412 semen
1762 5355 2064 5425 invenerint,

477 5424 620 5497 quasi
644 5428 882 5497 latrones,
910 5430 998 5497 qui
1025 5429 1225 5484 deserta
1248 5424 1474 5484 obtinent
1503 5431 1636 5495 loca,
1663 5439 1853 5494 caeptos
1888 5424 2068 5482 cumu-

478 5491 586 5544 lant
633 5491 877 5572 timores,
901 5491 964 5572 et
993 5498 1269 5572 crudeliter
1301 5491 1633 5555 imminentes
1659 5491 1918 5572 infelicem
1946 5517 2066 5572 pre-

479 5574 622 5643 munt
647 5569 989 5643 animam._Si
1023 5581 1191 5625 autem
1217 5571 1418 5626 alacres
1452 5572 1703 5643 fuerimus
1720 5569 1783 5625 in
1820 5569 2063 5638 Domino,

478 5642 523 5686 et
566 5634 856 5716 futurorum
895 5641 1144 5716 bonorum
1185 5634 1464 5716 cupiditate
1501 5645 1750 5716 succensi,
1779 5643 1826 5697 si
1867 5634 2067 5716 semper

480 5711 650 5759 omnia
673 5711 906 5781 manibus
928 5712 1025 5767 Dei
1050 5711 1443 5781 committamus,
1468 5715 1643 5770 nullus
1676 5714 1967 5768 dtemonum
1995 5714 2066 5768 ad

481 5780 883 5853 expugnandum
927 5785 1110 5838 valebit
1158 5780 1436 5853 accedere,
1468 5795 1574 5842 etc.
1633 5785 1726 5840 His
1777 5785 2067 5840 subscribit

483 5848 548 5926 ι),
579 5851 906 5919 Augustinus
937 5855 1032 5910 lib.
1059 5871 1131 5910 vn
1163 5857 1230 5912 de
1258 5848 1426 5912 Civis}
1453 5858 1548 5913 Dei
1579 5871 1699 5926 cap.
1742 5856 1811 5912 '55
1833 5855 2058 5917 dicens;

493 5924 613 5982 Non
655 5936 868 5994 possunt
913 5926 1236 5997 (dmmones)
1263 5929 1400 5997 quod
1447 5945 1550 5984 non
1589 5924 1829 5984 sinuntur
1854 5927 2062 5996 eﬁicere.

2169 4787 2308 4843 hunc
2336 4783 2513 4842 locum
2540 4783 2887 4857 attingamus.
2919 4786 2982 4840 D.
3027 4785 3256 4840 Basilius
3294 4786 3392 4840 lib.
3437 4785 3504 4857 de
3549 4783 3746 4857 Spiritu

2168 4860 2368 4914 Sancto
2397 4858 2500 4929 (De
2533 4855 2736 4926 Spiritu
2768 4857 2829 4914 S.
2857 4874 2973 4929 cap.
3009 4861 3029 4910 l
3053 4866 3110 4929 et
3137 4857 3389 4929 sequent.)
3423 4855 3587 4910 docet
3616 4855 3747 4906 lianc

2167 4926 2516 4997 apostolicam
2560 4926 3000 4984 traditionem'in
3048 4926 3298 4982 Ecclesia
3345 4926 3664 4997 receptam,”
3692 4932 3747 4976 ut

2170 4993 2359 5056 fideles
2401 5011 2508 5054 tam
2553 4999 2609 5054 in
2652 5001 2825 5056 sacris
2850 5014 3010 5069 quam
3040 4999 3093 5052 in
3121 4999 3334 5054 caeteris
3363 4993 3528 5053 rebus
3555 4993 3748 5069 quibus

2172 5072 2578 5136 benedicerent,
2612 5087 2772 5126 manu
2805 5068 2983 5137 ducta,
3012 5070 3189 5126 crucis
3227 5071 3436 5138 signum
3479 5068 3749 5138 exprime—

2173 5154 2313 5208 rent,
2342 5157 2449 5212 quo
2481 5143 2725 5198 remedio
2749 5143 3110 5197 saluberrimo
3139 5140 3206 5194 ad
3242 5139 3522 5212 pellendos
3549 5137 3750 5212 daemo-

2173 5230 2272 5269 nes
2303 5209 2644 5281 potissimum
2687 5221 2984 5279 uterentur,
3014 5222 3176 5281 atque
3213 5212 3266 5266 in
3296 5211 3554 5266 omnibus
3592 5209 3750 5281 rebus

2174 5280 2312 5340 illud
2331 5284 2675 5358 adhiberent.
2721 5284 2958 5358 Cyrillus
3000 5280 3496 5358 llierosolymortittt
3543 5280 3752 5358 episco-

2172 5371 2306 5431 pus;
2344 5357 2464 5431 Non
2511 5351 2854 5431 pudeatvos,
2897 5355 3090 5431 inquit,
3117 5351 3748 5431 _Cruciﬁxum_con/ileri;

2167 5423 2258 5481 sed
2280 5429 2332 5481 in
2361 5423 2527 5499 fronte
2554 5428 2868 5498 conﬁdenter
2894 5425 3216 5496 signaculum
3245 5425 3410 5499 crucis
3438 5423 3614 5499 digitis
3647 5423 3748 5499 im-

2170 5490 2444 5568 primatur,
2477 5508 2524 5555 et
2563 5501 2618 5554 in
2655 5490 2780 5552 'aliis
2822 5490 3050 5552 omnibus
3094 5512 3224 5551 crus:
3268 5496 3363 5565 ﬁat
3390 5511 3409 5549 .°
3435 5490 3506 5549 in
3534 5490 3751 5568 panibus

2168 5561 2516 5642 comedendis,
2546 5581 2593 5626 et
2621 5572 2677 5625 in
2704 5571 2898 5642 poculis
2926 5569 3175 5642 bibendis,
3204 5561 3342 5621 et'in
3369 5580 3596 5642 egressu,
3625 5570 3672 5616 et
3698 5561 3750 5642 in

2166 5641 2420 5713 ingressu,
2439 5634 2558 5698 ante
2576 5634 2834 5713 somnum,
2856 5639 3200 5713 recumbendo
3221 5648 3268 5693 et
3285 5636 3559 5713 surgentia,
3580 5634 3750 5690 eundo

2167 5711 2574 5780 et‘quiescendo.
2620 5711 2819 5783 Magna
2856 5711 2967 5766 hcc
2994 5723 3069 5766 est
3117 5712 3350 5765 custodia
3390 5723 3503 5783 quat
3543 5714 3750 5783 propter

2169 5777 2414 5857 pauperes
2455 5786 2616 5856 gratis
2657 5777 2836 5848 datur,
2877 5785 2990 5838 sine
3017 5783 3193 5837 labore
3239 5792 3444 5854 propter
3485 5777 3746 5859 inﬁrmos,

2166 5872 2284 5910 cum
2308 5873 2341 5910 a
2366 5853 2473 5911 Deo
2499 5857 2566 5910 sit
2593 5859 2700 5910 hac
2731 5857 2922 5912 aratia.
2954 5863 3006 5910 et
3035 5855 3185 5909 timor
3213 5855 3532 5912 damonusn;
3571 5857 3749 5903 trium-

2167 5873 2284 5910 cum
2308 5873 2341 5910 a
2366 5873 2473 5911 ueo
2499 5873 2566 5910 sn
2593 5873 2700 5910 nec
2731 5873 2922 5926 gratia,
2954 5873 3006 5910 et
3035 5873 3185 5909 umor
3213 5873 3531 5914 aamonum;
3571 5873 3746 5903 ιηιιηι-

2167 5928 2342 5997 pltavit
2381 5929 2515 5982 enim
2551 5927 2615 5986 de
2644 5929 2736 5982 illo
2777 5925 2872 5983 hoc
2910 5927 3080 5997 signo.
3117 5924 3332 5984 Ostenta
3358 5923 3437 5980 illi
3463 5919 3746 5986 audacter;
