4012 6336
415 285 522 351 703

1475 290 1758 351 JOANNIS
1797 291 2105 352 CASSIANI
2141 292 2623 354 COLLATIONBS

3579 295 3676 356 704

409 419 714 491 quibusque
739 416 978 488 delictis,
1002 431 1128 474 cum
1166 417 1217 472 in
1251 415 1355 472 illis
1380 429 1447 471 ne
1479 413 1852 471 tenuissimum
1883 415 2002 486 qui-
2027 419 2080 478 Α
2103 415 2248 470 diens
2269 416 2370 485 fuit
2389 416 2466 470 ori
2487 413 2729 483 Domini,
2745 416 2793 471 et
2822 424 2846 453 ι
2865 415 3085 471 tradidit
3109 429 3227 472 eum
3254 412 3509 470 Dominus
3526 412 3676 487 leoni,

408 513 533 570 dem
565 528 777 569 naevum
806 522 901 568 aut
927 511 1199 569 maculam
1239 509 1294 566 in
1336 510 1428 566 illo
1454 509 1640 580 judicii
1677 509 1767 564 die
1800 510 2003 580 patitur

410 605 657 662 invenire
713 605 895 661 divina
951 604 1272 669 clementia,
1321 617 1538 658 omnem
1585 600 1768 658 cordis
1814 615 2000 656 eorum

410 700 665 761 scoriam.
695 697 995 756 secundum
1019 695 1316 768 prophetae,
1339 694 1508 750 immo
1530 693 1627 750 Dei
1651 693 1996 760 sententiam,

412 808 726 864 cxcoquens
755 791 807 847 in
841 791 1118 862 praesenti,
1155 797 1216 845 ut
1254 805 1350 846 eos
1379 797 1652 860 tamquam
1681 801 1871 842 aurum
1912 785 2001 842 vel

414 893 696 954 argentum
729 884 952 953 ignitum
983 881 1051 938 ad
1084 882 1232 938 illam
1272 881 1710 952 perpetuitatem,
1744 879 1890 934 nulla
1920 878 2002 934 in-

409 977 659 1049 digentes
707 976 903 1046 poenali
952 977 1309 1048 purgatione,
1343 975 1672 1030 transmittat
1701 991 1714 1027 :
1743 974 1806 1028 Et
1847 990 2002 1029 exco-

409 1088 586 1142 quam,
628 1070 822 1140 inquit,
871 1070 941 1123 ad
979 1085 1170 1140 purum
1207 1069 1427 1124 scoriam
1472 1077 1635 1137 tuam,
1676 1078 1722 1122 et
1767 1070 2002 1138 auferam

408 1179 558 1218 omne
578 1171 820 1218 stannum
845 1171 1012 1228 tuum,
1035 1170 1085 1217 et
1110 1171 1225 1234 post
1247 1163 1341 1217 hoc
1365 1161 1626 1217 vocaberis
1656 1161 1832 1216 cit-itas
1844 1161 1996 1233 justi,

407 1259 530 1313 urbs
569 1258 740 1328 ﬁdelis
772 1257 958 1329 (Isaia:
986 1255 1048 1329 ι).
1080 1257 1148 1312 Et
1177 1257 1410 1312 iterum:
1443 1255 1596 1311 Sicut
1635 1255 1885 1325 probatur
1914 1270 2002 1309 ar—

408 1347 620 1424 gentum
651 1360 697 1406 et
726 1367 912 1404 aurum
940 1350 997 1404 in
1025 1348 1258 1413 camino,
1286 1348 1361 1402 ita
1387 1347 1532 1418 eligit
1559 1347 1719 1400 corda
1750 1346 2004 1402 Dominus

409 1442 651 1517 (Proper.
679 1441 875 1514 xxvtt).
910 1441 976 1497 Et
1019 1445 1210 1496 iterum
1235 1458 1248 1492 :
1279 1439 1478 1494 Aurum
1506 1447 1558 1494 et
1582 1448 1852 1510 argentum
1875 1453 1999 1509 pro-

408 1535 495 1590 bat
520 1538 677 1607 ignis,
699 1537 777 1589 vir
798 1547 968 1589 autem
1009 1535 1258 1607 probatur
1292 1533 1347 1588 in
1387 1533 1597 1603 fornace
1626 1531 2002 1587 humiliationis

408 1629 635 1700 (Eccles.
665 1632 747 1701 tt).
781 1630 845 1684 Et
877 1628 1009 1684 illud
1035 1642 1250 1700 quoque
1279 1644 1294 1684 :
1329 1627 1494 1695 Quem
1525 1627 1664 1682 enim
1693 1628 1864 1700 diligit
1895 1625 2005 1681 Do-

408 1724 602 1789 ptinus,
647 1723 899 1794 corripit;
939 1721 1172 1792 ﬂagellat
1213 1730 1383 1776 autem
1420 1736 1618 1778 omnem
1649 1718 1816 1789 filium
1853 1736 2001 1791 quem

407 1817 585 1888 recipit
619 1813 696 1887 (11
701 1815 806 1870 ebr.
834 1815 955 1886 stt).

971 1927 1203 1987 CAPUT
1235 1929 1424 1986 XXVI.

413 2020 488 2077 De
517 2039 636 2077 nece
664 2023 928 2094 propheta:
946 2023 1162 2091 seducti,
1190 2033 1238 2077 et
1261 2021 1565 2092 inﬁmitate
1592 2023 1787 2078 abbatis
1818 2023 1995 2093 Pauli,

645 2111 800 2164 quam
827 2111 923 2164 pro
949 2111 1045 2150 sua
1072 2094 1427 2149 emendatione
1446 2097 1750 2166 promeruit.

478 2186 635 2255 Quod
673 2187 726 2242 in
767 2187 862 2242 illo
892 2187 1157 2259 propheta
1193 2196 1357 2258 atque
1384 2187 1608 2244 homine
1635 2187 1728 2246 Dei
1758 2191 1814 2245 in
1837 2190 1998 2246 tertio

407 2277 616 2349 Regum
645 2279 785 2335 libro
832 2280 1117 2336 manifeste
1149 2281 1396 2348 videmus
1425 2284 1730 2355 impletum,
1774 2285 1864 2356 qui
1899 2300 1996 2364 pro

406 2373 564 2442 culpa
593 2373 753 2429 unius
781 2372 1163 2430 inobedientite
1206 2390 1369 2447 quam
1398 2385 1578 2434 tamen
1613 2393 1720 2433 non
1746 2377 1814 2433 de
1837 2379 1995 2433 indu-

406 2467 539 2522 stria
571 2481 671 2523 nec
711 2466 843 2525 vitio
895 2469 1130 2540 propria:
1161 2471 1477 2540 voluntatis,
1507 2472 1607 2528 sed
1637 2472 1856 2529 alterius
1885 2475 1995 2528 eir-

406 2559 787 2618 cumventione
812 2561 1105 2629 contraxit,
1127 2563 1417 2620 confestim
1438 2581 1468 2620 a
1487 2565 1643 2625 leone
1669 2568 1990 2636 conteritur,

405 2654 480 2710 ita
510 2654 579 2712 de
599 2669 666 2712 eo
695 2655 978 2728 Scriptura
1000 2667 1257 2715 narrante
1287 2677 1300 2712 :
1331 2658 1427 2714 Vir
1453 2659 1550 2715 Dei
1579 2669 1675 2729 est,
1701 2661 1792 2730 qui
1813 2659 1993 2717 inobo-

2103 520 2151 564 et
2189 511 2438 582 confregit
2468 526 2583 564 eum
2621 513 2783 584 juxta
2819 511 3030 566 verbum
3061 509 3296 580 Domini,
3326 509 3464 582 quod
3491 509 3679 568 locutus

2105 613 2176 658 est
2206 603 2298 676 (Ill
2323 602 2452 674 Reg.
2483 603 2598 674 xv).
2640 603 2694 658 In
2726 619 2833 675 quo
2862 604 3006 660 iacto
3047 614 3103 661 et
3131 603 3462 660 solutionem
3508 602 3677 660 delicti

2103 699 2389 767 praesentis
2433 706 2594 768 atque
2643 701 2849 755 erroris
2877 699 3101 767 incauti,
3141 708 3198 754 et
3221 696 3446 769 justitia:
3499 699 3678 753 merita

2104 805 2204 861 pro
2251 791 2446 862 quibus
2489 791 2810 864 prophetam
2842 809 2998 849 suum
3031 793 3294 850 Dominus
3321 791 3681 863 temporaliter

2104 882 2326 939 tradidit
2355 885 2634 951 vexatori,
2674 885 2908 956 parcitas
2954 887 3066 957 ipsa
3112 895 3166 942 et
3195 884 3530 942 continentia
3561 901 3682 955 prae-

2103 975 2309 1032 datoris
2335 977 2595 1045 ostendit,
2623 980 2750 1050 quia
2801 979 2939 1035 nihil
2991 980 3206 1051 penitus
3244 979 3410 1036 audet
3455 979 3683 1034 voracis-

2102 1071 2238 1125 sima
2268 1069 2434 1126 bestia
2462 1071 2530 1126 de
2559 1071 2755 1127 tradito
2781 1072 2881 1128 sibi
2905 1073 3171 1129 cadavere
3196 1071 3502 1144 degustare.
3527 1071 3681 1140 Cujus

2104 1164 2181 1219 rei
2227 1164 2428 1219 nostris
2485 1179 2703 1234 quoque
2735 1165 3071 1236 temporibus
3101 1167 3232 1221 satis
3261 1163 3487 1220 evidens
3519 1166 3680 1219 conti-

2101 1261 2180 1330 git
2224 1270 2279 1315 et
2308 1268 2495 1330 aperta
2532 1261 2783 1332 probatio
2813 1261 2867 1315 in
2895 1258 2923 1299 δ
2951 1260 3146 1315 abbate
3195 1259 3363 1314 Paulo
3406 1267 3465 1314 et
3509 1257 3681 1329 Moyse

2103 1356 2194 1426 qui
2226 1354 2486 1410 habitavit
2518 1365 2540 1395 ε
2574 1355 2750 1410 locum
2783 1353 2944 1425 hujus
2968 1352 3296 1420 solitudinis,
3326 1353 3419 1423 qui
3441 1350 3682 1407 Calamus

2103 1455 2470 1516 nuncupatur.
2515 1445 2649 1502 Nam
2699 1447 2848 1516 prior
2883 1455 3257 1502 commoratus
3306 1454 3390 1500 est
3418 1445 3472 1500 in
3511 1459 3681 1500 eremo

2105 1557 2226 1611 qua:
2252 1540 2467 1611 adjacet
2506 1537 2531 1578 ἀ
2557 1540 2861 1612 Panepbysi
2893 1539 3125 1596 civitati:
3155 1555 3316 1612 quam
3346 1538 3682 1594 solitudinem

2103 1634 2230 1688 olim
2261 1635 2456 1689 factam
2488 1649 2642 1705 aquae
2675 1633 2993 1688 salsissimus
3040 1631 3393 1687 inundatione
3434 1628 3685 1700 cognovi-

2105 1742 2247 1794 mus,
2279 1743 2400 1799 quae
2429 1728 2679 1798 quotiens
2726 1726 2938 1782 ﬂaverit
2988 1725 3215 1796 Spiritus
3266 1723 3574 1795 aquilonis,
3619 1721 3684 1778 de

2029 1826 2078 1886 Β
2104 1820 2309 1890 stagnis
2328 1819 2560 1889 impulsa
2584 1833 2648 1874 ac
2673 1818 2962 1889 superfusa
2983 1817 3358 1888 adjacentibus
3380 1816 3566 1884 terris,
3615 1815 3684 1870 ita

2104 1929 2322 1970 omnem
2353 1913 2500 1968 illius
2531 1911 2874 1984 superﬁciem
2908 1911 3146 1982 regionis
3175 1908 3436 1980 contegit,
3473 1917 3530 1962 ut
3557 1906 3686 1961 anti-

2102 2023 2238 2081 quos
2267 2007 2467 2064 ibidem
2500 2006 2672 2072 vicos,
2699 2004 2789 2076 qui
2810 2004 2937 2061 olim
2969 2003 3071 2058 hac
3098 2003 3212 2074 ipsa
3251 2002 3318 2058 de
3353 2015 3520 2057 causa
3548 1995 3684 2054 omni

2101 2111 2228 2160 sunt
2250 2101 2556 2157 habitatore
2577 2099 2809 2165 deserti,
2831 2097 2994 2154 faciat
3015 2096 3160 2152 velut
3176 2095 3382 2151 insulas
3403 2109 3682 2165 apparere.

2101 2197 2201 2253 ilic
2227 2197 2388 2268 igitur
2415 2195 2583 2250 abbas
2611 2193 2818 2249 Paulus
2847 2191 2901 2247 in
2941 2200 3146 2246 tantam
3188 2189 3370 2245 cordis
3400 2189 3684 2259 puritatem

2103 2290 2285 2361 quiete
2311 2287 2616 2344 solitudinis
2651 2287 2980 2351 silentioque
3005 2281 3329 2354 profecerat,
3364 2290 3420 2336 ut
3466 2296 3570 2335 non
3609 2279 3687 2333 di-

2103 2397 2223 2438 cam
2267 2381 2470 2436 vultum
2523 2379 2844 2446 femineum,
2878 2376 2972 2432 sed
3001 2391 3070 2432 ne
3111 2374 3434 2430 vestimenta
3475 2371 3685 2444 quidem

2104 2489 2266 2531 sexus
2294 2473 2437 2529 illius
2476 2471 2788 2540 conspectui
2827 2484 2928 2525 suo
2979 2477 3257 2538 pateretur
3302 2465 3514 2520 oll'erri.
3560 2463 3685 2518 Nam

2103 2582 2224 2623 cum
2253 2565 2428 2622 eidem
2448 2564 2692 2636 pergenti
2721 2563 2786 2617 ad
2809 2561 3090 2632 cujusdam
3114 2557 3346 2616 senioris
3370 2557 3562 2613 cellam
3587 2569 3686 2609 una

2106 2669 2130 2699 ε
2177 2675 2299 2717 cum
2339 2660 2535 2716 abbate
2567 2657 2834 2714 Archebio
2857 2656 3099 2727 ejusdem
3148 2652 3463 2710 solitudinis
3487 2649 3682 2720 accola,

1467 2795 1727 2852 ALARDI
1767 2795 2000 2853 GAZEI
2036 2793 2603 2852 COMMENTARIUS.

406 2887 616 2949 abbatis
635 2887 835 2962 Moysis
865 2888 1126 2962 probatur
1155 2904 1275 2960 cap.
1306 2904 1454 2961 seq.,
1483 2891 1573 2962 qui
1612 2890 1684 2946 ob
1713 2889 2001 2960 impatien-

407 2962 534 3016 tiam
559 2959 875 3030 etverbum
893 2959 1083 3016 durius
1123 2959 1401 3030 prolatum
1429 2976 1459 3016 a
1488 2959 1736 3017 daemone
1775 2959 1994 3016 invasos

406 3040 460 3086 et
481 3029 722 3100 graviter
747 3039 972 3086 vexatus
1003 3030 1120 3085 fuit.
1143 3031 1241 3086 Cui
1271 3033 1446 3087 simile
1473 3034 1713 3096 videtur,
1751 3034 1895 3102 quod
1927 3032 1995 3088 de

405 3103 636 3172 quadam
667 3103 889 3158 moniali
928 3103 999 3157 ob
1027 3102 1286 3174 leviorem
1314 3105 1494 3174 gulam
1536 3103 1790 3159 similiter
1825 3119 1854 3158 a
1885 3103 1997 3158 dte-

409 3188 578 3245 mone
598 3183 860 3245 occupata
909 3187 1092 3228 narrat
1144 3174 1205 3228 D.
1238 3173 1532 3243 Gregorius
1586 3174 1730 3231 lib.t
1784 3175 1993 3245 Dialog.

407 3259 526 3316 cap.
552 3242 619 3296 λίς
653 3244 891 3310 Quadam
935 3245 1040 3310 die,
1071 3245 1267 3314 inquit,
1298 3242 1404 3299 una
1433 3245 1526 3299 Dei
1556 3247 1756 3316 famula
1786 3242 1998 3300 hortans

408 3315 634 3387 ingressa
662 3317 918 3388 lactucam
949 3317 1286 3382 conspiciens,
1327 3315 1632 3388 concupiuit,
1666 3332 1880 3386 eamque
1921 3318 1995 3370 si-

2108 2898 2200 2944 aut
2221 2890 2583 2957 devoraverit,
2612 2888 2707 2944 sed
2749 2887 2834 2943 vel
2866 2886 3110 2950 faucibus
3137 2885 3466 2954 compressis
3493 2883 3574 2939 vel
3603 2897 3688 2938 os-

2104 2962 2276 3027 sibus,
2317 2972 2412 3016 aut
2437 2963 2651 3016 cervice
2704 2960 3002 3020 confracta,
3055 2967 3114 3012 ut
3160 2957 3371 3012 videtur
3416 2957 3687 3024 Scriptura

2101 3033 2346 3095 innuere.
2373 3035 2578 3103 absque
2599 3033 2699 3086 alia
2735 3031 2956 3085 hesione
2981 3028 3272 3103 occiderit;
3305 3027 3368 3103 ιεξ
3423 3029 3566 3097 quod
3597 3040 3688 3103 ea:

2102 3103 2226 3160 dem
2258 3095 2608 3160 voracissima
2640 3104 2816 3158 bellua
2851 3104 2919 3154 ita
2961 3115 3020 3155 se
3067 3097 3418 3165 continuerit,
3443 3095 3514 3152 ut
3561 3095 3689 3152 nihil

2105 3176 2319 3246 penitus
2349 3176 2417 3232 de
2447 3175 2653 3246 tradito
2675 3174 2779 3229 sibi
2802 3173 3065 3246 cadavere
3087 3171 3417 3246 degustaret,
3443 3183 3688 3246 nee_san-

2104 3240 2323 3317 guinem
2365 3249 2483 3316 ejus
2533 3245 2787 3300 funderet
2823 3252 2918 3317 aut
2947 3243 3230 3317 sorberet;
3263 3241 3327 3317 5_°
3355 3241 3501 3317 quod
3541 3240 3689 3317 juxta

2104 3309 2299 3388 corpus
2329 3309 2479 3372 stans
2505 3333 2629 3372 cum
2657 3318 2832 3388 asino,
2857 3314 2986 3388 illud
3015 3311 3354 3388 custodierit,
3373 3309 3555 3388 donec
3571 3309 3688 3364 inde

407 3382 506 3456 ario
532 3387 698 3441 crucis
723 3386 1016 3442 benedicere
1032 3388 1206 3455 oblita,
1235 3387 1383 3440 avide
1412 3382 1708 3458 rno'niordit,
1753 3382 1843 3442 sed
1887 3403 2002 3442 cor-
2029 3385 2074 3448 C
2105 3382 2482 3458 asportaretur
2509 3405 2524 3454 ;
2556 3388 2612 3444 6°
2642 3386 2785 3458 quod
2811 3400 2911 3441 nec
2937 3385 3118 3458 ipsum
3136 3385 3344 3458 asinum
3379 3382 3690 3437 lmseritaut

407 3468 553 3529 repta
597 3475 630 3511 a
677 3457 884 3529 diabolo
927 3459 1162 3529 protinus
1208 3459 1410 3513 cecidit.
1450 3457 1678 3526 Cumque
1708 3469 2000 3522 vexaretur,

407 3526 568 3582 eidem
597 3530 734 3600 patri
777 3526 988 3599 Equitio
1036 3531 1130 3583 sub
1171 3530 1429 3583 celeritate
1469 3530 1758 3600 nuntiatum
1805 3539 1902 3596 est,
1946 3539 2003 3584 ut

407 3598 606 3653 veniret
625 3598 878 3665 concitus,
903 3609 952 3654 et
977 3601 1176 3654 orando
1199 3611 1535 3654 succurreret.
1563 3598 1785 3667 Moxque
1806 3610 1862 3653 ut
1883 3602 2004 3654 hor-

407 3681 514 3752 tum
539 3668 676 3754 idem
703 3669 862 3754 Pater
906 3673 1162 3754 ingressus
1189 3682 1282 3752 est,
1314 3672 1463 3739 coepit
1487 3672 1689 3754 cateias.
1723 3687 1828 3754 ore,
1852 3673 2004 3740 quasi

407 3742 729 3813 satisfaciens
753 3744 863 3812 ipse
882 3740 974 3813 qui
994 3743 1124 3796 hanc
1153 3744 1465 3813 arripuerat,
1513 3740 1750 3813 diabolus
1777 3744 2004 3796 clamare

408 3812 616 3866 dicens:
642 3811 756 3882 Ego
775 3811 902 3883 quid
930 3814 1063 3883 feci?
1105 3811 1360 3868 Sedebam
1398 3813 1467 3866 ibi
1514 3829 1669 3880 super
1714 3811 1998 3869 lactucam:

407 3884 540 3936 venit
563 3883 674 3947 illa,
699 3894 750 3938 et
778 3885 1050 3937 momordit
1081 3901 1177 3937 me.
1216 3885 1309 3936 Cui
1333 3900 1448 3936 cum
1472 3885 1612 3953 graui
1655 3883 2002 3951 indignatione

407 3955 483 4025 vir
513 3953 608 4007 Dei
629 3955 866 4025 prmcepit
897 3964 952 4006 ut
977 3956 1276 4017 discederet,
1301 3965 1348 4008 et
1370 3955 1540 4006 locum
1562 3955 1615 4006 in
1638 3955 1999 4022 omnipotentis

410 4023 508 4077 Dei
533 4023 914 4093 famulam—non
941 4025 1177 4088 haberet,
1209 4025 1444 4096 protinus
1458 4025 1734 4096 abscessit,
1767 4041 1858 4096 nec
1888 4041 2000 4080 eam

410 4095 550 4168 ultra
594 4097 892 4168 contingere
926 4094 1217 4163 prtcralait.
1277 4096 1399 4168 Haec
1442 4094 1760 4168 Gregorius.
1815 4095 2000 4162 Neque

415 4163 540 4220 huic
569 4163 816 4221 ahsimiie
848 4166 1056 4221 videtur
1084 4166 1389 4232 exemplum
1422 4163 1573 4219 illius
1593 4165 1804 4220 feminae
1835 4182 1995 4234 quam

411 4251 531 4289 cum
566 4237 926 4308 praestigiator
954 4237 1172 4306 quidam
1203 4239 1315 4291 suis
1340 4236 1629 4308 praestigiis
1659 4246 1713 4290 et
1735 4237 1998 4292 daemonis

411 4309 726 4376 operatione
755 4306 957 4362 mutam
990 4308 1337 4373 reddidisset,
1358 4306 1737 4376 ell'ecissetque
1758 4319 1815 4361 ut
1835 4323 1994 4377 equa,

413 4392 519 4432 non
571 4378 792 4446 femina,
840 4379 1091 4434 erunibus
1132 4395 1248 4433 eam
1307 4377 1636 4433 intuentibus
1683 4391 1993 4446 appareret,

411 4455 637 4522 sanctus
662 4451 927 4505 Macarius
943 4449 1229 4522 Egyptius
1256 4450 1572 4522 aspersione
1599 4463 1750 4518 aqum
1775 4450 1998 4504 benedi—

411 4531 513 4574 ctze
539 4529 593 4574 et
616 4519 752 4577 facta
775 4519 1275 4586 oratione’euravit,
1308 4519 1468 4590 atque
1493 4520 1546 4574 in
1572 4522 1858 4588 pristinum
1887 4534 1998 4575 sta-

417 4600 528 4644 tum
561 4594 816 4646 restituit.
849 4593 979 4647 Eam
1012 4603 1193 4647 autem
1221 4593 1502 4646 admonuit
1549 4591 1630 4645 vir
1675 4591 1765 4645 Dei
1799 4594 1878 4646 'sic
1922 4593 1997 4646 di-

414 4676 572 4717 cens:
602 4660 902 4734 Numquam
945 4663 1230 4734 Ecclesium
1266 4665 1489 4726 deseras,
1539 4679 1813 4734 numquam
1840 4665 1997 4716 absti-

413 4749 532 4786 neas
553 4732 952 4789 acomm‘uniOne
976 4733 1165 4789 Christi
1195 4735 1667 4788 Sacrantentorum.
1706 4732 1832 4787 Ilrrc
1859 4736 1993 4787 enim

413 4805 502 4856 tibi
521 4806 835 4866 acciderunt,
866 4807 1005 4876 quod
1026 4806 1140 4874 jam
1166 4807 1401 4876 quinque
1425 4803 1753 4876 hebdomadis
1782 4822 1880 4857 non
1905 4823 1992 4858 ac-

413 4876 604 4930 cessiin
642 4877 714 4930 ad
758 4873 1059 4931 intemerata
1094 4873 1255 4929 nostri
1307 4873 1592 4930 Saluatoris
1634 4875 1991 4930 Sacramenta.

414 4943 486 5018 ita
518 4947 779 5018 Palladius
810 4946 1110 5018 (Palladius
1141 4945 1349 5000 Lausia.
1395 4947 1460 5000 19
1489 4955 1536 5000 et
1566 4943 1680 5013 20).
1737 4948 1833 5002 Ubi
1883 4962 1988 5002 non

414 5015 514 5068 alia
562 5015 1013 5074 redditur‘causa
1042 5019 1195 5072 istius
1230 5019 1539 5072 alllictiouis
1590 5026 1646 5070 et
1692 5020 1992 5074 vexationis

413 5086 714 5158 diabolicae,
743 5105 904 5158 quam
947 5089 1254 5144 intermissa
1285 5089 1352 5143 ad
1382 5096 1595 5157 tempus
1641 5104 1792 5143 sacra
1841 5104 1989 5144 com-

414 5161 597 5212 munio
621 5175 718 5230 per
745 5161 1120 5231 negligentiam
1150 5176 1272 5231 qum
1302 5177 1406 5214 non
1448 5159 1658 5214 videtur
1701 5175 1823 5216 esse
1871 5163 1991 5230 plus

413 5243 570 5296 quam
603 5232 830 5288 veniali:
855 5233 1010 5303 culpa
1037 5272 1053 5298 ,
1083 5233 1238 5288 sicuti
1269 5245 1371 5288 nec
1405 5246 1620 5288 morsus
1649 5231 1741 5286 ille
1770 5231 1988 5288 lactucae

414 5303 658 5374 neglecto
683 5304 860 5360 crucis
880 5303 1054 5374 signo.

489 5393 509 5406 ··
535 5373 693 5428 Multa
725 5375 810 5429 hic
833 5373 1085 5430 miracula
1117 5385 1170 5431 et
1203 5375 1604 5432 evidentissima
1631 5374 1829 5429 divinae
1875 5391 1992 5437 pro-

415 5443 665 5517 videntia:
693 5449 841 5516 signa
887 5446 1155 5513 etl'ulserc,
1202 5447 1256 5500 Γ
1304 5447 1446 5517 quod
1494 5447 1807 5516 prophetam
1849 5445 1992 5502 Deus

415 5515 588 5568 occidi
646 5515 873 5572 voluerit
915 5533 944 5571 a
1000 5519 1154 5574 leone
1201 5515 1419 5588 propter
1474 5515 1892 5572 inobedietttiatn
1935 5527 1992 5573 et.

420 5589 900 5658 transgressionem
928 5590 1094 5644 divini
1126 5592 1399 5658 przecepti,
1427 5597 1754 5644 cumtamen
1785 5588 1853 5640 ab
1883 5588 1991 5644 alio

419 5655 683 5730 propheta
693 5657 873 5714 l'uisset
885 5660 1105 5717 delusus
1117 5655 1164 5717 et
1181 5655 1436 5730 decc—plus
1451 5678 1464 5726 ;
1478 5661 1542 5714 9-⁸
1557 5659 1698 5729 ίῖυοίΙ
1715 5659 1812 5713 “ac
1831 5674 1990 5728 Pam"

423 5728 707 5803 temporali
737 5730 962 5786 voluerit
988 5733 1108 5803 ejus
1137 5728 1348 5803 culpam
1389 5728 1601 5799 punire,
1638 5746 1706 5803 ne
1736 5730 1788 5784 in
1832 5741 1990 5785 :eter-

421 5807 551 5854 num
576 5799 790 5865 puniret
807 5803 892 5865 :3“
911 5799 1050 5873 quod
1073 5805 1156 5861 leo
1180 5799 1496 5877 prophetam
1519 5817 1625 5860 non
1646 5802 1993 5872 discerpserit

2022 4769 2072 4830 D

2107 3455 2335 3529 fugarit;
2366 3461 2428 3514 7°
2451 3459 2590 3529 quod
2627 3455 2908 3513 venientes
2935 3455 3002 3510 ad
3020 3455 3324 3529 tollendum
3351 3466 3688 3529 corpusnon

2109 3522 2382 3596 terruerit,
2415 3522 2502 3584 aut
2546 3529 2885 3598 impedierit;
2940 3527 3034 3598 sed
3065 3535 3249 3592 amoto
3293 3522 3527 3598 corpore
3570 3522 3689 3578 inde

2105 3595 2435 3657 discesserit.
2471 3602 2576 3658 Sed
2600 3595 2756 3670 juvat
2783 3601 2871 3654 hic
2893 3599 2954 3654 Β.
2986 3595 3305 3664 Gregorium
3327 3596 3395 3652 de
3426 3596 3529 3651 hac
3563 3608 3686 3670 pro_-

2107 3671 2282 3738 pheta:
2307 3675 2465 3742 culpa
2506 3663 2669 3727 sim'ul
2709 3683 2763 3725 et
2792 3685 2951 3742 pinna
2991 3663 3180 3742 audire
3209 3663 3597 3742 disputantem.
3641 3663 3688 3719 Is

2104 3737 2244 3819 libro
2265 3760 2316 3819 tv
2344 3737 2688 3819 Dialogorum
2715 3737 2835 3819 cap.
2868 3739 2938 3796 24
2966 3737 3110 3819 :_Vir
3139 3738 3256 3819 Dei,
3288 3739 3486 3819 inquit,
3510 3744 3686 3819 contra

2107 3813 2398 3869 Samariam
2429 3809 2638 3881 missus,
2685 3809 2807 3882 quia
2853 3828 2944 3884 per
2989 3809 3494 3884 inobedientiamjn
3513 3809 3690 3884 itinere

2104 3888 2342 3946 comedit.
2367 3885 2505 3939 hunc
2527 3886 2607 3941 leo
2626 3877 2708 3938 in'
2725 3877 2904 3938 eodem
2932 3884 3114 3936 itinere
3136 3883 3342 3936 occidit.
3385 3881 3495 3937 Sed
3524 3877 3686 3932 statim

2102 3956 2216 4010 illic
2245 3960 2496 4028 scriptum
2521 3968 2594 4010 est
2625 3956 2745 4028 quia
2778 3955 3023 4028 stetituleo
3053 3955 3213 4023 juxta
3241 3953 3469 4028 asinum,
3502 3962 3550 4004 et
3588 3964 3685 4028 non

2103 4029 2319 4081 comedit
2349 4017 2434 4081 'leo
2474 4029 2538 4082 de
2580 4017 2848 4080 cadauere.
2899 4025 2982 4080 Ea:
3008 4017 3113 4095 qua
3159 4042 3214 4078 re
3243 4026 3532 4078 ostenditur
3556 4017 3688 4088 quod

2105 4111 2373 4166 peccatum
2402 4099 2758 4153 inobedientia:
2786 4098 2839 4149 in
2882 4097 2994 4163 ipsa
3044 4096 3195 4166 fuerit
3229 4107 3387 4148 morte
3429 4095 3688 4154 laxatum;

2101 4171 2223 4239 quia
2249 4171 2383 4223 idern
2400 4171 2477 4224 leo
2504 4186 2655 4240 quem
2683 4170 2924 4221 viventem
2957 4167 3277 4240 praesumpsit
3299 4166 3686 4240 QCCidt'r€,-C0'llt

2103 4231 2300 4312 lingere
2323 4257 2425 4312 non
2452 4231 3051 4312 pritsumpsitoccisum.
3107 4231 3205 4303 Qui
3243 4239 3397 4312 enim
3424 4231 3688 4312 occidendi

2101 4306 2284 4365 auium
2311 4306 2514 4384 habuit,
2545 4312 2610 4365 de
2647 4306 2799 4384 occisi
2827 4309 3072 4384 cadauere
3094 4307 3397 4384 comedendi
3429 4306 3685 4384 licentiam

2102 4398 2203 4435 non
2223 4383 2415 4453 accepit
2436 4399 2454 4447 ;
2478 4384 2598 4452 quia
2623 4384 2667 4434 is
2689 4383 2774 4450 qui
2797 4380 3066 4444 culpabilis
3087 4380 3140 4432 in
3160 4378 3260 4431 vita
3283 4379 3476 4453 fuerat,
3512 4378 3686 4453 punita

2102 4445 2445 4534 inobedientia
2487 4445 2593 4534 erat
2614 4445 2730 4534 jam
2771 4454 2947 4523 justus
2973 4466 3036 4534 ea:
3071 4445 3402 4534 morte.“'l:eo
3454 4445 3686 4534 ergo‘qui

2101 4525 2244 4592 prius
2273 4527 2553 4593 peccatoris
2580 4517 2732 4577 vitam
2762 4517 3047 4588 necaverat,
3076 4520 3345 4575 custodiuit
3366 4517 3685 4591 postmodum

2101 4595 2321 4668 cadauer
2335 4597 2487 4668 justi.
2513 4596 2638 4668 Haec
2654 4593 2970 4668 Gregorius.

2173 4665 2199 4704 δ
2226 4667 2300 4720 ite
2328 4660 2522 4722 abbate
2551 4666 2716 4720 Paulo
2746 4660 2924 4718 actum
2959 4673 3040 4718 est
3069 4663 3164 4720 lib.
3189 4679 3222 4718 ι
3249 4677 3369 4731 cap.
3399 4661 3464 4716 25
3499 4671 3555 4716 et
3592 4660 3681 4714 25.

2102 4736 2176 4790 De
2223 4738 2407 4807 Moyse
2456 4737 2651 4792 ibidem
2705 4745 2762 4790 et
2808 4735 3099 4790 collatione
3147 4735 3345 4802 ietﬁ,
3397 4748 3521 4802 qua:
3567 4734 3684 4800 ejus

2099 4809 2318 4862 nomine
2350 4809 2736 4862 inscribuntur.

2173 4890 2196 4918 ο
2226 4879 2462 4934 Meminit
2481 4879 2720 4949 ejusdem
2745 4877 2850 4949 loci
2879 4878 3169 4949 Cassianus
3195 4872 3542 4949 collatione?)
3560 4887 3678 4949 cap.

2101 4951 2151 5006 ὅ.
2203 4951 2268 5005 Ει
2297 4966 2482 5006 rursus
2511 4945 2695 5006 collat.
2727 4948 2799 5002 ξι
2826 4963 2949 5018 cap.
2979 4947 3014 5001 4
3047 4966 3061 5001 :
3101 4948 3201 5015 Qui
3247 4947 3300 5001 in
3341 4946 3454 5006 illa.
3491 4945 3680 5018 inquit,

2101 5020 2321 5088 Calami,
2353 5023 2458 5075 sive
2489 5019 2864 5090 Porphyrionis
2887 5015 3053 5074 eremo
3095 5027 3498 5090 commorantur.
3531 5015 3683 5071 Unde

2099 5103 2325 5160 apparet
2349 5089 2626 5148 Calamum
2649 5091 2784 5146 alias
2808 5090 3239 5163 Porphyriouem
3275 5089 3437 5144 fuisse
3474 5100 3682 5141 nuncu-

2093 5175 2300 5233 patum.

2168 5234 2194 5272 ά
2219 5236 2294 5292 De
2325 5236 2626 5305 Panephysi
2655 5235 2950 5290 Cassianus
2985 5234 3082 5289 lib.
3112 5249 3162 5288 tv
3185 5249 3307 5305 cap.
3330 5231 3418 5288 50.

2171 5317 2194 5346 ο
2231 5309 2302 5362 De
2338 5303 2529 5363 eodem
2547 5303 2766 5378 egimus
2798 5306 2891 5360 lib.
2916 5321 2946 5358 v
2976 5321 3094 5378 cap.
3122 5304 3212 5360 57.
3255 5303 3331 5360 De
3356 5319 3467 5372 quo
3496 5311 3681 5378 rursus

2101 5379 2283 5451 collat.
2314 5379 2374 5433 ll
2407 5395 2527 5446 cap.
2567 5374 2956 5451 iprzeclarunr
2987 5377 3089 5451 hoc
3117 5385 3294 5451 exstat
3337 5374 3681 5451 eluctantium;

2101 5449 2394 5504 Beatissimi
2434 5444 2591 5521 atque
2626 5444 2884 5520 'pra'cipui
2913 5449 3007 5502 viri
3035 5447 3270 5501 Archebii
3305 5444 3681 5521 episcopinqui

2099 5531 2276 5590 raptus
2302 5523 2366 5576 de
2393 5512 2830 5575 Anarhoretarnm
2851 5529 3063 5588 caetu,et
3086 5512 3352 5590 episcopus
3387 5512 3679 5584 Panephgsi

2097 5594 2284 5674 Oppido
2316 5594 2489 5674 datus,
2522 5602 2668 5674 tanta
2700 5592 3199 5674 Δ(ὶὶειιίὶιειὶοηερῃῃιξ
3234 5604 3341 5642 atro
3369 5597 3681 5674 suom—rapo-

2093 5657 2250 5738 titum
2275 5665 2570 5718 solitudinis
2596 5664 2892 5738 custodiuit,
2919 5674 2974 5718 ut
3005 5663 3135 5738 nihil
3161 5661 3224 5738 de
3266 5659 3539 5738 ρνωεξνξιεε
3579 5657 3680 5706 ’δι’

2098 5734 2336 5792 militaris
2371 5747 2542 5790 tenore
2586 5737 2856 5806 laxaverit,
2881 5727 2997 5790 'aut
3026 5735 3089 5787 de
3133 5727 3334 5805 adjecto
3361 5727 3456 5786 sibi
3486 5727 3682 5782 honore

2098 5806 2350 5860 blanditus
2377 5809 2464 5860 sit.

2091 5807 2350 5863 blanditus
2377 5809 2464 5862 sit.
