4012 6336
239 283 338 343 705

629 281 970 342 COLLATIO
1009 283 1122 341 Vll.
1150 284 1329 342 -ΒΕ
1372 285 1616 342 ΔΝῘΜᾹΞ
1658 281 2080 342 MOBlLlTATE
2117 285 2208 345 ET
2248 285 2722 348 SPlRlTALlBUS
2761 287 3131 358 NEQUITIIS.

3411 293 3519 354 ’106

232 419 355 461 casu
407 401 608 458 mulier
635 401 930 468 obviasset,
953 400 1190 456 offensus
1239 415 1471 456 occursu
1504 415 1640 472 ejus,
1674 408 1818 455 tanta
1849 405 1900 468 Α
1926 400 2106 456 delato
2133 410 2199 456 ad
2242 411 2551 458 ctenoutum
2574 408 2886 460 sanctarum
2915 408 3211 477 virginum,
3257 404 3410 462 cibus
3453 421 3522 469 ac

235 497 348 568 fuga
408 496 474 550 ad
528 511 688 551 suum
722 510 910 550 rursus
966 493 1354 549 monasterium
1405 493 1816 564 (prmtcrmisso,

236 590 370 660 quod
403 587 743 656 arripuerat,
792 588 893 658 pia:
944 587 1271 642 visitationis
1315 582 1518 656 officio)
1567 584 1815 655 recurrit,

236 690 430 754 quanta
462 682 647 738 nullus
673 697 703 736 a
735 680 870 737 facie
899 680 1071 736 leonis
1096 679 1182 735 vel
1211 678 1588 736 immanissimi
1629 679 1820 735 draco-

237 779 316 833 nis
357 776 664 848 aufugeret,
715 774 790 831 ita
837 785 894 830 ut
943 791 1012 831 ne
1041 772 1326 831 memorati
1355 773 1572 846 quidem
1610 773 1822 830 abbatis

234 869 490 927 Archebii
514 869 827 926 revocantis
851 883 974 924 eum
999 869 1240 926 clamore
1268 883 1331 925 ac
1354 867 1602 940 precibus
1631 867 1820 924 ﬂecte-

234 975 404 1030 retur,
447 972 508 1020 ut
557 964 627 1020 ad
671 962 1059 1036 requirendum
1110 979 1318 1030 senem,
1361 962 1820 1033 quemadmodum

235 1070 666 1132 proposuerant,
723 1067 907 1130 ctepto
959 1057 1154 1115 itinere
1209 1057 1612 1128 pertenderent.
1669 1055 1823 1127 Quod

235 1157 355 1212 licet
385 1155 506 1212 zelo
535 1155 802 1212 eaStitatis
830 1163 888 1212 et
930 1154 1181 1225 puritatis
1235 1155 1432 1212 ardore
1480 1155 1550 1210 sit
1599 1154 1820 1220 factum,

235 1259 410 1305 tamen
439 1249 564 1319 quia
604 1263 712 1303 non
753 1248 1050 1304 secundum
1102 1246 1386 1302 scientiam
1433 1253 1821 1317 praesumptum

235 1352 333 1411 est,
359 1341 458 1399 sed
489 1341 834 1398 observantia
853 1340 1154 1411 disciplima
1177 1340 1446 1411 iustaeque
1479 1339 1825 1396 discretionis

235 1450 488 1492 excessus
547 1442 631 1491 est
669 1433 862 1490 modus
899 1435 1040 1504 (non
1084 1433 1228 1489 enim
1273 1433 1449 1490 solam
1497 1432 1826 1488 familiarita-

237 1541 360 1596 tem,
391 1547 514 1603 quas
564 1546 696 1587 vere
740 1540 822 1586 est
875 1530 1056 1596 noxia,
1107 1529 1452 1597 feminarum,
1503 1529 1598 1586 sed
1651 1530 1822 1601 ipsam

235 1641 448 1698 quoque
497 1623 724 1695 figuram
757 1638 919 1678 sexus
947 1621 1090 1678 illius
1119 1621 1351 1678 credidit
1377 1621 1819 1694 exsecrandam),

236 1719 324 1774 tali
375 1716 666 1773 confestim
701 1715 1045 1786 correptione
1095 1729 1388 1786 percussus
1435 1722 1540 1780 est,
1599 1724 1657 1770 ut
1706 1715 1824 1785 ejus

1926 503 2104 565 potus,
2135 510 2294 567 quem
2327 511 2393 552 ne
2414 507 2547 554 nutu
2569 496 2788 569 quidem
2817 509 3003 569 petere
3031 508 3260 570 poterat,
3285 501 3520 559 femineo

1925 587 2274 660 ingerebatur
2303 591 2586 663 obsequio,
2611 593 3001 667 explendisque
3030 595 3283 653 omnibus
3311 605 3518 654 naturte

1925 683 2364 754 necessitatibus,
2393 687 2584 743 eadem
2611 686 2688 744 illi
2709 687 2992 760 diligentia
3019 703 3118 762 per
3139 703 3315 745 annos
3345 688 3518 747 ferme

1924 784 2179 848 quatuor,
2206 776 2260 833 id
2287 786 2392 846 est,
2421 794 2592 851 usque
2611 779 2680 836 ad
2707 781 2834 837 vitae
2853 795 2968 838 sua:
2997 783 3292 838 terminum
3315 785 3519 839 servie-

1924 868 2036 925 bat.
2060 870 2302 938 Quicum
2326 879 2477 928 tanta
2500 881 2650 930 esset
2669 874 2912 931 omnium
2937 874 3306 932 membrorum
3322 874 3520 931 debili-

1928 971 2036 1020 tate
2063 965 2414 1033 constrictus,
2441 974 2499 1021 ut
2525 966 2658 1022 nulli
2693 967 2747 1023 in
2769 982 2836 1024 eo
2863 976 3013 1024 artus
3041 969 3280 1026 vivacem
3311 975 3518 1025 motum

1926 1071 1991 1114 ac
2019 1058 2335 1115 sensibilem
2367 1067 2726 1128 retentarent,
2770 1061 3129 1117 nihilominus
3175 1069 3323 1116 tanta
3354 1074 3420 1117 ex
3451 1074 3521 1117 eo

1926 1150 2186 1206 virtutum
2228 1151 2398 1223 gratia
2431 1152 2790 1222 procedebat,
2821 1162 2878 1209 ut
2909 1168 3030 1209 cum
3058 1153 3128 1210 de
3160 1163 3188 1193 ι
3215 1155 3337 1212 oleo
3374 1152 3519 1224 quod

1927 1244 1956 1285 δ
1973 1246 2236 1304 cadavere
2253 1262 2353 1302 suo
2375 1248 2556 1317 potius
2577 1263 2737 1319 quam
2756 1262 2990 1318 corpore
3011 1249 3331 1321 contigisset
3350 1263 3521 1320 unge-

1928 1348 2120 1396 rentur
2148 1338 2367 1406 infirmi,
2388 1339 2680 1397 confestim
2708 1342 2918 1398 cunctis
2942 1352 2965 1382 ε
2994 1342 3393 1399 valetudinibus
3421 1357 3522 1399 cu-

1930 1443 2213 1500 rarentur;
2247 1437 2318 1489 ita
2352 1443 2411 1490 ut
2460 1449 2626 1505 super
2681 1435 2780 1491 hac
2831 1435 2952 1506 ejus
3000 1435 3312 1493 valetudine
3353 1435 3518 1492 etiam

1929 1525 2061 1597 ipsis
2103 1527 2412 1584 infidelibus
2457 1527 2740 1586 evidenter
2767 1539 3061 1602 aperteque
3109 1531 3440 1588 claresceret
3465 1539 3522 1587 et

1929 1620 2264 1678 debilitatem
2295 1623 2668 1679 membrorum
2709 1624 2951 1680 omnium
2981 1624 3389 1695 dispensatione
3432 1632 3520 1681 at-

1929 1730 2036 1784 que
2061 1730 2244 1771 amore
2266 1716 2480 1772 Domini
2500 1717 2955 1785 contributam,et
2975 1719 3268 1776 sanitatum
3289 1719 3520 1792 gratiam

235 1811 544 1867 universum
575 1824 772 1880 corpus
806 1809 1119 1879 paralyseos
1158 1808 1466 1864 valetudine
1496 1807 1818 1877 solveretur,
1854 1811 1902 1873 Β
1931 1825 2031 1880 pro
2058 1811 2374 1868 testimonio
2416 1811 2666 1883 puritatis
2708 1827 2771 1869 ac
2815 1812 3256 1870 manifestatione
3296 1810 3522 1872 merito-

235 1904 542 1975 nullumque
587 1903 642 1957 in
697 1918 764 1959 eo
804 1901 1106 1958 membrum
1153 1901 1367 1970 penitus
1397 1901 1620 1970 explere
1661 1915 1819 1957 suum

237 1995 548 2064 pnevaleret
578 1993 837 2050 officium.
887 1993 1165 2064 Siquidem
1204 2008 1310 2049 non
1336 1993 1510 2049 solum
1560 1993 1726 2064 pedes
1757 2009 1822 2051 ac

236 2104 443 2154 manus,
475 2087 571 2143 sed
600 2091 765 2143 etiam
817 2087 1011 2158 linguzu
1053 2095 1253 2153 motus,
1280 2103 1386 2157 quo
1411 2088 1643 2144 elocutio
1673 2088 1820 2143 vocis

234 2182 573 2254 exprimitur,
608 2182 847 2252 ipsaeque
875 2197 1034 2236 aures
1080 2181 1153 2236 ita
1185 2183 1398 2237 auditus
1442 2181 1647 2253 proprii
1679 2181 1820 2237 ami-

234 2286 416 2333 serunt
458 2290 700 2342 sensum,
739 2286 796 2329 ut
830 2275 882 2329 in
923 2290 988 2330 eo
1020 2274 1154 2330 nihil
1210 2275 1439 2345 amplius
1483 2290 1551 2330 ex
1606 2275 1823 2330 homine

235 2386 390 2442 quam
421 2369 717 2425 immobilis
747 2379 952 2424 tantum
983 2377 1146 2438 atque
1177 2369 1504 2424 insensibilis
1534 2369 1702 2440 figura
1730 2385 1820 2425 re-

237 2471 501 2518 maneret.
532 2461 609 2516 Eo
633 2469 813 2516 autem
847 2460 1099 2517 redactus
1128 2469 1232 2528 est,
1269 2471 1327 2516 ut
1368 2461 1666 2518 infirmitati
1707 2462 1824 2533 ejus

239 2560 381 2614 nullo
410 2559 575 2615 modo
606 2560 844 2614 virorum
878 2556 1159 2628 diligentia
1196 2556 1477 2614 deservire
1522 2556 1822 2625 sufﬁceret,

237 2654 331 2710 nisi
377 2654 492 2711 sola
538 2655 588 2710 ei
636 2651 920 2708 muliebris
963 2651 1222 2707 sedulitas
1251 2651 1632 2707 ministrasset.
1687 2650 1821 2707 Nam

1928 1919 2047 1960 rum
2076 1905 2126 1960 ei
2151 1903 2384 1975 Spiritus
2409 1905 2581 1961 sancti
2613 1906 2818 1962 virtute
2849 1910 3117 1976 prmstari.

2485 2020 2718 2078 CAPUT
2755 2020 2973 2077 XXVII.

2285 2091 2365 2149 De
2393 2095 2670 2149 tentatione
2703 2093 2904 2148 abbatis
2947 2091 3165 2164 Moysis.

2003 2185 2284 2244 Secundus
2315 2200 2465 2251 vero,
2497 2201 2658 2256 quem
2684 2185 2922 2241 diximus
2951 2185 3005 2241 in
3035 2187 3136 2243 bac
3164 2201 3351 2245 eremo
3377 2202 3526 2246 com-

1932 2287 2227 2345 moratum,
2251 2292 2376 2333 cum
2410 2278 2528 2349 ipse
2573 2291 2791 2348 quoque
2821 2277 3112 2348 singularis
3151 2287 3207 2334 et
3246 2277 3526 2352 incompa-

1927 2369 2112 2427 rabilis
2141 2371 2224 2426 vir
2253 2378 2419 2438 esset,
2448 2369 2519 2426 ob
2548 2367 3030 2442 reprehensionem
3051 2370 3210 2426 unius
3228 2373 3522 2441 sermonis,

1926 2479 2088 2535 quem
2146 2473 2340 2520 contra
2368 2462 2621 2519 abbatem
2649 2460 2676 2500 ά
2704 2461 2996 2518 Macarium
3039 2461 3324 2532 disputans
3362 2465 3526 2536 paulo

1927 2557 2116 2614 durius
2145 2556 2390 2626 protulit,
2415 2557 2646 2627 quadam
2675 2555 2887 2614 scilicet
2909 2557 3167 2628 opinione
3189 2569 3526 2631 prterentus,

1931 2659 1954 2687 ο
1989 2659 2094 2704 tam
2123 2649 2243 2704 diro
2263 2648 2546 2705 confestim
2569 2659 2652 2705 est
2679 2649 2914 2705 traditus
2937 2649 3195 2721 daemoni,
3223 2661 3286 2708 ut
3334 2652 3526 2708 huma-

1293 2787 1552 2844 ALARDI
1591 2787 1823 2845 ϐΑΖιΕΙ
1859 2786 2437 2846 COMMENTARIUS.

310 2917 333 2945 ι
365 2907 501 2963 Oleo
529 2923 559 2961 a
591 2921 650 2961 se
689 2904 998 2970 benedicta,
1044 2913 1133 2974 aut
1175 2910 1424 2958 contacto
1459 2913 1514 2960 et
1557 2905 1826 2974 praestita,

240 2981 335 3035 viri
371 2980 543 3034 sancti
575 2990 950 3047 saepenumero
990 2973 1236 3030 infirmos
1264 2985 1546 3030 curarunt.
1581 2977 1672 3031 Sic
1699 2992 1824 3030 san-

238 3061 352 3105 ctus
385 3050 623 3105 Hilarion
667 3051 824 3102 laesos
849 3063 880 3102 a
908 3047 1250 3118 serpentibus
1272 3047 1394 3102 oleo
1435 3047 1689 3112 sanabat;
1735 3062 1830 3104 eo-

237 3123 464 3192 demque
492 3122 630 3192 duos
650 3135 679 3173 a
701 3118 1230 3192 morteAsuscitavitL
1242 3129 1384 3192 teste
1415 3119 1479 3174 D.
1497 3119 1827 3192 Hieronymo

239 3191 326 3263 (In
353 3189 456 3248 vita
506 3189 844 3263 Hilarionis).
884 3190 977 3263 Sic
1005 3190 1174 3244 abbas
1201 3189 1488 3259 Beujamin
1521 3190 1680 3263 apud
1706 3189 1826 3245 Pal-

242 3261 437 3323 [adium
469 3263 708 3334 (Lausia.
742 3261 852 3330 15),
882 3261 1207 3334 cuicumque
1226 3277 1426 3334 manus
1456 3261 1823 3334 imposuisset,

240 3347 325 3390 aut
358 3332 505 3418 quod
531 3334 886 3418 bent-dixerat
908 3333 1085 3418 oleum
1110 3333 1382 3418 dedisset,
1399 3332 1730 3418 liberabatur
1757 3333 1827 3418 ab

241 3404 396 3462 omni
415 3405 739 3476 aegritudine
770 3423 780 3458 :
814 3404 879 3459 Et
909 3415 1076 3458 tamen
1104 3404 1211 3476 hic,
1239 3404 1327 3472 qui
1365 3413 1507 3458 tanta
1536 3405 1719 3476 igratia
1747 3405 1828 3458 di-

242 3496 367 3547 gnus
390 3475 597 3532 habitus
631 3477 823 3546 fuerat,
869 3484 980 3530 octo
1031 3475 1286 3530 mensibus
1339 3485 1456 3529 ante
1495 3475 1687 3529 obitum
1728 3475 1826 3545 fuit

244 3550 579 3629 hydropicus,
632 3558 676 3601 et
721 3551 832 3629 ejus
877 3563 1060 3629 corpus
1112 3563 1274 3629 usque
1296 3547 1428 3629 (ideo
1464 3547 1730 3629 intumuit,
1755 3555 1828 3629 out

243 3615 450 3691 propter
482 3620 695 3691 dolores
725 3615 1040 3691 inveniretur
1076 3618 1210 3691 alius
1239 3615 1358 3691 Job.
1389 3616 1517 3691 Cum
1546 3628 1718 3691 autem
1747 3615 1828 3691 ιιι-τ

245 3688 441 3744 lioraret
471 3689 568 3743 hoc
605 3688 782 3743 morbo
813 3688 1194 3753 immedicabili,
1243 3688 1535 3742 medebatur
1579 3688 1699 3742 aliis
1740 3688 1828 3758 qui

247 3763 544 3817 tenebantur
563 3759 826 3832 quibusvis
864 3759 1273 3832 agritudinibus.
1304 3761 1458 3832 Quod
1495 3760 1648 3832 plane
1691 3773 1825 3832 coa-

245 3835 387 3901 gruit
412 3849 535 3888 cum
568 3829 819 3898 exemplo
853 3831 1060 3886 abbatis
1105 3831 1252 3885 Pauli
1281 3831 1347 3884 de
1376 3845 1482 3901 quo
1513 3829 1600 3884 hic
1631 3830 1823 3899 agitur.

245 3905 376 3961 Oleo
400 3905 562 3959 etiam
585 3920 612 3956 a
646 3903 708 3961 S.
731 3901 962 3958 Macario
988 3912 1168 3957 curata
1201 3904 1396 3970 legitur
1422 3903 1747 3971 paralytica,
1775 3911 1831 3956 ct

246 3976 610 4030 daemoniacus
658 3989 688 4028 a
747 3974 995 4028 daemone
1056 3972 1334 4040 liberatus,
1384 3973 1525 4041 apud
1577 3973 1828 4028 eumdem

247 4047 564 4104 Palladium.
609 4044 744 4101 Oleo
789 4045 974 4100 itidem
1022 4042 1307 4098 benedicta
1364 4044 1563 4098 multos
1618 4045 1833 4099 sanavit

247 4120 416 4174 abbas
466 4119 726 4174 Joannes.
785 4115 928 4170 Idem
987 4116 1055 4169 de
1101 4115 1295 4169 abbate
1345 4115 1616 4183 Aphraate
1665 4125 1720 4170 et
1764 4114 1833 4169 de

246 4190 507 4245 Simeone
529 4187 700 4244 refert
729 4187 1102 4244 Theodoretus
1142 4186 1192 4238 in
1241 4186 1441 4240 llistor.
1482 4185 1576 4242 SS.
1611 4185 1833 4240 Patrum

244 4278 367 4329 cap.
398 4263 435 4317 8
456 4271 508 4315 et
530 4260 600 4314 26
634 4258 873 4329 (Lausia.
901 4257 972 4311 20
997 4267 1044 4311 et
1073 4256 1184 4326 45).
1211 4257 1329 4312 Olei
1372 4258 1533 4312 etiam
1560 4257 1834 4329 iunctione

243 4328 496 4388 monachi
537 4330 772 4401 Egyptii
821 4330 1172 4401 paralytieum
1220 4339 1508 4401 curarunt,
1558 4328 1749 4401 Rufino
1780 4337 1835 4382 et

243 4405 555 4461 Sozomeno
585 4399 809 4456 tesubus
833 4399 1037 4468 (Ruﬁn.
1067 4401 1156 4470 tibi.
1183 4414 1219 4453 ιι
1249 4416 1364 4464 cap.
1398 4401 1452 4470 4,
1481 4399 1688 4470 sozom.
1716 4399 1752 4451 ι.
1782 4413 1834 4452 γι

242 4494 363 4545 cap.
385 4475 504 4543 21).
528 4472 777 4545 Denique
805 4473 986 4545 abbas
1013 4469 1285 4545 Machetes
1312 4469 1481 4545 apud
1515 4469 1833 4525 Cassianum

245 4541 525 4602 haecdeSe
547 4545 664 4615 ipso
690 4541 886 4597 refert:
921 4541 1103 4596 Oleum
1131 4542 1280 4615 etiam
1305 4541 1619 4615 benedicere,
1638 4556 1834 4607 acsup-

242 4612 723 4688 plicantibus—dare,
754 4615 890 4685 quod
917 4629 1022 4684 pra:
1041 4612 1274 4688 omnibus
1307 4612 1629 4688 exsecrabar,
1647 4622 1838 4688 ‘utpote

1934 2902 2372 2974 consequendam
2414 2901 2577 2976 fuerit
2609 2905 2934 2970 institutum,
2957 2913 3014 2961 et
3043 2919 3075 2960 a
3105 2905 3344 2976 quolibet
3369 2906 3526 2963 Chri-

1934 2976 2110 3047 stiano
2163 2977 2212 3028 in
2266 2976 2488 3030 nomine
2539 2975 2770 3044 Christi,
2797 2984 2851 3031 et
2884 2977 2936 3032 in
2968 2975 3265 3047 quemlibet
3301 2979 3466 3035 etiam
3493 2995 3528 3037 a

1935 3045 2042 3102 fide
2071 3047 2337 3108 alienum.
2367 3047 2434 3101 ad
2461 3052 2749 3103 sanitatem
2788 3045 3034 3116 corporis
3079 3049 3419 3105 tribuendam
3449 3053 3525 3106 sit

1933 3118 2157 3174 solitum
2182 3119 2450 3173 adhiberi.
2485 3119 2760 3190 Ejusmodi
2793 3120 2954 3188 plane
2987 3128 3126 3190 erat,
3150 3121 3292 3190 quod
3335 3121 3400 3177 ad
3434 3138 3530 3178 ru-

1934 3189 2134 3244 randos
2182 3191 2402 3244 morbos
2446 3205 2542 3258 per
2569 3189 2859 3244 Proculum
2903 3189 3267 3246 Christianum
3299 3192 3530 3249 admini-

1935 3262 2342 3333 strarisnlitunt
2372 3261 2562 3333 scribit
2586 3260 2946 3316 Tertullianus
2997 3260 3138 3332 (Lib.
3186 3263 3256 3317 ad
3303 3263 3525 3333 Scapul.

1932 3349 2051 3404 cap.
2074 3330 2152 3402 4).
2182 3332 2305 3386 llrec
2326 3341 2384 3386 et
2409 3332 2513 3386 alia
2547 3331 2830 3404 Baronius,
2851 3330 3108 3401 additque
3128 3333 3350 3389 solitum
3384 3330 3530 3404 ejus-

1933 3403 2096 3467 modi,
2129 3403 2272 3476 sicut
2294 3404 2428 3456 alias
2449 3403 2662 3471 species
2690 3404 2755 3476 ad
2792 3403 3093 3476 humanum
3117 3419 3270 3476 usum
3303 3403 3528 3476 compa-

1931 3485 2098 3547 ratas.
2133 3475 2382 3547 precibus
2410 3475 2743 3547 praescriptis
2771 3474 3098 3547 sanctificari
3133 3475 3280 3545 (nam
3305 3484 3361 3530 et
3381 3474 3526 3547 apud

1930 3545 2264 3617 Clementem
2298 3543 2625 3617 ((Ιοηειὶιηι.Δ
2655 3560 2765 3617 γιιι.
2799 3561 2845 3598 c.
2899 3543 2990 3617 55)
3038 3543 3237 3615 scripta
3298 3543 3528 3604 habetur

1929 3615 2237 3671 benedictio
2264 3614 2417 3685 aqua:
2445 3627 2498 3670 et
2524 3614 2674 3684 olei),
2709 3616 2865 3670 sicut
2891 3615 3048 3685 signo
3089 3614 3297 3670 tantum
3343 3620 3526 3673 crucis

1932 3687 2062 3741 illud
2091 3687 2456 3749 honedixisse,
2486 3696 2540 3742 et
2559 3687 2611 3740 in
2641 3687 3223 3742 nominesauctissimas
3239 3686 3527 3745 Trinitatis

1931 3759 2296 3813 sanctifieasse
2312 3769 2472 3824 atque
2491 3759 2874 3824 mgrotantdius
2894 3758 3203 3814 admovisse
3229 3758 3524 3815 sufficeret.

2004 3828 2029 3865 δ
2060 3830 2220 3895 Quasi
2253 3830 2398 3883 dicat
2422 3844 2526 3882 non
2565 3827 2731 3882 fuisse
2761 3828 2977 3894 quidem
3011 3829 3239 3883 cadaver
3283 3831 3530 3898 (vivebat

1931 3901 2077 3955 enim
2111 3898 2355 3970 Paulus),
2387 3900 2482 3953 sed
2509 3901 2677 3954 instar
2701 3900 3007 3964 cadaveris,
3035 3900 3137 3970 hoc
3177 3911 3280 3966 est,
3336 3903 3530 3959 morbo

1935 3987 2071 4040 pene
2093 3969 2403 4026 emortuum
2435 3988 2447 4022 :
2473 3970 2702 4025 Cadaver
2731 3972 2901 4034 enim,
2948 3972 3020 4024 ait
3068 3969 3326 4035 Isidorus,
3376 3990 3407 4026 a
3437 3991 3529 4028 ca—

1933 4043 2455 4168 debudouomingtpm,
2484 4044 2604 4111 quia
2623 4043 2739 4113 jam
2761 4052 2897 4096 stare
2937 4058 3038 4096 non
3079 4052 3240 4110 potest
3263 4042 3527 4116 (Etyinol.

1960 4131 1972 4166 ι
2018 4155 2028 4165 .
2064 4130 2138 4168 ιιι.
2164 4130 2277 4168 can.
2368 4151 2382 4166 .

1960 4130 2028 4168 ιο.
2064 4130 2138 4178 ιιι,
2164 4130 2277 4178 cap.
2301 4130 2382 4178 2).

2012 4116 2574 4254 sval‘elit’idt?)pa=sim
2622 4183 2762 4252 apud
2805 4183 3126 4240 Cassianum
3163 4185 3382 4249 ponitur
3428 4203 3530 4256 pro

1937 4255 2320 4322 invaletudiue,
2355 4271 2450 4310 seu
2475 4256 2817 4320 infirmitate,
2849 4264 2905 4310 ut
2935 4257 3062 4312 alibi
3096 4265 3360 4311 notatum.

2011 4324 2059 4400 ἀλ
2088 4327 2235 4400 Vide,
2274 4327 2554 4400 qttte‘alias
2581 4326 2718 4400 (Lib.
2757 4344 2787 4379 ν
2816 4343 2934 4398 cap.
2986 4327 3094 4396 xu)
3122 4328 3430 4400 notavimus
3458 4328 3530 4384 de

1937 4396 2146 4453 duobus
2194 4396 2439 4453 Macariis
2489 4396 2698 4453 sanctis
2717 4396 3090 4469 _anachoretis
3143 4397 3416 4469 {Egyptiis
3473 4411 3531 4455 et

1938 4469 2493 4536 coaetaneis,quormu
2521 4469 2660 4524 alter
2691 4467 2998 4537 Egyptius,
3031 4469 3168 4523 alter
3197 4467 3524 4524 Alexandri-

1939 4555 2039 4594 nus
2061 4539 2470 4607 cognominatus
2519 4549 2625 4609 est.
2671 4538 2948 4609 _Videutur
2976 4549 3156 4592 autem
3190 4555 3312 4609 quae
3341 4539 3426 4595 hic
3456 4541 3526 4598 de

1940 4609 2174 4664 Macario
2197 4609 2503 4680 traduntur,
2533 4607 2601 4680 de
2645 4607 2904 4678 Egyptio
2963 4607 3332 4680 intelligenda,
3364 4628 3522 4680 quem

235 4678 491 4761 judicans
514 4687 646 4761 illud
674 4678 952 4761 exangui;
977 4684 1142 4739 cordis
1185 4685 1584 4761 praesumptione
1624 4682 1833 4761 descegt-
1862 4697 1916 4758 ι)
1942 4680 2210 4761 Palladius
2238 4690 2292 4761 et
2320 4678 2413 4733 alii
2437 4679 2964 4761 scribuntsingulari
2998 4679 3143 4734 dono
3171 4688 3225 4735 et
3255 4678 3528 4749 potestate

241 4751 384 4827 itere,
415 4751 868 4814 circumdantibus'
902 4772 980 4809 me
1019 4764 1229 4825 repente
1266 4754 1614 4827 swcitlai‘ibus_
1639 4751 1834 4819 multis,
1862 4751 1886 4816 ἶ

238 4832 322 4885 im
342 4825 648 4885 constrictus
671 4844 806 4894 sum,
824 4836 877 4880 ut
898 4828 1050 4881 aliter
1066 4843 1153 4882 eos
1175 4825 1467 4880 nullatenus
1488 4825 1701 4879 evadere
1718 4839 1837 4892 pos-

163 4899 176 4910 ’
237 4919 370 4967 sem,
401 4903 500 4954 nisi
521 4917 555 4953 a
587 4915 665 4953 me
691 4915 892 4952 summa
921 4901 966 4950 ei
990 4908 1036 4951 et
1063 4898 1395 4952 obtestatione
1423 4897 1754 4950 extorsissth
1783 4903 1836 4949 ut

237 4973 420 5027 oblato
451 4971 511 5028 ab
542 4973 616 5025 eis
645 4968 854 5023 vasculo
910 4985 1119 5021 manum
1166 4983 1327 5020 meam
1373 4968 1618 5036 impresso
1669 4968 1836 5020 crucis

235 5045 516 5114 signaculo
559 5056 996 5111 superponerem;
1025 5041 1196 5114 itaque
1236 5055 1289 5092 se
1326 5038 1587 5114 credentes
1631 5036 1840 5114 benedi-

234 5108 434 5169 ctionis
477 5108 645 5167 oleum
671 5120 985 5177 consecutos,
1032 5108 1236 5163 tandem
1282 5124 1360 5161 me
1390 5108 1673 5179 aliquando
1700 5109 1841 5162 rela-

231 5197 464 5241 armum.
497 5186 590 5240 Sic
615 5185 721 5237 ille.
751 5183 828 5238 De
859 5183 1045 5236 eadem
1078 5180 1184 5235 olei
1208 5179 1636 5234 sanctificatione
1660 5189 1715 5234 et
1736 5194 1838 5233 usu

231 5261 309 5311 ait
349 5256 748 5327 impartiendas
771 5256 1029 5307 sanitates
1077 5252 1310 5307 Severus
1350 5250 1404 5304 in
1437 5250 1649 5327 Vita‘S.
1693 5250 1838 5304 Mat--

231 5330 367 5394 tini,
421 5321 479 5383 et
522 5328 632 5391 alii,
665 5326 752 5396 qui
780 5341 866 5379 res
913 5334 1093 5396 gestas
1136 5331 1443 5396 sanctorum
1477 5321 1836 5396 scripserunt,

229 5392 699 5468 frequentissime
722 5392 1042 5450 meminere.
1076 5393 1366 5468 Sciendum
1414 5407 1543 5468 vero
1571 5392 1838 5468 ejusmodi

229 5464 434 5526 oleum
463 5479 516 5524 et
542 5469 814 5523 unctionis
835 5482 1027 5535 genus,
1075 5466 1199 5520 licet
1227 5466 1405 5533 aliqua
1453 5464 1838 5520 benedictione

228 5541 676 5606 Sanctificatum,
703 5554 731 5591 a
765 5540 1116 5593 Sacramento
1143 5547 1317 5590 tamen
1346 5545 1604 5590 extrettne
1628 5535 1835 5606 unctiu-

225 5617 352 5681 nis,
378 5612 524 5682 quod
559 5615 610 5666 in
647 5604 1181 5682 Ecclesiacatholica
1198 5607 1433 5682 infirmis
1455 5608 1633 5682 datur,
1665 5604 1836 5682 fuisse

149 5689 152 5694 ’
223 5675 409 5756 longe:
431 5681 963 5756 diver:um,ut_s_eite
986 5689 1165 5756 monet
1198 5678 1457 5756 Baronius
1489 5675 1831 5756 (Videbaro.

220 5761 272 5816 ι-
301 5747 549 5812 ιᾌιιηαι.
583 5772 672 5808 an.
700 5750 769 5805 D.
803 5747 923 5820 b3);
971 5749 1405 5822 quandoquidem
1437 5765 1540 5804 non
1593 5749 1657 5803 ad
1691 5749 1836 5812 infir-

220 5842 471 5889 morum
516 5823 840 5881 dimittenda
890 5820 1109 5888 peccata
1150 5831 1205 5877 et
1230 5820 1553 5877 iuvisibilem
1604 5823 1836 5892 gratiam

1940 4751 2202 4807 adversus
2227 4750 2500 4805 daztnones
2526 4750 2809 4807 claruisse.

2015 4833 2037 4860 ι·
2091 4821 2338 4876 Mirabile
2367 4821 2584 4888 quidem
2644 4821 2877 4886 videtur,
2925 4820 3098 4876 virum
3159 4830 3410 4877 sanctum
3453 4824 3526 4877 ob

1942 4893 2112 4949 levem
2143 4893 2354 4962 culpam
2386 4893 2458 4947 ita
2502 4891 2622 4946 diro
2660 4891 2892 4947 dtemoni
2932 4892 3094 4947 fuisse
3135 4892 3419 4954 traditum.
3474 4903 3532 4950 et

1943 4965 2010 5018 ab
2038 4980 2103 5020 eo
2133 4973 2439 5032 correptum
2497 4972 2552 5018 et
2603 4973 2783 5018 mente
2829 4963 3219 5030 abalienatum,
3264 4976 3322 5018 ut
3361 4965 3527 5019 etiam

1943 5035 2176 5090 humana
2218 5044 2459 5090 stercora
2489 5035 2569 5088 ori
2619 5049 2720 5090 suo
2748 5033 2978 5105 turpiter
3002 5035 3290 5104 ingereret.
3323 5035 3394 5088 At
3421 5052 3528 5091 non

1943 5107 2078 5161 adeo
2129 5106 2322 5161 mirum
2369 5105 2657 5168 videbitur,
2707 5107 2750 5160 si
2803 5105 3210 5161 consideremus
3257 5105 3595 5160 interdum

1947 5177 2061 5232 fieri
2085 5187 2142 5232 ut
2169 5176 2438 5242 homines,
2474 5177 2676 5246 absque
2705 5178 2813 5233 ulla
2841 5191 2932 5230 sua
2978 5177 3156 5245 culpa,
3203 5191 3310 5230 non
3347 5185 3524 5231 tamen
3591 5177 3595 5181 ’

1945 5247 2062 5304 sine
2094 5248 2299 5317 magnis
2329 5247 2523 5303 divinae
2551 5247 2900 5317 providentiae
2931 5247 3230 5317 rationibus
3256 5261 3285 5300 a
3325 5247 3529 5317 daemo-

1945 5321 2105 5374 nibus
2135 5315 2495 5388 corripiantur
2536 5315 2590 5374 et
2642 5318 3023 5386 possideantur
3053 5315 3266 5385 (Joaun.
3299 5316 3522 5388 Chryso-

1942 5400 2096 5444 stom.
2123 5391 2214 5444 lib.
2250 5391 2313 5443 de
2346 5390 2674 5444 Providentia
2721 5389 2857 5459 Dei).
2894 5389 3048 5453 Quod
3081 5389 3324 5458 pluribus
3347 5403 3513 5446 exem-

1945 5463 2046 5525 plis
2068 5471 2122 5516 et
2148 5463 2470 5516 testimoniis
2497 5469 2828 5525 compertum
2863 5461 3114 5528 habetjtr.
3167 5459 3404 5513 Primum
3459 5459 3521 5515 D.

1943 5533 2299 5604 Hieronymus
2321 5534 2480 5600 epist.
2505 5531 2576 5604 ἳΞῆ
2600 5531 2675 5604 de
2707 5530 2857 5604 obitu
2882 5528 3148 5604 [th-sillae:
3186 5529 3322 5604 Quid
3355 5546 3528 5583 causa:

1942 5613 2040 5669 est,
2067 5601 2259 5672 inquit,
2303 5613 2355 5658 ut
2397 5618 2532 5672 ηερε
2557 5601 2755 5664 bimuli,
2791 5602 3108 5665 trimulique,
3141 5611 3198 5653 ut
3228 5601 3384 5654 ubera
3413 5618 3526 5654 ma-

1945 5685 2090 5729 terna
2137 5677 2396 5740 lactentes,
2447 5691 2480 5726 a
2526 5674 2754 5727 dteutoue
2808 5673 3176 5742 corripiantur,
3231 5672 3527 5742 rrpleautur

1946 5747 2109 5815 lepra,
2133 5747 2304 5799 morbo
2329 5739 2468 5814 regio
2489 5744 2793 5815 devoreutur
2809 5744 2841 5815 7?
2872 5743 2939 5815 Et
2969 5739 3524 5815 additpustmodum:

1945 5813 2236 5873 lituisibttia
2263 5813 2720 5872 Ild’CiﬂSt‘l'flfablil
2754 5813 3001 5868 .lltissimi
3037 5813 3244 5886 judicio
3290 5821 3409 5868 sunt
3449 5827 3530 5868 re-
