4012 6336
484 334 505 360 ,λ
573 266 674 325 m

1636 267 1908 328 IMNle
1944 270 2253 328 CASSIANI
2289 266 2778 328 CULLATIONES.

3714 275 3801 338 711

573 382 813 454 dicandi,
844 385 1078 458 quicum
1106 399 1165 442 se
1192 385 1454 442 universis
1472 383 1790 441 criminibus
1819 384 2144 457 ﬂagitiisque
2172 389 2223 451 Α
2247 386 2504 455 disputem
2530 395 2694 440 tecum
2717 381 3050 459 (Jerem.xtt)
3073 401 3088 452 ;
3112 397 3304 442 causas
3329 392 3506 442 tamen
3533 357 3801 458 huius'lan-

505 542 508 545 _
567 480 956 550 contaminent,
980 496 1087 536 non
1115 481 1290 536 solum
1322 479 1524 535 nullum
1554 479 1842 536 visibiliter
1864 479 1923 536 in
1951 480 2035 536 eis
2073 481 2147 537 si-

564 585 728 642 gnum
755 580 780 608 η
807 570 1084 627 diabolicae
1113 570 1474 642 suppletionis
1511 571 1838 642 ostenditur,
1890 575 1986 631 sed
2046 589 2144 630 nec

564 663 740 735 aliqua
763 663 978 734 quidem
1001 664 1252 734 operibus
1273 679 1459 720 eorum
1485 665 1750 736 condigna
1770 667 2017 734 tentatio,
2044 683 2145 724 nec

562 755 733 810 ullum
758 755 1027 826 ﬂagellum
1057 757 1420 826 correptionis
1449 756 1701 813 infertur.
1730 757 1845 812 Non
1870 759 2014 814 enim
2039 775 2145 816 me.

561 857 750 903 rentur
774 849 1006 905 celerem
1037 849 1300 918 temporis
1345 850 1498 906 istius
1527 850 1943 921 expeditamque
1972 852 2142 908 medi-

557 939 755 1002 cinam,
780 954 1007 1010 quorum
1035 940 1229 995 duritia
1248 948 1297 994 et
1321 941 1636 1013 impaenitens
1668 958 1751 998 cor
1782 957 1994 1012 poenam
2018 942 2141 997 vita:

557 1031 840 1100 prmsentis
861 1030 1152 1100 excedens,
1185 1030 1499 1087 thesaurizat
1518 1032 1616 1087 sibi
1637 1033 1739 1103 ipsi
1754 1033 1887 1087 iram
1913 1044 1961 1088 et
1997 1035 2140 1088 indi-

553 1125 846 1196 gnationem
883 1125 939 1179 in
991 1126 1073 1180 die
1118 1125 1210 1180 ira:
1255 1135 1303 1180 et
1321 1125 1641 1181 reuelationis
1679 1127 1814 1198 justi
1824 1128 2016 1198 judicii
2044 1127 2140 1182 Dei

553 1217 733 1289 (Rom.
758 1217 839 1291 tt),
869 1219 921 1274 in
948 1233 1054 1289 quo
1078 1220 1259 1273 vermis
1289 1234 1464 1274 eorum
1497 1235 1600 1275 non
1631 1220 1897 1289 morietur,
1929 1231 1978 1275 et
2004 1220 2138 1292 ignis

550 1327 730 1368 eorum
749 1329 850 1367 non
880 1313 1229 1386 exstinguetur
1256 1310 1390 1387 (Isa.
1421 1312 1589 1386 LXVI).
1618 1312 1816 1370 Contra
1846 1330 1980 1385 quos
2010 1330 2137 1386 pro-

551 1403 736 1473 pheta,
761 1405 1112 1460 velutanxius
1139 1419 1239 1475 pro
1268 1403 1569 1461 afﬂictione
1585 1415 1919 1472 sanctorum,
1945 1405 2135 1463 videns

547 1509 642 1551 eos
691 1496 948 1551 aerumnis
991 1494 1158 1550 variis
1209 1509 1274 1552 ac
1301 1496 1688 1553 tentationibus
1724 1497 2028 1568 subiacere,
2080 1507 2138 1554 et

554 1596 774 1644 econtra
807 1596 1126 1658 peccatores
1152 1601 1260 1643 non
1308 1589 1484 1644 solum
1511 1590 1714 1662 absque
1741 1590 1850 1646 ullo
1882 1591 2130 1648 humilia-

549 1680 710 1736 tionis
758 1679 969 1750 ﬂagello
995 1695 1214 1736 cursum
1246 1680 1430 1736 mundi
1460 1682 1614 1737 istius
1645 1683 1998 1752 pertransire,
2029 1684 2128 1740 sed

2252 489 2320 536 ta:
2348 480 2730 550 inmqualitatis
2762 478 3064 551 inquirens,
3108 479 3388 551 subjungit
3445 489 3501 537 et
3525 480 3687 539 dicit:
3721 487 3802 544 Ve-

2250 582 2536 627 rumtamen
2552 575 2696 644 justa
2725 570 2909 644 loquar
2932 572 3001 626 ad
3031 582 3099 626 te.
3121 573 3293 640 Quare
3313 575 3395 627 via
3417 573 3681 644 impiorum
3706 594 3804 648 pro-

2247 664 2528 736 speratur?
2549 664 2670 720 bene
2692 673 2763 718 est
2794 665 3024 720 omnibus
3051 665 3140 736 qui
3170 668 3574 736 praevaricantur
3587 676 3631 721 et
3656 669 3800 740 inique

2249 764 2430 826 agunt.
2470 754 2729 811 Plantasti
2753 765 2922 822 eos,et
2947 757 3176 810 radicem
3198 757 3466 823 miserunt,
3491 759 3743 828 proﬁciunt
3760 772 3801 818 et

2245 848 2441 917 faciunt
2472 851 2696 919 fructum
2720 864 2739 903 :
2764 864 2924 921 prope
2970 865 3024 904 es
3048 857 3103 902 tu
3124 849 3202 904 ori
3239 865 3418 904 eorum
3446 859 3494 904 et
3515 848 3662 925 longe
3683 869 3711 906 a
3731 869 3800 910 re-

2245 940 2392 994 nibus
2417 956 2589 995 eorunt
2615 938 2830 1011 (Jerem.
2869 939 2991 1011 xu).
3032 939 3272 1008 Quorum
3324 941 3536 996 ruinam
3585 941 3791 1002 dellente

2243 1030 2477 1086 Domino
2527 1046 2622 1100 per
2678 1031 3019 1104 prOpbctam,
3064 1041 3121 1089 et
3167 1033 3236 1087 ad
3261 1048 3448 1089 eorum
3489 1035 3796 1094 curationem

2243 1121 2487 1178 medicos
2507 1130 2668 1193 atque
2693 1121 2946 1178 doctores
2977 1124 3211 1181 sollicite
3252 1125 3536 1195 dlrigcnte,
3585 1137 3638 1183 ct
3683 1143 3800 1201 quo-

2243 1213 2532 1269 daminodo
2559 1229 2654 1270 eos
2701 1214 2772 1270 ad
2797 1216 3067 1285 planctum
3098 1217 3328 1272 similem
3387 1228 3706 1285 provocante
3744 1236 3798 1278 ac

2239 1305 2452 1362 dicente
2483 1324 2496 1360 :
2531 1307 2714 1363 Subito
2741 1307 2922 1362 cecidit
2968 1307 3222 1379 Babylon,
3253 1310 3474 1363 contrita
3501 1320 3596 1375 est,
3624 1311 3796 1368 ululuts

2237 1414 2388 1470 super
2415 1416 2544 1464 eam,
2579 1397 2742 1454 tollite
2769 1400 2988 1455 resinam
3011 1400 3080 1453 ad
3107 1399 3336 1454 dolorem
3357 1403 3492 1473 ejus,
3516 1402 3562 1456 si
3583 1403 3707 1474 forte
3721 1420 3796 1459 sa-

2238 1501 2388 1545 netur
2417 1490 2628 1563 (Jerem.
2687 1491 2785 1563 LI).
2840 1491 3190 1562 Respondent
3235 1492 3589 1564 desperantes
3620 1496 3794 1567 angeli,

2237 1584 2434 1654 quibus
2463 1585 2656 1640 salutis
2683 1584 2932 1641 humanae
2957 1601 3086 1642 cura
3111 1585 3397 1642 commissa
3429 1594 3534 1654 est,
3561 1587 3646 1644 vel
3666 1595 3796 1646 certe

2237 1676 2497 1747 prOphcta
2543 1691 2608 1731 ex
2663 1692 2894 1747 persona
2923 1676 3291 1747 apostolorum
3336 1692 3430 1732 seu
3459 1672 3793 1747 spiritualium

545 1773 708 1828 etiam
761 1771 1038 1826 afﬂuentia
1074 1772 1378 1827 divitiarum
1426 1787 1492 1828 ac
1535 1788 1746 1829 summa
1804 1789 1986 1831 rerum
2016 1789 2125 1831 om.
2154 1774 2202 1835 Β
2230 1769 2466 1826 virorum
2507 1778 2669 1841 atque
2697 1769 2980 1826 doctorum
3009 1767 3308 1826 videntium
3336 1768 3588 1826 duritiam
3618 1771 3792 1828 mentis

545 1866 693 1922 nium
725 1866 1083 1936 prosperitate
1119 1866 1376 1936 gaudere,
1405 1866 1734 1923 intolerabili
1763 1868 1882 1924 zelo
1923 1883 1987 1924 ac
2013 1869 2127 1939 spi-

543 1956 680 2013 ritus
731 1957 810 2011 sui
867 1955 1080 2012 fervore
1105 1970 1421 2021 succensus,
1468 1958 1778 2014 exclamat:
1813 1957 1920 2014 Mei
1949 1969 2126 2015 autem

539 2065 669 2121 pene
694 2049 820 2103 moti
838 2058 959 2103 sunt
1000 2049 1170 2118 pedes,
1219 2050 1375 2118 paulo
1400 2051 1567 2104 minus
1594 2049 1744 2118 effusi
1782 2060 1901 2107 sunt
1924 2067 2128 2123 gressus

539 2144 661 2211 ntei,
684 2144 807 2216 quia
833 2144 994 2198 celavi
1022 2160 1174 2215 super
1195 2143 1418 2214 iniquos,
1461 2160 1637 2214 pacem
1682 2154 2004 2217 peccatorum
2052 2145 2127 2200 vi-

538 2236 683 2302 dens,
731 2237 853 2308 quia
908 2252 1010 2291 non
1060 2243 1134 2290 est
1162 2246 1418 2308 respectus
1447 2237 1601 2291 morti
1643 2253 1839 2305 eorum,
1867 2249 1915 2293 et
1942 2239 2122 2308 firma-

537 2336 761 2382 mentum
789 2328 842 2381 in
863 2328 1017 2399 plaga
1042 2343 1238 2395 eorum,
1271 2328 1327 2382 in
1360 2328 1532 2384 labore
1557 2327 1823 2383 hominum
1851 2346 1954 2384 non
1981 2339 2120 2396 sunt,

535 2432 583 2478 et
608 2439 724 2476 cum
767 2421 1054 2477 hominibus
1108 2438 1209 2477 non
1263 2423 1665 2496 flagellabantur
1694 2421 1864 2494 (Psal.
1898 2423 2071 2496 Lxxu)
2106 2441 2118 2478 :

534 2514 746 2571 scilicet
782 2513 836 2570 in
884 2514 1064 2570 futuro
1093 2529 1216 2570 cum
1262 2514 1595 2570 daemonibus
1621 2516 1902 2586 puniendi,
1944 2517 2034 2588 qui
2064 2517 2118 2574 in

534 2608 785 2678 praesenti
813 2622 920 2663 non
952 2615 1269 2663 meruerunt
1303 2607 1358 2661 in
1383 2616 1534 2663 sorte
1560 2623 1625 2664 ac
1652 2607 1936 2684 disciplina
1981 2610 2120 2667 tilio-

533 2713 649 2756 rum
701 2715 825 2756 cum
879 2701 1192 2757 hominibus
1237 2701 1523 2771 ﬂagellari.
1578 2701 1841 2759 Jeremias
1895 2719 2114 2776 quoque

533 2803 652 2846 cum
701 2791 814 2846 Deo
843 2807 1004 2860 super
1044 2792 1144 2847 hac
1189 2792 1475 2862 impiorum
1508 2795 1872 2864 prosperitate
1898 2795 2114 2868 discep-

535 2891 676 2951 tans,
703 2881 826 2938 licet
848 2898 1187 2954 nequaquam
1211 2883 1460 2940 dubitare
1489 2900 1551 2941 se
1576 2885 1644 2942 de
1663 2886 1873 2957 justitia
1899 2889 2112 2945 Domini

535 2973 874 3045 profiteatur,
897 2974 1087 3031 dicens
1119 2993 1133 3030 :
1163 2974 1348 3032 Justus
1382 2977 1586 3049 quidem
1615 2987 1669 3033 tu
1690 2995 1764 3046 es,
1796 2978 2036 3049 Domine,
2067 2981 2112 3036 si

2227 1877 2418 1918 eorum
2443 1871 2497 1918 et
2523 1861 2870 1932 inipmnitens
2891 1877 2988 1917 cor
3019 1879 3033 1914 :
3065 1858 3372 1916 Curavimus
3399 1860 3728 1933 Babylonem,
3747 1872 3791 1917 et

2229 1973 2332 2011 non
2355 1963 2431 2011 est
2457 1965 2640 2012 sanata
2669 1973 2688 2024 ;
2714 1956 3067 2026 relinquamus
3096 1971 3229 2025 eam,
3255 1964 3304 2010 et
3342 1971 3519 2010 eamus
3541 1957 3790 2028 unusquis-

2227 2065 2328 2120 que
2353 2049 2405 2103 in
2433 2061 2619 2106 terram
2648 2064 2814 2117 suam,
2846 2048 3090 2118 quoniam
3117 2048 3348 2118 pervenit
3378 2065 3540 2120 usque
3565 2049 3631 2104 ad
3653 2051 3789 2105 ctrlos

2216 2139 2477 2210 judicium
2512 2141 2646 2212 ejus,
2674 2144 2721 2191 et
2748 2136 2998 2194 eleuatum
3021 2146 3094 2193 est
3123 2155 3281 2210 usque
3301 2139 3370 2192 ad
3399 2139 3561 2194 nubes
3588 2137 3788 2210 (lbid.).

2230 2233 2308 2287 De
2354 2232 2578 2286 istorum
2625 2231 2789 2301 igitur
2839 2230 3128 2301 desperato
3171 2229 3429 2302 languore
3455 2245 3527 2286 ex
3578 2244 3787 2299 persona

2227 2325 2322 2382 Dei
2348 2324 2589 2397 loquitur
2614 2324 2780 2380 Isaias
2803 2324 2869 2380 ad
2897 2323 3237 2381 Jerusalem:
3268 2325 3313 2379 Α
3336 2325 3520 2396 ptanta
3551 2325 3686 2396 pedis
3711 2341 3787 2379 us-

2222 2435 2320 2489 que
2344 2418 2413 2472 ad
2433 2419 2668 2474 verticem
2694 2435 2798 2474 non
2825 2426 2898 2474 est
2926 2418 2980 2472 in
3009 2434 3071 2473 ea
3089 2419 3289 2474 sanitas
3314 2435 3332 2484 ;
3354 2419 3537 2474 vulnus
3575 2428 3621 2474 et
3652 2419 3784 2484 livor,

2222 2522 2271 2569 et
2298 2515 2455 2587 plaga
2483 2523 2679 2568 tumens
2709 2529 2811 2568 non
2832 2521 2907 2568 est
2944 2511 3326 2586 circumligata,
3364 2529 3457 2568 nec
3483 2521 3665 2569 curata
3691 2528 3788 2568 nte-

2223 2607 2495 2673 dicamine,
2527 2623 2683 2676 neque
2708 2607 2818 2678 fota
2847 2605 2958 2662 oleo
2985 2604 3124 2677 (lsa.
3149 2604 3215 2677 ι).

2769 2719 3004 2779 CAPUT
3043 2719 3258 2776 XXXII.

2223 2813 2303 2870 De
2325 2815 2615 2870 diversitate
2639 2813 2931 2887 studiorum
2963 2830 3025 2867 ac
3049 2814 3373 2868 voluntatum
3403 2829 3524 2887 quae
3546 2815 3600 2870 in
3641 2814 3787 2870 aereis

2663 2884 3005 2957 potestatibus
3031 2895 3354 2940 exercentur.

2290 2981 2318 3020 ιι
2350 2980 2453 3037 Tot
2479 2988 2660 3037 autem
2686 2995 2809 3036 esse
2854 2979 2909 3036 in
2937 2979 3232 3036 immundis
3271 2979 3558 3052 spiritibus
3590 2987 3717 3051 quot
3742 2979 3788 3034 in

1592 3113 1853 3170 ALARDI
1889 3113 2119 3170 GAZEI
2156 3112 2722 3171 COMMENTARlUS.

531 3245 618 3286 eos
651 3228 739 3310 qui
760 3226 945 3282 librum
973 3227 1106 3281 hunc
1129 3227 1311 3310 lecturi
1335 3235 1453 3282 sunt
1488 3244 1550 3282 ne
1577 3227 1943 3310 abhorrescant
1972 3245 2099 3310 pro-
2129 3226 2176 3291 υ
2203 3227 2430 3310 justitiaa
2460 3243 2623 3310 paena
2647 3234 2898 3283 coerceat
2912 3243 2940 3310 ;Δ
2957 3234 3014 3283 et
3058 3237 3244 3310 contra
3272 3229 3444 3310 multo
3469 3244 3596 3310 esse
3622 3230 3788 3286 infeli-

532 3313 644 3373 pter
666 3298 912 3373 adversos
936 3298 1229 3373 casus;se_d
1255 3307 1487 3373 reputent
1529 3315 1589 3373 ea
1633 3315 1748 3371 qua:
1787 3300 2102 3373 acciderunt,

535 3369 637 3426 non
656 3371 723 3425 ad
755 3370 1055 3441 interitum,
1102 3370 1193 3424 sed
1232 3369 1300 3423 ad
1339 3369 1715 3438 correptiouem
1757 3386 1863 3425 esse
1903 3371 2107 3441 generis

531 3442 713 3498 nostri.
746 3440 944 3514 Etenim
984 3441 1142 3494 multo
1163 3448 1403 3514 tempore
1431 3457 1533 3514 non
1563 3442 1732 3514 sinere
1756 3440 2105 3514 peccatoribus

530 3530 596 3586 ea:
621 3513 872 3586 sententia
892 3527 1060 3586 agere,
1081 3511 1172 3566 sed
1193 3513 1367 3566 statim
1396 3511 1615 3586 ultiones
1643 3511 1905 3586 adhibere,
1931 3515 2105 3586 magni

531 3583 763 3651 beneﬁcii
789 3591 860 3637 est
889 3581 1172 3648 indicium;
1198 3598 1305 3637 non
1338 3584 1473 3637 enim
1507 3585 1638 3638 sicut
1663 3584 1716 3637 in
1737 3584 1853 3638 aliis
1874 3581 2102 3638 nationi-

531 3656 623 3710 bus
654 3654 905 3708 Dominus
943 3655 1194 3720 patienter
1230 3662 1513 3724 exspectat,
1545 3661 1598 3708 ut
1629 3671 1735 3720 eas,
1779 3671 1892 3708 cum
1913 3655 2106 3724 judicii

535 3727 644 3780 dies
671 3725 950 3797 advenerit,
983 3725 1035 3797 in
1079 3725 1394 3794 plenitudine
1431 3736 1761 3796 peccatorum
1787 3727 1966 3797 puniat
1990 3742 2008 3781 :
2030 3727 2106 3780 ita

531 3807 579 3851 et
605 3797 658 3868 in
679 3795 822 3850 nobis
848 3795 1048 3868 statuit,
1080 3803 1135 3848 ut
1161 3797 1382 3868 peccatis
1408 3798 1596 3868 n_ostris
1620 3798 1673 3849 in
1701 3795 1858 3868 finem
1887 3795 2100 3850 devolu-

531 3868 616 3933 tis,
639 3867 710 3939 ita
727 3867 934 3939 demunt
956 3865 1010 3918 in
1029 3865 1388 3939 nosvindicet.
1419 3865 1643 3939 Propter
1663 3865 1798 3935 quod
1823 3882 2102 3939 numquam

528 3938 732 4009 quidem
759 3954 790 3990 a
809 3936 956 4009 nobis
973 3936 1376 4009 misericordium
1397 3936 1543 3990 suam
1572 3947 1799 4004 amovet;
1819 3936 2102 4001 corripiens

529 4005 645 4062 vero
672 4009 728 4079 in
759 4007 982 4079 adversis
1007 4005 1256 4076 populum
1287 4023 1454 4069 suum,
1488 4023 1591 4062 non
1618 4009 1945 4079 derelinquit.
1977 4009 2103 4065 llaec

533 4079 644 4134 ille.
673 4077 732 4134 In
761 4078 1003 4133 eamdem
1035 4079 1359 4148 sententiam
1381 4080 1595 4148 egregie
1620 4077 1928 4134 Lactantius
1959 4081 2102 4135 lib.v

534 4149 712 4204 Divin.
758 4148 932 4221 Instirt.
973 4161 1091 4221 cap.
1129 4147 1233 4221 βᾶ,
1265 4147 1531 4221 Senecam
1583 4159 1824 4214 secutus,
1869 4166 2102 4221 eumque

531 4221 770 4290 allegans
797 4236 808 4270 :
839 4218 896 4290 S_i
924 4217 1059 4287 quis,
1093 4216 1190 4283 ait,
1225 4219 1357 4290 scire
1395 4218 1528 4273 volet
1573 4221 1778 4290 plenius
1823 4236 1916 4275 cur
1943 4216 2103 4278 malos

531 4300 580 4345 et
606 4287 822 4362 injustas
847 4287 982 4362 Deus
1007 4297 1254 4362 potentes.
1274 4289 1455 4362 beatos
1479 4297 1530 4362 et
1557 4289 1735 4345 divites
1780 4291 1894 4360 ﬁeri
1933 4293 2101 4358 sinat;

531 4358 893 4430 pios'contra,
928 4358 1164 4422 humiles,
1211 4361 1446 4426 miseros,
1470 4361 1646 4428 inopes
1695 4358 1801 4416 esse
1846 4363 2098 4430 patiatur,

528 4441 693 4484 sumat
720 4447 835 4484 eum
864 4429 1080 4485 Seuecw
1107 4430 1313 4495 librum,
1343 4430 1425 4483 cui
1455 4431 1634 4485 titulus
1663 4441 1739 4486 est
1771 4449 1789 4487 :
1821 4429 1993 4498 Quare
2014 4436 2103 4487 bo-

530 4501 612 4554 nis
643 4502 762 4573 viris
786 4501 948 4573 multa
977 4499 1113 4553 mala
1133 4500 1390 4573 accidant,
1415 4517 1530 4554 cum
1568 4504 1633 4557 sit
1663 4504 2021 4573 providentia?
2049 4506 2102 4560 in

526 4587 628 4642 quo
671 4571 984 4675 illelrmulta,
1013 4587 1113 4675 n'on
1152 4572 1412 4675 imperiti:
1441 4571 1702 4656 saeculari,
1731 4575 1818 4675 sled
1845 4576 2102 4656 sapienter
2128 4615 2179 4675 Β

527 4658 587 4675 ηρ
607 4657 730 4675 manu
781 4651 1030 4675 amans-lorea
1056 4651 1230 4675 nea-elue
1248 4651 1316 4675 ac!
1337 4658 1350 4671 ο
1417 4659 1504 4675 ουρ
1538 4654 1703 4675 ann-nl
1768 4661 1976 4675 ιΛαηοκΛ.
2003 4663 2096 4675 ..-Α

526 4641 587 4717 ac
604 4641 991 4717 penedivinitus
1005 4642 1230 4717 elocutus
1246 4651 1317 4695 est
1331 4658 1350 4697 :
1365 4641 1525 4717 Deus,
1538 4645 1723 4717 inquit,
1742 4641 1976 4717 ‘Itmnines
2003 4663 2097 4717 pro

525 4711 700 4780 liberis
727 4712 876 4765 habet
904 4728 922 4765 :
951 4711 1040 4764 sed
1077 4727 1342 4780 corruptos
1388 4721 1437 4767 et
1481 4711 1689 4770 vitiosos
1731 4711 2013 4770 luxuriose
2036 4733 2097 4772 ac

527 4778 743 4836 delicate
762 4782 955 4854 patitur
981 4782 1163 4848 vivere,
1186 4778 1307 4852 quia
1333 4799 1432 4854 nou
1459 4795 1603 4850 putat
1624 4785 1977 4840 emendatione
2003 4804 2098 4842 sua

525 4853 728 4927 dignos.
763 4852 1144 4927 'Bonosautem
1170 4869 1296 4924 quos
1335 4853 1771 4927 diligit,castigut
1817 4859 2006 4926 sa'pius
2050 4867 2097 4912 et

525 4921 750 4977 assiduis
776 4921 1036 4977 laboribus
1072 4925 1139 4975 ad
1175 4921 1326 4976 usum
1370 4921 1570 4979 virtutis
1621 4921 1842 4992 excreet,
1874 4921 1965 4981 nec
2013 4944 2097 4983 eos

525 4994 732 5068 caducis
752 5011 812 5068 ac
843 4993 1144 5068 mortalibus
1174 4993 1616 5068 boniscorrumpi
1636 5014 1695 5052 ac
1724 4999 1998 5066 depravari
2027 4999 2098 5052 sio

526 5065 622 5118 nit.
656 5063 806 5140 Unde
835 5065 1024 5140 nemini
1065 5065 1248 5140 mirum
1291 5063 1658 5140 videri‘debet,
1686 5069 1730 5121 si
1771 5063 1864 5140 pro
1907 5070 2097 5123 nostris

523 5151 660 5199 scene
678 5135 876 5189 delictis
900 5151 931 5210 a
962 5134 1069 5191 Deo
1089 5135 1434 5210 castigantur;
1456 5135 1612 5192 immo
1635 5155 1750 5192 vero
1771 5134 1899 5192 cum
1921 5141 2096 5210 jacta-

523 5221 655 5279 mur_
672 5221 733 5279 ac
766 5207 1066 5279 premimur,
1091 5214 1205 5279 tum
1230 5207 1452 5279 maxime
1475 5210 1668 5279 gratias
1697 5210 1898 5279 agimus
1922 5207 2099 5263 indul-

521 5275 817 5344 gentissimo
837 5275 1002 5341 Patri,
1023 5277 1158 5346 quod
1179 5275 1522 5346 corruptelam
1543 5275 1769 5332 nostram
1791 5296 1890 5332 nou
1906 5282 2097 5346 patitur

522 5346 727 5418 Longius
774 5345 1064 5418 procedere,
1087 5347 1176 5400 sed
1205 5347 1374 5418 plagis
1417 5363 1478 5418 ac
1514 5348 1799 5404 verberibus
1841 5345 2093 5404 emendat.

525 5415 744 5487 anue
776 5415 1119 5492 'intetligimus
1152 5434 1260 5492 esse
1295 5415 1396 5492 nos
1420 5417 1526 5472 Deo
1555 5435 1713 5487 curre,
1741 5422 1948 5492 quibus,
1978 5423 2100 5490 quia

523 5503 830 5554 peccamus,
889 5487 1150 5543 irascitur.
1207 5488 1331 5543 Haec
1375 5487 1686 5544 Lactantius
1745 5487 1810 5547 ex
1865 5487 2092 5548 Seneca.

521 5556 726 5632 Quibus
758 5559 969 5632 accedit
1004 5560 1347 5632 clarissimus
1376 5560 1466 5614 ille
1517 5569 1737 5632 senator
1775 5573 1829 5616 et
1859 5563 2098 5632 philoso-

523 5629 663 5701 pbus
686 5629 980 5701 Severinus
1003 5630 1223 5692 Boetius
1245 5631 1384 5686 libro
1408 5641 1600 5701 quarto
1623 5631 1690 5687 de
1718 5629 2096 5699 Consolatione

525 5697 912 5773 l'liilosopbim,
945 5701 1032 5756 ubi
1063 5701 1276 5773 egregie
1303 5697 1466 5759 docet
1515 5711 1570 5757 et
1600 5703 1791 5773 probat
1820 5697 2092 5760 feliciores

523 5783 648 5826 esse
687 5769 962 5829 imurobos
992 5769 1254 5842 supplicia
1286 5773 1519 5843 luentes,
1550 5769 1708 5846 quam
1747 5773 1795 5832 si
1826 5789 1919 5832 eos
1947 5775 2089 5832 nulla

2209 3299 2385 3373 ciores
2431 3300 2751 3373 si_itnpune_
2785 3307 2968 3373 agant,
2993 3315 3152 3373 quam
3193 3299 3237 3353 si
3272 3299 3420 3373 justa
3464 3301 3671 3359 ultione
3697 3317 3788 3373 pu-

2209 3341 2790 3438 BiZhiiirf'Q'dllﬁ'iiiic
2820 3341 3174 3441 ῖοὲἔοῖιιίιηὶ
3195 3341 3449 3440 quini-Ei.

2283 3451 2308 3478 τι
2338 3441 2392 3496 ld
2439 3449 2542 3506 est,
2576 3441 2891 3508 invasionis,
2922 3441 3298 3510 possessionis,
3344 3443 3668 3501 vexationis.
3713 3443 3786 3499 Ita

2206 3511 2410 3586 passim
2437 3527 2467 3566 a
2513 3511 2781 3586 Cassiano,
2825 3521 3164 3586 usurpatum,
3205 3521 3264 3567 ut
3305 3525 3502 3571 caetera
3549 3514 3783 3586 ejusdem

2206 3584 2558 3656 derivationis
2582 3626 2597 3650 ,
2629 3584 2881 3656 suppleri,
2913 3583 3199 3656 suppletus.

2276 3652 2303 3691 ι’
2335 3653 2550 3725 Repetit
2595 3652 2738 3727 quod
2766 3654 3022 3727 superius
3051 3655 3172 3711 aliis
3196 3655 3380 3711 verbis
3400 3655 3595 3714 docuit
3619 3654 3777 3727 (Cap.

2208 3722 2274 3795 17
2304 3722 2532 3792 ejusdem
2581 3725 2808 3795 cotlat.),
2837 3724 2956 3780 Non
2999 3740 3172 3780 omnes
3207 3727 3463 3784 daemones
3517 3722 3781 3783 uniuersas

2203 3793 2494 3868 hominibus
2520 3797 2709 3867 inferre
2739 3793 3028 3868 passiones,
3047 3797 3136 3868 sed
3168 3798 3440 3868 unicuique
3463 3799 3592 3854 vitio
3625 3806 3781 3853 certos

2205 3867 2414 3938 spiritus
2443 3866 2686 3921 incubare
2715 3866 2748 3938 εξ
2763 3876 2810 3920 et
2829 3866 2961 3921 alios
2983 3867 3186 3938 quidem
3214 3866 3548 3925 immunditiis
3575 3885 3639 3924 ac
3667 3869 3778 3924 libi-

2204 3935 2386 3990 dinum
2413 3939 2648 3993 sordibus
2693 3937 2953 3999 obiectari.
2986 3935 3117 3991 alios
3149 3938 3503 4006 blasphemiis,
3527 3941 3662 3996 alios
3686 3940 3773 3994 ira:

2204 4007 2472 4079 furorique
2509 4009 2824 4079 peculiarius
2861 4007 3144 4079 imminere,
3177 4010 3306 4064 alios
3353 4013 3496 4076 pasci
3546 4010 3775 4075 tristitia,

2204 4078 2337 4153 alios
2373 4078 2651 4153 cenodomia
2675 4079 3008 4153 superbiaque
3035 4078 3282 4153 mulceri;
3305 4091 3352 4135 et
3375 4096 3776 4153 unumquemque

2202 4149 2337 4202 illud
2361 4150 2537 4221 vitium
2558 4151 2799 4204 humanis
2815 4150 3055 4221 cordibus
3068 4167 3168 4214 quo
3189 4151 3302 4220 ipso
3314 4153 3506 4221 gaudet
3527 4149 3770 4207 inserere.

2204 4221 2378 4287 Atque
2398 4220 2538 4292 hinc
2562 4221 2768 4291 colligit
2793 4220 3124 4286 daemonum,
3152 4231 3212 4276 ut
3231 4220 3410 4277 varias
3431 4224 3776 4292 operationes

2203 4299 2366 4360 atque
2395 4291 2670 4356 libidines,
2704 4293 2774 4346 ita
2823 4292 2968 4346 varia
3017 4305 3142 4348 esse
3173 4308 3393 4360 genera.
3427 4293 3529 4351 Ubi
3585 4304 3775 4351 notan-

2203 4359 2330 4415 dum
2360 4361 2494 4435 duas
2521 4361 2902 4435 distinctiones
2938 4359 3252 4435 daemonum
3285 4365 3549 4435 assignari
3579 4366 3773 4430 solere,

2206 4447 2362 4507 unam
2393 4447 2422 4486 a
2461 4433 2592 4507 locis
2621 4433 2824 4504 quibus
2856 4433 3207 4507 immorantur
3245 4433 3776 4507 hominibusquein-

2203 4503 2497 4588 sidiantur,‘
2516 4502 2738 4588 alteram
2785 4517 2815 4558 a
2846 4503 3009 4588 vitiis.
3033 4502 3098 4557 ad
3141 4520 3262 4588 qum
3300 4502 3645 4588 potissimum
3675 4505 3775 4561 im-

2207 4573 2406 4642 pellere
2449 4582 2504 4629 et
2553 4578 2794 4629 excitare
2839 4575 3102 4628 nituntur.
3145 4573 3318 4630 Priori
3368 4575 3531 4633 modo
3559 4585 3774 4637 veteres

2204 4645 2460 4698 dixerunt
2496 4647 2758 4713 quosdam
2789 4643 3065 4699 daemones
3105 4647 3379 4709 caelestes,
3406 4649 3527 4702 sive
3555 4662 3766 4710 aereos,

2201 4727 2435 4790 aqueos,_
2460 4724 2753 4770 terrestres
2777 4756 2794 4782 ,
2824 4716 3206 4790 subterraneos
3237 4717 3393 4790 (Geel.
3412 4717 3652 4790 (Rhedig.
3684 4717 3769 4790 lib.

2201 4799 2239 4856 tt
2270 4802 2386 4853 cap.
2409 4787 2443 4841 4
2473 4795 2522 4841 et
2549 4794 2806 4851 sequent.;
2850 4785 2982 4839 Lud.
3017 4784 3216 4856 Vives).
3244 4784 3336 4844 Sic
3378 4784 3620 4844 Marcus'
3637 4785 3772 4855 apud

2201 4855 2438 4930 Psellttm
2469 4856 2564 4930 lib.
2596 4857 2662 4912 de
2686 4855 2990 4930 daemonum
3019 4854 3213 4912 Natura
3241 4857 3332 4930 (lin
3361 4874 3474 4930 cap.
3505 4859 3590 4927 9).
3624 4858 3770 4930 Tho-

2201 4941 2315 4980 mas
2341 4927 2772 5000 Qantipratensis
2796 4937 3030 5000 quatuor
3045 4927 3550 5000 genera‘distinguit
3569 4929 3683 5000 (lib.
3711 4943 3770 4991 tt,

2199 5012 2315 5066 cap.
2346 4994 2462 5067 57).
2501 4994 2650 5070 Sunt
2690 4994 3076 5070 enim,__inquit',
3108 4997 3365 5054 darmones
3403 4994 3492 5070 qui
3536 4994 3595 5053 in
3626 5001 3772 5067 aquis

2199 5078 2422 5131 manent,
2452 5075 2500 5121 et
2516 5067 2610 5141 [tos
2636 5077 2801 5141 poetic
2840 5067 3110 5141 Neptunos
3141 5080 3352 5134 vocant;
3385 5067 3477 5125 alii
3495 5071 3587 5141 qui
3617 5083 3773 5141 super

2201 5146 2407 5212 terram,
2432 5147 2477 5191 et
2507 5137 2873 5212 hosiincubos;
2894 5139 2988 5212 alii
3006 5140 3238 5212 in_terra,
3270 5142 3401 5195 sicut
3427 5142 3483 5212 in
3506 5137 3775 5212 speluncis

2201 5209 2471 5280 montium,
2491 5219 2580 5280 aut
2601 5211 2653 5262 in
2679 5210 2841 5280 silvis.
2873 5218 2917 5263 et
2941 5207 3034 5262 hos
3050 5208 3262 5265 Drusios
3286 5221 3431 5265 vocat
3454 5207 3773 5280 Augustinus

2204 5279 2339 5350 (Lib.
2383 5295 2414 5333 ι
2456 5281 2519 5334 de
2544 5279 2745 5349 Civit.);
2775 5279 2867 5333 alii
2894 5281 2946 5333 in
2975 5294 3111 5344 aere,
3143 5289 3189 5334 et
3232 5281 3324 5336 ltos
3346 5279 3654 5350 spiritualia
3687 5294 3772 5332 ne-

2201 5349 2386 5423 quitite
2411 5352 2464 5404 in
2501 5351 2780 5423 ctelestibus
2818 5349 3091 5423 Apostolus
3127 5361 3268 5423 vocat
3294 5351 3508 5420 (Ep/tes.
3548 5349 3655 5423 rt).
3686 5349 3774 5423 Sic

2201 5419 2667 5494 ille._Posteriore
2725 5419 2905 5494 autem
2967 5419 3130 5476 modo
3178 5419 3772 5494 distinguuntur’apud

2203 5491 2655 5563 cassianumlib.
2691 5508 2720 5546 v
2763 5491 2996 5563 Institut.
3041 5499 3095 5563 et
3133 5491 3504 5563 sequentibus,
3528 5493 3773 5563 itemque

2202 5562 2384 5632 collat.
2417 5563 2449 5617 5
2471 5562 2694 5632 spiritus
2737 5561 3126 5632 gastrimargizn
3155 5601 3172 5629 ,
3215 5561 3612 5626 fornicationis,
3659 5561 3776 5631 pltio

2201 5631 2473 5713 iargyrim,
2501 5631 2615 5695 irm,
2643 5631 2896 5713 tristitiae,
2923 5631 3482 5713 acedize,_cenodoxiaa
3501 5642 3560 5713 e_t
3579 5646 3774 5713 supera

2173 5702 2334 5765 .biai.‘
2356 5705 2584 5760 Possunt
2615 5703 2756 5774 enim
2790 5704 2874 5759 hae
2923 5705 3343 5761 nomenclaturaa
3370 5715 3475 5760 tam
3512 5702 3591 5760 de
3641 5702 3774 5774 ipsis

2202 5774 2346 5832 vitiis
2392 5790 2550 5846 quam
2605 5776 2672 5830 de
2723 5773 3058 5834 damonibtts
3105 5776 3354 5836 vitiorum
3377 5774 3772 5834 auctoribaset
