4012 6336
288 267 377 325 713

650 260 991 322 (δοιωιτιο
1026 261 1138 319 νιι.
1169 290 1239 305 -
1265 259 1357 318 DE
1394 258 1639 318 ΑΜΜῶ
1675 259 1851 318 MOBII

1957 258 2093 317 ATE
2130 258 2220 317 ET
2258 258 2734 321 SPIRITALIBUS
2770 261 3135 335 NEQUITIIS.

3427 270 3534 331 7η

285 386 579 443 hominibus
622 386 827 454 studia,
868 402 976 442 non
1040 386 1207 444 dubie
1252 384 1657 456 comprobatur.
1717 382 1850 440 Nam
1876 384 1927 446 Α
1955 380 2195 438 contenti
2233 382 2449 438 illorum
2491 383 2865 440 tantummodo
2901 399 3127 457 corpora
3150 400 3287 459 quos
3315 391 3536 462 supple-

285 479 553 536 nonnullos
579 493 791 547 eorum,
825 494 962 548 quos
987 479 1153 535 etiam
1201 486 1227 514 ⁸
1258 476 1477 533 Faunos
1519 476 1713 547 vulgus
1754 491 1853 547 ap-

286 570 448 642 pellat,
481 571 552 625 ita
577 570 895 626 seductores
924 580 975 626 et
998 569 1332 641 joculatores
1361 582 1481 624 esse
1500 566 1847 622 manifestum

282 672 368 728 est,
399 673 456 719 ut
482 673 634 719 certa
666 679 894 733 quaeque
924 662 1044 718 loca
1072 677 1169 719 seu
1203 660 1322 716 vias
1343 660 1547 731 jugiter
1589 659 1845 716 obsiden-

282 766 367 821 tes,
398 769 749 826 nequaquam
800 752 827 792 δ
859 754 1141 809 tormentis
1197 767 1385 808 eorum
1431 767 1569 823 quos
1626 759 1849 821 praeter-

281 858 456 902 euntes
484 846 764 918 potuerint
792 846 1045 915 decipere
1080 844 1446 910 delectentur,
1476 843 1571 899 sed
1613 842 1682 900 de
1734 843 1846 898 risu

280 940 638 996 tantummodo
658 948 717 996 et
738 938 986 995 illusione
1005 939 1270 1005 contenti,
1297 936 1510 1009 fatigari
1540 951 1637 993 eos
1665 937 1847 1008 potius

279 1030 521 1088 studeant
559 1046 724 1103 quam
754 1045 985 1099 nocere;
1018 1028 1279 1102 quosdam
1322 1028 1665 1085 solummodo
1696 1038 1719 1068 ε
1764 1028 1846 1082 ἰη-

280 1123 459 1179 aocuis
484 1121 927 1178 incubationibus
953 1120 1235 1177 hominum
1270 1128 1618 1189 pernoctare;
1651 1116 1679 1157 δ
1708 1119 1844 1175 alios

280 1215 338 1271 ita
360 1229 484 1271 esse
515 1213 685 1271 furori
732 1229 797 1271 ac
845 1213 1185 1271 truculentia:
1229 1212 1464 1278 deditos.
1492 1221 1555 1268 ut
1600 1228 1706 1269 non
1735 1213 1848 1268 sint

1956 474 2135 530 veriut
2155 474 2324 530 atroci
2346 475 2735 533 dilaceratione
2761 478 3099 547 vexare,sed
3122 479 3287 535 etiam
3320 481 3533 540 irruere

1954 580 2118 635 super
2144 567 2356 623 eminus
2388 577 2750 635 transeuntes,
2778 580 2939 640 atque
2966 570 3182 628 afﬁcere
3203 573 3325 631 illos
3347 577 3537 632 saevis-

1953 659 2090 713 sima
2128 659 2275 714 caede
2316 659 2592 724 festinent,
2628 670 2652 699 ο
2678 662 2868 732 quales
2900 663 2978 717 illi
3011 665 3063 718 in
3092 664 3389 737 Evangelio
3436 668 3535 724 de—

1952 750 2493 821 scribuntur(Matth.
2523 750 2665 822 VIII),
2685 754 2754 808 ob
2774 770 3001 824 quorum
3030 764 3231 812 metum
3267 772 3366 828 per
3386 758 3532 815 viam

1954 842 2101 898 illam
2142 843 2379 898 transire
2418 842 2530 912 jam
2562 844 2743 899 nullus
2774 845 3031 915 audebat,
3063 862 3200 918 quos
3231 863 3532 921 eorumque

1953 934 2265 990 consimiles
2296 934 2454 991 bellis
2494 950 2708 1006 quoque
2747 947 2803 993 et
2840 938 3115 1007 sanguinis
3145 939 3409 997 ell‘usione
3431 957 3531 1012 pro

1956 1028 2249 1084 insatiabili
2283 1026 2565 1085 ferocitate
2589 1029 2826 1099 gaudere
2848 1046 2953 1085 non
2982 1030 3205 1089 dubium
3238 1043 3340 1090 est.
3374 1035 3531 1093 Alios

1954 1121 2025 1175 ita
2056 1136 2241 1175 eorum
2274 1120 2441 1175 corda
2462 1135 2597 1189 quos
2624 1132 2883 1190 ceperant
2906 1132 2961 1178 et
2988 1123 3133 1179 inani
3174 1125 3410 1196 quodam
3443 1136 3529 1183 tu-

1954 1227 2103 1269 more
2128 1211 2374 1267 videmus
2398 1212 2668 1282 iniecisse,
2692 1228 2827 1284 quos
2857 1215 3015 1271 etiam
3050 1214 3071 1255 ί
3105 1215 3379 1276 Bacuceos
3406 1221 3529 1279 vul-

1330 1348 1587 1406 ALARDI
1626 1349 1857 1407 GAZIEI
1895 1348 2455 1407 COMMENTARIUS.

277 1444 638 1503 incentoribus
665 1444 861 1515 accipi,
892 1453 951 1500 ut
978 1443 1112 1499 alias
1137 1443 1342 1499 dictum
1367 1452 1471 1500 est»
1502 1445 1679 1515 Atque
1702 1445 1841 1500 hanc

276 1517 673 1572 distinctionem
724 1516 964 1585 explicat
1022 1515 1374 1586 Auctor_boc
1446 1530 1581 1586 cap.
1616 1516 1689 1570 De
1738 1532 1842 1585 qua

278 1589 426 1643 etiam
478 1586 647 1642 multa
688 1583 877 1642 videre
920 1596 1002 1642 est
1044 1586 1186 1656 apud
1235 1583 1842 1642 Joannem'Climacum

297 1656 559 1744 Ladonis
608 1668 665 1714 et
708 1657 803 1713 21.
857 1656 990 1713 Vide
1036 1656 1381 1712 undecimam
1431 1657 1841 1713 annotationem

335 1728 569 1855 With
614 1798 728 1853 sive
778 1796 989 1871 Satyri,
1042 1796 1478 1871 apudethnicos
1511 1796 1841 1871 scriptores,

276 1870 505 1926 maxime
554 1877 765 1939 poetas,
801 1856 1216 1925 nominatissimi
1255 1885 1269 1923 :
1302 1869 1388 1940 ide
1416 1856 1657 1940 Aquilius'
1679 1856 1843 1925 etiam
1876 1856 1923 1918 Β

276 1940 515 1997 meminit
558 1937 997 2011 D.AAugustinus
1029 1940 1120 1995 lib.
1164 1954 1236 1994 xv
1282 1939 1351 1996 de
1402 1937 1559 2011 Civit.
1594 1940 1687 1995 Dei
1720 1955 1841 2011 cap.

273 2013 354 2076 23,
386 2026 526 2081 quos
553 2022 607 2067 et
634 2008 884 2067 Silvanos
920 2020 1141 2066 vocatos
1171 2012 1265 2073 ait,
1296 2010 1438 2081 quod
1478 2011 1531 2064 in
1559 2010 1712 2066 silvis
1736 2008 1838 2067 ire-

272 2086 519 2155 quentius
562 2083 904 2155 viserentur,
952 2093 1009 2155 et
1054 2097 1154 2155 pro
1200 2081 1303 2155 diis
1330 2081 1697 2155 silvestribus
1747 2096 1847 2155 seu

272 2152 569 2221 agrestibus
603 2153 932 2208 colerentur.
980 2152 1183 2209 Scribit
1232 2152 1289 2207 S.
1328 2152 1688 2223 Hieronymus
1741 2152 1846 2222 (In

280 2224 393 2279 Vita
416 2223 574 2278 Pauli
597 2225 844 2295 eremitw)
871 2225 931 2280 Β.
955 2223 1189 2280 Antonio
1216 2223 1294 2295 ad
1307 2222 1843 2279 Paulum’Eremitam

271 2311 360 2368 per
379 2306 590 2368 vastam
612 2292 958 2368 solitudinem
972 2295 1226 2368 pergenti
1254 2292 1500 2349 Faunum
1518 2297 1841 2368 occurrisse,

273 2366 427 2438 quem
477 2366 562 2421 his
601 2366 1010 2438 notisdepingit
1042 2385 1056 2421 :
1091 2366 1237 2438 Inter
1281 2381 1539 2438 saxosum
1564 2366 1847 2438 convallem

276 2436 411 2492 haud
453 2436 702 2508 grandem
741 2436 1113 2492 homunculum
1153 2436 1308 2501 videt,
1352 2436 1569 2490 aduncis
1609 2437 1841 2504 naribus,

277 2507 713 2577 fronte’cornibus
744 2518 1006 2577 asperato,
1040 2510 1193 2576 cujus
1218 2519 1445 2578 extrema
1474 2523 1595 2578 pars
1616 2510 1847 2577 corporis

275 2580 327 2633 in
350 2592 632 2647 caprarum
660 2579 814 2647 pedes
834 2579 1095 2634 desinebat
1120 2595 1137 2644 ;
1160 2589 1208 2631 et
1234 2577 1574 2632 nihilominus
1600 2593 1848 2633 memora-

274 2659 378 2703 tam
400 2650 599 2703 animal
618 2650 909 2719 palmarum
930 2650 1131 2718 fructus
1151 2648 1317 2702 eidem
1337 2649 1403 2702 ad
1422 2649 1683 2713 viaticum,
1699 2652 1849 2719 quasi

276 2721 419 2793 pacis
452 2720 686 2793 obsides,
721 2718 986 2793 offerebat.
1019 2722 1133 2793 Quo
1174 2720 1377 2791 cognito
1406 2718 1847 2793 gradnm‘pressit

276 2790 547 2854 Antonius,
576 2799 625 2844 et
653 2792 891 2860 quisnam
917 2800 1067 2853 esset,
1092 2790 1436 2860 interrogans,
1470 2791 1566 2843 hoc
1596 2790 1660 2843 ab
1683 2806 1739 2843 eo
1761 2806 1846 2845 re-

274 2878 517 2932 sponsum
540 2862 734 2931 accepit
758 2878 776 2915 :
801 2860 1038 2916 Mortalis
1060 2878 1151 2932 ego
1180 2875 1315 2925 sum,
1340 2869 1384 2915 et
1415 2877 1548 2932 unus
1570 2860 1848 2932 ea:_accolis

327 2934 475 2995 remi,
497 2948 625 2998 quos
661 2928 817 2985 ’vario
858 2934 1039 2987 delusa
1080 2928 1251 3002 errore
1290 2931 1574 3002 gentilitas,
1608 2928 1844 2998 Faunos,

275 3002 598 3073 Satyrosque
622 3014 669 3056 et
696 3003 911 3057 incubes
938 3019 1144 3068 vocans,
1171 3001 1316 3065 colit,
1343 3012 1449 3058 etc.
1484 3002 1675 3073 Subdit
1696 3004 1847 3057 dein-

272 3073 341 3127 de
368 3072 825 3154 Hieronymus-ad.
843 3089 959 3129 rem
985 3073 1408 3154 conﬁrmandam
1444 3090 1463 3125 τ
1490 3072 1626 3154 Hoc,
1653 3089 1713 3154 ne
1740 3075 1852 3127 cui-

462 3144 537 3217 obg
570 3142 983 3217 incredulitatem
1025 3145 1323 3213 scrupulum
1360 3152 1576 3217 moveat,
1609 3142 1850 3217 sub_rege

270 3160 427 3268 gum
462 3160 525 3198 oo
570 3160 983 3199 mcreautttatem
1025 3160 1323 3213 scruputum
1362 3160 1576 3207 moveat,
1609 3160 1702 3196 suo
1734 3160 1850 3217 rege

305 3215 315 3230 '
345 3215 630 3295 nstantino,
664 3214 895 3296 universo
934 3216 1126 3298 mundo
1168 3225 1301 3295 _teste
1336 3214 1649 3337 defenditur.
1706 3214 1845 3269 Num
1872 3236 1917 3299 ρ

270 3284 646 3337 Alexandriam
664 3287 951 3337 istiusmodi
971 3286 1120 3337 homo
1132 3302 1269 3337 vinus
1289 3300 1376 3337 uer
1417 3293 1583 3337 uctus.
1601 3301 1845 3337 maanum

270 3284 646 3340 Alexandriam
664 3285 953 3340 istiusmodi
971 3286 1120 3339 homo
1132 3287 1269 3339 vivus
1288 3284 1583 3353 perductus,
1601 3301 1845 3354 magnum

270 3356 464 3428 populo
506 3354 857 3427 spectaculum
878 3358 1115 3429 praebuit,
1145 3366 1191 3410 et
1220 3365 1392 3422 postea
1421 3355 1639 3429 cadaver
1668 3355 1846 3429 exani-

275 3427 376 3490 me,
395 3443 459 3481 ne
493 3429 667 3479 calore
708 3427 897 3481 (astatis
925 3428 1280 3496 dissiparetur,
1308 3428 1417 3481 sale
1440 3427 1635 3496 infuso,
1664 3427 1846 3496 Antio-

268 3496 463 3561 chiam,
518 3506 572 3549 ut
613 3496 676 3549 ab
718 3498 1027 3562 imperatore
1058 3495 1342 3562 viseretur,
1374 3497 1594 3550 allatum
1640 3505 1731 3550 est.
1772 3495 1845 3551 Ita

271 3567 337 3639 ι).
370 3565 1018 3639 Βίοιοηγιηιιδίΐίιιιιιιιιιι
1067 3569 1213 3623 velut
1256 3568 1637 3639 hominem_et_
1665 3565 1847 3623 multis

272 3637 515 3692 hominis
554 3636 1054 3710 notisdepingens,
1102 3654 1261 3709 quem
1304 3636 1727 3710 tamen‘ibidem
1757 3651 1849 3704 pe-

270 3711 480 3764 tulcum
520 3709 743 3779 animal,
776 3708 1083 3778 portentum
1124 3708 1341 3779 postea,
1388 3708 1719 3779 bestiamque
1749 3722 1847 3777 ap-

270 3780 465 3849 pellat.
518 3778 672 3850 Unde
722 3780 923 3850 colligit
968 3780 1238 3835 Marianas
1267 3780 1374 3845 (In
1420 3778 1664 3848 scholiis)
1697 3794 1848 3832 mon-

271 3848 552 3922 struosum
581 3848 793 3922 aliquod
827 3848 991 3906 fuisse
1014 3866 1206 3922 genus,
1237 3851 1535 3922 praesertim
1567 3865 1687 3903 cum
1713 3849 1847 3905 tales

274 3920 468 3985 hodie,
496 3928 609 3974 toto
636 3920 747 3988 jam
782 3922 915 3977 orbe
938 3920 1253 3991 peragrato,
1278 3920 1528 3975 homines
1553 3936 1660 3991 non
1692 3935 1845 3991 repef

269 3992 512 4046 riantur.
541 3991 637 4045 Cui
678 3990 985 4048 consentire
1030 3992 1243 4047 videtur
1284 3991 1549 4046 Baronius
1576 3990 1748 4061 (Tom.
1782 3990 1847 4045 lli

271 4062 469 4116 Annal.
494 4078 583 4115 an.
612 4062 762 4133 545),
787 4078 1016 4119 censetis
1048 4063 1189 4118 hanc
1238 4062 1517 4116 historiam
1563 4064 1631 4117 ab
1662 4062 1849 4116 Hiero-

268 4147 447 4199 nymo
484 4142 788 4187 enarratam
830 4134 1089 4189 miraculo
1154 4148 1277 4189 esse
1336 4133 1750 4197 ascribendam;
1793 4139 1853 4187 ut

266 4204 344 4257 de
364 4203 555 4258 multis
585 4203 708 4258 aliis
733 4204 1075 4269 animalibus,
1108 4203 1335 4259 rationis
1365 4204 1491 4258 licet
1510 4203 1847 4274 expertibus,

267 4288 424 4342 sape
456 4274 672 4343 legitur,
704 4290 771 4347 ea
804 4276 953 4330 velut
994 4275 1201 4347 ratione
1236 4274 1461 4347 praedita
1497 4284 1552 4330 et
1599 4274 1689 4328 Dei
1719 4283 1849 4347 natu

268 4347 490 4399 reddita
517 4359 654 4413 pene
676 4345 979 4410 rationalia,
1002 4346 1179 4416 qualia
1211 4345 1385 4416 solent
1410 4345 1674 4416 homines,
1699 4345 1852 4416 exhi-

270 4417 467 4470 buisse
494 4416 702 4470 sanctis
728 4418 854 4471 viris
888 4414 1205 4471 ministeria.
1234 4415 1428 4470 Verum
1472 4414 1731 4485 quidquid
1777 4414 1852 4469 sit

266 4486 345 4539 de
368 4485 556 4540 Fauno
585 4486 680 4540 illo
704 4489 794 4554 qui
821 4488 878 4543 S.
907 4488 1141 4542 Antonio
1177 4487 1367 4541 obvius
1390 4485 1563 4540 laetus
1591 4494 1696 4547 est,
1722 4500 1849 4554 pro-

270 4555 514 4612 habilius
556 4564 643 4611 est
693 4555 906 4612 Faunos
938 4559 1058 4613 illos
1081 4568 1135 4612 et
1170 4559 1393 4627 Satyros
1416 4556 1481 4610 ab
1504 4555 1757 4627 ethnicis,
1792 4563 1849 4609 ut

1946 1444 2139 1513 quibus
2172 1444 2538 1509 postmodum.
2576 1444 2767 1502 Verius
2792 1448 2937 1503 enim
2968 1458 3053 1503 est
3078 1464 3266 1505 omnes
3297 1454 3524 1509 omnino

1946 1515 2219 1587 dzemones
2262 1525 2452 1587 Optare
2485 1532 2647 1587 quam
2685 1518 3005 1587 gravissima
3049 1521 3186 1576 mala
3215 1522 3529 1581 hominibus

1949 1585 2173 1659 inferre,
2203 1596 2255 1659 et
2294 1586 2340 1641 si
2389 1585 2555 1659 Deus
2582 1585 2806 1653 sine—ret,
2834 1589 3015 1659 reipsa
3061 1590 3329 1647 illaturos.
3357 1594 3529 1651 Docet

1946 1656 2010 1726 D.
2039 1656 2326 1719 Antonius.
2358 1657 2501 1725 apud
2533 1656 3152 1726 Atlianasium,'cunctis
3187 1663 3526 1721 datmonibus

1948 1725 2146 1783 hostile
2172 1728 2356 1802 odium
2391 1727 2443 1782 in
2477 1726 2728 1802 homines
2758 1745 2901 1802 esse,
2929 1732 3146 1802 gravius
3174 1731 3227 1787 in
3264 1733 3528 1791 Christia-

1953 1811 2074 1861 nos,
2105 1795 2482 1875 gravissimum
2531 1799 2584 1853 in
2630 1795 3007 1875 mouacbds‘et
3046 1804 3279 1875 virgines
3309 1804 3419 1861 Deo
3442 1806 3527 1862 di-

1952 1875 2131 1943 catas;
2160 1867 2385 1937 singulis
2415 1879 2618 1943 tamen,
2650 1888 2755 1943 non
2791 1873 2893 1928 nisi
2934 1867 3193 1943 quantu'm
3232 1874 3374 1930 Deus
3401 1892 3527 1943 per-

1948 1940 2135 2015 mittit,
2182 1954 2397 2015 nocere.
2442 1938 2501 1996 Si
2549 1938 2805 2015 amplius
2842 1938 2966 1997 non'
2992 1942 3260 2015 sinuntur,
3290 1938 3526 2015 gaudere

1948 2008 2231 2082 hominum
2279 2011 2461 2066 derisu
2497 2021 2563 2082 et
2600 2008 2939 2081 deceptione,
2972 2025 3026 2069 ut
3058 2013 3147 2070 hic
3186 2008 3410 2082 dicitur;
3434 2027 3526 2073 aut

1947 2080 2180 2151 impulsu
2209 2080 2259 2135 in
2282 2080 2508 2153 aliquod
2541 2080 2967 2153 saltemveniale
2990 2094 3361 2153 peccatum,ut
3386 2080 3528 2145 otio-

1949 2164 2023 2205 sze
2066 2151 2441 2221 spectationis,
2469 2152 2555 2207 vel
2582 2154 2890 2217 locutionis,
2926 2154 3064 2209 risus
3086 2151 3387 2222 solutioris,
3412 2158 3526 2214 dis-

1948 2222 2229 2297 tractionis
2280 2224 2335 2297 iu_
2372 2224 2635 2297 oratione,
2666 2224 3085 2297 dormitationis,
3114 2236 3170 2281 et
3211 2229 3524 2297 huiusmodi
3558 2233 3563 2237 ’

1947 2290 2381 2367 delictorum,_in_
2408 2309 2533 2367 qua:
2562 2295 2727 2367 etiam
2756 2295 2907 2349 valde
2942 2296 3175 2367 perfecti
3198 2290 3357 2367 facile
3400 2315 3526 2367 per-

1949 2362 2259 2441 trahuntur.
2286 2362 2446 2441 (Vide
2468 2362 2612 2441 Ifelr‘.
2639 2362 2967 2441 Cluniacens}
2994 2366 3129 2441 lib._t
3154 2366 3312 2441 Mira.
3334 2386 3380 2423 c.
3400 2362 3524 2441 i7.)

2024 2444 2046 2472 ε
2076 2433 2338 2509 Innocuos
2368 2435 2740 2491 incubationcs
2772 2446 2899 2509 puto
2942 2436 3168 2509 intelligi
3215 2433 3524 2509 Oppressiol

1950 2519 2072 2579 item
2102 2504 2247 2579 illam
2283 2513 2597 2579 nocturnam
2628 2523 2698 2574 qu
2719 2527 2747 2557 ι·
2778 2507 2893 2562 voci
2919 2504 3521 2579 spirituiqtte't’neatum

1949 2575 2241 2647 intercipit,
2275 2585 2329 2630 et
2369 2577 2516 2631 velut
2546 2578 2749 2647 ingenti
2795 2575 3033 2646 pondere
3059 2575 3397 2645 quiescentes
3426 2596 3522 2637 seu

1950 2646 2281 2702 dormientes
2310 2648 2573 2716 opprimit
2611 2662 2673 2703 ac
2703 2663 2838 2711 pene
2885 2648 3135 2712 sull'ocat,
3160 2666 3318 2716 quam
3347 2650 3524 2707 Gnaei

1950 2717 2179 2791 ἄφιὰλτην
2208 2716 2427 2786 (Suidas
2450 2732 2498 2771 υ.
2531 2716 2846 2791 Ephialtes),
2873 2719 3125 2791 incubum
3160 2718 3356 2787 Latini,
3381 2721 3523 2778 Galli

1949 2789 2255 2859 conchemar
2302 2798 2614 2859 nuncupant
2663 2807 2674 2841 :
2721 2789 2838 2857 qua:
2886 2790 3099 2859 quidem
3142 2793 3421 2859 oppressio
3471 2802 3528 2849 et

1953 2857 2235 2913 sulfocatio
2276 2857 2593 2928 plerumque
2622 2873 2689 2915 ex
2720 2857 3009 2915 voracitate
3051 2869 3106 2915 et
3142 2857 3411 2918 cruditate
3441 2863 3524 2918 ci-

1950 2928 2162 3002 borum.
2194 2939 2253 3002 et
2297 2928 2558 3002 stomachi
2612 2928 2892 3002 indignrie,
2926 2938 3018 2986 aut
3056 2932 3237 2999 Specie
3289 2934 3523 3002 quadam

1950 3001 2124 3054 morbi
2153 2999 2523 3055 melancholici
2553 2999 2818 3066 nascitur;
2855 3002 3121 3055 interdum
3148 2999 3325 3058 tamen
3353 3019 3382 3058 a
3412 3005 3524 3060 dat-

1952 3069 2202 3140 monibus
2234 3069 2489 3139 efﬁcitur,
2523 3071 2668 3127 unde
2711 3073 2875 3127 etiam
2920 3072 3120 3140 incubi,
3153 3074 3266 3129 sive
3296 3074 3522 3131 incubo~

1953 3156 2048 3195 nes
2099 3139 2264 3205 dicti;
2298 3153 2494 3208 praeter
2524 3140 2672 3197 illam
2704 3141 2964 3198 rationem
3012 3139 3263 3199 obscenas
3301 3144 3523 3201 incuba-

1952 3210 2119 3286 tionis
2145 3220 2201 3286 et_
2238 3212 2639 3286 commixtionis
2684 3228 2805 3267 cum
2853 3214 3136 3286 strigibus.
3165 3216 3419 3286 etsagis,
3452 3216 3523 3274 de

1948 3297 2063 3355 qua,
2087 3282 2145 3355 D_.
2176 3281 2507 3355 Augustinus
2528 3282 2623 3355 ubi
2651 3297 2835 3355 supra.
2858 3281 3162 3355 Est'itaque
3192 3285 3281 3355 ltic
3298 3281 3522 3343 morbus

1948 3351 2177 3406 subinde
2209 3352 2344 3405 mala
2374 3353 2621 3420 corporis
2665 3353 2897 3419 aﬂ'ectio,
2932 3351 3249 3410 alias'nuda
3275 3367 3329 3411 et
3374 3372 3522 3414 mera

1947 3422 2210 3477 damonis
2232 3422 2503 3477 infestatio
2529 3431 2621 3477 aut
2649 3422 2845 3478 illusio.

2018 3491 2045 3530 ά
2078 3492 2237 3575 Tales
2264 3492 2339 3547 illi
2369 3494 2457 3575 qui
2478 3492 2686 3575 Graecis
2704 3494 3157 3575 ‘Ala’te-ropsgdicti
3192 3494 3279 3549 :in
3297 3510 3523 3575 quorum

1949 3577 2174 3618 numero
2193 3562 2626 3633 Nemesis,quam
2657 3562 2931 3633 lingebani
2950 3565 3197 3619 ultricem
3228 3562 3525 3630 scelerum.

1948 3648 2045 3703 seu
2099 3633 2251 3688 deam
2293 3632 2537 3688 ultionis.
2583 3634 2658 3688 De
2711 3632 2815 3703 qua
2854 3633 3100 3690 Alciatus
3132 3635 3387 3690 emblem.
3432 3638 3524 3693 9.7.

1949 3702 2112 3775 Talis,
2134 3715 2187 3758 et
2231 3703 2322 3775 ille
2354 3702 2881 3775 exterminatortde
2915 3719 3021 3775 quo
3053 3704 3105 3759 in
3151 3706 3475 3775 Apocalypsi
3512 3727 3527 3762 :

1950 3774 2174 3843 Angelus
2197 3774 2389 3843 abyssi,
2412 3774 2495 3828 cui
2534 3791 2717 3829 nomen
2763 3774 3018 3830 Hebraice
3054 3777 3325 3841 Abaddon,
3350 3774 3532 3835 Greece

1951 3844 2225 3921 Apollyon,
2245 3843 2628 3921 Latinelhabens
2643 3861 2821 3921 nomen
2839 3844 3206 3921 Externtinans
3222 3847 3410 3921 (Apoc.
3429 3850 3527 3921 ix).

1949 3915 2156 3983 Quibus
2171 3916 2418 3970 omnibus
2432 3916 2629 3985 linguis
2648 3916 2980 3985 signiﬁcatur
2990 3917 3201 3973 daemon
3217 3915 3395 3973 omnia
3411 3915 3527 3977 dis-

1950 3988 2184 4057 perdens
2233 4001 2294 4041 ac
2330 3985 2639 4041 destruens.
2673 3987 2747 4042 lta
2778 3987 2940 4041 etiam
2973 3989 3215 4043 nonnulli
3263 3991 3533 4057 interpre-

1953 4068 2135 4130 tantur
2156 4057 2861 4130 dzemoniummeridiattum
2876 4058 3009 4127 psal.
3043 4075 3107 4114 xc
3124 4102 3136 4121 ,
3158 4065 3298 4130 quod
3325 4057 3535 4117 scilicet

1951 4143 2061 4184 non
2122 4129 2352 4183 latenter
2379 4137 2435 4183 et
2472 4128 2675 4184 dolosis
2728 4128 3244 4195 machinationibus,
3286 4132 3433 4186 velut
3478 4133 3531 4187 in

1954 4199 2214 4269 tenebris,
2248 4199 2343 4254 sed
2400 4199 2576 4267 palam
2609 4207 2665 4255 et
2716 4207 2903 4269 aperta
2957 4202 3030 4265 vi,
3066 4210 3123 4256 ut
3179 4202 3231 4256 in
3283 4201 3532 4268 meridie,

1955 4271 2203 4325 homines
2231 4269 2561 4339 aggreditur.
2592 4270 2764 4339 llujus
2788 4270 3005 4340 generis
3034 4274 3311 4327 dazmones
3344 4271 3404 4326 Β.
3433 4278 3535 4329 An-

1956 4342 2133 4395 tonius
2166 4340 2380 4412 dicebat
2401 4340 2466 4394 ad
2500 4356 2763 4395 summam
2790 4341 3018 4397 nocendi
3052 4344 3307 4398 verticem
3339 4358 3535 4412 perve-

1955 4413 2121 4477 nisse,
2153 4420 2208 4464 et
2236 4411 2371 4465 alios
2407 4425 2592 4466 eorum
2644 4412 3051 4478 comparatione
3093 4413 3261 4469 videri
3296 4414 3538 4472 leniores

1954 4497 2019 4537 ac
2041 4482 2307 4535 mitiores.

2030 4561 2053 4589 ο
2078 4551 2263 4605 Matth.
2295 4565 2421 4604 vttt:
2450 4550 2583 4623 Cum
2599 4550 2846 4623 venissent
2876 4551 2930 4605 in
2957 4553 3213 4623 regionem
3246 4551 3539 4610 Geraseno-

268 4626 487 4681 dictum
516 4638 618 4693 est,
656 4642 751 4695 pro
790 4629 1051 4683 silvarum
1092 4617 1399 4683 numinibus
1428 4627 1656 4691 habitos,
1689 4625 1851 4681 fuisse
1878 4617 1928 4680 D
1954 4637 2092 4695 rum,
2122 4630 2457 4695 occurrerunt
2484 4622 2531 4674 ei
2554 4622 2656 4673 (lno
2703 4619 2942 4695 habentes
2967 4617 3258 4695 dafmoniar,
3308 4626 3539 4695 sabini-

268 4696 557 4780 dmmones
607 4700 659 4752 in
683 4697 927 4781 humana
973 4698 1175 4781 efﬁgie,
1196 4699 1293 4754 sed
1326 4707 1685 4761 monstruosa,
1709 4708 1766 4752 et
1794 4699 1846 4751 in

269 4770 560 4837 caprinam
612 4770 696 4822 vel
750 4770 1013 4824 asininam
1064 4771 1376 4834 desinente,
1425 4778 1767 4837 apparentes,
1796 4776 1853 4823 et

270 4838 594 4893 hominibus
625 4839 935 4905 illudentes,
968 4849 1027 4893 ut
1058 4841 1142 4895 hic
1176 4843 1377 4896 Auctor
1416 4839 1609 4900 innuit.
1635 4852 1770 4908 quos
1798 4847 1853 4894 et

267 4910 491 4979 pilosos
518 4911 619 4963 hac
644 4911 851 4964 ratione
881 4910 1156 4978 Scriptura
1191 4920 1480 4978 nuncupat.
1518 4909 1667 4963 lsaire
1712 4924 1803 4963 xm
1834 4926 1849 4965 :

270 4980 455 5052 Pilosi
482 4980 736 5052 saltabant
759 4980 848 5034 ibi.
877 4980 945 5037 Ut
973 4981 1036 5035 Ι).
1062 4981 1417 5052 Hieronymus
1459 4980 1653 5052 ibidem
1687 4995 1856 5034 anno-

269 5051 419 5105 tavit
452 5068 466 5101 :
502 5048 727 5111 Pilosos.
770 5053 1038 5122 inquiens,
1070 5052 1146 5105 vel
1175 5048 1473 5113 incnbones,
1502 5052 1577 5104 vel
1609 5050 1851 5122 Sgtyros,

268 5123 544 5175 silvestres
579 5119 864 5193 quosquam
906 5121 1160 5186 homines,
1187 5138 1314 5191 quos
1355 5121 1590 5193 nonnulli
1645 5119 1858 5193 Faunos

265 5193 503 5263 sicarios
528 5190 732 5263 vocant,
763 5201 851 5245 aut
870 5192 1164 5247 daemonum
1185 5190 1370 5263 genera
1392 5191 1706 5263 intelligunt.
1728 5190 1858 5246 Item

264 5278 410 5331 cap.
432 5261 506 5316 δι
534 5262 673 5330 apud
703 5262 953 5319 eumdem
985 5261 1301 5333 prophetam
1334 5261 1647 5316 :Uccurrerit
1670 5262 1862 5315 dieme-

263 5336 396 5398 nia,
420 5340 799 5388 onocenlattrus
828 5343 875 5387 et
901 5332 1098 5403 pilosus
1120 5334 1361 5388 clamabit
1384 5335 1513 5386 alter
1532 5334 1599 5385 ad
1622 5332 1859 5403 alterum.

264 5407 622 5471 Quamquam
656 5403 814 5474 pilosi
847 5401 950 5458 alia
978 5406 1141 5459 etiam
1185 5405 1395 5459 ratione
1433 5404 1707 5474 daemones
1732 5401 1861 5474 dicti

261 5472 826 5544 cettseantur,'quod
876 5474 989 5530 suis
1039 5475 1337 5530 cultoribus
1394 5474 1448 5528 in
1494 5473 1666 5528 forma
1708 5472 1865 5544 _lti_rci

259 5544 486 5599 hirsuti
529 5554 584 5600 et
630 5541 790 5615 pil’osi
831 5545 1152 5616 plerumque
1195 5554 1509 5616 appareant.
1541 5543 1650 5600 Sed
1688 5542 1758 5598 de
1785 5541 1870 5597 his

257 5618 447 5671 satis.

362 5685 391 5758 lt
420 5684 815 5756 Accipiendum
849 5687 899 5742 id
947 5687 1337 5758 comparative,
1363 5686 1415 5758 id
1442 5692 1546 5751 est,
1577 5699 1685 5740 non
1715 5698 1870 5758 teque

256 5754 739 5827 delectari—atque
762 5758 852 5813 alii
875 5754 1210 5814 crudeli’oses
1238 5754 1875 5828 truculentioresque,'de

583 5851 865 5916 Panos.
916 5851 1142 5915 XLIX.

1955 4694 2082 4756 mis;
2113 4692 2184 4745 ita
2207 4702 2261 4744 ut
2288 4707 2432 4744 nemo
2461 4699 2629 4759 posset
2651 4691 2986 4763 transireper
3012 4691 3160 4745 illam
3183 4694 3337 4746 viam.
3374 4693 3540 4747 Addit

1956 4762 2126 4818 Lucas
2157 4762 2224 4815 de
2252 4777 2357 4833 uno
2384 4771 2590 4833 tantum
2618 4761 2929 4833 eorumdem
2973 4761 3230 4833 loquens,
3264 4779 3427 4833 neque
3454 4779 3541 4817 ve-

1953 4834 2188 4889 stimento
2217 4831 2525 4886 induebatur
2546 4872 2561 4897 ,
2594 4848 2753 4902 neque
2781 4832 2836 4886 in
2864 4832 3015 4886 domo
3040 4831 3309 4901 manebat,
3338 4831 3447 4889 sed
3486 4835 3540 4887 in

1953 4904 2324 4969 monumentis,
2358 4903 2423 4956 ad
2462 4902 2873 4972 exprimendam
2917 4917 3103 4958 eorum
3143 4903 3439 4968 saevitiam,
3468 4904 3542 4958 ob

1955 4989 2115 5043 quam
2148 4989 2306 5029 nemo
2329 4971 2552 5028 auderet
2579 4974 2661 5029 eis
2700 4988 2985 5029 occurrere
3023 4984 3114 5028 aut
3140 4988 3234 5029 eos
3257 4974 3420 5030 domo
3446 4988 3542 5031 ex-

1958 5047 2141 5114 cipere
2168 5087 2182 5112 ,
2235 5043 2375 5098 unde
2403 5043 2603 5099 exclusi
2636 5058 2666 5098 a
2708 5044 2978 5099 communi
3020 5044 3295 5099 hominum
3327 5045 3543 5101 habita-

1963 5116 2109 5171 tione
2136 5117 2188 5169 in
2213 5115 2456 5184 sepulcra
2479 5156 2493 5179 ,
2533 5115 2747 5170 scilicet
2764 5124 3055 5179 camerata,
3078 5129 3197 5171 sese
3215 5117 3539 5183 reciperent.

2037 5185 2057 5224 ί
2103 5186 2394 5249 Bacuceos,
2423 5184 2511 5241 vel
2541 5185 2826 5253 Bacuteos,
2851 5185 2970 5240 sive
2997 5194 3056 5240 ut
3083 5186 3138 5256 in
3166 5200 3298 5242 mss.
3323 5185 3541 5256 legitur,

1964 5258 2230 5322 Bacucos,
2259 5257 2510 5325 intelligit
2531 5256 2775 5312 homines
2806 5268 2956 5312 certo
2974 5255 3206 5325 quodam
3233 5255 3543 5312 damenutn

1963 5342 2161 5398 genere
2182 5326 2739 5398 correptos,rbarbara
2768 5342 2899 5398 voce
2920 5342 2950 5380 a
2980 5327 3138 5398 vulgo
3168 5326 3247 5398 eis
3269 5328 3544 5397 imposita.

1965 5396 2220 5466 Quamvis
2263 5405 2444 5452 autem
2472 5397 2541 5452 de
2570 5397 2918 5452 dtemoniacis
2950 5396 3170 5467 proprie
3200 5396 3288 5453 hic
3314 5396 3506 5465 agatur
3528 5440 3545 5464 ,

1974 5481 2030 5524 ut
2057 5470 2217 5523 verba
2247 5477 2466 5530 sonant,
2487 5483 2593 5522 non
2615 5467 2683 5523 de
2705 5467 3036 5522 daemonibus
3054 5481 3297 5538 seorsum
3319 5469 3550 5538 sumptis

1973 5553 2229 5595 eorumve
2259 5539 2676 5607 proprietatibus
2700 5578 2715 5603 ,
2767 5548 2946 5609 tamen
2972 5537 3181 5609 eisdem
3206 5539 3367 5594 etiam
3396 5537 3550 5609 stipa-

1975 5612 2106 5665 ratis
2129 5618 2187 5664 et
2212 5620 2363 5663 extra
2394 5623 2617 5679 corpora
2648 5608 2951 5662 mortalium
2993 5607 3220 5663 subinde
3247 5607 3551 5679 apparenti-

1974 5680 2075 5736 bus
2103 5678 2784 5751 eamdemAappellationem
2815 5680 2977 5751 tribui
3016 5680 3193 5751 solere
3218 5678 3332 5735 non
3338 5690 3432 5751 _est
3464 5682 3550 5737 im-

1976 5750 2276 5824 probabile.
2331 5747 2794 5819 Quemadmodum
2822 5749 2889 5807 1).
2922 5749 3253 5821 Augustinus
3296 5749 3442 5818 (Lib.
3486 5761 3551 5808 xv

3044 5845 3122 5904 23
