4012 6336
378 339 489 409 ⁷19

1442 332 1725 400 JOANNIS
1760 337 2071 400 CASSIANI
2104 333 2604 400 COLLA'I‘IONES.

3527 339 3644 405 7'20

374 463 633 520 lationem
655 478 673 530 ;
697 459 838 518 alius
856 456 1118 526 basilisci,
1148 455 1218 514 ob
1261 455 1392 513 illud
1433 455 1773 513 mortiferum
1804 457 1954 513 virus
1979 471 2026 531 Α
2058 465 2269 537 tempus
2296 465 2576 513 nocturna:
2611 454 2807 528 quietis
2834 456 2907 512 ita
2933 456 3137 515 nostris
3162 456 3409 517 furentur
3434 462 3647 519 obtuti-

378 555 522 629 quod
554 553 867 627 priusquam
904 552 1168 611 sentiatur
1197 550 1491 615 interimit;
1517 549 1653 606 alius
1697 565 1850 619 vero,
1882 550 1954 605 ob

380 658 623 730 teporem
653 646 871 703 malitia:
898 661 1034 710 suae,
1057 641 1434 708 onoceutauri,
1462 649 1554 696 aut
1577 639 1730 697 ericii
1753 657 1954 698 nomen

380 739 773 798 struthionisve
794 738 1018 794 sortitus
1043 736 1133 790 sit.

910 825 1139 881 CAPUT
1182 822 1421 880 XXXIII.

383 921 760 995 Interrogatio,
794 923 931 974 unde
980 917 1275 986 diﬂ’erentia
1304 916 1650 997 neguitiarunt
1676 916 1958 972 caelestium

910 999 1056 1045 tanta
1104 997 1425 1061 processerit.

344 1134 347 1141 -
428 1108 756 1165 Germanus:
772 1103 888 1160 Non
900 1101 1116 1173 quidem
1131 1098 1961 1171 ambigimusillosquoqueordi-

377 1214 476 1258 nes
488 1213 622 1271 quos
634 1195 922 1269 Apostolus
937 1203 1239 1259 enumerat,
1254 1193 1322 1248 ad
1336 1194 1471 1249 istos
1486 1192 1701 1259 referri,
1715 1195 1838 1263 quia
1850 1207 1955 1248 non

376 1301 464 1350 est
483 1291 639 1348 nobis
668 1288 982 1346 colluctatio
1008 1287 1270 1342 adversus
1291 1299 1509 1342 carnem
1535 1294 1588 1340 ct
1614 1285 1956 1356 sanguinem,

376 1384 477 1441 sed
503 1384 747 1438 adversus
774 1381 1097 1453 principatus
1116 1420 1132 1446 ,
1163 1380 1407 1435 adversus
1439 1387 1711 1445 potestates
1732 1417 1748 1444 ,
1778 1377 1961 1432 adver-

374 1492 465 1531 sus
484 1475 661 1529 mundi
686 1483 906 1528 rectores
930 1472 1260 1526 tenebrarum
1270 1470 1478 1537 harum,
1503 1479 1681 1524 contra
1700 1469 1961 1540 spiritalia

377 1567 618 1639 nequitia:
642 1566 694 1619 in
736 1562 1019 1619 caelestibus
1065 1560 1288 1631 (Eplm.
1329 1560 1440 1630 vt):
1486 1559 1738 1615 volumus
1782 1570 1957 1616 tamen

377 1673 539 1715 nosse
562 1657 704 1713 unde
726 1656 796 1712 sit
830 1656 946 1711 haec
994 1663 1141 1710 tanta
1190 1654 1330 1709 inter
1376 1669 1472 1711 eos
1518 1653 1842 1719 dill‘erentia,
1873 1652 1959 1707 vel

374 1748 826 1822 quemadmodum
854 1747 986 1802 tanti
1016 1745 1268 1817 nequitia:
1299 1745 1608 1802 exstiterint
1632 1744 1859 1815 gradus,
1890 1759 1960 1800 an

2060 550 2180 616 bus,
2198 558 2259 606 ut
2275 548 2761 621 appropinquantis
2789 565 3002 607 aurorae
3027 565 3370 625 nequaquam
3394 551 3644 609 viciniam

2061 642 2388 707 sentiamus,
2416 652 2470 697 et
2492 655 2662 709 usque
2683 641 2750 696 ad
2772 652 2955 698 ortum
2979 643 3109 699 solis
3133 644 3512 701 insatiabiliter
3533 646 3644 701 col-

2059 735 2278 790 lationis
2309 734 2468 805 hujus
2489 734 2655 791 verba
2702 743 2994 792 contexere
3038 750 3425 807 provocemur:
3460 745 3643 794 tamen

2057 825 2312 895 quoniam
2346 825 2620 883 absolutio
2649 827 2946 897 proposita:
2974 828 3291 897 quaestionis
3315 844 3439 885 cum
3465 844 3648 900 caepe-

2059 919 2129 975 rit
2182 918 2457 991 indagari,
2506 920 2560 975 in
2601 919 2869 989 quoddam
2914 920 3307 991 amplissimum
3336 936 3401 978 ac
3418 921 3644 993 profun-

2058 1010 2340 1067 dissimum
2364 1024 2462 1066 nos
2490 1009 2683 1067 educet
2693 1010 2915 1083 pelagus
2936 1012 3319 1083 qutestionum,
3340 1012 3483 1081 quod
3504 1028 3647 1084 prte-

2058 1107 2227 1165 sentis
2253 1105 2400 1161 horae
2427 1105 2669 1162 brevitas
2712 1121 2817 1159 non
2863 1104 2992 1160 sinit
3028 1104 3377 1161 transmeari:
3408 1119 3646 1163 commo-

2057 1198 2181 1255 dius
2206 1212 2332 1254 reor
2359 1208 2417 1252 ut
2444 1212 2563 1252 eam
2595 1196 2793 1252 futurae
2822 1196 2994 1250 noctis
3012 1195 3248 1265 indagini
3280 1210 3644 1266 reservemus,

2059 1306 2167 1363 quo
2187 1298 2244 1347 et
2269 1289 2399 1345 mihi
2419 1289 2520 1344 sub
2546 1287 3038 1359 hujusquaestionis
3058 1288 3343 1343 occasione
3367 1286 3435 1343 de
3460 1295 3648 1342 vestro

2059 1380 2401 1455 propensiori
2450 1379 2750 1450 colloquio,
2801 1379 2987 1434 laetitia
3032 1377 3293 1449 spiritalis
3336 1392 3400 1434 ac
3440 1377 3649 1433 fructus

2060 1474 2283 1531 uberior
2331 1472 2674 1538 conferatur,
2728 1478 2783 1526 et
2840 1470 3232 1541 pr0positarum
3282 1470 3643 1540 quaestionum

2058 1567 2231 1634 sinus,
2248 1564 2522 1635 praebente
2544 1562 2699 1619 nobis
2715 1562 2921 1633 Spiritu
2943 1570 3129 1616 sancto
3150 1573 3438 1631 prosperos
3460 1558 3643 1625 ﬂatus,

2060 1659 2282 1715 liberius
2335 1664 2622 1729 penetrare
2672 1656 2955 1727 possimus.
3006 1654 3367 1721 Quamobrem
3429 1653 3646 1723 soporis

2062 1750 2331 1806 modicum
2349 1748 2700 1819 degustantes
2717 1746 3076 1803 discutiamus
3096 1746 3448 1816 obrepentem
3469 1743 3648 1801 oculis

374 1840 443 1897 ad
474 1841 578 1897 hoc
605 1841 771 1896 creati
804 1840 936 1906 sint,
980 1848 1038 1893 ut
1067 1838 1166 1895 hos
1194 1837 1411 1894 ordines
1440 1837 1659 1893 malitia;
1699 1837 1961 1892 sortiren—
1988 1864 2036 1927 Β
2062 1846 2284 1914 nostris,
2318 1842 2491 1899 vicina
2514 1843 2626 1912 jam
2648 1842 2788 1909 luce,
2819 1850 3126 1913 torporem,
3164 1853 3229 1895 ac
3260 1839 3517 1909 deinceps
3543 1852 3645 1908 pa-

373 1940 484 2001 tur,
515 1941 568 1989 et
597 1930 827 2004 quodam
869 1928 1032 1986 modo
1062 1929 1186 1985 huic
1216 1929 1470 2000 nequitia:
1493 1928 1825 1984 militarent?

903 2086 1133 2144 CAPUT
1173 2084 1419 2142 XXXIV.

470 2203 669 2259 Dilatio
696 2219 847 2259 super
876 2200 1198 2257 absolutione
1229 2199 1511 2271 proposita:
1540 2197 1860 2269 quastionis.

440 2319 710 2376 Serenus:
756 2318 1096 2388 Quamquam
1128 2315 1525 2386 propositiones
1557 2324 1753 2370 veStra:
1787 2321 1957 2369 totum

2062 1938 2195 1995 riter
2224 1936 2292 1992 ad
2331 1934 2619 1992 ecclesiam
2651 1931 3028 2005 procedentes,
3059 1939 3085 1969 ³
3116 1929 3368 2002 quoniam
3400 1944 3497 1985 nos
3537 1928 3647 1986 hoc

2060 2032 2240 2087 lacere
2267 2027 2557 2085 Dominicae
2582 2026 2690 2083 diei
2716 2024 3035 2083 solemnitas
3064 2030 3404 2089 commonet,
3431 2023 3649 2079 reversi

2061 2123 2090 2165 δ
2119 2131 2241 2195 post
2268 2121 2497 2194 synaxin
2519 2162 2535 2188 ,
2570 2135 2633 2177 ea
2661 2134 2782 2191 quae
2834 2118 3096 2174 Dominus
3121 2117 3187 2172 ad
3232 2117 3645 2173 instructionem

2062 2231 2405 2274 communem
2436 2229 2534 2287 pro
2559 2212 2836 2271 desiderio
2871 2219 3056 2269 vestro
3084 2211 3306 2283 largitus
3329 2209 3507 2278 luerit,
3537 2209 3644 2266 du-

2061 2310 2260 2382 plicato
2281 2307 2479 2380 gaudio
2507 2304 2871 2362 conferamus.

1431 2428 1686 2485 ALABDI
1725 2426 1961 2484 GAZEI
1999 2420 2575 2483 COMMENTARIUS.

444 2535 473 2564 ι
502 2525 704 2594 Nempe
734 2524 801 2578 ad
829 2524 1117 2580 ecclesiam
1141 2522 1461 2594 procedere.
1494 2521 1554 2577 Id
1582 2521 1728 2582 enim
1752 2521 1954 2578 solem-

373 2610 443 2652 ne
471 2596 639 2652 l'uisse
681 2596 844 2650 etiam
874 2595 1067 2665 priscis
1093 2594 1372 2650 monachis
1395 2604 1450 2665 et
1477 2594 1855 2665 anachoretis,
1896 2599 1955 2646 ut

372 2668 643 2723 dominico
671 2666 762 2721 die
789 2665 855 2720 ad
876 2663 1172 2721 ecclesiam
1198 2664 1570 2726 convenirent,
1608 2664 1718 2734 jatn
1743 2663 1952 2733 pridem

373 2741 427 2793 in
455 2737 608 2793 libris
637 2736 1036 2792 lrtstitutionum
1062 2735 1385 2791 notavimus.
1418 2735 1753 2792 Sozomenus
1778 2734 1873 2790 lib.
1901 2747 1953 2789 vt

372 2824 491 2873 Cap.
524 2808 588 2864 ’51
624 2807 693 2869 ὼ
721 2807 995 2862 Monachis
1045 2807 1229 2862 Nitriae
1258 2822 1453 2876 agens:
1487 2803 1834 2866 Conveniunt,
1873 2804 1956 2859 in-

370 2878 487 2949 quit
502 2894 697 2944 ,omues
716 2879 770 2931 in
800 2894 981 2949 unum,
1006 2886 1053 2931 et
1076 2879 1241 2949 primo
1262 2893 1322 2931 ac
1344 2886 1601 2949 postremo
1632 2877 1716 2931 die
1736 2891 1955 2929 conven-

372 2947 480 3003 tum
518 2949 792 3003 celebrant.
828 2947 979 3013 Quod
1012 2950 1055 3003 si
1077 2947 1211 3017 iquis
1260 2950 1395 3015 {orte
1432 2947 1593 3015 absit,
1622 2963 1736 3002 eum
1780 2949 1956 3001 abesse

370 3020 527 3090 plane
553 3019 769 3072 invitum
790 3028 1007 3090 constat,
1032 3023 1109 3073 vel
1129 3018 1452 3090 aﬂlictatione
1476 3018 1651 3090 aliqua
1677 3018 1755 3090 uel
1780 3018 1954 3090 inorbo

372 3088 741 3160 prtepeditunt,
779 3098 886 3144 etc.
942 3088 1230 3144 Cassianus
1260 3088 1389 3143 item
1415 3089 1695 3144 collation.
1739 3089 1803 3142 l8
1833 3101 1952 3160 cap.

372 3157 442 3216 15
469 3157 652 3216 narrat
695 3162 746 3231 in
778 3163 892 3230 ipsa
939 3175 1124 3215 eremo
1167 3160 1525 3231 Paphnutium
1573 3175 1696 3215 cum
1740 3157 1957 3231 caneris

371 3232 652 3287 monachis
682 3230 772 3286 die
813 3231 1084 3285 dominico
1110 3231 1176 3285 ad
1217 3230 1501 3286 ecclesiam
1548 3230 1880 3287 processisse
1925 3244 1956 3284 e

370 3302 530 3398 cel-la:
563 3300 698 3357 Vide
736 3302 1082 3357 collationem
1108 3302 1180 3357 25
1207 3316 1330 3373 cap.
1358 3300 1425 3357 2i
1453 3344 1468 3367 ,
1518 3300 1611 3357 ubi
1654 3300 1724 3357 de
1753 3300 1851 3356 hac
1897 3314 1956 3356 re
1983 3334 2029 3398 ϐ

371 3373 588 3499 “inde
614 3443 801 3515 synaxi
822 3442 1060 3498 diximus
1082 3444 1243 3515 etiam
1267 3442 1375 3498 alio
1394 3443 1519 3498 loco
1546 3441 1683 3515 (Lib.
1716 3457 1751 3497 ll
1775 3440 1951 3497 Instit.

372 3531 488 3584 cap.
534 3513 721 3579 l0,’et
748 3514 875 3568 alibi
914 3513 1159 3585 passim).
1208 3513 1394 3570 Potest
1436 3513 1617 3568 autem
1664 3514 1751 3569 hic
1786 3514 1955 3584 accipi

2057 2534 2155 2591 pro
2198 2526 2473 2591 conventu
2513 2531 2610 2573 seu
2655 2512 3079 2591 congregatione
3137 2511 3528 2591 monachorum
3572 2509 3647 2591 ad

2055 2580 2341 2653 orandum,
2366 2588 2686 2656 divitiasque
2710 2580 2899 2641 laude's
2923 2584 3015 2639 die
3037 2583 3309 2656 dominico
3334 2582 3387 2636 in
3416 2580 3647 2637 ecclesia

2055 2660 2441 2718 celebrandas:
2470 2659 2555 2714 vel
2585 2653 2684 2727 pro
2704 2658 2885 2712 missae
2910 2653 3199 2727 sacriﬁcio,
3228 2662 3285 2708 et
3311 2667 3464 2727 sacra
3492 2666 3647 2706 com-

2057 2734 2335 2798 munione,
2367 2745 2528 2800 quam
2556 2724 2635 2784 illi
2668 2726 2879 2800 diebus
2903 2725 3189 2800 dominicis
3239 2724 3529 2800 percipere
3555 2738 3649 2800 so-

2057 2802 2159 2868 liti,
2194 2812 2253 2858 ut
2282 2793 2535 2857 suo'loco
2565 2799 2773 2854 dicetur
2804 2795 3135 2868 (Collat._25
3183 2812 3305 2868 cap.
3350 2793 3506 2868 ηιμ),
3554 2793 3648 2868 Sic

2057 2863 2201 2945 apud
2233 2863 2947 2945 PalladiumlLausiaffiil),
2984 2866 3153 2922 Abba:
3183 2863 3519 2945 Hellaspenit
3544 2864 3647 2945 ali-

2061 2936 2272 3015 quando
2294 2942 2363 2997 ad
2384 2936 2633 3015 quosdam
2661 2936 2962 3015 monachos,
2991 2949 3037 2992 et
3060 2952 3175 3015 cunt
3201 2947 3327 2992 esset
3354 2936 3462 3015 dies
3481 2936 3648 3015 domi-

2066 3005 2233 3082 nicas,
2266 3005 2407 3070 dixit.
2423 3015 2494 3068 eis
2523 3029 2541 3067 :
2571 3011 2674 3067 Cur
2709 3011 2861 3065 hodie
2892 3025 2993 3062 non
3030 3009 3203 3082 egistis
3241 3005 3522 3082 synazim?
3564 3021 3648 3082 re:

2056 3076 2371 3155 sponderunt
2402 3102 2417 3139 :
2449 3083 2526 3138 Eo
2573 3083 2711 3154 quod
2742 3098 2855 3155 non
2901 3076 3093 3155 venerit
3148 3076 3431 3150 presbyter.
3483 3076 3642 3155 Apud

2058 3149 2278 3214 Graecos
2323 3149 2618 3225 scriptores
2646 3153 2870 3209 verbum
2900 3149 3227 3225 συνάγεινέέ
3257 3149 3640 3225 quosynattis,

2060 3229 2332 3298 duplicem
2382 3218 2609 3281 sortitur
2657 3218 3127 3295 signiﬁcationem.
3159 3220 3313 3298 _N_am
3372 3218 3645 3298 interdum

2063 3290 2281 3370 ponitur
2312 3312 2409 3368 pro
2436 3290 2761 3370 conventuin
2792 3307 2973 3370 agere,
3004 3308 3098 3370 seu
3124 3290 3336 3370 plebem
3366 3290 3444 3345 rei
3475 3304 3646 3370 sacra:

2059 3360 2226 3426 causa
2253 3360 2619 3424 in'ecclesiam
2648 3360 2880 3437 cogere;
2905 3360 3173 3437 interdum
3200 3362 3265 3417 ad
3287 3360 3644 3437 communio-

2062 3457 2185 3497 nem
2233 3440 2541 3503 admittere,
2590 3431 2743 3508 quod
2761 3435 3092 3508 Aobservavit
3127 3433 3239 3489 Jac.
3285 3433 3473 3487 Billius
3498 3431 3593 3487 lib.
3628 3446 3646 3487 t

2062 3513 2346 3569 Olservat.
2380 3510 2533 3568 Sacr.
2565 3506 2685 3578 cap.
2715 3506 2805 3563 40.

1227 3757 1738 3865 COLLA
1763 3757 1926 3866 TI
1924 3760 2021 3864 Ο
2105 3758 2546 3867 ΟΟΤΑ
2576 3757 2819 3877 VA,

1432 3942 1589 4015 Qnte
1623 3944 1717 4004 est
1752 3941 2033 4007 secunda
2063 3942 2316 4006 abbatis
2350 3946 2593 4007 Sereni.

1367 4062 1451 4117 DE
1484 4061 1967 4117 PRINCIPATIBUS
2007 4064 2128 4117 SEU
2164 4065 2659 4121 POTESTATIBUS.

886 4352 1109 4409 CAPUT
1151 4351 1436 4410 PRIMUM.

445 4448 847 4506 Cousummatis
872 4462 992 4516 quae
1018 4446 1124 4501 diei
1149 4446 1464 4502 solemnitas
1490 4448 1762 4519 exigebat,
1794 4460 1847 4506 et
1867 4465 1956 4506 ec-

377 4546 561 4603 clesia:
592 4541 1013 4613 congregatione
1041 4539 1285 4607 dimissa,
1310 4540 1514 4596 reversi
1541 4541 1609 4596 ad
1638 4542 1832 4599 cellam
1864 4559 1954 4600 se-

2057 4355 2228 4427 cipiat
2253 4358 2595 4421 suavitatem,
2642 4355 2838 4427 quippe
2876 4357 3029 4427 cujus
3063 4365 3242 4412 tantus
3290 4366 3373 4414 est
3410 4359 3602 4411 tttudus
3628 4396 3644 4420 ,

2059 4455 2119 4502 ut
2148 4448 2234 4503 vix
2260 4447 2430 4517 ipsius
2453 4449 2685 4519 gutturis
2721 4448 3059 4518 fauciumque
3086 4459 3294 4506 meatus
3319 4462 3424 4503 non
3459 4448 3643 4505 dicam

2058 4539 2238 4605 linire,
2271 4540 2366 4596 sed
2407 4540 2739 4610 pertransire
2764 4539 3034 4602 sufﬁciat;
3065 4539 3161 4594 sed
3193 4550 3251 4595 ut
3280 4539 3381 4595 hoc
3420 4554 3519 4595 usu
3546 4540 3636 4609 ja—

378 4640 483 4701 nis,
532 4635 720 4692 reiecti
763 4633 995 4703 primum
1040 4631 1343 4687 lautissime
1371 4647 1579 4688 sumus.
1623 4633 1756 4689 Nam
1802 4644 1827 4673 τι
1859 4650 1956 4706 pro
2056 4632 2313 4687 ctantiam
2362 4632 2574 4697 cordis,
2625 4648 2745 4702 qua:
2788 4647 2886 4703 pro
2929 4632 3250 4689 abstinentia
3306 4632 3642 4689 districtiore

377 4728 552 4784 muria
576 4741 694 4797 qua-
716 4724 1016 4794 superiecta
1035 4722 1140 4778 olei
1162 4730 1308 4792 gutta
1329 4723 1652 4793 quotidianae
1674 4725 1954 4784 refectioni
1990 4768 2037 4797 η
2060 4723 2259 4780 blande
2286 4725 2427 4780 solet
2447 4740 2509 4780 ac
2533 4725 2761 4781 latenter
2801 4726 3061 4796 irrepere.
3088 4735 3145 4783 et
3164 4726 3415 4781 stimulos
3438 4725 3639 4781 elatio-

376 4819 584 4876 solebat
607 4815 825 4886 apponi,
860 4812 1132 4868 modicum
1166 4812 1481 4884 liquaminis
1510 4816 1747 4886 miscuit,
1770 4828 1826 4874 et
1849 4821 1952 4876 olei
1985 4812 2033 4829 ν
2059 4818 2144 4874 nis
2172 4817 2476 4873 obtundat:
2501 4818 2627 4888 quia
2648 4827 2849 4889 quanto
2869 4819 3192 4875 abstinentia
3221 4818 3334 4888 ipsa
3366 4817 3641 4873 occultius

376 4909 631 4980 quiddam
685 4905 845 4961 solito
890 4905 1211 4974 propensius
1253 4905 1580 4976 superfudit.
1626 4906 1758 4962 Nam
1808 4908 1951 4966 illam
2061 4920 2367 4978 exercetur,
2403 4911 2659 4983 nulloque
2689 4911 2967 4968 hominum
2999 4920 3137 4969 teste
3159 4910 3459 4981 perﬁcitur,
3487 4920 3641 4966 tanto

376 5002 480 5056 olei
511 5010 715 5071 guttam
746 4998 815 5052 ob
842 4997 945 5051 hoc
982 4996 1347 5067 unusquisque
1374 4999 1619 5068 quotidie
1649 5001 1957 5058 retenturus
2057 5002 2309 5058 subtilius
2348 5004 2735 5060 occultatoretn
2778 5020 2938 5061 suum
2991 5012 3208 5061 tentare
3256 5017 3362 5058 non
3410 5003 3640 5061 desinit.

375 5093 620 5159 instillat,
650 5105 756 5145 non
781 5100 837 5144 ut
860 5089 976 5159 ejus
1005 5103 1067 5144 ex
1110 5089 1213 5146 hoc
1248 5090 1481 5160 gutturis
1504 5092 1792 5162 quamdaln
1827 5109 1954 5165 per-
2061 5094 2088 5137 δ
2116 5096 2320 5154 Deinde
2342 5099 2591 5169 apposuit
2620 5097 2790 5154 salem
2821 5096 3061 5165 lrictum,
3086 5098 3260 5155 olivas
3289 5106 3490 5166 ternas,
3524 5098 3645 5168 qui-

1442 5227 1571 5283 ALA
1584 5228 1697 5285 RD]
1736 5230 1965 5290 GAZIEI
1998 5232 2573 5292 COMMENTARIUS.

450 5329 593 5405 'ADe
636 5324 826 5405 muria.
861 5320 1260 5405 hqchIsidorus
1300 5321 1607 5405 .(Etymplg
1634 5324 1954 5405 aliquarum
2063 5336 2171 5405 est,
2212 5327 2616 5405 liquat:_e;t;_sale
2651 5327 3461 5405 resolutus,“quant-salutarium
3489 5328 3641 5405 vulgo

382 5396 577 5455 dictum
604 5415 664 5452 eo
688 5394 826 5465 quod
855 5393 1014 5468 soluti
1038 5393 1091 5468 in
1117 5393 1425 5468 salsuginem
1456 5393 1691 5468 pisciculi
1716 5393 1952 5449 eumdem
2064 5393 2287 5468 dicimus
2318 5397 2555 5452 :Callice
2584 5413 2860 5455 saumure.
2893 5393 3099 5453 Plinius
3126 5397 3221 5454 lib.
3249 5413 3377 5454 xui
3407 5414 3527 5468 cap.
3560 5393 3595 5455 8
3623 5419 3635 5452 :

382 5473 646 5549 (tumorem
671 5463 1356 5549 liquant.[Alsliuq‘uantL
1382 5466 1532 5549 cujus
1581 5467 1748 5547 liqupr
1774 5468 1953 5549 appet.
2060 5466 2254 5549 auria,
2281 5470 2384 5549 size
2411 5468 2621 5549 salsugo
2664 5470 2871 5549 spissat,
2916 5468 3137 5549 mordet,
3163 5477 3430 5549 extenuat,
3458 5463 3635 5549 siccat.

380 5545 517 5596 lntur
541 5533 774 5616 salsugo,
806 5533 1117 5616 vel—inuria;
1126 5533 1345 5616 Proprie
1372 5533 1544 5616 autent
1571 5533 1734 5616 muria
1765 5533 1955 5591 dicitur
2059 5536 2287 5592 Mariam
2309 5533 2496 5616 Festus
2526 5533 2804 5616 Pompeius
2832 5554 2895 5616 ea:
2930 5533 3175 5616 verantni
3202 5540 3452 5616 sententia
3482 5541 3639 5594 inter-

379 5628 539 5681 aqua,
576 5604 1011 5681 sul_e'commi.rta,
1037 5604 1319 5681 effectaque
1348 5608 1580 5681 g_ustu_in
1610 5605 1820 5681 multum
1847 5623 1957 5681 ma-
2058 5618 2291 5681 pretatur
2316 5611 2475 5663 salem
2503 5604 2797 5681 sordidum,
2832 5609 2886 5662 in
2927 5608 3035 5679 pila
3061 5610 3270 5680 pistum,
3314 5618 3361 5664 et
3397 5610 3449 5663 in
3478 5610 3640 5664 ollam

379 5675 475 5757 ris.
501 5681 627 5757 llaec
651 5677 924 5757 lsitlorus,_
940 5691 1001 5729 ex
1024 5691 1128 5757 quo
1151 5675 1468 5757 Atnhrusius
1490 5675 1774 5757 Calepinus
1799 5678 1955 5757 paulo
2059 5675 2268 5757 ﬁctilem
2288 5682 2592 5751 conjectum,
2623 5675 2793 5749 ibique
2818 5675 3074 5751 opertum,
3095 5687 3488 5751 gypsatutnquc,
3516 5691 3563 5736 et
3584 5682 3635 5735 is

383 5751 625 5808 clarius:
665 5746 865 5811 Muria,
912 5745 1104 5817 inquit,
1136 5762 1315 5817 genus
1341 5745 1662 5817 liquaminis,
1710 5745 1849 5815 quod
1894 5763 1958 5803 ea:
2061 5745 2217 5815 turno
2242 5745 2555 5815 percoctum.

385 5826 582 5891 thumw
617 5818 758 5893 pist‘c
786 5814 1166 5885 conﬁciebatur.
1200 5814 1401 5871 Dicitur
1429 5816 1582 5872 ctiam
1608 5814 1839 5889 summa,
1863 5819 1958 5874 hoc
2064 5814 2069 5815 ν
2132 5817 2159 5861 ι’
2198 5814 2273 5876 Ita
2317 5820 2500 5890 legunt
2528 5820 2854 5879 vetustiores
2900 5818 3046 5889 libri,
3100 5820 3296 5894 quibus
3342 5819 3643 5892 Dionysius
