4012 6336
316 331 416 394 ται

926 334 1272 395 COLLATIO
1310 336 1444 396 Vill.
1474 368 1543 382 -
1576 339 1661 397 DE
1701 340 1891 399 Pille

1994 345 2224 407 \TIUUS
2262 348 2393 407 SEU
2438 347 2977 413 POTESTATIBUS.

3478 360 3587 422 ’ΠΩ

314 451 414 510 bus
436 457 564 522 post
592 450 711 508 haec
752 451 1100 523 superiutulit
1129 453 1423 509 canistrum
1466 454 1675 511 habens
1702 464 1727 492 ι
1753 456 1897 513 cicer
1926 466 1976 528 Α
2002 466 2118 513 tura
2146 460 2249 514 alia
2284 461 2466 532 poterit
2497 480 2588 517 nos
2618 479 2853 536 separare
2878 483 2911 520 a
2940 465 3188 524 charitate
3216 465 3317 525 Dei
3351 485 3469 542 quc
3514 484 3592 529 est

313 544 534 602 frictum
566 544 710 616 quod
737 544 813 600 illi
840 544 870 584 δ
900 545 1127 617 trogalia
1158 556 1373 613 vocant,
1410 564 1477 603 ex
1518 548 1713 619 quibus
1741 549 1902 619 quina

314 646 523 692 tantum
555 638 892 707 sumpsimus
924 652 1114 709 grana,
1140 647 1163 677 ο
1192 640 1430 713 myxaria
1459 640 1608 706 bina,
1636 638 1663 679 ἀ
1696 642 1904 698 caricas

315 729 580 801 singulas,
613 730 755 787 hunc
783 732 931 787 enim
974 746 1258 788 numerum
1288 732 1339 787 iu
1367 732 1459 788 illa
1491 749 1675 791 eremo
1711 750 1904 806 quem-

316 835 474 889 quam
508 820 809 879 excessisse
834 822 1102 894 culpabile
1134 832 1241 880 est.
1270 824 1383 891 Qua
1416 826 1709 883 refectione
1730 835 1906 883 trans-

317 923 459 979 acta.
486 915 816 985 promissam
864 918 1184 987 quaestionis
1211 918 1611 976 absolutionem
1652 935 1776 976 cum
1818 936 1906 978 re-

315 1022 546 1080 poscere
566 1008 943 1079 cepissemus,
968 1009 1239 1081 Proferte,
1264 1012 1439 1084 inquit
1458 1028 1647 1081 senex,
1672 1013 1906 1070 interro-

314 1100 588 1170 gationem
610 1107 868 1172 vestram,
890 1102 1045 1174 cujus
1068 1103 1119 1157 in
1143 1106 1281 1160 hanc
1303 1103 1493 1161 horam
1518 1104 1903 1164 distuleramus

316 1194 652 1265 indaginem.

949 1287 1177 1346 CAPUT
1215 1287 1281 1344 ll.

317 1376 565 1433 Secunda
606 1380 890 1451 propositio
933 1379 996 1435 de
1038 1381 1333 1503 diversitate
1372 1382 1719 1452 uequitiarum
1758 1383 1905 1439 caele-

1027 1468 1053 1503 s
1076 1468 1205 1503 sum.

387 1557 526 1615 Tum
554 1558 898 1618 Germanus:
922 1561 1099 1627 Unde.
1130 1578 1464 1636 quaesumus,
1490 1572 1636 1621 tanta
1666 1567 1903 1623 varietas

317 1655 752 1712 adversariamm
782 1665 1107 1729 potestatum
1129 1670 1317 1716 contra
1348 1660 1619 1716 hominem
1643 1676 1706 1717 ac
1724 1661 1906 1717 diver-

316 1748 451 1804 sitas
496 1750 597 1803 ista
631 1748 935 1819 processit?
973 1765 1105 1821 quas
1135 1750 1196 1806 Β.
1228 1750 1517 1823 Apostolus
1550 1753 1621 1807 ita
1659 1752 1903 1810 dinume-

2007 554 2062 607 in
2100 550 2305 607 Christo
2339 552 2466 609 Iesu
2507 554 2727 611 Domino
2770 568 2941 611 nostro
2989 557 3173 630 (Rom.
3224 561 3374 633 vni).
3433 560 3589 620 Unde

2006 658 2135 715 ergo
2169 654 2329 701 tantae
2359 647 2578 703 malitiae
2600 650 2791 704 aemula
2820 650 2975 706 nobis
3001 652 3227 709 emersit
3252 653 3592 710 adversitas?

2007 741 2091 793 An
2134 738 2201 794 ad
2228 739 2329 794 hoc
2369 750 2661 810 potestates
2696 743 2824 799 istas
2850 758 2878 797 a
2904 744 3131 800 Domino
3176 746 3423 803 conditas
3466 762 3590 803 esse

2007 831 2335 887 credendum
2357 842 2521 888 estut
2545 834 2627 890 liis
2647 846 2834 890 contra
2859 836 3127 894 hominem
3147 837 3406 909 gradibus
3429 847 3591 910 atque

2006 923 2287 979 ordinibus
2313 924 2648 982 militarent?

2615 1038 2842 1097 CAPUT
2880 1040 2971 1099 Ill.

2006 1148 2296 1223 Responsio
2317 1152 2380 1207 de
2403 1152 2676 1226 multiplici
2701 1172 2818 1212 esca
2842 1157 3231 1229 Scripturarum
3260 1170 3581 1215 sanctarum.

2078 1285 2315 1344 Serenus
2344 1305 2357 1342 :
2386 1288 2699 1345 llvinarum
2729 1289 3125 1363 Scripturarum
3167 1294 3484 1359 auctoritas,
3521 1298 3588 1347 de

2008 1379 2092 1435 his
2124 1380 2175 1434 in
2216 1378 2411 1450 quibus
2442 1395 2542 1436 nos
2570 1381 2740 1438 voluit
2768 1382 3008 1453 erudire,
3032 1386 3277 1455 quaedam
3308 1385 3472 1440 etiam
3500 1384 3584 1438 his

2006 1469 2099 1541 qui
2120 1472 2368 1526 acumine
2391 1472 2589 1543 ingenii
2616 1482 2806 1529 carent
2836 1484 2942 1529 tam
2981 1475 3156 1531 lucide
3194 1476 3583 1547 evidenterque

2006 1562 2166 1617 emata
2192 1571 2296 1630 est,
2328 1573 2387 1618 ut
2408 1580 2519 1619 non
2546 1565 2719 1619 solum
2744 1566 2887 1620 nulla
2918 1567 3235 1623 occultioris
3266 1583 3457 1623 sensus
3484 1567 3583 1623 ob-

2007 1663 2291 1710 scurentur
2334 1669 2428 1709 seu
2460 1655 2705 1710 velentur
2744 1657 2954 1724 umbra,
2997 1657 3090 1712 sed
3128 1673 3195 1714 ne
3220 1657 3333 1713 ullo
3358 1657 3577 1729 quidem

2009 1746 2308 1815 patrocinio
2352 1746 2814 1819 interpretationis
2860 1748 3159 1818 indigeant,
3188 1759 3241 1805 et
3267 1750 3321 1804 in
3350 1749 3582 1821 superli-

316 1850 401 1895 rat
426 1859 440 1894 :
471 1840 598 1895 Non
623 1851 696 1896 est
719 1841 863 1896 nobis
891 1842 1189 1897 colluctatio
1217 1843 1464 1898 adversus
1487 1856 1691 1899 carnem
1714 1854 1763 1899 et
1783 1861 1903 1899 san-
1934 1856 1980 1919 Β
2006 1840 2088 1895 cie
2136 1840 2283 1895 vocis
2323 1854 2386 1895 ac
2426 1840 2623 1897 littera:
2666 1854 2799 1895 suos
2835 1840 3139 1896 intellectus
3178 1856 3240 1897 ac
3285 1843 3583 1898 sententias

314 1934 544 2003 guinem,
568 1934 659 1988 sed
678 1935 919 1990 adversus
938 1936 1262 2006 principatus
1283 1945 1329 1991 et
1348 1945 1639 2009 potestates,
1659 1938 1904 1993 adversus

316 2028 499 2081 mundi
542 2039 788 2094 rectores,
834 2029 1153 2084 tenebrarum
1185 2033 1390 2098 harum,
1420 2040 1598 2086 contra
1638 2032 1899 2105 spiritalia

316 2120 562 2189 nequitiae
590 2120 641 2174 in
662 2118 945 2175 cclcstibus
969 2119 1197 2192 (Ephes.
1231 2123 1337 2193 v1).
1370 2122 1437 2178 Et
1466 2125 1659 2179 iterum
1685 2141 1699 2177 :
1722 2121 1901 2194 Neque

315 2213 512 2283 angeli,
541 2229 705 2283 neque
730 2214 1073 2283 principatus,
1110 2229 1272 2282 neque
1300 2214 1529 2283 virtutes,
1562 2230 1727 2287 neque
1753 2231 1899 2269 crea-

2003 1935 2315 2005 praet'erant.
2361 1934 2620 2003 Quaedam
2648 1950 2777 1991 vero
2808 1936 2877 1990 ita
2908 1943 3154 1990 contecta
3184 1944 3239 1991 et
3261 1936 3581 2006 quibusdam

2000 2026 2285 2083 obscurata
2330 2026 2605 2099 mysteriis
2648 2039 2805 2095 sunt,
2838 2029 2979 2085 utin
3009 2044 3195 2084 eorum
3240 2030 3582 2086 discussione

1998 2128 2053 2175 et
2079 2119 2359 2175 intellectu
2400 2119 2723 2175 immensum
2755 2120 2911 2175 nobis
2938 2120 3194 2176 exercitii
3236 2134 3483 2191 campum
3517 2134 3586 2174 ac

1996 2212 2381 2269 sollicitudinis
2426 2223 2788 2269 reservarem.
2820 2210 2993 2282 Quam
3042 2228 3158 2269 rem
3204 2214 3405 2270 multas
3438 2224 3463 2253 ο
3510 2215 3582 2270 ob

1380 2350 1633 2408 ALARDI
1672 2349 1908 2409 GAZIEI
1945 2349 2511 2409 COMMENTARIUS.

315 2440 631 2508 assentitur,
662 2448 718 2513 ut
746 2440 1017 2513 cuychius
1044 2442 1373 2498 observavit.
1405 2445 1473 2499 At
1496 2443 1589 2498 alii
1610 2444 1770 2498 etiam
1793 2459 1889 2499 ve-

316 2521 460 2567 teres
496 2525 633 2585 mss.
678 2512 759 2585 sic
800 2512 1038 2568 habent:
1074 2514 1325 2585 Apposuit
1363 2514 1469 2568 sale
1510 2514 1690 2585 frictas
1732 2515 1893 2569 olivas

318 2590 514 2636 ternas.
554 2583 687 2649 Quae
733 2584 893 2639 lectio
922 2583 1259 2649 plausibilior
1292 2593 1347 2639 et
1374 2583 1716 2640 commodior
1745 2586 1895 2641 vide-

316 2662 405 2726 tur
434 2670 448 2705 :
476 2668 639 2725 quam
662 2662 716 2709 et
740 2653 1076 2709 Lavardinus
1104 2653 1309 2726 Gallice
1331 2657 1409 2709 sic
1429 2659 1697 2726 expressit
1722 2673 1737 2712 :
1764 2655 1895 2711 Puis

317 2724 359 2795 il
371 2724 507 2795 noua
524 2740 721 2795 oppose
746 2725 778 2777 ὰ
804 2726 1006 2779 chacun
1033 2728 1156 2780 trois
1184 2725 1341 2780 olives
1371 2724 1514 2795 [rites
1542 2742 1660 2781 avet:
1699 2728 1767 2780 du
1797 2726 1892 2781 sel.

316 2793 572 2878 Alioquin
602 2793 1003 2878 interponenda
1053 2795 1239 2878 fuerat
1270 2793 1667 2878 conjunction,
1706 2798 1898 2878 distin:

315 2865 514 2939 ctionis
543 2881 725 2939 causa.
761 2865 829 2939 At
858 2883 1114 2939 quorsum
1163 2868 1242 2923 sal
1286 2865 1530 2923 seorsum
1561 2868 1773 2937 frictus,
1805 2869 1895 2925 ubi

314 2938 492 2992 muria
523 2938 712 2994 aderat
742 2938 1077 2994 salsissima?

390 3007 419 3038 ⁸
454 3006 637 3081 Qicer,
668 3010 919 3081 ἕρόϐινθος
948 3009 1157 3076 Grarce,
1181 3024 1353 3081 genus
1370 3020 1460 3081 est
1483 3011 1795 3081 leguminis,
1829 3011 1897 3068 de

315 3092 426 3150 quo
454 3075 665 3134 Plinius
692 3075 783 3135 lib.
839 3096 964 3136 svnt
1012 3075 1149 3150 cap.
1182 3075 1267 3137 ῙΞ.
1321 3075 1892 3137 (ἶίοει-ἰε”ηειιιιηέει

312 3151 461 3276 signi
494 3165 615 3205 cum
638 3151 943 3222 salsilagine
976 3169 989 3205 :
1015 3152 1133 3207 ideo
1164 3154 1336 3208 solum
1363 3152 1492 3220 urit,
1526 3167 1626 3207 nec
1658 3152 1758 3209 nisi
1782 3168 1894 3207 ma-

390 3220 588 3276 l'actum
616 3222 788 3276 nridie
816 3224 922 3276 seri
958 3231 1153 3276 netest.

390 3220 588 3292 [solum
616 3222 788 3288 pridie
816 3220 922 3278 seri
958 3231 1153 3292 petest.

382 3289 415 3329 δ
450 3294 738 3365 τρωγάλια.
774 3304 833 3348 ιιι
858 3289 1061 3349 notavit
1083 3293 1395 3365 Ciaconius.
1426 3293 1616 3349 Latine
1649 3293 1892 3361 bellaria,

312 3361 423 3436 hoc
447 3361 533 3419 est
552 3361 836 3430 dulciaria,
868 3374 923 3420 et
947 3366 1086 3436 gula;
1108 3364 1333 3420 delicias
1360 3379 1479 3436 esse
1506 3366 1694 3420 dicunt
1726 3366 1778 3420 hi
1806 3366 1895 3436 qui

372 3447 527 3508 ossas
567 3437 937 3504 scripserunt;
986 3435 1093 3508 sed
1128 3436 1199 3508 in,
1226 3451 1411 3491 eremo
1451 3435 1709 3508 Scythica
1750 3438 1897 3492 cicer

368 3505 536 3629 iam:
568 3508 848 3561 monachis
890 3522 987 3578 pro
1015 3507 1253 3563 bellariis
1282 3514 1424 3569 erat,
1459 3505 1669 3562 et'inde
1700 3507 1773 3561 ita
1802 3521 1897 3562 vo-

368 3590 377 3628 i
455 3592 486 3629 n
517 3613 532 3628 .

311 3584 532 3629 canant.

390 3655 415 3684 ε
454 3647 955 3725 μυξάρωΑάἰοιιῃως
974 3663 1144 3725 pruna
1167 3646 1513 3725 Damascenis
1535 3647 1764 3725 minora,
1790 3665 1892 3725 nu-

312 3714 437 3773 cleo
457 3714 1197 3790 intus'_triangulari.'Plinius
1225 3720 1319 3776 lib.
1362 3734 1456 3774 xm
1496 3734 1617 3789 cap.
1649 3719 1682 3773 5
1712 3714 1765 3776 et
1792 3719 1889 3775 lib.

313 3801 387 3841 xv
414 3802 532 3871 cap.
565 3787 649 3855 l5,
682 3787 796 3844 ubi'
816 3801 995 3847 tamen
1041 3805 1226 3862 myxas
1253 3800 1308 3846 et
1350 3805 1509 3860 myxa
1554 3787 1729 3859 iocat,
1787 3804 1891 3845 non

310 3873 696 4013 fz‘Ei-icas,
741 3946 845 3987 non
874 3946 1094 4005 carycas
1121 3948 1214 4003 per
1243 3950 1275 4013 ῃ
1305 3931 1597 4013 Graecum“:
1621 3940 1709 4013 est
1748 3931 1890 4013 enim

312 4008 513 4083 Carya
539 4003 1339 4083 condimentum_'e_x_sanguin_e
1379 4014 1433 4058 et
1462 4003 1622 4083 variis
1664 4004 1893 4083 lautitiis

307 4075 723 4148 conlectum,gu_t
746 4074 909 4148 habet
936 4074 1149 4148 S‘uidas,
1178 4073 1317 4144 quod
1342 4073 1717 4148 eiAxapuatsupti
1742 4073 1894 4129 Grae-

414 4141 612 4228 dicitur
640 4142 814 4228 (ςωικ
830 4144 999 4199 Rhod.
1027 4146 1117 4228 lib.
1149 4141 1299 4228 xiiii.
1322 4162 1369 4228 ο..
1552 4141 1739 4200 Car'ica
1762 4160 1890 4228 vero

305 4226 479 4287 genus
513 4215 665 4287 licus,
696 4216 868 4287 Syria:
898 4217 1190 4287 peculiare.
1226 4216 1427 4271 Plinius
1455 4215 1660 4272 lib.xtn
1683 4232 1803 4283 cap.
1833 4216 1885 4270 5:

308 4283 473 4359 Syria
500 4283 787 4352 peculiares
806 4283 957 4341 habet
984 4287 1193 4341 arbores
1217 4288 1434 4355 ﬁcorum
1462 4303 1643 4359 genere
1669 4290 1887 4359 caricas,

305 4365 355 4407 et
382 4356 609 4426 gninores
637 4359 750 4425 eius
770 4360 968 4426 generis
992 4374 1105 4425 quis
1133 4367 1321 4411 cutana
1344 4356 1546 4412 vorant.
1573 4356 1763 4410 Cicero
1791 4357 1885 4411 lib.

305 4438 343 4477 tt
375 4424 454 4480 De
506 4424 887 4482 Divinatione:
925 4424 1051 4483 Cum
1101 4426 1311 4481 Marcus
1340 4426 1561 4483 Crassus
1604 4428 1886 4481 exercitum

304 4493 598 4570 Brundusii
634 4498 935 4570 imponeret,
966 4499 1176 4570 quidam
1206 4501 1257 4552 in
1288 4508 1439 4570 portu
1473 4499 1673 4570 caricas
1704 4496 1885 4552 Cauno

302 4566 549 4620 advectas
600 4570 838 4633 vendens,
885 4566 1114 4623 Cauneas
1159 4566 1480 4622 clamitabat.
1530 4567 1800 4623 Caeterum
1832 4571 1884 4623 in

1993 2443 2115 2498 cula
2158 2452 2211 2497 et
2234 2442 2455 2515 obsonia
2487 2444 2681 2515 quibus
2709 2457 2773 2515 se
2794 2458 3062 2515 suumque
3107 2442 3315 2499 socium
3348 2443 3578 2515 Germa-

1994 2529 2121 2569 num
2150 2528 2271 2569 cum
2302 2513 2733 2571 abbate'Sereno
2763 2513 2986 2584 hospite
3015 2514 3313 2569 lautissime
3341 2513 3576 2571 refectos

1996 2586 2201 2656 Auctor
2229 2586 2446 2651 asserit,
2470 2600 2591 2656 qua:
2619 2586 2797 2640 omnia
2821 2586 3146 2654 compendio
3177 2594 3391 2641 notasse
3416 2586 3576 2655 juve-

1996 2657 2088 2711 rit.
2116 2655 2354 2711 Primum
2382 2655 2641 2713 ferculum
2670 2658 2864 2723 muria,
2890 2671 3048 2725 quam
3072 2656 3233 2727 vulgo
3260 2657 3577 2712 salmuriam

1995 2741 2272 2781 vocamus.
2302 2727 2629 2795 Secundum,
2660 2728 2929 2782 modicum
2951 2728 3079 2791 olei,
3106 2726 3222 2781 sive
3246 2726 3552 2795 liquaminis

2036 2773 3577 2869 {.33"g;.1;.‘;i;:;;.1t.;.signatis;ranam

2023 2868 2205 2939 rictus.
2239 2868 2718 2939 Quartum,roliv'.e
2750 2868 2937 2935 ternae,
2974 2868 3183 2924 scilicet
3223 2868 3275 2922 in
3306 2868 3573 2939 singulos.

1997 2937 2275 3012 Quintum,
2300 2940 2493 2996 ciceris
2521 2938 2663 3012 fricti
2697 2954 2863 3012 pauca
2885 2955 3074 3012 grana.
3094 2940 3350 3012 Sextum,
3390 2937 3578 3009 myxa-

1995 3011 2098 3077 ria,
2132 3011 2183 3065 id
2207 3021 2309 3072 est.
2340 3025 2510 3082 pruna
2534 3010 2655 3065 bina
2687 3010 2743 3065 in
2774 3010 3055 3082 singulos.
3083 3010 3404 3082 Septimum,
3435 3012 3579 3082 eari-

1995 3094 2095 3153 cze,
2127 3082 2241 3138 sive
2262 3079 2393 3137 licus
2422 3084 2647 3153 singula:
2666 3079 2911 3152 singulis.
2940 3079 3310 3153 Quibus'serio
3337 3079 3577 3136 conside-

1997 3152 2161 3219 ratis,
2208 3154 2480 3223 perpende
2512 3150 2777 3222 quantum
2815 3153 2956 3223 inter
2987 3154 3107 3223 haec
3127 3162 3180 3205 et
3208 3150 3311 3223 illa
3329 3160 3576 3223 tempora

1997 3231 2055 3277 et
2081 3221 2257 3279 mores
2282 3221 2513 3278 intersit.
2543 3224 2655 3292 Qua
2675 3223 2745 3277 de
2769 3238 2827 3277 re
2848 3222 3050 3293 videi).
3078 3221 3337 3277 Bernard.
3366 3222 3419 3293 in
3440 3236 3578 3293 apo-

1922 3260 1969 3325 C
2002 3260 2609 3363 log'iavadaGu‘iLliglmuin
2637 3294 2905 3348 abbatem.
2948 3291 3048 3363 Ubi
3081 3294 3221 3347 inter
3246 3292 3455 3363 aliasic
3474 3260 3578 3347 lex-

2001 3362 2195 3419 clamat
2221 3382 2233 3418 :
2267 3364 2311 3417 0
2338 3376 2583 3436 quantum
2609 3365 2857 3436 distamus
2882 3363 2943 3417 ab
2965 3362 3159 3436 hirqui
3181 3364 3233 3416 in
3263 3362 3438 3436 diebus
3457 3362 3568 3436 An-

1999 3438 2131 3490 tonii
2155 3433 2390 3491 exstitere
2416 3434 2691 3491 monachi!
2729 3433 3000 3506 Siquidm
3021 3433 3100 3487 illi
3142 3450 3259 3486 cum
3284 3450 3336 3506 se
3365 3434 3575 3506 invicem

1999 3522 2090 3579 per
2108 3517 2316 3579 tempus
2345 3525 2407 3563 ea:
2453 3508 2704 3579 charitate
2731 3503 3037 3579 retiisereut,
3076 3514 3223 3579 tanta
3270 3503 3331 3556 ab
3361 3504 3574 3579 invicem

1998 3574 2244 3631 aviditate
2288 3595 2473 3648 panem
2517 3578 2803 3648 animarum
2846 3574 3213 3648 percipiebaut,
3256 3582 3310 3624 ut
3343 3578 3572 3648 corporis

1997 3651 2163 3701 cibum
2203 3644 2408 3720 penitus
2451 3649 2621 3713 obliti,
2664 3646 2798 3720 diem
2837 3644 3132 3720 plerumque
3175 3654 3333 3720 totum
3358 3644 3572 3720 jejunis

1994 3712 2277 3784 ventribus,
2306 3721 2396 3775 sed
2424 3736 2526 3775 non
2556 3716 2806 3771 mentibus
2837 3712 3206 3787 transigerent.
3240 3712 3306 3766 Et
3349 3712 3433 3787 hic
3461 3724 3572 3767 erat

1992 3800 2162 3861 rectus
2187 3791 2334 3856 ordo,
2361 3789 2569 3861 quando
2598 3787 2821 3858 digniori
2843 3787 2979 3861 parti
3005 3784 3147 3853 prius
3184 3784 3567 3861 inserviebatur.

1999 3858 2125 3915 Harc
2150 3877 2348 3916 summa
2374 3858 2638 3924 discretio,
2662 3874 2779 3911 cum
2804 3859 3031 3925 amplius
3058 3858 3288 3910 sumebat
3318 3869 3432 3921 qua:
3458 3871 3570 3908 mo-

1983 3933 2076 4002 jor
2096 3941 2222 3985 erat.
2254 3930 2378 3986 Htec
2406 3934 2625 3999 denique
2654 3944 2773 3983 vero
2800 3928 3046 3997 Charitas,
3080 3928 3167 3980 ubi
3202 3926 3411 4002 animm,
3442 3943 3569 4002 qua-

1992 3997 2106 4056 rum
2134 4005 2383 4057 charitate
2414 3997 2646 4059 Christus
2672 4009 2903 4053 mortuus
2925 4009 3020 4066 est,
3056 4007 3199 4052 tanta
3224 3997 3570 4051 sollicitudine

1992 4075 2432 4143 refocillabantur.
2484 4073 2643 4127 Nobis
2684 4080 2855 4143 autem
2886 4068 3373 4143 convenientibusin
3404 4084 3568 4121 unum

1991 4138 2080 4212 (ut
2108 4145 2267 4199 verbis
2301 4144 2533 4215 Apostoli
2563 4142 2715 4212 utar)
2729 4146 2845 4215 jam
2879 4157 2981 4215 n_on
3007 4148 3081 4194 est
3113 4138 3436 4215 Dominicam
3469 4154 3570 4193 εω-

1989 4210 2111 4268 nam
2132 4218 2443 4299 manducare
2466 4214 2519 4299 (ζ
2539 4210 2714 4270 Corin.
2729 4210 2799 4266 'xt
2821 4213 2857 4281 ).
2885 4210 3086 4303 Panem
3107 4210 3568 4303 quippe'cqeltgtem

1989 4300 2136 4339 nemo
2164 4297 2237 4340 est
2261 4290 2347 4359 qui
2372 4278 2615 4359 requirat.
2640 4300 2783 4359 nemo
2807 4278 2895 4353 qui
2917 4278 3131 4359 tribuat.
3159 4278 3307 4359 Nihil
3331 4280 3395 4331 de
3418 4278 3562 4333 Scri.

1989 4304 2136 4339 nemo
2164 4304 2237 4340 est
2296 4305 2345 4341 ut
2372 4304 2615 4359 requirat.
2640 4304 2783 4339 nemo
2807 4304 2895 4353 qut
2920 4304 3131 4335 trwuat.
3159 4304 3201 4333 Π
3215 4304 3307 4333 mu
3331 4304 3395 4331 ut:
3418 4304 3562 4333 ac".

1988 4358 2180 4423 pturis,
2210 4304 2340 4412 nixil
2364 4359 2428 4411 de
2454 4360 2621 4411 salute
2651 4356 2822 4427 agitur
2842 4356 3172 4427 animarum_;
3199 4352 3287 4405 sed
3314 4365 3483 4427 nugis,
3517 4360 3566 4405 et

1986 4422 2143 4499 risus,
2170 4438 2217 4482 et
2242 4430 2393 4481 verba
2417 4422 2756 4499 proferuntur
2780 4426 2831 4475 in
2873 4432 3093 4476 ventum.
3130 4422 3275 4475 Inter
3302 4422 3565 4491 pranden-

1986 4497 2111 4551 dum
2135 4509 2379 4566 quantum
2411 4494 2582 4568 fauces
2613 4494 2853 4568 dapibus,
2884 4502 3080 4546 tantum
3108 4508 3257 4568 qures
3283 4501 3565 4568 pascuntur

1986 4553 2300 4639 rumoribus,
2332 4553 2531 4639 quibus
2574 4553 2707 4639 totus
2752 4565 2976 4639 intentus
3021 4553 3228 4639 modum
3260 4553 3462 4615 nescias
3508 4564 3563 4616 in

304 4635 466 4709 paria
514 4641 735 4709 regione
766 4632 921 4694 ticum
953 4641 1215 4709 ejusmodi
1261 4642 1482 4709 copiose
1524 4639 1669 4692 nasci
1720 4651 1881 4707 atque
1908 4640 1962 4701 D
1986 4640 2201 4692 edendo.
2239 4632 2455 4692 Interim
2484 4648 2652 4691 autem
2682 4632 3109 4709 ferculaferculis
3134 4642 3563 4709 apponuntur,“

301 4704 431 4781 inde
458 4704 655 4781 nomen
682 4710 908 4765 traxisse
928 4704 1115 4764 auctor
1135 4721 1219 4767 est
1240 4704 1454 4774 Strabo,
1486 4720 1541 4764 ut
1568 4718 1718 4764 nutat
1742 4704 1880 4781 Cuy-

508 4779 889 4860 Mirum-porro
915 4782 1058 4860 quod
1078 4782 1380 4860 hiedicitur
1408 4782 1645 4850 singulas
1675 4776 1879 4860 tantum

297 4850 514 4904 caricas
539 4850 765 4921 singulis
793 4850 1073 4906 monachis
1112 4852 1275 4907 fuisse
1305 4867 1614 4914 concessas,
1655 4862 1711 4907 et
1741 4854 1882 4908 hunc

297 4923 911 4992 numerumexcessisse
935 4923 1223 4992 culpabile,
1250 4923 1349 4977 nisi
1368 4923 1595 4991 junctim
1618 4936 1738 4976 cum
1763 4924 1881 4978 aliis

297 4990 440 5063 cibis
459 4991 808 5063 intelligatur.
830 4991 963 5047 Nam
988 4990 1050 5047 Π.
1075 4990 1432 5063 Hieronymus
1447 5007 1543 5061 pro
1562 5007 1754 5063 magno
1784 4995 1885 5048 mi-

295 5061 482 5133 raculo
508 5060 860 5132 ctsingularis
884 5064 1220 5119 abstinentiae
1241 5060 1488 5133 eitemplo
1507 5060 1695 5128 reteri,
1719 5064 1882 5119 etiam

293 5132 542 5204 adhibito
558 5133 887 5202 iuramento,
902 5134 1220 5189 monachum
1240 5132 1522 5204 quemdam
1545 5134 1781 5204 quinque
1797 5150 1883 5189 ca-

294 5203 427 5276 ricis
440 5205 493 5258 in
512 5202 633 5260 dies
646 5204 847 5260 vixisse
862 5222 876 5258 :
890 5206 1090 5269 Jesurn,
1114 5202 1285 5276 inquit
1308 5202 1363 5276 (1
1369 5222 1413 5269 ιι
1428 5204 1549 5258 Vita
1564 5202 1727 5258 Pauli
1752 5204 1881 5258 Ere-

289 5274 477 5343 nsitm),
514 5284 691 5347 testor,
722 5286 773 5330 et
792 5285 995 5347 sanctos
1018 5274 1227 5347 angelos
1257 5274 1387 5347 ejus,
1416 5277 1469 5347 in
1489 5292 1548 5329 ea
1561 5277 1715 5330 eremi
1734 5284 1882 5347 parte

288 5359 409 5415 quc
422 5347 579 5415 iusta
600 5346 811 5417 Syriam
828 5346 1107 5403 Saracenis
1114 5346 1379 5419 jungitur,
1399 5346 1584 5400 vidisse
1602 5363 1680 5400 me
1694 5346 1878 5401 mona-

287 5417 434 5471 chos.
444 5416 703 5471 deauibus
715 5433 851 5471 unus
862 5434 952 5471 per
965 5419 1175 5471 triainta
1187 5433 1348 5471 annos
1360 5417 1565 5471 clausus
1574 5416 1878 5471 .hordcaceo

288 5428 434 5480 chos,
444 5428 703 5540 aquibus
715 5433 851 5472 unus
862 5434 952 5489 per
965 5428 1175 5487 triginta
1187 5433 1348 5471 annos
1360 5428 1565 5471 clausus
1574 5428 1880 5481 ,hordcaceo

288 5502 427 5554 pane
446 5497 495 5540 et
547 5487 781 5570 utulenta
813 5504 953 5570 aqua
992 5491 1114 5570 uixit
1136 5504 1157 5544 :
1196 5488 1329 5542 alter
1360 5491 1414 5570 in
1443 5490 1665 5570 cisterna
1693 5489 1876 5570 exteri,

285 5557 639 5643 quamgentlili
648 5557 881 5643 sepimine
1228 5562 1671 5643 o-ocqnt,.quinque
1691 5560 1875 5641 caricis

287 5779 418 5840 post
440 5770 573 5826 solis
593 5785 845 5827 occasum
866 5771 1190 5827 comedisse.
1221 5770 1319 5825 llic
1346 5784 1507 5839 porro
1532 5773 1874 5827 animadver-

289 5848 373 5898 tat
403 5841 576 5899 lector
603 5849 847 5899 veterum
877 5841 1268 5897 monachorum
1298 5842 1558 5911 lautitias,
1604 5841 1721 5898 sive
1760 5843 1872 5897 ter-

1984 4724 2080 4779 pro
2117 4711 2243 4763 solis
2274 4710 2534 4771 carnibus,
2564 4726 2595 4760 a
2628 4700 2808 4776 quibus
2834 4700 3138 4779 abstinetur,
3165 4700 3430 4779 grandia-
3451 4704 3561 4779 pis-

1984 4771 2123 4833 cium
2164 4796 2384 4848 corpora
2429 4771 2778 4851 duplicantur.
2824 4771 3352 4851 Cumqueprioribus
3403 4773 3562 4851 fueris

1984 4852 2222 4915 satiatus,
2258 4842 2313 4905 'si
2352 4842 2599 4905 secundos
2645 4846 2896 4915 attigeris,
2944 4842 3192 4897 videberis
3221 4842 3310 4896 tibi
3340 4843 3559 4896 necdum

1983 4932 2215 4992 gustasse
2240 4922 2423 4993 pisces.
2464 4919 2633 4975 Tanta
2661 4919 2849 4988 quippe
2887 4918 3233 4977 accuratioue,
3266 4921 3314 4965 ct
3338 4920 3449 4993 arte
3474 4930 3560 4993 co-

1983 4986 2198 5060 quorurn
2226 4986 2409 5046 cuncta
2431 4986 2772 5062 apparentur,
2794 4997 3042 5062 quatenus
3060 4996 3281 5062 quatuor
3305 4992 3395 5062 aut
3412 4986 3560 5062 quin-

1982 5055 2082 5132 que
2109 5063 2318 5124 ferculis
2338 5055 2613 5125 devoratis,
2638 5055 2814 5133 prima
2827 5073 2928 5111 non
2948 5058 3227 5133 impediant
3256 5055 3555 5133 nouissima,

1983 5126 2074 5186 nec
2101 5134 2305 5188 satietas
2354 5135 2548 5188 minuat
2593 5126 2899 5202 appetitum.
2951 5127 3075 5183 Huic
3119 5126 3456 5202 Bernardusj
3491 5127 3559 5181 de

1979 5202 2431 5329 Cltgintceusibus
2475 5196 2675 5276 agens,
2706 5200 2797 5271 qui
2848 5208 3026 5253 tamen
3055 5214 3083 5253 a
3110 5196 3362 5253 carnibus
3390 5196 3558 5253 absti-

1979 5288 2049 5329 ne
2118 5290 2152 5329 n
2180 5316 2198 5329 .

1979 5285 2198 5331 nebant.

2056 5355 2080 5383 ⁸
2107 5343 2311 5403 Causas
2338 5346 2555 5402 easdem
2588 5342 2804 5400 tradunt
2834 5341 2925 5397 alii
2951 5341 3159 5409 Patres,
3186 5354 3283 5395 cur
3313 5338 3556 5408 Scriptu-

1979 5429 2095 5470 ram
2127 5432 2334 5473 sacram
2373 5418 2601 5472 voluerit
2644 5414 2787 5469 Deus
2828 5412 2880 5467 in
2928 5414 3111 5467 multis
3152 5410 3394 5479 partibus
3439 5424 3558 5464 esse

1978 5489 2286 5543 obscuram.
2307 5488 2369 5542 D.
2386 5487 2716 5557 Augustinus
2738 5484 2831 5539 lib.
2853 5498 2888 5538 tt
2910 5486 2975 5557 de
2994 5485 3245 5557 Doctrina
3260 5481 3555 5535 Christian.

1980 5571 2103 5630 cap.
2127 5560 2187 5611 (i:
2210 5553 2510 5630 Magniﬁce,
2534 5558 2724 5627 inquit,
2745 5554 3087 5630 etgsalubritcr‘
3102 5553 3331 5630 Spiritus
3353 5563 3555 5630 sanctus

1978 5622 2062 5701 ita
2080 5622 2620 5701 Scripturas'sanctas'
2637 5626 2964 5701 modiﬁcatiit,
2988 5635 3041 5677 ut
3069 5622 3553 5701 locisnpertioribus

1978 5698 2109 5767 fanti
2135 5694 2441 5765 occurreret,
2467 5698 2859 5753 obscuritatibus
2896 5706 3061 5767 autem
3089 5696 3297 5767 fastidia
3330 5694 3551 5767 deterge.

1978 5764 2075 5824 ret.
2111 5768 2263 5824 Nihil
2302 5764 2439 5823 enim
2484 5771 2590 5840 fere
2638 5768 2702 5823 de
2749 5764 3552 5840 illisAobscuritatibus‘eruitur.
3621 5805 3631 5833 ι

1976 5842 2116 5895 ouod
2139 5857 2242 5897 non
2272 5831 2572 5911 planissime
2593 5840 2788 5892 dictum
2815 5834 2943 5891 alibi
2969 5834 3273 5909 reperiatur.
3301 5835 3362 5889 D.
3387 5831 3550 5911 ϐιρδς
