4012 6336
435 307 541 365 π’)

394 424 543 482 ω.
566 420 876 480 videntibus
905 419 1222 477 intulerunt.
1252 414 1516 474 Nonnulla
1555 430 1685 473 vero
1711 414 1781 472 ad
1812 424 2014 472 utram-
2039 423 2097 487 Α

433 531 544 590 que
570 515 1003 588 perceptionem,
1053 513 1105 568 id
1130 520 1237 578 est,
1270 520 1375 567 tam
1408 509 1721 567 bistoricam
1752 522 1911 581 quam
1941 508 2020 564 al-

434 610 755 682 legoricam,
789 608 862 664 ita
892 605 1174 664 commode
1202 619 1264 660 ac
1290 603 1602 661 necessarie
1627 603 1939 674 capiuntur,
1964 610 2021 657 ut

432 710 667 773 utraque
697 699 1013 769 explanatio
1058 697 1250 753 vitales
1291 695 1490 751 anima:
1534 709 1725 756 succos
1753 691 2021 750 submini-

434 801 596 861 stret,
627 802 684 849 ut
711 801 792 848 est
820 791 983 857 istud,
1013 790 1076 844 Si
1099 789 1212 860 quis
1250 796 1297 842 te
1338 787 1643 861 percusserit
1683 786 1740 840 in
1789 785 2021 839 dextram

436 889 705 944 maxillam
734 897 891 954 tuam,
924 887 1090 957 prwbe
1127 886 1206 940 illi
1235 895 1284 940 et
1310 884 1525 940 alteram
1556 883 1783 957 (Matth.
1808 885 1897 953 v).
1931 883 2018 951 Et,

438 980 569 1037 Cum
598 991 972 1053 persequuntur
1000 995 1088 1034 vos
1116 980 1169 1034 in
1194 979 1395 1033 civitate
1427 979 1547 1047 ista,
1589 979 1747 1049 fugite
1765 978 1819 1031 in
1863 977 2021 1031 aliam

434 1071 666 1145 (Matth.
690 1087 725 1126 ι
747 1068 787 1141 ).
823 1071 910 1136 Et,
942 1071 1004 1127 Si
1026 1071 1099 1126 vis
1121 1070 1373 1141 perfectus
1394 1085 1521 1135 esse,
1544 1068 1695 1135 vade,
1723 1067 1882 1122 vende
1908 1083 2019 1122 omo

435 1165 526 1221 nia
552 1180 668 1237 qua:
694 1164 849 1219 habes
877 1173 921 1217 et
951 1165 1017 1218 da
1046 1163 1390 1235 pauperibus,
1423 1172 1469 1216 et
1497 1162 1700 1216 habebis
1727 1160 2023 1216 thesaurum

432 1257 489 1312 in
515 1258 643 1313 ctelo
663 1302 678 1327 ,
704 1267 752 1311 et
773 1258 905 1323 veni,
935 1273 1141 1327 sequere
1160 1272 1239 1311 me
1262 1254 1477 1327 (Matth.
1502 1254 1580 1327 ι).
1610 1254 1867 1310 Producit
1890 1267 2023 1309 sane

436 1361 495 1409 et
522 1350 707 1409 fenum
732 1350 1014 1421 jumentis,
1039 1349 1236 1420 quibus
1266 1348 1475 1420 pabulis
1503 1362 1693 1403 omnes
1717 1346 2024 1418 Scriptura-

439 1458 566 1501 rutn
593 1442 786 1514 repleti
819 1451 944 1497 sunt
971 1441 1178 1512 campi,
1205 1441 1503 1513 simplicem
1550 1441 1757 1496 scilicet
1803 1455 2023 1510 puram-

436 1550 547 1609 que
576 1537 942 1592 narrationem
973 1535 1244 1591 historica:
1284 1534 1556 1603 lectionis,
1589 1550 1691 1606 qua
1722 1534 2022 1604 simplicio-

436 1640 534 1685 res
578 1627 778 1699 quique
809 1643 869 1683 ac
899 1628 1078 1683 minus
1128 1642 1353 1698 capaces
1381 1627 1640 1698 perlectze
1691 1636 1747 1684 et
1794 1630 2019 1699 integra:

436 1721 691 1789 rationis,
720 1731 773 1777 et
799 1722 995 1792 quibus
1042 1721 1264 1787 dicitur,
1293 1720 1541 1776 Homines
1568 1732 1616 1775 et
1636 1723 1880 1793 jumenta
1909 1724 2021 1777 sal-

1483 300 1764 363 JOANNIS
1799 300 2117 362 CASSIANI
2151 297 2646 360 COLLATIONES.

3570 307 3666 372 τις

2731 409 2962 470 CAPUT
2999 411 3089 470 IV.

2124 506 2203 564 De
2254 506 2457 582 gemina
2498 506 2751 563 sententia
2800 522 2955 578 super
3003 504 3265 562 intellectu
3310 510 3669 582 Scripturarum

2749 587 3067 634 sanctarum.

2193 672 2557 743 Quamobrem
2583 670 2653 729 de
2681 670 2765 728 bis
2794 687 2916 743 quae
2948 682 3138 742 aperta
3166 672 3533 742 explanatione
3560 694 3672 749 pro-

2122 763 2231 821 lata
2252 773 2400 831 sunt,
2425 778 2524 819 nos
2552 778 2769 835 quoque
2798 773 3115 819 constanter
3144 778 3425 834 possumus
3444 767 3671 839 delinire,

2123 859 2495 930 audenterque
2538 868 2781 914 nostram
2810 856 3055 927 proferre
3092 858 3432 915 sententiam.
3460 861 3531 918 Ea
3558 879 3672 921 vero

2124 968 2243 1022 qua:
2270 952 2612 1007 meditationi
2644 960 2698 1006 et
2724 950 2990 1006 exercitio
3017 961 3204 1006 nostro
3232 966 3509 1010 reservans
3543 956 3678 1011 obte-

2125 1052 2211 1099 cta
2239 1043 2443 1099 sanctis
2468 1042 2770 1114 Scripturis
2797 1042 3032 1114 Spiritus
3057 1042 3272 1098 divinus
3301 1043 3539 1114 inseruit,
3574 1052 3678 1117 qui-

2125 1137 2349 1193 busdam
2379 1152 2441 1193 ea
2469 1138 2659 1193 volens
2697 1134 2914 1191 indiciis
2940 1142 2997 1191 et
3021 1135 3373 1205 opinionibus
3400 1137 3588 1208 colligi,
3616 1141 3678 1195 ita

2124 1228 2453 1299 pedetentim
2482 1226 2686 1283 debent
2715 1236 2980 1297 cauteque
3020 1226 3285 1291 conferri,
3318 1237 3375 1281 ut
3402 1229 3471 1282 sit
3507 1243 3679 1283 eorum

2125 1320 2356 1376 assertio
2378 1333 2473 1375 seu
2498 1319 2839 1374 conﬁrmatio
2862 1319 2913 1372 in
2936 1318 3262 1388 disputantis
3288 1318 3376 1374 vel
3402 1319 3678 1390 suscipien-

2126 1418 2198 1472 tis
2219 1415 2447 1472 arbitrio
2468 1415 2759 1472 collocata.
2791 1413 3211 1482 Nonnumquam
3232 1413 3376 1469 enim
3399 1428 3513 1469 cum
3534 1428 3679 1485 super

2129 1524 2234 1564 una
2271 1524 2331 1565 re
2359 1508 2572 1564 diversa
2605 1516 2886 1576 promatur
2922 1505 3218 1571 sententia,
3260 1514 3433 1576 potest
3476 1516 3679 1575 utraque

2125 1601 2465 1658 rationabilis
2480 1599 2737 1671 iudicari,
2761 1607 2817 1655 et
2838 1601 2956 1654 sine
2981 1598 3311 1655 detrimento
3335 1597 3455 1655 ﬁdei
3481 1598 3557 1654 vel
3587 1598 3681 1655 [ire

2127 1697 2213 1751 vel
2237 1694 2415 1752 medie
2438 1694 2663 1765 suscipi,
2690 1693 2743 1749 id
2764 1704 2868 1762 est,
2896 1703 2952 1748 ut
2978 1694 3057 1748 eis
3088 1707 3186 1748 nec
3206 1692 3363 1763 plena
3391 1692 3679 1761 credulitas,

436 1812 605 1880 vobis,
646 1784 905 1882 Domina
924 1812 1122 1867 Psalm.
1167 1784 1371 1883 sxsv),
1411 1784 1707 1869 secundum
1753 1820 1927 1869 status
1955 1828 2021 1870 ac
2052 1831 2101 1892 Β
2129 1807 2233 1892 "cf:
2261 1788 2508 1892 ξίδδίξιυω
2537 1787 2790 1843 rerum“)
2834 1787 3140 1892 (ξθρυιέίυτν
3164 1784 3446 1892 prium?”
3473 1800 3683 1857 “quem

434 1917 711 1961 mensura:
739 1919 852 1960 sua:
880 1905 1265 1975 conditionem,
1312 1905 1379 1961 ad
1423 1921 1559 1975 opus
1599 1914 1811 1961 tantum
1838 1915 1895 1962 et
1937 1906 2021 1961 la-

436 1994 627 2053 borem
675 1995 900 2053 actuali;
927 1997 1052 2054 vita:
1092 1996 1393 2069 vegetiores
1421 1997 1865 2071 robustioresque
1896 1996 2019 2056 red-

437 2086 656 2147 dantur.

2127 1886 2312 1956 opinio
2358 1882 2623 1954 derogare
2671 1896 2778 1937 non
2832 1880 3050 1947 debeat,
3097 1894 3219 1935 cum
3274 1888 3463 1936 neutra
3512 1893 3681 1934 earum

2128 1978 2252 2034 lidei
2284 1975 2597 2033 inveniatur
2637 1974 2934 2039 obsistere;
2979 1972 3142 2043 quale
3170 1980 3255 2027 est
3285 1970 3444 2037 illud,
3487 1979 3513 2009 ι
3555 1971 3681 2041 quod

2127 2070 2275 2126 Elias
2302 2067 2513 2124 venerit
2534 2067 2587 2121 in
2609 2066 2840 2131 Joanne,
2867 2074 2921 2119 et
2944 2065 3138 2125 iterum
3169 2062 3240 2117 sit
3266 2070 3392 2117 ante
3416 2059 3683 2116 adventum

2124 2161 2325 2219 Christi
2363 2167 2623 2216 venturus
2648 2156 2876 2227 (Matth.
2907 2155 3021 2219 ιι);
3059 2163 3116 2211 et
3150 2153 3178 2192 δ
3208 2154 3279 2211 de
3308 2152 3685 2211 abominatione

1508 2298 1761 2356 ALARDI
1798 2298 2036 2357 CAZAZI
2072 2295 2641 2357 COMMENTARIUS.

438 2425 489 2489 et
527 2418 624 2489 hoc
666 2419 849 2473 diebus
889 2417 1432 2489 singulisditerarent,
1470 2415 1727 2489 puerulos
1766 2418 1944 2489 pontis,
1972 2427 2024 2474 et

438 2488 691 2557 fructibus
742 2490 841 2545 sibi
884 2487 1019 2544 datis
1064 2487 1350 2553 alliciebat,
1390 2488 1691 2557 quibusdam
1731 2503 1795 2541 ea:
1829 2488 2023 2542 civibus

438 2574 556 2614 eum
577 2559 817 2615 insanum
844 2560 1214 2626 reputantibus,
1246 2558 1549 2629 quibusdam
1580 2573 1697 2612 vero
1738 2557 1928 2629 altiora
1957 2560 2023 2612 de

437 2643 501 2684 eo
521 2631 849 2687 sentientibus
880 2640 927 2685 et
953 2628 1296 2685 columbinum
1320 2629 1741 2698 prwsuntentibus
1770 2628 2023 2699 simplici-

440 2709 619 2773 tatem.
671 2700 812 2756 Nam
840 2701 1200 2773 pauperrimis
1249 2700 1465 2773 indutus
1514 2700 1824 2773 panniculis,
1868 2701 2024 2773 nudis

438 2771 655 2841 pedibus
698 2771 984 2835 incedebat,
1025 2773 1135 2826 sine
1177 2771 1791 2841 intermissioneorabat,
1841 2771 2021 2824 diebus

439 2840 656 2914 singulis
677 2859 777 2897 non
805 2852 923 2898 ante
943 2857 1201 2914 vesperam
1225 2842 1399 2914 cibum
1416 2840 1664 2914 suntebgt,
1694 2857 1880 2911 panem
1904 2858 2020 2895 vero

440 2909 699 2967 modicum
724 2922 774 2983 et
794 2930 983 2983 aquam
1005 2909 1201 2983 semper
1224 2911 1535 2965 comedebat.
1569 2909 1701 2966 Cum
1716 2921 1884 2964 autem
1910 2914 2019 2980 ejus

441 2982 585 3053 fama
617 2988 685 3037 ad
712 2982 1054 3053 Byzantinum
1083 2982 1523 3052 archiepisc0pum
1543 2984 1873 3051 pervenisset,
1905 2998 2022 3035 eum

441 3052 512 3108 ad
528 3070 582 3107 se
601 3052 885 3120 accersivit,
906 3064 955 3109 et
976 3070 1065 3107 cur
1088 3052 1213 3106 talia
1234 3053 1508 3106 clamando
1529 3069 1618 3119 per
1638 3053 1809 3106 urbem
1831 3054 2022 3105 circui-

439 3134 522 3195 ret
550 3126 840 3179 sciscitatus
880 3135 971 3179 est.
1005 3124 1097 3179 Cui
1126 3135 1331 3178 sanctus
1366 3123 1441 3195 vir
1475 3132 1785 3195 prwceptum
1815 3123 2023 3195 Domini

443 3194 509 3248 de
551 3210 702 3250 cruce
742 3196 993 3249 sumenda
1027 3194 1294 3265 confestim
1343 3192 1606 3265 allegavit,
1655 3209 1808 3259 quant
1837 3194 2025 3247 nedum

440 3266 637 3331 animo,
668 3268 757 3322 sed
786 3283 1001 3332 corpore
1027 3282 1082 3320 se
1119 3274 1436 3335 gestaturum
1479 3265 1704 3335 quotidie
1749 3265 2021 3336 disposuit,

439 3342 578 3404 quod
605 3338 651 3390 si
679 3338 945 3407 episcopus
993 3337 1045 3390 in
1076 3339 1187 3407 ejus
1230 3337 1327 3390 sibi
1370 3336 1561 3389 diocesi
1613 3336 1905 3407 denegaret,
1956 3336 2025 3388 ad

440 3403 858 3479 Oppidunt'ipse'
892 3423 1015 3461 mox
1062 3403 1210 3479 aliud
1255 3415 1571 3479 properaret.
1622 3403 1828 3479 Prtesul
1853 3416 2027 3460 autem

437 3476 685 3548 prudens,
716 3481 883 3532 sancti
930 3478 1234 3547 confessoris
1278 3486 1469 3530 rectam
1495 3476 1825 3548 intentionem
1853 3485 1903 3530 et
1936 3493 2023 3530 co-

441 3546 722 3621 lumbinam
752 3546 1132 3621 simplicitatem
1172 3547 1458 3621 attendens,
1489 3548 1534 3621 ei
1562 3546 1830 3617 prohibere
1860 3548 2027 3621 noluit

437 3620 581 3699 quin.
608 3618 932 3699 prepositum
972 3620 1322 3699 adimplere“;
1352 3620 1477 3699 quin
1509 3620 1664 3670 immo
1697 3618 1934 3699 rogavit,‘
1966 3626 2025 3672 ut

437 3686 666 3759 quotidie
692 3686 759 3741 ad
788 3707 934 3743 suam
968 3705 1194 3743 mensam
1230 3686 1537 3757 reﬁcien'dns
1574 3686 1855 3759 accederet.
1893 3686 2025 3742 Cum

438 3758 609 3831 autem
647 3760 899 3814 Nicotaus
927 3761 1298 3831 archiepiscopi
1323 3760 1572 3813 mandata
1604 3758 1940 3829 adimpleret,
1975 3768 2025 3813 et

436 3830 692 3901 civitatem
721 3848 783 3885 ea:
812 3846 953 3884 more
996 3829 1156 3901 Kyrie
1203 3829 1392 3883 eleison
1448 3831 1677 3901 clamans
1727 3839 1774 3885 et
1820 3846 2024 3883 crucem

437 3899 679 3972 bajulans
723 3918 836 3955 cum
883 3899 1063 3972 pueris
1107 3910 1425 3970 peragraret,
1472 3912 1584 3969 post
1620 3900 1740 3972 dies
1796 3902 2023 3955 modicos

435 3969 578 4039 febre
625 3969 921 4039 corripitur,
970 3982 1017 4025 et
1067 3972 1117 4024 in
1169 3969 1388 4039 hospitio
1437 3971 1711 4040 cujusdam
1742 3987 1803 4025 ea:
1830 3972 2025 4025 civibus

433 4040 622 4094 nobilis
670 4045 897 4095 maxima
928 4044 1191 4096 devotione
1220 4042 1495 4108 refovetur.
1550 4040 1651 4107 Qui
1693 4043 1760 4093 ad
1797 4052 2026 4097 extrema

434 4111 725 4174 deueniens,
759 4128 945 4182 pueros
971 4128 1090 4167 suos
1119 4112 1401 4182 advocavit,
1433 4122 1480 4165 et
1511 4127 1714 4182 crucem
1743 4129 1890 4165 suam
1922 4114 2025 4166 eis-

430 4182 550 4254 dem
592 4180 832 4245 tradens,
871 4184 1023 4254 eisin
1059 4181 1509 4254 nominepomini
1540 4180 1824 4254 benedian‘t,
1853 4186 2024 4254 sicque

428 4252 487 4304 in
519 4267 643 4320 pace
667 4254 907 4322 spiritum
941 4253 1161 4305 [lamina
1196 4251 1421 4305 reddidit
1450 4251 1483 4303 4
1514 4268 1675 4305 nonas
1710 4250 1893 4317 Junii;
1919 4250 2025 4307 sta-

429 4323 620 4389 timque
649 4341 680 4376 a
722 4323 913 4393 civibus
946 4323 1257 4376 unanimiter
1285 4322 1354 4375 ad
1395 4339 1508 4375 eum
1553 4324 1925 4393 conﬂuentibus
1953 4326 2022 4377 ad

429 4393 697 4446 ecclesiam
728 4391 794 4449 Β.
829 4393 1016 4447 Maria:
1061 4394 1350 4458 deducitur,
1396 4403 1441 4446 et
1481 4411 1511 4446 a
1548 4391 1745 4447 cunctis
1791 4396 2022 4449 certatim

424 4464 739 4533 irruentibus
771 4465 923 4532 pedes
970 4465 1084 4533 ejus
1124 4480 1249 4517 cum
1300 4465 1577 4517 reverentia
1631 4466 2013 4519 deosculantur.

427 4531 641 4605 ,δέοιμι
666 4534 730 4587 ab
773 4531 1163 4605 archiepiscopo
1193 4544 1239 4587 et
1280 4533 1472 4602 populo
1522 4551 1707 4605 corpus
1752 4533 2021 4605 Peregrini

2053 3234 2099 3297 (ἶ
2133 3234 2360 3321 άθνγθτο
2408 3234 2525 3319 Eli;

2130 2415 2379 2472 Christus
2405 2428 2677 2483 exponere
2703 2413 2771 2469 de
2797 2413 3004 2469 Joanne
3035 2412 3298 2483 Baptista,
3327 2421 3381 2468 et
3408 2411 3542 2483 hunc
3578 2418 3686 2468 eae

2132 2488 2328 2569 alliam,
2352 2482 2613 2569 qu‘i‘j’uua
2634 2485 2766 2540 illud
2794 2482 3685 2569 vaticinium’exspectapdusesset.

2130 2552 2566 2614 Proinde-Etiam
2594 2558 2705 2627 jam
2727 2557 2941 2611 venisse
2971 2556 3020 2609 in
3046 2552 3274 2623 Joanne,
3292 2562 3352 2627 ut
3378 2552 3681 2627 bic‘dicitur,

2130 2644 2234 2683 non
2259 2629 2491 2695 amplius
2512 2623 2818 2693 venturum,
2845 2642 2946 2681 nec
2974 2625 3419 2695 exspectandum.
3444 2623 3531 2695 Sic
3557 2625 3682 2678 enim

2129 2694 2365 2756 Mattluei
2397 2716 2449 2754 at
2487 2699 2556 2755 de
2601 2698 2812 2755 Joanne
2859 2694 3097 2767 Baptista
3145 2697 3411 2767 loquens:
3443 2694 3557 2767 Ipse
3592 2705 3686 2767 est,

2131 2774 2321 2842 inquit,
2355 2770 2502 2826 Elias
2524 2772 2612 2842 qui
2643 2779 2883 2824 venturus
2902 2763 3006 2842 est.
3039 2763 3243 2842 Rursus
3274 2779 3338 2842 et
3374 2763 3687 2842 expressius,

2132 2837 2365 2896 Ma'ttluei
2396 2837 3017 2907 svtt,'interrogantibus
3060 2837 3379 2909 discipulis:
3410 2837 3542 2903 Quid
3580 2852 3691 2909 ergo

2134 2912 2332 2967 Scriba!
2360 2913 2538 2967 dicunt
2567 2913 2702 2982 quod
2744 2910 2915 2982 Eﬁam
2960 2906 3215 2979 Oporteat'
3237 2912 3457 2978 primum
3502 2906 3692 2962 venire!

2133 2982 2467 3052 Respondeas
2514 2979 2589 3036 ait
2634 2983 2707 3037 eis
2738 2998 2752 3035 :
2782 2979 2930 3034 Elias
2975 2982 3179 3048 quidem
3225 2992 3465 3052 venturus
3500 2989 3603 3045 est,
3646 2986 3690 3030 et

2130 3050 2363 3109 restituet
2404 3057 2607 3119 omnia;
2637 3054 2753 3106 dico
2782 3060 2953 3105 autent
2978 3052 3137 3116 vobis,
3172 3051 3297 3122 quia
3328 3050 3472 3104 Elias
3487 3052 3594 3122 jam
3619 3064 3691 3101 ve-

2133 3125 2228 3189 nit,
2257 3136 2308 3205 'et
2336 3140 2454 3207 που·
2472 3132 2821 3207 cognoverunt
2856 3135 3163 3207 eumuetc:
3185 3120 3312 3189 'Qua
3360 3120 3690 3207 responsione

2569 3204 2761 3264 potest,
2791 3194 2857 3249 de
2879 3208 2984 3262 quo
3007 3193 3115 3248 Elis
3152 3194 3403 3264 loquatur
3428 3191 3687 3256 Dominus,

2573 3264 2851 3331 Tltesbite,
2883 3267 2972 3332 qui
3004 3264 3244 3317 creditur
3288 3271 3546 3318 venturus
3573 3270 3689 3332 ante

2131 3336 2427 3391 secundum
2454 3334 2655 3391 Christi
2685 3330 2997 3399 adeutum,
3022 3350 3088 3389 nn
3119 3335 3185 3407 de
3216 3333 3609 3407 mystico_E_lia_,
3637 3330 3687 3384 id

2132 3415 2236 3472 est,
2264 3407 2472 3461 Joanne
2502 3406 2737 3476 Baptista
2764 3419 3097 3475 praecursore
3126 3403 3360 3469 Domini,
3389 3403 3487 3476 qui
3501 3403 3689 3476 dicitur

2131 3476 2279 3547 Elias
2328 3478 2542 3547 spiritu,
2578 3472 2717 3546 'quia
2764 3472 2817 3529 in
2863 3476 3052 3547 spiritu
3098 3487 3173 3547 ιι⁸
3190 3477 3378 3547 virtute
3408 3472 3550 3547 Elite
3570 3472 3691 3526 venit

2129 3546 2296 3614 (Luc.
2328 3543 2398 3615 ι),
2431 3558 2557 3603 ante
2586 3543 3120 3617 primumiadventum
3144 3545 3380 3601 Domini.
3414 3545 3477 3600 Et
3507 3543 3690 3598 fatetur

2129 3617 2422 3674 Jansenius
2462 3614 2750 3689 (Concord.
2793 3614 2996 3688 Evang.
3045 3633 3161 3683 cap.
3212 3616 3428 3689 7,7)7de
3460 3626 3691 3689 ‘utroque

2133 3703 2291 3758 posse
2317 3685 2567 3757 intelligi.
2601 3686 2865 3743 Caeterum
2895 3685 2997 3742 etsi
3032 3689 3083 3741 in
3114 3685 3296 3742 verbis
3322 3685 3528 3742 Domini
3556 3701 3683 3758 nun-

2132 3756 2373 3831 iutllaisit
2392 3756 2747 3831 ambiguitas,
2761 3768 3013 3831 constans
3041 3768 3218 3813 tamen
3250 3760 3351 3813 luit
3377 3756 3689 3831 ortbodoso-

2130 3827 2249 3886 rbtn
2279 3830 2496 3885 Patrum
2520 3827 2810 3894 sententia,
2839 3830 3083 3899 adeoque
3110 3831 3418 3884 communis
3446 3827 3689 3899 Christia-

2130 3916 2321 3956 norum
2352 3901 2554 3970 opinio,
2587 3900 2758 3955 Eliam
2788 3896 3126 3969 prophetam,
3159 3900 3228 3955 de
3263 3915 3371 3969 quo
3400 3900 3451 3954 in
3475 3896 3685 3970 IV__Reg.

2129 3972 2271 4027 libro
2298 3967 2493 4042 agitur,
2531 3979 2654 4025 ante
2684 3967 2825 4026 diem
2863 3967 3049 4039 judicii
3094 3981 3161 4042 et
3186 3967 3482 4042 secundum
3502 3967 3689 4042 Christi

2130 4040 2415 4098 adventum
2445 4043 2621 4111 reipsa
2649 4056 2771 4097 esse
2802 4052 3101 4096 venturum.
3133 4041 3285 4111 Quod
3319 4052 3425 4096 tam
3466 4040 3604 4094 clare
3631 4052 3688 4091 ac

2129 4112 2414 4182 perspicue
2434 4127 2465 4168 e
2484 4110 2777 4181 scripturis
2798 4112 3089 4180 colligitur,
3111 4123 3166 4165 ut
3184 4110 3318 4167 citra
3343 4113 3686 4182 temeritatem

2128 4181 2287 4239 aliter
2312 4184 2543 4251 opinari,
2572 4192 2666 4237 aut
2692 4184 2742 4238 id
2770 4184 2821 4237 in
2852 4182 3072 4237 dubium
3104 4197 3361 4238 revocare
3387 4197 3490 4237 non
3520 4181 3687 4251 liceat.

2127 4254 2261 4309 Nam
2286 4248 2550 4324 inprimis
2579 4253 2895 4309 Malacbiam
2924 4253 2991 4324 de
3022 4253 3260 4309 secundo
3290 4256 3526 4324 adventu
3555 4248 3687 4324 loqui

2128 4318 2470 4381 manifestum
2500 4336 2601 4390 est,
2630 4324 2758 4380 dum
2798 4326 2911 4379 ait:
2943 4323 3228 4393 Antequam
3252 4327 3423 4379 veniat
3457 4323 3562 4377 dies
3589 4318 3689 4393 De.

2127 4396 2257 4466 mini
2285 4412 2502 4466 magnus
2538 4404 2588 4450 et
2634 4396 2893 4449 terribilis.
2927 4390 3389 4463 Quemadmodum
3429 4390 3683 4466 Joelis}:

2127 4463 2225 4522 Sol
2248 4460 2572 4537 conv'ertetur
2600 4466 2651 4519 in
2683 4460 3232 4537 tenebras,f'antequam
3263 4467 3433 4520 veniat
3456 4466 3559 4537 dies
3587 4460 3684 4537 ρο-

2126 4536 2257 4589 mini
2289 4552 2505 4605 magnus
2534 4544 2581 4591 et
2611 4536 2895 4591 horribilis.
2932 4531 3102 4592 Unde'
3128 4545 3183 4591 et
3219 4536 3379 4591 verba
3425 4531 3686 4590 Malacbite

2135 3197 2329 3250 merito
2351 3196 2545 3264 ambigi

429 4600 645 4674 Nicolai
674 4605 727 4658 in
756 4605 872 4670 ipsa
892 4600 1106 4658 ecclesia
1124 4600 1402 4674 honoriﬁce
1424 4600 1729 4669 tumulatur,
1762 4606 1849 4659 ubi
1876 4600 2013 4660 mul-
2038 4614 2095 4673 1)
2123 4605 2314 4661 Patres
2360 4600 2552 4662 omnes
2592 4607 2660 4661 de
2703 4622 2832 4662 vero
2864 4607 2977 4661 Elia
3004 4616 3056 4659 et
3095 4608 3161 4659 de
3197 4608 3437 4662 secundo
3462 4608 3684 4674 adventu

426 4673 681 4747 tis_signis
700 4674 932 4747 effulget.
963 4675 1087 4728 lltnc
1111 4676 1300 4730 Petrus
1328 4675 1626 4742 Equilinus,
1654 4676 1745 4747 qui
1766 4689 1815 4731 et
1847 4678 2007 4731 mira-

425 4743 547 4798 cula
570 4743 847 4816 nonnulla
870 4745 934 4816 ad
957 4756 1261 4816 contactum
1296 4747 1538 4815 corporis
1574 4743 1780 4816 patrata
1814 4762 2004 4802 recen-

423 4822 531 4871 set.
585 4813 828 4871 Meminit
869 4814 1111 4884 ejusdem
1159 4816 1361 4872 Nicolai
1395 4813 1701 4870 'Tranénsis
1747 4817 2006 4872 Baronius

424 4892 573 4959 tome
604 4886 891 4942 undecimo
924 4887 1205 4959 Annalium
1234 4885 1457 4959 (An._C.
1485 4886 1641 4959 1094,
1675 4887 1729 4941 in
1755 4888 1896 4959 line).

501 4956 611 5029 fin
658 4973 887 5029 numero
930 4956 1315 5029 quaestionum,
1362 4956 1429 5011 de
1464 4957 1671 5029 quibus
1702 4956 1865 5029 salva
1900 4958 2006 5015 lide

418 5022 672 5097 dubitare
693 5028 873 5092 liceat,
897 5022 962 5083 et'
978 5027 1287 5083 utramlibet
1302 5022 1516 5097 partem
1541 5028 1659 5084 sine
1682 5028 2005 5085 detrimento

418 5093 568 5169 ﬁdei,
603 5108 661 5151 ut
690 5098 787 5163 ait,
816 5110 870 5153 et
896 5097 1122 5153 alterius
1154 5093 1688 5169 partis—derogatione
1708 5100 1881 5168 sequi,
1912 5115 2006 5169 po-

416 5165 504 5239 nit
527 5168 633 5221 duo
659 5170 906 5239 exempla
928 5165 1242 5238 Scripturce,
1268 5165 1496 5224 alterum
1520 5168 1587 5225 de
1608 5170 1746 5235 Elia,
1775 5165 2000 5227 alterum

418 5234 490 5310 de
511 5234 914 5310 abominatione
939 5234 1311 5306 desolationis,
1342 5239 1407 5294 de
1436 5254 1537 5308 qua
1588 5251 1698 5295 tum
1727 5234 1866 5310 apud
1897 5242 2005 5297 Da-

415 5306 642 5385 nielem,
666 5320 776 5385 tum
799 5311 941 5385 apud
964 5310 1324 5385 evangeliStas
1348 5306 1541 5385 agitur.
1560 5310 1713 5378 Quod
1735 5306 1811 5385 ad
1830 5312 1999 5385 Eliam

413 5380 631 5457 attinet,
663 5380 950 5457 videtur_in
980 5380 1083 5436 hoc
1114 5380 1467 5457 quaestionem
1497 5380 1674 5457 lacere
1699 5382 2003 5457 problema-

416 5451 608 5522 tieam,
640 5462 818 5506 utrum
853 5451 997 5506 Elias
1030 5451 1446 5522 prOphctaante
1475 5454 1768 5506 secundum
1798 5452 2002 5507 adven-

414 5522 531 5571 tum
585 5519 793 5576 Domini
835 5532 1097 5576 venturus
1132 5519 1229 5576 'sit.
1264 5521 1396 5576 Nam
1446 5534 1733 5575 venturum
1781 5522 1994 5588 quidem

412 5591 671 5657 promisit
700 5591 860 5655 Deus,
890 5592 1163 5648 Malacltite
1195 5608 1246 5646 tv
1284 5610 1299 5646 :
1343 5590 1496 5657 Ecce,
1548 5609 1638 5657 ego
1670 5593 1817 5646 ntitto
1858 5595 1997 5648 vobis

412 5610 671 5656 prumtstt
702 5610 860 5655 ueus,
890 5610 1163 5648 malacum
1195 5610 1246 5646 tv
1284 5610 1299 5646 :
1343 5610 1496 5657 nece,
1548 5610 1575 5646 e
1610 5610 1638 5645 ο
1670 5610 1817 5646 mtuo
1858 5610 1997 5648 voots

412 5656 594 5713 Elian:
619 5659 939 5732 prophetam,
960 5665 1413 5731 antequamveniat
1430 5666 1537 5717 dies
1558 5610 1767 5717 gomini
1784 5681 1997 5732 magnus

412 5730 760 5807 e‘tuterribilis,
801 5742 851 5787 et
882 5730 1134 5789 convertet
1164 5750 1266 5807 corp
1286 5746 1491 5807 patrum
1529 5735 1597 5807 ad
1637 5735 1797 5801 ﬁlios,
1829 5730 1883 5807 et
1907 5752 1995 5788 cor

414 5794 645 5869 ﬁliarum
676 5801 744 5856 ad
772 5812 945 5873 patres
994 5819 1191 5860 eorum.
1242 5794 1314 5859 Δὶ
1360 5804 1502 5874 hunc
1553 5794 1731 5861 locum
1782 5794 1994 5861 videtur

2122 4676 2331 4748 Domini
2352 4679 2711 4748 communiter
2735 4677 3154 4748 interpretantur
3179 4677 3470 4748 (Chrysost.
3494 4676 3626 4728 hom.
3653 4672 3684 4728 ι

2110 4747 2165 4819 in
2188 4746 2231 4801 ll
2257 4748 2323 4819 ad
2350 4745 2606 4819 Thessal;
2632 4746 2784 4819 Hier.
2808 4747 2862 4801 in
2882 4745 3066 4819 c._xvtt
3092 4745 3221 4802 Matt
3251 4764 3269 4814 ;
3294 4745 3509 4819 August.
3534 4754 3674 4819 tract.

2112 4818 2145 4872 ι
2174 4819 2227 4870 in
2262 4818 2452 4882 Joan.;
2497 4817 2653 4889 Greg.
2687 4818 2775 4871 lib.
2806 4833 2858 4872 Ix
2903 4816 3094 4889 Horat.
3135 4813 3256 4889 cap.
3292 4813 3393 4886 4):
3420 4813 3679 4889 Secundo,

2111 4898 2303 4943 auctor
2335 4888 2693 4943 liccle-iastiei
2718 4903 2836 4957 cap.
2870 4903 3030 4944 vattt
3060 4888 3126 4944 de
3151 4888 3254 4945 bac
3278 4890 3391 4944 Elia
3421 4888 3673 4948 scribens,

2110 4966 2169 5030 e_t
2196 4959 2261 5012 ad
2295 4958 2570 5030 Malacbitc
2606 4961 2974 5014 testimonium
2999 4960 3262 5024 alludens,
3295 4968 3418 5030 post
3442 4960 3543 5013 alia
3572 4967 3676 5012 tan-

2111 5028 2232 5101 dum
2260 5029 2443 5101 subdit
2468 5046 2481 5082 :
2510 5030 2609 5095 Qui
2634 5032 2910 5101 inscriptus
2942 5040 3013 5101 est
3054 5032 3103 5083 in
3121 5028 3336 5101 judiciis
3378 5040 3679 5101 temporum,

2108 5098 2270 5153 lenire
2298 5100 2620 5154 iracundiam
2655 5099 2769 5172 Dei,
2794 5098 3077 5172 conciliare
3104 5098 3198 5172 cor
3218 5102 3379 5172 patris
3406 5101 3473 5153 ad
3491 5100 3679 5172 ﬁliuni,

2107 5180 2155 5223 et
2204 5172 2472 5224 restituere
2523 5172 2686 5224 tribus
2716 5168 2901 5225 Jacob.
2933 5170 3140 5235 Tertio,
3171 5168 3424 5227 Christus
3470 5171 3597 5226 dicit
3630 5169 3674 5222 in

2107 5240 2288 5295 futuro
2313 5241 2485 5296 Ellam
2510 5254 2818 5301 venturum.
2842 5253 2896 5296 et
2921 5245 3290 5297 restituturum
3316 5243 3520 5305 omnia,
3545 5254 3677 5309 quoa

2106 5311 2175 5383 de
2203 5310 2411 5368 Joanne
2439 5312 2622 5383 nequit
2653 5311 2899 5383 intelligi.
2926 5312 3058 5367 Cum
3081 5328 3213 5369 vero
3244 5312 3679 5383 postmodumgait

2107 5380 2280 5436 Ellam
2307 5384 2418 5451 jam
2449 5380 2686 5448 venisse,
2714 5380 2847 5438 satis
2873 5383 3111 5438 ostendit
3149 5400 3209 5440 se
3235 5380 3341 5440 non
3371 5384 3443 5439 de
3470 5397 3536 5439 eo
3566 5381 3678 5435 Elia

2106 5452 2255 5523 loqui
2285 5468 2444 5523 quem
2484 5453 2696 5509 dixerat
2744 5469 2867 5509 esse
2891 5462 3198 5521 venturum,
3250 5456 3343 5511 sed
3376 5456 3446 5509 de
3476 5453 3677 5508 Joanne

2104 5521 2367 5597 [Baptista
2398 5524 2488 5594 qui
2519 5523 2573 5580 in
2602 5526 2795 5597 spiritu
2818 5535 2870 5581 et
2903 5526 3100 5597 virtute
3131 5526 3263 5581 Elia:
3292 5527 3404 5597 jam
3437 5532 3671 5579 venerat.

2099 5594 2307 5667 Cagtera
2334 5594 2657 5667 argumenta
2680 5596 2801 5652 vide
2826 5595 2964 5666 apud
2992 5594 3337 5666 interpretes.

2169 5663 2418 5737 bﬂA'ltera
2472 5666 2736 5737 quaealia,
2765 5663 2924 5737 quam
2971 5668 3057 5722 ltic
3088 5663 3255 5722 abbas
3304 5668 3465 5722 etiam
3536 5666 3670 5737 inter

2096 5735 2512 5814 problematicas
2563 5746 2618 5791 et
2648 5735 2918 5807 utrimque
2956 5739 3268 5814 probabiles
3296 5737 3522 5814 statuit,
3557 5735 3670 5814 huic

2094 5821 2216 5864 esse
2247 5808 2458 5865 videtur
2478 5847 2494 5877 ,
2525 5820 2779 5879 quantum
2807 5806 2876 5865 es
2902 5806 3082 5865 verbis
3111 5809 3280 5879 ipsius
3314 5808 3569 5881 colligere
3603 5806 3668 5860 li-

3920 912 3923 1023 l

3922 1050 3925 1149 ἱ

3934 1742 3935 1807 l

3936 1880 3937 1965 l

3938 2018 3939 2077 ι
