4012 6336
268 358 363 416 799

866 355 1205 413 COLI.A'I'IO
1248 356 1383 415 VIII.
1414 385 1483 397 -—-
1514 354 1601 412 DE
1640 351 2159 410 PRINCIPATIBUS
2197 350 2329 409 SEU
2373 349 2915 410 POTES’I‘ATIBUS.

3419 348 3528 407 730

267 470 635 537 desolationis,
667 470 812 540 quod
857 469 1071 525 steterit
1099 468 1152 524 in
1190 468 1309 525 loco
1351 476 1542 524 sancto
1583 480 1679 536 per
1706 462 1836 519 illud
1863 464 1919 528 Α
1943 462 2075 518 turis
2102 461 2280 533 colligi
2310 461 2485 530 solet,
2534 459 2631 518 sed
2660 460 2964 519 manifestis
2992 460 3392 536 Scripturarum
3423 471 3532 521 tes-

266 562 611 621 simulaerum
642 562 794 621 Iovis
821 563 961 633 quod
990 562 1344 634 Jerosolymis
1370 561 1424 616 in
1459 558 1659 629 templo
1698 558 1844 629 posi-

266 666 372 713 tum
397 656 652 727 legimus,
686 665 739 712 et
767 656 959 712 iterum
982 654 1354 719 stareJiabeat
1383 654 1435 708 in
1468 652 1711 708 Ecclesia
1746 667 1844 723 per

268 749 554 805 adventum
578 747 895 804 Antichristi
916 746 1149 818 (Daniel.
1170 745 1272 817 tx);
1299 744 1495 816 illaque
1522 745 1699 801 omnia
1723 760 1843 816 quze

267 841 315 897 itt
347 840 647 911 Evangelia
674 846 973 909 sequuntur
1003 837 1227 909 (Matth.
1272 836 1446 908 xxtv),
1481 852 1601 908 qua:
1649 846 1703 893 et
1746 837 1845 890 im-

266 932 408 1002 pleta
458 937 585 987 ante
634 930 1000 1002 captivitatem
1045 928 1503 1001 Jerosolymorum
1535 936 1590 983 et
1638 928 1690 983 in
1737 928 1845 985 line

273 1022 455 1080 mundi
480 1023 638 1080 istius
660 1023 1036 1095 intelliguntur
1059 1021 1347 1092 implenda.
1372 1020 1416 1076 Ε
1437 1020 1630 1091 quibus
1653 1028 1842 1075 neutra

266 1116 447 1187 opinio
492 1116 774 1187 impugnat
816 1114 999 1182 aliam,
1033 1128 1134 1171 nec
1161 1123 1477 1185 sequentem
1510 1113 1657 1183 prior
1683 1112 1843 1169 intel-

264 1206 430 1264 lectus
449 1216 696 1264 evacuat.

883 1298 1113 1356 CAPUT
1144 1300 1208 1356 V.

267 1414 415 1485 Quod
444 1417 711 1488 proposita
741 1417 953 1487 quintio
978 1418 1108 1488 inter
1138 1417 1231 1471 illa
1259 1433 1372 1487 qua:
1418 1416 1579 1471 medie
1628 1416 1844 1472 tenenda

827 1496 947 1542 sunt
968 1487 1147 1542 debeat
1182 1488 1367 1557 accipi.

328 1640 395 1697 Et
424 1640 632 1697 idcirco
657 1641 931 1714 pr0posita
953 1657 984 1695 a
1007 1642 1165 1699 vobis
1192 1644 1438 1713 quastio.
1463 1642 1588 1700 licet
1623 1658 1729 1698 non
1758 1659 1842 1699 sa-

264 1734 327 1790 tis
354 1733 607 1789 videatur
633 1748 734 1791 nec
770 1733 1082 1805 frequenter
1111 1736 1250 1791 inter
1275 1736 1525 1793 homines
1550 1737 1803 1793 ventilata
1822 1780 1836 1803 ,

1946 558 2183 615 timoniis
2222 557 2401 615 omnia
2430 557 2876 629 comprobentur.

2561 648 2791 708 CAPUT
2823 650 2911 707 VI.

2197 741 2349 811 Quod
2378 742 2506 797 nihil
2530 758 2563 795 a
2593 741 2699 796 Deo
2727 744 2922 798 malum
2941 752 3173 799 creatum
3193 743 3282 799 sit.

2016 844 2041 872 ι
2073 832 2231 889 Absit
2278 849 2440 904 ergo,
2491 841 2552 888 ut
2617 833 2787 889 Deum
2835 834 3127 906 quidquam
3158 847 3373 891 creasse
3402 848 3533 891 con-

1945 927 2191 983 ﬁteamur
2239 926 2384 998 quod
2436 926 2861 983 substantialiter
2918 927 3119 982 malum
3168 927 3271 995 sit,
3314 925 3533 985 dicente

1943 1020 2259 1090 Scriptura:
2292 1019 2479 1074 Omnia
2507 1036 2621 1091 quis
2659 1020 2779 1093 fecit
2818 1019 2992 1090 Deus,
3037 1020 3171 1076 bona
3219 1030 3339 1077 sunt
3382 1020 3535 1077 ualde

1946 1110 2237 1185 (Cenem).
2287 1109 2316 1149 δ
2375 1110 2430 1167 Si
2458 1110 2601 1166 enim
2625 1127 2653 1166 a
2676 1111 2788 1167 Deo
2811 1112 2943 1168 tales
2978 1112 3067 1169 isti
3092 1112 3411 1180 creatisunt,
3445 1112 3535 1170 vel

1945 1205 2011 1262 ad
2032 1208 2132 1260 hoc
2155 1203 2303 1275 lacti,
2328 1212 2390 1260 ut
2415 1206 2514 1260 hos
2535 1205 2759 1261 malitiae.
2774 1205 2973 1276 gradus
2986 1212 3225 1273 teneant,
3246 1218 3536 1277 acsemper

1946 1298 2354 1370 deceptionibus
2374 1297 2609 1355 etruinis
2638 1298 2918 1355 hominum
2951 1308 3162 1366 vacent,
3183 1308 3372 1357 contra
3396 1314 3536 1371 pra-

1945 1390 2105 1447 dictae
2151 1391 2447 1462 Scriptum
2490 1388 2852 1459 sententiam,
2902 1390 3279 1447 inlamabimus
3331 1392 3533 1458 Deum,

1948 1484 2095 1540 velut
2136 1492 2436 1538 creatorem
2485 1490 2650 1559 atque
2688 1482 3027 1539 inventorem
3056 1482 3320 1539 malorum
3341 1524 3358 1551 ,
3389 1482 3536 1555 quod

1947 1575 2154 1631 scilicet
2181 1576 2447 1647 pessimas
2468 1575 2771 1631 voluntates
2797 1591 2860 1631 ac
2883 1583 3103 1632 naturas
3130 1575 3247 1645 ipse
3270 1575 3532 1633 condide-

1947 1669 2048 1735 rit,
2080 1668 2147 1723 ad
2180 1668 2284 1724 hoc
2307 1682 2399 1724 eas
2428 1682 2640 1735 creans,
2674 1678 2731 1724 ut
2761 1684 2976 1739 semper
2997 1669 3052 1723 in
3079 1668 3316 1741 nequitia
3347 1682 3534 1741 perse-

1948 1769 2199 1835 verantes
2239 1776 2530 1830 numquam
2565 1762 2797 1817 transire
2834 1760 3047 1835 possint
3074 1762 3127 1818 in
3158 1762 3317 1818 bona:
3340 1761 3535 1820 volun-

264 1840 359 1883 nee
384 1824 529 1899 apud
552 1827 816 1897 plurimos
845 1835 1057 1897 pateat,
1104 1838 1161 1884 et
1189 1844 1258 1884 ex
1302 1829 1405 1885 hoc
1441 1830 1560 1901 ipso
1582 1830 1721 1901 apud
1746 1832 1844 1887 ali-

1959 1839 2071 1911 latis
2133 1824 2411 1910 allectum.
2475 1854 2627 1911 Hanc
2664 1824 2852 1927 igitur.
2877 1856 3139 1912 rationem
3212 1854 3537 1912 diversitatis

262 1933 393 1989 quos
417 1933 485 1975 ea
497 1933 620 1991 qua
639 1918 981 1990 proleremus
1007 1920 1230 1977 forsitan
1251 1922 1537 1977 videantur
1552 1923 1799 1994 ambigua
1822 1940 1837 1989 ;

262 2010 333 2066 ita
379 2009 646 2067 debemus
684 2018 926 2067 nostram
948 2019 1252 2083 temperare
1304 2014 1661 2081 sententiam,
1706 2030 1839 2085 quo-

264 2106 406 2160 niam
453 2104 585 2161 lidei
632 2103 913 2161 Trinitatis
958 2104 1090 2161 nihil
1123 2106 1477 2178 praeiudicant
1502 2117 1560 2164 ut
1589 2108 1729 2164 inter
1752 2109 1843 2165 ills

264 2196 559 2253 habeantur
584 2211 706 2268 qua
731 2196 907 2254 medie
926 2206 1051 2252 sunt
1090 2198 1316 2255 tenenda
1332 2240 1349 2265 ,
1391 2212 1716 2271 quamquam
1738 2215 1846 2256 non

264 2292 354 2347 tali
377 2292 634 2363 opinione
660 2291 834 2365 qualis
877 2291 1275 2359 suspicionibus
1304 2302 1507 2350 tantum
1545 2303 1601 2352 et
1630 2296 1847 2365 conjec-

1942 1948 2121 2018 hujus,
2151 1946 2442 2003 traditione
2468 1947 2682 2003 Patrum
2700 1948 2768 2004 de
2791 1954 3102 2004 sanctarum
3129 1936 3536 2020 Scripturarum

1946 2040 2117 2111 fonte,
2143 2040 2507 2113 percepimus.

2556 2108 2785 2168 CAPUT
2809 2109 2923 2167 VII.

2154 2204 2233 2259 De
2259 2205 2411 2261 initio
2436 2206 2822 2277 principatuum
2841 2245 2857 2272 ,
2885 2219 2975 2259 seu
3002 2210 3332 2275 potestatum.

2025 2307 2049 2336 ο
2081 2298 2219 2353 Ante
2271 2296 2634 2355 conditionem
2675 2294 2837 2367 hujus
2882 2294 3123 2353 visibiles
3146 2303 3409 2352 creatura:
3428 2292 3541 2367 spi-

1327 2430 1584 2487 ALARDI
1623 2430 1853 2488 GAZAEI
1888 2430 2450 2491 COSIMENTARIUS.

263 2532 379 2588 cet,
404 2536 472 2577 an
501 2518 829 2576 abominatio
857 2519 1207 2592 desolationis
1233 2535 1267 2575 a
1295 2520 1514 2578 Daniele
1546 2524 1797 2592 praedicta
1818 2564 1832 2589 ,

262 2593 424 2650 fuerit
451 2593 672 2661 impleta
710 2591 811 2647 sub
844 2591 1109 2648 Antiocho
1145 2607 1277 2661 rege
1326 2591 1606 2662 Epiphane
1654 2594 1832 2663 dicto,

262 2679 331 2721 an
359 2663 464 2719 sub
493 2664 615 2720 Tito
644 2665 1000 2731 imperatore,
1023 2672 1080 2719 et
1123 2664 1622 2736 Hierosolymorum
1653 2674 1836 2719 vasta-

263 2736 441 2792 tione.
499 2749 623 2792 tltt'B
660 2733 863 2790 Christi
902 2743 1129 2790 mortem
1160 2737 1401 2792 proxime
1432 2744 1616 2790 secuta
1634 2746 1744 2792 est:
1767 2750 1835 2790 an

1937 2524 2168 2649 fuedine
2202 2524 2439 2610 Spiritus
2475 2523 2662 2608 Sancti
2689 2532 2903 2609 creatos
2923 2539 3067 2609 esse.
3102 2524 3169 2581 D.
3203 2526 3540 2615 Augustinus

1962 2594 2081 2649 ibro
2111 2595 2439 2649 duodecimo
2478 2597 2546 2649 de
2590 2594 2753 2649 Cmt.
2788 2595 2884 2649 Det
2914 2606 3089 2649 cantte
3141 2611 3286 2649 nono
3310 2614 3323 2649 :
3345 2598 3539 2649 (.aoen-

1962 2594 2081 2650 ibro
2111 2595 2439 2651 duodecimo
2478 2597 2546 2651 de
2590 2594 2753 2651 Civit.
2788 2595 2884 2653 Dei
2914 2598 3089 2666 capite
3141 2594 3323 2653 nono':
3345 2597 3539 2653 Caven-

1940 2666 2065 2720 dum
2081 2675 2187 2739 est,
2207 2666 2501 2739 ittquithe
2522 2666 2762 2723 voluntas
2793 2666 2927 2721 bona
2955 2668 3205 2739 bonorum
3232 2668 3537 2739 angelorum

499 2749 623 2808 qua:
660 2733 863 2808 Christi
902 2743 1129 2808 mortem
1160 2733 1616 2808 proximesecuta
1634 2746 1744 2808 est;
1767 2750 1835 2808 an
1939 2752 2045 2806 non
2069 2738 2242 2808 facta,
2273 2733 2361 2792 Sed
2391 2736 2502 2794 Deo
2528 2748 2801 2808 coartcrna,
2820 2754 2932 2794 esse
2962 2738 3219 2793 credatur.
3252 2733 3382 2795 cam
3406 2741 3540 2794 enim

260 2807 478 2881 demum
508 2806 623 2881 sub
655 2806 978 2881 Antichristi
999 2807 1383 2881 persecutione
1401 2806 1714 2881 implenda;
1750 2806 1836 2881 vel
1938 2818 1990 2881 et
2013 2806 2116 2877 ipsi
2138 2810 2263 2877 facti
2282 2810 2387 2863 sint
2407 2850 2423 2875 ,
2456 2809 2712 2880 quomodo
2741 2807 2836 2863 illa
2861 2826 2962 2863 non
2984 2825 3093 2864 esse
3119 2813 3260 2881 facta
3302 2810 3541 2867 dicetur?

260 2892 386 2948 qua
413 2877 487 2933 sit
507 2876 601 2931 illa
629 2876 961 2948 abominatio
980 2876 1359 2948 desolationis.
1388 2878 1500 2944 Qua
1531 2878 1599 2933 de
1629 2893 1687 2933 re
1718 2878 1838 2933 vide

261 2947 548 3019 opiniones
584 2950 760 3004 varias
796 2947 937 3019 apud
983 2947 1333 3015 Janscnium,
1376 2948 1742 3004 Maldonatum
1788 2955 1846 3003 et

260 3021 403 3075 alios
430 3021 570 3074 inter
612 3027 776 3075 retes.

334 3099 362 3128 ⁸
384 3090 543 3144 Sane
572 3033 674 3144 Eoo
707 3089 776 3144 int

334 3099 362 3128 ⁸
384 3090 543 3159 Saepe
572 3088 674 3145 hoc
707 3089 940 3146 inculcat
975 3088 1035 3146 S.
1071 3091 1430 3159 Augustinus,
1472 3089 1669 3146 nullam
1722 3104 1844 3147 esse

261 3169 511 3217 naturam
542 3160 764 3227 malam,
798 3159 851 3215 id
876 3171 989 3227 est,
1022 3163 1225 3217 nullam
1264 3175 1563 3217 creaturam
1595 3162 1847 3217 substan-

260 3233 467 3287 sialiter
522 3232 718 3287 malam
738 3276 753 3301 ,
800 3230 896 3287 sed
926 3232 1103 3288 omnia
1131 3248 1252 3288 esse
1303 3232 1460 3288 bona.
1493 3232 1589 3287 Cui
1615 3248 1845 3288 consen-

264 3305 406 3358 tiunt
435 3317 630 3357 omnes
660 3312 864 3357 nostra:
880 3304 1154 3373 religionis
1176 3313 1424 3358 auctores
1442 3347 1458 3371 ,
1478 3305 1565 3372 qui
1596 3318 1841 3358 commu-

263 3376 409 3428 nites
438 3384 797 3429 exsecrantur
824 3374 1148 3429 Marcionem
1167 3415 1181 3436 ,
1218 3374 1565 3428 MaIIIChthll
1584 3414 1599 3437 ,
1628 3384 1683 3428 et
1709 3375 1847 3428 alios

263 3455 481 3499 veteres
502 3443 814 3515 haereticos;
840 3445 930 3514 qui
958 3446 1063 3498 duo
1083 3445 1362 3514 principia,
1382 3446 1532 3515 quasi
1555 3446 1693 3498 duos
1718 3446 1848 3501 deos

264 3515 572 3580 ﬁnxerunt,
603 3530 765 3568 unum
796 3514 1017 3578 bonum,
1058 3517 1321 3571 bonorum
1370 3514 1677 3577 auctorem;
1709 3516 1849 3571 alte-

264 3601 387 3641 rum
420 3586 656 3648 malum,
687 3595 961 3641 auctorem
986 3586 1268 3641 malorum.

333 3656 365 3699 δ
394 3654 530 3722 Isti,
554 3670 753 3725 nempe
772 3666 961 3712 natura
992 3672 1087 3711 sua
1118 3657 1271 3720 ntali,
1312 3657 1641 3727 principatus
1669 3665 1725 3711 et
1754 3671 1851 3727 po-

265 3737 519 3793 testates,
573 3727 623 3780 id
648 3737 754 3791 est,
778 3728 999 3797 spiritus
1022 3728 1089 3784 de
1139 3744 1363 3796 quorum
1418 3729 1594 3794 initio,
1635 3739 1846 3794 natura,

260 3799 611 3869 conditione“,
643 3797 830 3867 lapsu,
862 3799 1130 3867 protinsita
1162 3801 1409 3868 superius
1444 3798 1582 3869 (cap.
1635 3799 1694 3869 ἲ)
1737 3801 1852 3853 haec

262 3870 501 3939 quaestio
523 3887 534 3921 :
556 3866 709 3923 Unde
731 3878 872 3922 tanta
896 3869 1155 3941 diversitas
1181 3866 1814 3941 malignorumspiriiuum
1828 3870 1854 3924 ἒ)

262 3943 346 3995 An
375 3942 447 3992 ad
478 3941 572 3993 hoc
600 3949 872 4009 potestates
902 3940 1019 3994 illas
1047 3958 1078 3993 a
1104 3940 1323 3993 Domino
1343 3941 1572 3994 conditas
1610 3956 1717 3995 esse
1746 3956 1855 3994 cre-

265 4013 494 4082 dendum
526 4020 627 4082 est.
658 4020 713 4065 ut
741 4011 819 4064 his
845 4024 1024 4082 contra
1048 4012 1301 4065 hominem
1325 4014 1570 4082 gradibus
1592 4020 1741 4080 atque
1770 4028 1854 4066 or-

263 4081 474 4135 dinibus
499 4079 816 4136 militarent?
848 4080 942 4136 Cui
993 4084 1275 4151 quwstinni
1307 4079 1596 4149 respondet
1623 4084 1851 4151 primum

266 4154 373 4208 hoc
404 4154 603 4219 capite,
626 4167 693 4207 ex
721 4162 865 4207 certa
896 4152 1016 4207 lidei
1046 4152 1362 4207 deﬁnitione
1382 4154 1853 4223 etSeripturarum

267 4222 602 4279 auctoritate
622 4264 636 4287 ,
665 4222 885 4293 angelos
907 4238 1096 4278 omnes
1120 4224 1233 4278 site
1255 4226 1477 4293 spiritus
1505 4239 1535 4277 a
1567 4225 1673 4278 Deo
1704 4240 1855 4279 crea-

268 4305 360 4349 tos
385 4308 508 4349 esse
539 4294 711 4349 honos
734 4334 749 4359 ,
781 4310 886 4348 non
928 4294 1137 4360 malos;
1178 4308 1276 4350 nec
1316 4295 1381 4348 ad
1423 4296 1622 4349 malum
1656 4295 1812 4349 linem
1835 4337 1850 4363 ,

268 4379 473 4433 nempe
506 4373 565 4418 ut
593 4366 888 4434 sempen'n
917 4366 1154 4432 nequitia
1193 4374 1609 4434 perseverarent
1636 4367 1719 4418 vel
1755 4366 1851 4419 ho-

265 4436 452 4491 mines
496 4435 562 4489 ad
608 4436 933 4504 peccandum
969 4436 1325 4491 sollicitarent
1358 4455 1371 4489 :
1404 4436 1543 4491 Deus
1579 4436 1721 4490 enim
1747 4451 1853 4489 non

263 4515 357 4562 est
413 4516 624 4576 anetor_
645 4507 934 4576 malorum,
988 4507 1082 4562 sed
1129 4508 1302 4561 omnia
1354 4523 1471 4576 qua:
1522 4506 1663 4575 fecit,
1721 4505 1855 4559 bona

265 4587 385 4632 sunt
399 4573 764 4645 saltte(Genes.
795 4574 855 4647 t).
882 4575 1051 4632 Porro
1102 4593 1206 4632 non
1238 4573 1443 4632 tantum
1468 4573 1690 4645 angltlos
1729 4576 1856 4632 bea-

268 4659 387 4710 tos,
425 4662 612 4700 verum
654 4648 815 4718 etiam
863 4648 1138 4703 daemones
1180 4650 1232 4703 in
1280 4649 1449 4718 gratia
1493 4648 1853 4718 ittstilicante,

1872 3338 1920 3405 C

1949 2877 2121 2934 Porro
2138 2881 2268 2951 quia
2298 2880 2437 2951 facta
2460 2877 2570 2946 est,
2609 2889 2783 2934 utrum
2820 2896 2938 2934 cum
2974 2877 3286 2951 ipsis'facta
3327 2892 3433 2945 est,
3473 2899 3541 2937 att

1949 2951 2060 3005 sine
2080 2950 2181 3023 illa
2208 2950 2414 3023 fuerunt
2443 2952 2624 3023 prius?
2653 2951 2761 3006 Sed
2783 2953 2827 3004 si
2848 2967 2962 3023 cum
2996 2950 3161 3023 ipsis,
3199 2967 3301 3005 non
3326 2951 3541 3023 dubium

1948 3021 2089 3093 quod
2114 3022 2293 3077 abillo
2324 3021 2461 3092 facta
2507 3024 2605 3089 sit,
2642 3039 2673 3075 a
2702 3032 2861 3092 quoet
2886 3022 3294 3093 ipsi;simulque
3333 3032 3386 3075 ut
3415 3022 3542 3091 facti

1948 3102 2105 3165 sunt,
2135 3094 2180 3148 ei
2220 3110 2250 3145 a
2272 3109 2375 3164 quo
2404 3093 2526 3163 facti
2545 3101 2686 3161 sunt,
2714 3108 2893 3165 amore
2918 3108 3036 3147 cum
3078 3109 3181 3165 quo
3234 3093 3367 3165 facti
3388 3102 3540 3165 sunt,

1949 3162 2311 3247 adhtesnerunt‘:
2328 3162 2484 3247 eoque
2494 3174 2613 3247 sunt
2636 3164 2721 3247 isti
2744 3163 2807 3247 ab
2835 3162 3043 3247 i‘llorum
3060 3162 3299 3247 societate
3310 3162 3540 3247 discreti,

1948 3234 2088 3304 quod
2116 3234 2170 3288 lsi
2206 3236 2257 3288 in
2289 3233 2468 3289 eadem
2484 3237 2743 3289 voluntate
2768 3233 2901 3288 bona
2927 3246 3239 3299 manserunt,
3282 3235 3362 3288 illi
3390 3234 3453 3288 ab
3481 3251 3544 3289 ea

1950 3305 2240 3377 deﬁciettdo
2253 3306 2433 3377 mutati
2462 3316 2601 3373 sunt,
2634 3306 2769 3359 mala
2797 3304 2987 3377 scilicet
3007 3307 3287 3371 voluntate,
3306 3305 3404 3377 hoc
3428 3306 3543 3377 ipso

1951 3392 2053 3499 qu?
2077 3393 2109 3457 ει
2133 3376 2263 3499 bon‘o
2285 3376 2603 3446 defecerunt,
2632 3392 2664 3428 a
2692 3392 2794 3446 quo
2816 3391 2919 3430 non
2942 3376 3243 3446 defecissent
3294 3376 3339 3429 si
3367 3377 3544 3445 utique

1952 3461 2015 3499 oo
2041 3462 2210 3499 uissen
2244 3487 2256 3499 .

1952 3457 2256 3501 νοιιιιςςηηι.

2029 3528 2053 3556 ο
2078 3516 2317 3587 Angelos
2344 3525 2472 3573 ante
2500 3516 2759 3573 mundum
2806 3515 2949 3571 hunc
2987 3529 3307 3586 corporeum
3348 3516 3538 3587 condi-

1953 3595 2041 3643 tos
2073 3585 2262 3653 fuisse,
2297 3596 2495 3659 praeter
2521 3590 2665 3644 hunc
2685 3587 2963 3659 abbatem,
3000 3585 3206 3659 opinati
3236 3596 3359 3641 sunt
3379 3585 3541 3659 etiam

1953 3659 2045 3713 alii
2074 3674 2265 3727 graves
2295 3656 2543 3715 auctores
2566 3702 2581 3727 ,
2633 3669 2686 3714 et
2755 3656 2870 3712 l'ere
2907 3656 3083 3727 (ἓνωοί
3123 3671 3313 3713 omnes
3346 3674 3359 3711 :
3396 3656 3543 3713 unde

1956 3730 2019 3784 D.
2049 3726 2286 3784 Thomas
2316 3729 2358 3801 (t
2387 3746 2504 3801 par.
2538 3726 2588 3801 q.
2620 3728 2776 3801 61,a.
2807 3728 2869 3801 ἢ
2896 3726 3340 3801 hanc_dicit_esse
3355 3727 3543 3782 docto-

1953 3814 2073 3855 rum
2104 3796 2413 3856 Grtrcnrum
2442 3796 2789 3855 senientiam.
2830 3796 3122 3867 Gregorius
3169 3796 3541 3854 Nazisusenus

1954 3872 2200 3926 oratione
2221 3869 2291 3924 l2
2316 3871 2633 3926 dicitDeum
2667 3872 2899 3941 primum
2930 3869 3265 3941 excogitasse
3294 3869 3539 3939 angelos,

1954 3951 2009 3997 et
2065 3943 2319 3998 cmlestes
2376 3943 2634 4008 virtutes,
2676 3940 2914 4011 ejusque
2965 3940 3349 4009 cogitationem
3401 3955 3536 4011 opus

1954 4012 2142 4067 fuisse.
2168 4012 2403 4069 Basilius
2433 4013 2620 4068 homil.
2656 4014 2679 4067 I
2724 4012 2776 4066 in
2810 4013 3181 4065 Hexaemeron
3223 4011 3352 4066 dicit
3379 4011 3541 4080 spiri-

1958 4084 2127 4138 tualcs
2179 4094 2237 4140 et
2278 4083 2579 4140 invisibiles
2632 4091 2883 4150 naturas,
2921 4081 3188 4136 rationum
3212 4082 3262 4136 vi
3306 4082 3542 4137 maxime

1994 4154 2206 4209 neditas
2290 4164 2416 4211 ante
2480 4155 2738 4210 mundum
2813 4152 3110 4208 exstitisse.
3178 4153 3540 4208 Damascenus

1980 4225 2054 4279 ib.
2092 4240 2127 4280 ll
2177 4225 2405 4281 Orthod.
2439 4224 2529 4281 lld.
2561 4241 2681 4296 cap.
2704 4226 2739 4296 ὅ
2782 4225 3107 4296 sententiam
3143 4224 3387 4296 Gregorii
3430 4222 3541 4278 Na-

1957 4296 2198 4367 gianzeui
2218 4294 2639 4367 commendans,
2653 4295 2827 4352 cidem
2856 4310 2915 4349 se
2949 4295 3207 4367 accedere
3235 4294 3537 4367 profitetur.

1958 4365 2002 4420 E
2032 4366 2238 4422 Latinis
2262 4368 2401 4421 idem
2436 4364 2641 4422 sentire
2669 4367 2920 4421 videntur
2952 4365 3018 4419 D.
3057 4365 3369 4421 Ambrosinus
3400 4364 3494 4419 lib.
3522 4378 3538 4417 :

1958 4435 2218 4492 Hexaem.
2257 4454 2376 4507 cap.
2411 4440 2444 4492 5
2474 4454 2489 4493 :
2519 4438 2724 4507 Angeli,
2752 4435 2944 4505 inquit,
2969 4437 3344 4489 dominationes
3366 4444 3413 4489 et
3439 4451 3539 4503 po-

1958 4515 2192 4572 testates,
2226 4510 2316 4562 etsi
2361 4508 2650 4577 aliquando
2696 4516 2989 4577 ceperunt,
3029 4516 3175 4577 erant
3216 4518 3383 4560 tamen
3424 4508 3540 4577 jam

1957 4582 2164 4643 quando
2195 4577 2278 4631 hic
2308 4575 2527 4632 mundus
2574 4586 2649 4631 est
2692 4575 2880 4647 factus.
2934 4576 2994 4630 D.
3032 4575 3389 4647 Hieronymus
3409 4575 3449 4647 ,ί
3484 4576 3537 4629 in

1958 4661 2080 4717 cap.
2113 4662 2127 4701 t
2154 4648 2312 4716 epist.
2346 4650 2412 4702 ad
2435 4648 2614 4702 Titum
2648 4664 2661 4701 :
2693 4645 2799 4702 Sea:
2826 4647 3015 4711 millia,
3052 4645 3261 4715 inquit,
3310 4646 3538 4699 nondum

266 4734 365 4773 seu
393 4726 613 4788 gratum
656 4717 903 4789 faciente
937 4718 1189 4773 conditos
1220 4713 1416 4785 fuisse,
1449 4713 1515 4773 ex
1564 4713 1858 4789 Scriptura:
1888 4713 1936 4774 D
1962 4713 2121 4771 nostri
2161 4713 2401 4788 temporis
2447 4718 2768 4789 complentur
2795 4713 3161 4789 annorum,et
3201 4726 3396 4789 quanta
3415 4726 3538 4768 tem-

266 4787 602 4844 auctoritate
647 4801 699 4844 et
740 4789 837 4844 SS.
879 4787 1097 4843 Patrum
1135 4792 1402 4844 sententia
1456 4788 1855 4857 comprobatur.

263 4859 553 4927 Scriptura
577 4858 628 4912 id
661 4858 859 4914 indicat
906 4860 1054 4914 Isaia:
1084 4863 1175 4914 ittv
1204 4877 1219 4914 :
1244 4859 1511 4927 Quomodo
1541 4860 1766 4911 cecidisti
1798 4860 1861 4913 de

266 4931 436 4993 ario,
489 4928 725 5000 liucifer,
781 4932 867 5000 qui
914 4948 1061 4984 mane
1107 4931 1399 4984 oriebaris?
1449 4931 1515 4983 Et
1563 4930 1861 4984 Ezechielis

267 5014 407 5055 xvttt
441 5018 455 5055 :
505 4998 799 5071 Perfectus
825 5001 968 5071 fuisti
1009 5018 1038 5052 a
1068 5000 1583 5071 diebusmnditionis
1630 5009 1748 5054 tute.
1794 5000 1862 5055 Et

262 5086 463 5127 rursus
485 5114 500 5135 ,
538 5068 744 5142 Plenus
761 5068 1032 5142 sapientia,
1068 5082 1112 5142 et
1153 5070 1403 5142 perfectus
1445 5072 1709 5142 deeorein
1734 5071 1863 5124 deli-

264 5143 369 5195 ciis
420 5142 651 5209 paradisi
710 5139 1024 5206 Dei'fuistt'.
1092 5139 1279 5197 Patres
1328 5141 1466 5195 idem
1518 5140 1858 5194 conﬁrmant.

267 5213 335 5267 S.
358 5210 635 5266 Antonius
663 5212 803 5277 apud
832 5211 1183 5282 Athanasium
1208 5229 1219 5263 :
1256 5210 1632 5282 Hocp‘imum,
1664 5210 1857 5278 inquit,

265 5282 519 5336 debemus
550 5282 798 5336 mentibus
819 5284 1063 5353 affigere,
1100 5280 1228 5337 nihil
1266 5280 1429 5353 Deum
1467 5281 1678 5352 fecisse,
1722 5281 1862 5349 quod

267 5353 475 5425 malum
502 5353 597 5417 sit,
630 5369 721 5407 nec
747 5354 809 5407 ab
842 5357 952 5425 ejus
979 5354 1295 5407 institutione
1321 5352 1608 5425 dwmonttm
1652 5353 1863 5425 cmpisse

263 5423 569 5494 principia;
593 5423 893 5494 perversitas
924 5424 1039 5488 ista,
1071 5439 1169 5476 non
1200 5437 1431 5487 naturae,
1457 5423 1545 5477 sed
1584 5423 1862 5477 uoluntatis

260 5505 349 5549 est
374 5491 748 5549 vitium—Boni
769 5496 976 5565 etenim,
1007 5504 1061 5547 ut
1082 5504 1197 5563 pote
1221 5512 1253 5548 a
1280 5494 1383 5547 lico
1413 5494 1624 5565 conditi.
1654 5510 1718 5547 ex
1744 5511 1865 5565 pro-

262 5566 389 5636 prio
419 5572 599 5619 mentis
627 5565 845 5636 arbitrio
874 5564 943 5617 ad
973 5575 1133 5620 terras
1164 5581 1308 5619 ruere
1346 5568 1407 5617 de
1426 5564 1563 5618 caelis
1584 5605 1599 5629 ,
1632 5564 1862 5628 ibiquein

264 5635 409 5690 caeni
449 5636 682 5691 sordibus
706 5635 951 5690 voluntati
984 5637 1283 5706 gentilitatis
1328 5636 1510 5704 impias
1555 5636 1863 5690 constituere

262 5709 546 5772 culturas;
569 5718 721 5777 atque
747 5708 981 5761 universa
1010 5707 1146 5760 mala
1172 5723 1480 5759 commovere.
1519 5723 1619 5761 non
1641 5715 1860 5770 cessant,

260 5793 338 5831 sae
364 5778 601 5849 pristinis
642 5793 823 5849 eorum
852 5777 1051 5831 sedibus
1085 5778 1439 5832 succedamus.
1460 5848 1465 5849 ί
1486 5777 1549 5831 1).
1602 5778 1865 5848 Hierony-

262 5863 399 5905 mus
431 5849 487 5904 in
508 5862 628 5921 cap.
680 5864 720 5911 ιι
752 5848 902 5931 Osci
925 5849 1202 5907 (ιτνιιιουος
1233 5850 1418 5903 scribit
1456 5848 1507 5903 itt
1532 5863 1722 5920 magna
1747 5852 1865 5920 pitt-

1964 4804 2122 4857 pora,
2151 4785 2466 4858 quantasque
2493 4785 2797 4843 swculorum
2817 4787 3038 4858 origines
3083 4785 3243 4857 fuisse
3280 4785 3534 4839 arbitran-

1963 4857 2212 4922 tluntest,
2244 4859 2299 4912 in
2327 4857 2505 4929 quibus
2531 4860 2721 4929 angeli,
2754 4857 2944 4929 throni,
2976 4857 3369 4929 dominationes,
3393 4865 3542 4929 ciete-

1962 4929 2106 4999 rique
2135 4926 2348 4983 ordines
2370 4929 2477 4984 Deo
2505 4926 2816 4984 servierunt!
2865 4928 3103 4998 Denique
3135 4927 3367 4982 Isidorus
3397 4926 3494 4981 lib.
3524 4942 3541 4981 t

1963 4999 2033 5054 de
2056 5002 2280 5053 Summo
2303 4999 2453 5054 Bono
2473 5002 2646 5069 capite
2658 4999 2974 5055 duodecimo
3000 5019 3014 5055 ι
3037 5000 3167 5053 Ante
3179 5013 3374 5052 omnem
3400 5012 3543 5050 crea—

1965 5079 2130 5141 turam
2157 5072 2336 5141 mundi
2362 5072 2521 5125 creati
2544 5068 2663 5141 sunt
2690 5068 2883 5141 angeli.
2914 5069 3086 5124 Porro
3110 5069 3172 5123 D.
3219 5068 3542 5141 Augustinus

1967 5140 2060 5195 lib.
2084 5156 2135 5195 ιι
2166 5140 2233 5194 de
2259 5140 2419 5195 Civit.
2443 5156 2562 5210 cap.
2593 5140 2662 5196 '55
2690 5139 3038 5210 quiestionem
3064 5143 3201 5194 hanc
3227 5140 3374 5210 velut
3395 5139 3543 5192 anei-

1966 5213 2127 5281 pitem
2155 5208 2663 5279 etproblematieam
2695 5208 2747 5266 in
2771 5211 2948 5266 medio
2977 5210 3232 5281 relinquit
3261 5226 3273 5261 :
3302 5208 3436 5264 Dum
3466 5219 3542 5262 ta-

1964 5280 2080 5335 men
2101 5322 2117 5346 ,
2150 5282 2321 5350 inquit
2344 5324 2359 5347 ,
2401 5284 2610 5352 angelos
2636 5290 2840 5337 sanctos
2868 5282 2920 5334 in
2946 5280 3246 5335 sublimibus
3270 5281 3382 5352 rteli
3411 5280 3545 5334 sedi-

1965 5352 2090 5420 bus,
2118 5368 2218 5405 non
2250 5351 2609 5421 quidettt’Deo
2652 5353 3074 5414 cowternos.setl
3120 5362 3284 5405 tamen
3332 5351 3396 5405 de
3450 5367 3545 5403 sua

1964 5423 2271 5486 sempiterna
2295 5432 2341 5475 et
2363 5441 2476 5477 vera
2505 5422 2745 5493 felicitate
2774 5438 2975 5475 securos
3003 5432 3048 5475 et
3078 5432 3241 5476 certos
3268 5438 3373 5474 esse
3398 5439 3544 5475 nemo

1964 5494 2206 5561 ambigat.
2233 5495 2497 5547 Cmterum
2529 5493 3049 5562 longeprobabilior,
3082 5495 3246 5547 immo
3269 5496 3379 5546 iere
3396 5503 3543 5546 certa

1969 5578 2226 5617 censetur
2264 5566 2494 5619 aliorum
2534 5566 2748 5619 Patrum
2796 5567 3059 5617 sententia
3114 5563 3468 5618 communiter
3514 5581 3544 5617 a

1972 5634 2239 5705 theologis
2269 5646 2505 5706 recepta,
2537 5634 2757 5703 angelos
2787 5633 3036 5690 videlith
3067 5635 3241 5706 primo
3266 5636 3351 5706 diu
3383 5633 3547 5689 simul

1971 5721 2091 5761 cum
2121 5710 2260 5775 ctelo
2319 5716 2373 5761 et
2396 5704 2559 5760 'terra
2599 5706 2765 5761 fuisse
2793 5715 3007 5775 creatos
3047 5704 3207 5775 (_Lib.
3238 5721 3254 5760 t
3282 5705 3544 5761 Decretal.

1968 5793 2088 5845 cap.
2113 5774 2372 5848 Firmiter,
2400 5779 2479 5832 tit.
2505 5776 2570 5829 de
2593 5792 2793 5848 summa
2813 5773 2963 5830 Trin.
2987 5785 3035 5830 et
3058 5773 3390 5848 Fidecath.).
3417 5777 3550 5848 Pro-

1972 5848 2130 5904 batur
2184 5847 2358 5919 primo
2397 5848 2713 5904 auctoritate
2764 5847 3075 5919 Scripturte.
3119 5847 3318 5905 Cenes.
3348 5846 3411 5905 ιτ
3479 5846 3549 5904 ιη
