4012 6336
371 346 476 410 751

1441 336 1726 399 JOANNIS
1762 332 2077 398 CASSIANI
2116 339 2616 404 COLLATIONES.

3560 352 3681 419 732

373 461 562 521 ritales
585 458 944 531 ctelestesque
964 456 1195 514 virtutes
1242 455 1414 512 Deum
1467 452 1689 521 fecisse,
1728 467 1846 522 quae
1869 467 1968 523 pro
1993 454 2049 517 Α
2071 457 2334 515 creationi
2368 459 2612 518 siderum
2638 503 2654 531 ,
2686 467 2812 519 ante
2836 459 2980 519 istud
3012 461 3339 536 principium
3367 465 3424 525 in
3452 482 3562 541 quo
3587 471 3682 530 la-

375 555 481 612 boc
535 555 654 626 ipso
709 553 855 624 quod
897 553 1104 608 scirent
1138 563 1199 606 se
1246 547 1313 604 ad
1359 553 1566 602 tantam
1622 544 1968 601 beatitudinis

373 653 601 725 gloriam
669 648 941 707 beneﬁcio
985 645 1259 702 Creatoris
1297 658 1366 700 ex
1419 643 1588 699 nihilo
1635 640 1803 697 fuisse
1847 655 1971 712 pro-

373 750 605 813 ductas,
669 754 962 820 perpetuas
1042 741 1093 799 ei
1161 742 1358 813 gratias
1438 741 1742 795 referentes
1818 737 1970 793 inde-

374 843 618 901 sinenter
675 840 794 912 ejus
854 837 1100 894 laudibus
1158 834 1531 898 inhaererent,
1599 846 1759 888 nemo
1834 829 1969 886 iide-

373 937 503 992 lium
559 933 791 988 dubitat.
858 939 884 969 ι
937 931 1046 987 Nec
1121 930 1265 986 enim
1326 929 1638 985 existimem
1707 925 1968 981 debemus

373 1026 664 1082 creationis
705 1033 761 1079 et
808 1021 1015 1091 opiﬁcii
1043 1021 1126 1077 sui
1164 1020 1423 1091 principia
1469 1018 1538 1075 ab
1576 1018 1738 1091 hujus
1783 1015 1967 1072 mundi

373 1117 762 1172 conSIitutione
831 1113 1001 1170 Deum
1063 1113 1312 1183 primitus
1348 1110 1664 1174 inchoasse,
1715 1108 1866 1182 quasi
1912 1107 1966 1164 in

373 1208 480 1266 illis
513 1204 876 1263 anterioribus
913 1215 1075 1275 atque
1101 1205 1396 1263 innumeris
1445 1200 1658 1258 saeculis
1707 1201 1776 1255 ab
1819 1199 1966 1255 omni

376 1299 710 1371 providentia
755 1305 811 1353 et
855 1299 1260 1368 dispensatione
1307 1295 1486 1352 divina
1531 1295 1689 1351 fuerit
1720 1295 1963 1364 otiosus,

374 1411 436 1451 ac
461 1406 736 1466 tamquam
769 1409 875 1449 non
906 1391 1110 1448 habens
1140 1392 1191 1448 in
1219 1406 1356 1464 quos
1386 1389 1638 1447 bonitatis
1669 1403 1783 1445 sua:
1805 1403 1965 1444 exer-

373 1487 821 1554 ceretbeneﬁcia,
845 1485 1147 1553 solitarius,
1177 1496 1342 1556 atque
1369 1485 1436 1541 ab
1467 1484 1612 1540 omni
1640 1483 1962 1539 muniﬁcen-

375 1584 446 1639 tia
487 1583 695 1638 aiienus
728 1581 893 1638 fuisse
943 1579 1226 1648 credatur,
1263 1580 1405 1652 quod
1453 1579 1520 1634 de
1563 1578 1652 1634 illa
1702 1578 1962 1635 immensa

373 1691 440 1732 ac
458 1676 574 1732 sine
598 1675 864 1748 principio
887 1685 942 1730 et
967 1671 1496 1744 incomprehensibili
1525 1671 1805 1743 majestate
1834 1670 1962 1726 satis

374 1768 578 1826 humile
607 1780 690 1824 est
732 1772 1195 1839 incongruumque
1222 1766 1457 1832 sentire,
1489 1765 1609 1836 ipso
1639 1765 1867 1820 Domino
1894 1764 1962 1822 de

372 1862 482 1918 illis
530 1863 893 1934 potestatibus
939 1862 1054 1915 haec
1127 1858 1344 1916 dicente
1413 1878 1427 1914 :

373 1963 493 2009 sunt
519 1955 678 2009 simul
722 1951 894 2009 sidera
913 1994 928 2018 ,
963 1951 1299 2007 laudauerunt
1328 1968 1409 2005 me
1430 1968 1550 2006 uoce
1576 1968 1768 2026 magna
1792 1967 1964 2006 omnes

374 2052 545 2120 angeli
610 2051 706 2105 mei
775 2049 915 2120 (Job.
973 2048 1226 2120 xxxvttt).
1270 2059 1292 2090 ο
1341 2046 1442 2116 Qui
1493 2063 1628 2117 ergo
1698 2047 1967 2102 intersunt

2077 559 2222 606 ctum
2249 551 2451 609 dicitur
2486 553 2682 610 ccelum
2730 563 2786 610 et
2812 562 2978 624 terra,
3010 558 3178 615 creati
3210 558 3387 617 luisse
3417 562 3681 623 manifes-

2077 643 2282 701 tissime
2300 647 2726 716 comprobantur
2743 689 2760 714 ,
2786 649 2986 722 quippe
3009 651 3099 719 qui
3144 667 3242 723 pro
3266 653 3388 711 istis
3417 656 3678 717 omnibus

2075 738 2373 800 visibilibus
2428 743 2723 810 creaturis,
2763 758 2900 815 quas
2929 742 3183 800 videbant
3227 761 3292 802 ex
3330 747 3504 806 nihilo
3541 765 3682 820 pro-

2073 834 2332 901 cessisse,
2361 834 2676 894 Creatorem
2697 851 2892 909 magna
2919 852 3052 895 voce
3080 839 3392 898 referuntur
3421 843 3674 901 etadml-

2072 928 2281 986 ratione
2333 931 2606 988 laudasse.
2656 926 2683 970 ‘1
2740 935 2880 990 Ante
2959 933 3102 990 istud
3189 949 3319 1006 ergo
3369 939 3678 1008 temporale

2072 1024 2396 1096 principium
2446 1027 2588 1098 quod
2617 1041 2648 1082 a
2677 1025 2860 1100 Moyse
2915 1029 3161 1097 ponitur,
3204 1030 3456 1100 quodque
3477 1035 3670 1092 mundi

2070 1123 2232 1196 hujus
2256 1127 2546 1183 secundum
2573 1128 2910 1197 historicum,
2933 1129 3096 1186 immo
3127 1129 3409 1187 Judaicurn
3436 1148 3668 1191 sensum

2069 1228 2246 1299 signat
2269 1238 2481 1286 aetatem
2512 1229 2691 1302 (salvo
2721 1229 2930 1286 scilicet
2959 1239 3148 1286 nostro
3177 1246 3372 1300 sensu,
3425 1250 3530 1305 quo
3561 1251 3671 1292 nos

2071 1330 2495 1402 interpretamur
2539 1332 2782 1388 omnium
2809 1347 2990 1388 rerum
3017 1332 3291 1390 Christum
3321 1350 3443 1393 esse
3469 1336 3674 1406 princi-

2068 1431 2249 1502 pium,
2301 1433 2354 1486 in
2397 1447 2507 1504 quo
2566 1433 2746 1487 omnia
2799 1433 3064 1489 creaverit
3117 1433 3306 1502 Pater,
3360 1436 3667 1494 secundum

2069 1534 2199 1590 illud
2230 1534 2445 1602 (Joann.
2481 1535 2519 1606 ι)
2546 1553 2558 1587 :
2593 1533 2781 1590 Omnia
2802 1551 2892 1607 per
2919 1535 3090 1606 ipsum
3113 1535 3256 1604 facta
3285 1544 3435 1604 sunt,
3463 1547 3509 1594 et
3536 1539 3659 1596 sine

2067 1638 2177 1710 ipso
2191 1638 2381 1709 factum
2395 1648 2468 1693 est
2491 1637 2665 1710 nihil);
2679 1649 2802 1695 ante
2815 1638 2982 1709 istud,
2999 1640 3235 1712 inquam,
3248 1638 3520 1698 Geneseos
3532 1651 3678 1701 tem-

2067 1741 2255 1812 porale
2284 1741 2637 1814 principium,
2679 1755 2871 1798 omnes
2901 1741 3022 1796 illas
3050 1747 3348 1808 potestates
3380 1743 3672 1801 cmlestea—

1482 1857 1510 1897 b
1574 1858 1795 1927 ρααηάο
1825 1859 1962 1930 facta
1993 1860 2042 1924 Β
2067 1858 2172 1913 que
2209 1843 2436 1900 virtutes
2484 1843 2650 1901 Deum
2681 1856 2895 1901 creasse
2937 1857 3043 1899 non
3089 1841 3312 1899 dubium
3371 1855 3475 1900 est.
3509 1844 3670 1914 Quae

2073 1946 2367 2016 Apostolus
2429 1959 2527 2018 per
2563 1945 2818 2003 ordinem
2846 1945 3202 2004 dinumerans
3231 1945 3302 2001 ita
3357 1945 3668 2004 describit:

2077 2058 2101 2087 ο
2138 2049 2272 2117 Quia
2316 2050 2374 2104 in
2415 2049 2623 2104 Christo
2665 2057 2839 2128 aeota
2884 2055 3004 2104 sunt
3050 2049 3254 2116 omnia,
3290 2048 3398 2104 sive
3456 2063 3571 2120 qua!
3607 2047 3670 2104 in

1445 2160 1704 2219 ALAIlDl
1744 2160 1879 2217 GAZ
1892 2161 1979 2216 (ΕΙ
2019 2162 2583 2221 COMMENTARIUS.

377 2257 632 2327 principio
680 2257 867 2311 creavit
913 2254 1056 2310 Deus
1107 2255 1288 2310 calum
1327 2263 1377 2309 et
1418 2264 1627 2309 terram.
1658 2253 1829 2318 {Nam
1867 2255 1964 2310 hoc

375 2345 549 2384 verum
576 2344 678 2382 non
713 2337 875 2389 esset,
906 2328 949 2381 si
991 2327 1115 2394 quid
1151 2338 1366 2381 creasset
1409 2339 1592 2393 antea,
1643 2328 1714 2380 ait
1745 2338 1965 2380 sanctus

375 2401 656 2467 Thomas).
689 2398 820 2452 ltem
852 2399 1021 2453 Exodi
1054 2415 1119 2452 xx
1154 2416 1168 2452 :
1205 2398 1311 2453 Sea:
1337 2399 1513 2452 diebus
1544 2398 1662 2465 fecit
1722 2397 1966 2451 Dominus

374 2472 556 2527 emtum
585 2481 634 2525 et
664 2481 887 2534 terram,
911 2482 958 2524 et
987 2486 1126 2525 mare
1147 2512 1162 2536 ,
1194 2481 1242 2524 et
1267 2471 1442 2524 omnia
1474 2485 1588 2536 quae
1611 2470 1666 2523 in
1693 2470 1765 2522 eis
1811 2478 1964 2535 sunt,

373 2552 421 2596 et
444 2541 687 2612 requievit
711 2542 767 2596 in
793 2542 875 2596 die
901 2544 1136 2612 septimo.
1171 2541 1424 2597 Secundo
1471 2540 1794 2596 auctoritate
1834 2555 1968 2594 con-

375 2560 421 2596 ει
444 2561 470 2596 i'
537 2560 687 2596 ιιωυιι
711 2560 767 2596 ιη
793 2560 875 2596 αιε
901 2560 1136 2612 aepumo.
1171 2560 1424 2597 DBCUIIOO
1471 2560 1794 2596 ιιιιοιοηιιιθ
1834 2560 1968 2594 ποη-

375 2560 902 2670 οἰιίῗᾳιιιίιθιωιθιιείε
922 2654 937 2677 ,
972 2614 1061 2668 ubi
1091 2613 1287 2667 dicitur
1315 2631 1326 2665 :
1366 2613 1502 2668 Dens
1523 2612 1585 2666 ab
1606 2613 1755 2666 initio
1775 2621 1971 2682 tempo-

373 2689 448 2740 ris
487 2693 756 2750 utramque
787 2684 852 2738 de
896 2685 1062 2739 nihilo
1103 2684 1334 2740 candidit
1367 2693 1687 2749 creaturam,
1723 2684 1973 2755 spiritua-

374 2758 476 2812 lem
505 2766 553 2810 et
579 2756 932 2824 corporalem,
957 2755 1241 2827 angelicam
1261 2757 1498 2827 uidelicet
1537 2765 1584 2809 et
1628 2756 1966 2827 mundanam.

377 2827 564 2883 Tertio
587 2828 908 2881 auctoritate
950 2825 1199 2891 Patrum,
1231 2827 1325 2893 qui
1356 2828 1426 2880 ita
1457 2826 1789 2890 docuerunt,
1839 2825 1974 2897 Epi-

377 2897 566 2970 phanii
597 2899 789 2970 haeresi
817 2897 908 2964 65,
933 2897 1324 2970 Augustinilib.
1357 2913 1412 2952 ιι
1438 2897 1506 2970 de
1533 2897 1688 2970 Civil.
1721 2897 1821 2970 Dei,
1847 2912 1969 2970 cap.

381 2967 436 3034 9,
461 2968 789 3024 Theodoret.
819 2967 1076 3038 (μηθειῶ
1097 2983 1259 3036 super
1284 2968 1539 3025 Genesim
1556 3011 1570 3034 ,
1601 2967 1846 3037 Gregorii
1873 2969 1964 3022 lib.

379 3056 529 3112 xxxrt
550 3039 740 3096 Morel.
769 3037 889 3108 cap.
911 3040 976 3112 10
1003 3037 1163 3112 (Vide
1193 3041 1398 3095 Sixtum
1433 3038 1650 3096 Senens.
1677 3037 1840 3112 κων
1881 3038 1972 3093 Bi-

381 3109 794 3181 bliothaannot.
849 3109 1072 3178 quinta).
1126 3111 1256 3179 Quae
1309 3112 1529 3181 quidem
1586 3111 1970 3176 auctoritates,

380 3180 633 3253 quamvis
655 3181 797 3237 hanc
825 3185 1145 3237 sententiam
1168 3180 1340 3238 solide
1364 3183 1722 3248 conﬁrment,
1745 3191 1800 3237 et
1827 3183 1974 3250 plus-

381 3270 543 3326 quam
573 3253 907 3326 probaliilem
948 3255 1208 3319 reddant,
1248 3254 1334 3326 pie
1385 3263 1562 3310 tamen
1610 3263 1665 3308 et
1698 3253 1974 3320 sapienter

384 3324 642 3384 admonet
671 3324 730 3381 S.
754 3325 992 3382 Thomas
1020 3325 1352 3382 contrarium
1403 3340 1509 3381 non
1561 3339 1684 3381 esse
1722 3333 1975 3395 reputan-

383 3397 514 3453 dum
567 3396 1216 3467 erroneum,Prtecipue,
1266 3397 1467 3466 inquit.
1508 3406 1718 3467 propter
1769 3405 1976 3467 senten-

385 3473 512 3542 tiam
539 3468 775 3542 Gregorii
798 3466 1124 3542 Nasianzeni
1145 3509 1160 3534 ,
1185 3472 1332 3542 cujus
1365 3466 1516 3522 tanta
1534 3479 1608 3521 est
1640 3469 1711 3542 ing
1741 3466 1976 3542 doctrina

385 3538 678 3597 Christiana
705 3541 1016 3604 auctoritas.
1074 3550 1130 3594 ut
1174 3538 1350 3595 nullus
1394 3555 1635 3607 umquam
1663 3539 1791 3610 ejus,
1823 3541 1974 3595 dictis

386 3613 700 3667 calumniam
736 3611 928 3683 inferre
967 3612 1375 3683 praesumpserit,
1401 3612 1532 3666 sicut
1578 3609 1977 3666 nec’AIhanasii

384 3683 703 3738 documentis
719 3681 821 3753 .ut
850 3681 1202 3753 Hieronymus
1251 3683 1396 3738 dicit.

460 3764 487 3792 ι
515 3754 685 3811 Immo
713 3752 795 3810 sic
820 3751 1133 3810 existimare
1155 3752 1439 3814 debemus.
1457 3753 1601 3807 salva
1619 3752 1785 3820 hnjus
1813 3751 1980 3807 abba-

385 3826 457 3880 tis
474 3825 798 3885 reverentia.
823 3827 962 3880 sicut
983 3826 1356 3880 existimarunt
1373 3833 1426 3880 et
1439 3824 1730 3894 probarunt
1761 3822 1856 3878 SS.
1878 3823 1980 3878 Pa-

389 3907 500 3952 tres
545 3897 706 3951 modo
752 3895 935 3962 citati,
967 3897 1187 3966 angelos
1247 3897 1356 3952 dici
1415 3898 1648 3964 primum
1701 3895 1977 3964 opilicium

388 3967 658 4031 Dei,non
704 3966 847 4035 quod
905 3977 1034 4024 ante
1083 3967 1267 4023 nmndi
1328 3968 1491 4033 hujus
1539 3966 1975 4021 constitutionem

387 4040 730 4102 exstiterint;
772 4037 865 4093 sed
897 4038 1038 4109 quod
1081 4039 1255 4107 primo
1283 4038 1370 4092 die
1399 4037 1555 4109 simul
1586 4052 1707 4091 cum
1732 4037 1894 4106 cmlo,
1925 4046 1979 4092 et

389 4110 445 4164 in
468 4110 632 4175 caelo,
661 4121 721 4163 ut
748 4107 937 4164 eorum
963 4109 1210 4178 dignitati
1235 4107 1600 4178 congruebat,
1642 4110 1748 4163 sint
1777 4109 1974 4174 creati,

391 4191 450 4234 ut
493 4181 856 4236 nobilissimas
915 4177 1097 4249 partes
1136 4190 1193 4235 et
1221 4177 1486 4232 creaturae
1525 4181 1688 4234 totius
1715 4177 1974 4235 universi.

465 4250 492 4290 δ
524 4252 602 4307 Ita
635 4253 853 4322 quidem
881 4251 1219 4322 septuaginta
1266 4250 1618 4320 lnterpretes,
1657 4265 1767 4317 quo
1811 4251 1976 4308 etiam

392 4323 555 4378 modo
581 4321 746 4379 citant
779 4321 1112 4390 Epiphanius
1167 4331 1221 4376 et
1251 4322 1583 4389 Augustinus
1633 4322 1724 4375 ubi
1765 4335 1924 4390 supra
1959 4341 1973 4377 :

391 4394 536 4450 unde
585 4397 746 4450 etiam
775 4395 1036 4463 colligunt
1064 4404 1117 4447 et
1137 4394 1366 4462 probant
1410 4394 1631 4463 angelos
1679 4393 1978 4463 prituogdie

389 4466 558 4522 fuisse
573 4467 837 4521 conditos.
874 4461 1042 4520 Porro
1072 4461 1294 4535 Vulgata
1325 4461 1586 4519 lectio'sic
1620 4463 1786 4520 habet
1811 4482 1822 4518 :
1847 4461 1978 4518 Cum

390 4553 470 4590 me
489 4536 764 4592 laudarent
791 4537 944 4592 simul
963 4548 1103 4591 astra
1135 4537 1408 4601 matutina,
1432 4544 1480 4588 et
1505 4535 1778 4603 iubilarent
1807 4551 1979 4590 omnes

393 4607 491 4677 ﬁlii
521 4606 782 4672 Detllob.
817 4611 1063 4675 xxxvttt).
1090 4607 1246 4664 Unde
1279 4610 1377 4661 hoc
1418 4617 1623 4661 tantum
1669 4607 1844 4676 colligi
1885 4623 1980 4676 pri-

393 4689 500 4734 test
527 4682 750 4750 angelos
789 4687 913 4734 ante
961 4679 1233 4733 hominem
1260 4677 1454 4750 luisse
1501 4687 1748 4750 creatos;
1777 4679 1844 4732 de
1865 4692 1975 4746 quo

393 4753 540 4806 nulla
564 4762 646 4806 est
665 4752 1058 4806 controversia.
1076 4750 1236 4806 Certe
1257 4749 1321 4804 D.
1337 4749 1636 4820 Gregorius
1653 4749 1789 4802 libro
1815 4763 1976 4803 xxmt

391 4821 581 4876 hloral.
610 4837 731 4892 cap.
771 4823 837 4877 Η
888 4822 1024 4877 dicit
1051 4821 1273 4890 angelos
1297 4824 1477 4876 vocari
1509 4832 1650 4876 astra
1684 4821 1972 4888 matutina,

391 4895 516 4964 quin
548 4893 761 4948 luerunt
788 4893 989 4947 conditi
1023 4893 1074 4947 in
1105 4894 1221 4961 ipso
1245 4908 1417 4964 mane,
1433 4893 1587 4964 primi
1609 4892 1738 4947 diei.

2068 2275 2186 2312 vum
2216 2259 2592 2328 approprialur
2626 2255 2802 2321 Patri,
2835 2267 3048 2330 prapter
3073 2257 3386 2324 potentiam;
3411 2258 3485 2312 ita
3516 2259 3672 2326 prin-

2069 2331 2258 2397 cipium
2288 2330 2580 2398 exemplare
2607 2328 2974 2401 appropriatur
3004 2328 3144 2384 Filio
3166 2371 3182 2395 ,
3215 2341 3425 2399 propter
3455 2331 3669 2401 sapien-

2071 2403 2194 2454 tiam
2227 2401 2406 2470 (Vide
2439 2401 2568 2471 Aug.
2595 2398 2686 2454 lib.
2723 2416 2797 2454 xtl
2856 2398 3090 2473 Confess,
3147 2417 3194 2473 ς.
3217 2398 3343 2469 95).
3402 2398 3671 2473 ᾼΙὶίύενο

2070 2473 2342 2536 dia-erunt,
2400 2473 2694 2542 corporalia
2723 2488 2833 2526 esse
2874 2471 3044 2524 creata
3072 2487 3104 2524 α
3139 2471 3265 2533 Deo,
3318 2471 3668 2529 mediantibus

2071 2545 2316 2616 creaturis
2334 2543 2720 2616 spiritualilrns:
2743 2554 2789 2598 et
2803 2543 2869 2594 ad
2893 2545 2948 2596 id
2964 2542 3337 2596 excludendum
3358 2545 3662 2616 exponitur,

2072 2613 2138 2668 In
2160 2613 2411 2688 principio
2451 2615 2641 2688 creavit
2664 2614 2802 2668 Deus
2824 2615 3006 2668 etclam
3029 2624 3077 2688 et
3105 2623 3313 2677 terram,
3339 2615 3392 2667 id
3413 2613 3486 2668 est
3509 2613 3671 2688 ,ante

2073 2688 2263 2758 omnia.
2299 2686 2536 2755 Quatuor
2561 2686 2696 2739 enim
2721 2694 2983 2758 ponuntur
3009 2686 3171 2758 simul
3209 2696 3407 2751 creata,
3463 2686 3668 2740 scilicet

2073 2757 2257 2812 caelum
2303 2773 2626 2828 empyreum,
2682 2757 2897 2812 materia
2935 2757 3250 2828 corporalis,
3300 2772 3412 2828 qua
3453 2759 3666 2828 nomine

2073 2838 2223 2957 aegras
2267 2826 2600 2902 intelligitur,
2634 2836 2652 2882 t
2682 2844 2854 2897 mpus,
2892 2835 2939 2882 et
2971 2826 3161 2884 natura
3193 2826 3446 2902 angelica.
3486 2828 3563 2882 ita
3597 2826 3661 2888 S.

2162 2916 2336 2956 ornas.

2162 2916 2336 2956 omns.

2149 2983 2173 3011 ε
2215 2973 2368 3028 Absit
2390 2981 2451 3028 ut
2477 2971 2554 3028 sic
2576 2971 2949 3027 existimemus
2969 2970 3138 3027 Deum
3166 2970 3523 3026 anteriorihus
3549 2970 3667 3030 illis

2072 3053 2128 3101 et
2173 3043 2469 3100 innumeris
2521 3043 2730 3098 seculis
2776 3043 2864 3113 (si
2896 3044 2974 3096 sic
3005 3041 3332 3114 loquendum
3370 3041 3501 3111 sit),
3535 3058 3667 3114 qua;

2074 3115 2282 3172 scilicet
2328 3114 2584 3186 mundum
2635 3113 3208 3186 praecesserantphoc
3251 3121 3357 3186 est,
3408 3113 3478 3169 ab
3505 3113 3665 3170 omni

2073 3189 2370 3242 aeternitate
2415 3185 2584 3254 fuisse
2631 3184 2900 3249 Otiosum,
2948 3193 3042 3239 aut
3088 3184 3427 3254 solitarium,
3461 3194 3555 3240 aut
3592 3187 3668 3241 ab

2073 3260 2219 3314 omni
2260 3243 2625 3313 muniﬁcen‘tia
2657 3243 2910 3313 alienum.
2960 3254 3215 3312 Eternas
3250 3258 3303 3310 in
3336 3243 3446 3312 Deo
3487 3270 3662 3327 agno-

2074 3331 2275 3384 scimus
2311 3330 2576 3392 actiones,
2619 3343 2752 3397 quas
2781 3327 3018 3398 theologi
3049 3336 3246 3398 vocant
3277 3328 3664 3394 immancntes,

2073 3400 2176 3456 hoc
2221 3411 2323 3468 est,
2376 3401 2428 3455 in
2479 3400 2597 3464 ipso
2628 3399 2742 3455 Deo
2781 3397 3082 3465 manentes,
3129 3409 3183 3456 et
3229 3397 3492 3462 internas,
3518 3414 3661 3467 quas

2079 3473 2219 3527 Deus
2244 3482 2369 3529 ante
2398 3471 2581 3527 mundi
2616 3471 3053 3526 constitutionem
3081 3469 3133 3524 in
3164 3469 3340 3540 seipso
3370 3470 3664 3540 tractabat,

2004 3559 2046 3625 ρ
2079 3547 2336 3613 agitabat,
2382 3543 2699 3625 exercebat,
2745 3551 2882 3625 puta-
2917 3549 3175 3625 aeternam
3219 3539 3333 3594 sua:
3363 3539 3661 3625 divinitatis

2081 3611 2408 3686 suorumque
2434 3611 2812 3686 attributorum
2831 3621 2889 3686 et
2918 3611 3304 3686 perfectionum
3329 3612 3668 3680 contempla-

2083 3681 2590 3750 tionemfaaternam
2627 3682 2741 3738 Filii
2772 3698 2801 3737 a
2831 3681 2991 3738 Patre
3030 3683 3431 3750 generationem
3453 3724 3467 3744 .
3503 3691 3667 3737 mter-

2081 3772 2203 3812 nam
2235 3756 2467 3826 Spiritus
2494 3756 2662 3810 sancti
2703 3768 2730 3808 a
2760 3753 2916 3809 Patre
2945 3764 2998 3809 et
3039 3753 3186 3810 Filio
3218 3753 3664 3826 iprocessionem;

2081 3823 2340 3882 internum
2382 3827 2449 3882 de
2493 3826 2677 3882 mundi
2723 3827 2996 3881 creatione
3043 3834 3099 3880 et
3146 3825 3556 3895 gubernatione,
3589 3823 3664 3880 de

2081 3898 2204 3954 Filii
2260 3898 2634 3953 incarnatione
2687 3905 2742 3952 et
2783 3897 3105 3958 meouomia.
3154 3897 3221 3951 de
3267 3897 3576 3964 angelorum
3607 3903 3668 3952 et

2081 3969 2357 4025 hominum
2409 3969 2674 4025 electione
2720 3978 2770 4023 et
2819 3969 3236 4036 reprobatione,
3285 3966 3352 4022 de
3402 3966 3665 4022 omnibus

2081 4041 2244 4096 rebus
2271 4041 2334 4095 ad
2366 4040 2600 4095 divinam
2637 4039 3038 4094 Providentiam
3087 4036 3452 4106 spectantibus
3482 4039 3664 4093 consi-

2083 4113 2211 4167 lium
2242 4119 2297 4167 et
2331 4112 2642 4175 decretum;
2679 4111 2869 4181 quibus
2900 4109 3041 4164 Deus
3069 4119 3206 4181 ante
3239 4109 3420 4162 mundi
3450 4109 3660 4164 consti-

2081 4185 2343 4238 tutionem
2373 4180 2752 4253 occupatus,si
2788 4183 2856 4235 ita
2892 4181 3034 4253 loqui
3067 4180 3248 4242 liceat,
3277 4181 3489 4253 otiosus
3509 4190 3664 4253 certe

2080 4255 2185 4309 dici
2217 4271 2322 4310 non
2353 4251 2562 4323 potuit,
2599 4268 2769 4320 neque
2799 4251 3224 4323 solitarius,_aut
3274 4251 3660 4323 imntunilicus.

2081 4326 2300 4383 Summa
2330 4321 2472 4381 enim
2505 4323 2694 4379 interni
2728 4324 2905 4377 Patris
2950 4321 3316 4378 muniﬁcentia
3361 4321 3460 4377 fuit
3504 4335 3660 4378 suam

2081 4400 2371 4453 essentiam
2403 4396 2554 4461 Filio,
2586 4409 2648 4449 ac
2677 4393 2873 4449 deinde
2899 4410 3018 4449 cum
3050 4392 3189 4448 Filio
3213 4392 3456 4449 eamdem
3486 4394 3660 4461 ipsam

2079 4470 2299 4538 Spiritui
2332 4477 2520 4538 sancto
2546 4466 2966 4538 communicare,
2996 4475 3054 4520 ut
3085 4479 3220 4538 unus
3248 4477 3462 4538 semper
3495 4465 3663 4538 fuerit

2081 4534 2222 4594 D'uus
2252 4539 2304 4595 in
2328 4534 2559 4594 eﬂeutia
2583 4579 2598 4602 ,
2628 4547 2682 4592 ct
2709 4538 2881 4592 trinus
2912 4537 2964 4590 in
2997 4535 3260 4607 personis.
3291 4534 3445 4604 Quod
3477 4536 3521 4590 si
3557 4535 3662 4592 hoc

2081 4620 2453 4681 argumentum
2485 4611 2591 4665 vim
2641 4607 2820 4681 ullatug
2853 4607 3101 4681 haberet,
3131 4607 3479 4681 concluderet
3507 4615 3661 4662 certe

2081 4678 2299 4751 angelos
2328 4697 2432 4735 non
2465 4681 2635 4734 solum
2664 4695 2782 4751 esse
2809 4678 2910 4733 hoc
2935 4678 3134 4733 mundo
3161 4679 3459 4751 anteriores
3487 4687 3538 4732 et
3556 4692 3660 4733 an-

2083 4749 2368 4822 tiquiores,
2398 4752 2490 4806 sed
2523 4753 2683 4807 etiam
2713 4750 2822 4806 Deo
2853 4757 3169 4822 coaeteruos,
3202 4764 3268 4803 ue
3300 4749 3466 4804 Deum
3504 4759 3658 4806 ante-

2080 4821 2316 4878 rioribus
2363 4831 2416 4877 et
2462 4823 2760 4877 innumeris
2805 4821 3020 4877 smculis
3069 4823 3386 4874 aeternitatis
3422 4822 3658 4875 Otiosum

2081 4906 2172 4949 aut
2203 4894 2498 4949 solitarium
2549 4893 2704 4948 fateri
2750 4908 3084 4963 cogeremur.
3117 4890 3312 4946 Verum
3346 4891 3431 4946 hic
3476 4891 3658 4946 locum

468 4975 489 5002 ε
525 4965 871 5034 Respondent
921 4950 1254 5034 Epiphanius
1294 4973 1348 5020 et
1386 4950 1794 5030 Theodoretus,
1833 4973 1976 5019 astra
2005 4950 2056 5011 D
2086 4965 2244 5019 habet
2271 4965 2356 5019 illa
2384 4964 2653 5034 Sapientis
2681 4950 3009 5034 adtntitiitio;
3043 4962 3143 5034 Qui
3163 4973 3429 5034 scrutator
3448 4975 3521 5018 est
3548 4978 3661 5034 ma_-_

390 5033 558 5091 fuisse
582 5050 762 5092 creata
796 5045 988 5106 quarto
1015 5033 1124 5096 die,
1155 5046 1215 5090 ut
1242 5035 1396 5091 docet
1423 5035 1699 5105 Scriptura
1722 5034 1978 5104 :proiniie

391 5109 646 5176 angelos.
675 5109 768 5178 qui
795 5118 950 5162 erant
980 5107 1151 5162 creati
1187 5109 1361 5176 primo
1390 5107 1504 5168 die.
1535 5108 1771 5178 potuisse
1803 5107 1975 5161 inter-

390 5194 512 5232 eSse
532 5177 790 5234 creationi
813 5179 1078 5244 siderum,
1107 5187 1162 5232 et
1190 5179 1242 5232 in
1272 5193 1337 5233 ea
1369 5178 1586 5234 laudare
1631 5177 1819 5232 Deum.

460 5247 488 5288 ἀ
523 5251 700 5305 Prima
727 5252 816 5306 illa
844 5251 1111 5306 sententia
1153 5250 1275 5304 libri
1321 5249 1598 5306 Geneseos
1630 5269 1640 5302 :
1693 5247 1756 5302 In
1785 5250 1978 5320 princi-

388 5322 476 5391 pio
505 5325 690 5376 creavit
719 5323 857 5376 Deus
885 5322 1068 5376 caelum
1095 5331 1139 5374 et
1169 5332 1352 5374 terrain
1372 5362 1386 5388 ,
1421 5322 1708 5392 tripliciter
1734 5322 1978 5392 exponi-

392 5389 480 5445 tur
500 5433 516 5457 ,
566 5403 626 5448 ut
653 5394 812 5448 docet
839 5393 898 5449 S.
922 5393 1158 5448 Thomas
1185 5394 1323 5460 (par.
1357 5407 1393 5454 ι,
1418 5409 1467 5461 q.
1498 5389 1555 5454 λ.
1585 5409 1666 5446 ar.
1696 5389 1752 5462 5)
1772 5433 1785 5456 ,
1817 5391 1977 5461 idque

391 5462 458 5514 ad
480 5465 877 5520 excludendum
924 5477 1035 5520 tres
1056 5479 1277 5520 errores
1306 5482 1320 5518 :
1349 5464 1569 5530 Quidam
1611 5463 1746 5517 enim
1797 5479 1980 5528 posue-

389 5541 512 5607 runt
551 5539 810 5607 mundum
854 5553 1051 5593 semper
1102 5537 1292 5607 fuisse,
1342 5545 1388 5588 et
1418 5545 1612 5602 tempus
1635 5550 1737 5607 non
1793 5533 1979 5607 habere

393 5605 731 5676 principium,
791 5618 839 5661 et
882 5609 951 5663 ad
998 5602 1112 5662 Ιιοό
1136 5602 1509 5662 excludendum
1553 5605 1853 5674 exponitur,
1910 5602 1977 5658 In

398 5675 685 5750 principio,
736 5679 927 5734 scilicet
974 5681 1233 5750 temporis.
1291 5677 1514 5750 Quidam
1551 5692 1664 5730 vero
1703 5685 1979 5750 posuerunt

393 5745 501 5820 duo
519 5763 626 5801 esse
649 5751 924 5805 creationis
972 5745 1244 5820 principia,
1274 5765 1430 5802 unum
1451 5745 1723 5819 bonorum,
1753 5747 1978 5820 alterum

393 5818 650 5872 malorum
673 5860 691 5886 ,
722 5831 772 5874 et
791 5823 857 5874 ad
889 5817 984 5889 hoc
1011 5819 1384 5874 excludendum
1410 5817 1718 5889 exponitur,
1741 5818 1806 5874 In
1837 5817 1980 5888 prin.

396 5889 646 5962 cipio,id
671 5902 774 5959 est,
805 5894 856 5948 in
901 5888 1066 5948 Filio.
1106 5890 1252 5947 Sicut
1279 5891 1416 5944 enim
1465 5888 1768 5962 principium
1788 5889 1982 5957 e/fecti-

2071 5038 2306 5110 jestatis,
2341 5031 2715 5110 apprintetura
2743 5033 2909 5110 gloria
2929 5033 3056 5110 ;__Et
3086 5033 3172 5110 illa
3215 5033 3455 5103 Apostoli
3485 5051 3498 5085 :
3534 5031 3660 5086 A‘oli

2080 5102 2242 5161 altum
2271 5102 2480 5177 sapere,
2519 5107 2608 5159 sed
2634 5102 2786 5170 time;
2816 5104 2910 5168 Et.
2949 5102 3069 5157 Non
3099 5102 3217 5177 pl_us
3261 5102 3467 5177 sapere,
3503 5118 3660 5177 quam

2081 5188 2299 5252 Oportet,
2333 5172 2432 5231 sed
2455 5193 2638 5252 sapere
2665 5178 2731 5230 ad
2756 5177 3076 5252 sobrietatem
3100 5172 3117 5244 (
3139 5172 3294 5252 Prov_.
3319 5172 3438 5229 'xxv
3452 5172 3659 5252 _Quis

2079 5246 2214 5304 enim
2255 5249 2485 5320 cognovit
2530 5263 2732 5320 sensum
2779 5246 3020 5320 Domini,
3066 5254 3155 5298 aut
3192 5247 3317 5320 quis
3334 5246 3660 5320 collsiliartus

2079 5324 2188 5390 eius
2222 5316 2532 5390 fuit'(liom.
2562 5335 2631 5374 xu
2651 5317 2668 5390 )
2690 5321 2713 5370 't
2740 5329 2839 5373 etc.
2875 5318 3029 5372 Libet
3048 5325 3236 5390 tamen
3267 5316 3354 5372 hic
3383 5316 3447 5390 D_.
3481 5318 3662 5390 Augu-

2079 5387 2278 5447 stinum
2307 5387 2372 5445 de
2402 5392 2500 5447 hac
2544 5387 2824 5445 aut'simili
2870 5389 3189 5457 qumstione,
3215 5387 3459 5458 quamvis
3491 5389 3655 5456 proli-

2083 5465 2222 5530 xius,
2258 5473 2436 5519 tamen
2483 5463 2735 5535 apposite
2771 5460 2836 5513 ad
2866 5459 3008 5535 hunc
3053 5459 3248 5535 locum‘
3274 5458 3656 5535 elucidandutu

2083 5528 2269 5591 audire
2294 5528 2653 5590 disserentem
2685 5532 2775 5589 lib.
2810 5529 3092 5587 undecimo
3117 5528 3357 5585 (Ioniess.
3389 5543 3511 5598 cap.
3545 5530 3612 5586 1’2
3641 5545 3658 5586 :

2082 5599 2239 5676 Ecce,
2272 5607 2464 5676 inquit,
2495 5606 2772 5672 respondeo
2817 5603 3006 5658 dicenti
3036 5620 3052 5660 :
3081 5601 3218 5676 Quid
3259 5599 3476 5676 faciebat
3517 5598 3661 5656 Deus

2084 5674 2360 5745 antequam
2396 5677 2584 5743 {ticeret
2634 5677 2814 5728 cwlum
2851 5683 2897 5728 et
2938 5675 3171 5728 terram?
3198 5674 3505 5741 respondeo,
3555 5689 3662 5745 non

2084 5744 2248 5811 illud,
2277 5747 2416 5815 quod
2445 5746 2650 5817 quidmn
2683 5747 3000 5813 respondisse
3030 5745 3323 5817 perhibetur
3349 5744 3665 5817 jocularitcr

2086 5820 2297 5872 eludens
2322 5815 2615 5886 qtttrs'tionis
2642 5815 3126 5879 violentiam:Alta,
3167 5815 3359 5886 inquit,
3380 5815 3666 5870 scrutanti-

2086 5889 2180 5942 bus
2221 5888 2476 5958 gehennae
2505 5890 2736 5943 parabat.
2769 5889 2923 5942 Aliud
2951 5897 3024 5943 est
3061 5887 3262 5954 videre,
3290 5888 3440 5943 aliud
3463 5889 3664 5944 ridere.

3993 4859 3999 5031 ι

3991 5151 3997 5351 l

3991 5431 3995 5669 1
