4012 6336
393 330 508 403 ⁸138

1456 346 1738 408 JOANNIS
1775 350 2084 410 CASSIANI
2120 351 2609 410 COLLATIONES.

3549 361 3663 421 756

393 451 493 548 tia,
532 460 788 548 perfectus
826 459 1028 527 decore,
1057 460 1112 516 in
1157 460 1353 518 deliciis
1398 464 1630 536 paradisi
1669 463 1765 519 Dei
1800 467 1963 538 fuisti.
1996 472 2043 530 Α
2061 468 2320 540 judicium
2360 469 2534 540 magni
2559 468 2663 524 diei
2686 469 2910 526 vinculis
2945 472 3149 529 internis
3178 477 3272 530 sub
3299 474 3522 548 caligine
3550 493 3662 532 ser-

396 543 582 603 Omnis
604 547 740 624 lapis
759 554 1014 626 pretiosus
1037 553 1410 624 operimentum
1435 565 1579 611 tuum
1597 597 1612 624 ,
1640 557 1864 626 sardius,
1895 567 1973 614 to-

393 643 575 710 pasius
594 685 607 708 ,
648 652 697 699 et
737 645 935 715 iaspis,
967 645 1347 718 chrysolithus,
1384 657 1431 702 et
1460 665 1626 720 onyx,
1655 659 1702 704 et
1727 650 1970 721 beryllus,

392 734 692 806 sapphirus,
721 746 770 791 et
800 738 1165 811 carbunculus,
1196 748 1244 794 et
1270 740 1595 810 smaragdus.
1628 741 1820 796 Aurum
1847 758 1974 814 Opus

391 827 591 881 decoris
615 830 709 897 tui,
738 839 784 883 et
811 831 1068 899 foramina
1095 840 1182 887 tua
1206 832 1260 886 in
1285 833 1368 888 die
1385 849 1487 902 qua
1513 833 1744 888 conditus
1771 851 1822 889 es
1840 849 1975 906 prte-

392 930 578 990 parata
603 931 742 976 sunt.
775 921 853 976 Tu
880 923 1070 978 cherub
1093 933 1329 980 extentus
1353 934 1401 980 et
1425 935 1714 998 protegens,
1745 935 1793 980 et
1821 926 1973 998 posui

391 1025 440 1070 te
468 1015 523 1069 in
549 1024 718 1071 monte
742 1026 920 1073 sancto
951 1016 1075 1085 Dei,
1107 1019 1162 1073 in
1205 1020 1370 1074 medio
1414 1019 1648 1088 lapidum
1688 1020 1972 1092 ignitorum

391 1107 688 1174 ambulasti,
719 1114 971 1182 perfectus
997 1111 1053 1166 in
1081 1111 1176 1167 viis
1205 1112 1329 1178 tuis,
1353 1128 1385 1166 a
1404 1112 1488 1166 die
1512 1113 1820 1167 conditionis
1847 1121 1970 1182 tute,

391 1198 552 1254 donec
578 1202 782 1257 inventa
811 1212 890 1257 est
921 1203 1162 1274 iniquitas
1190 1205 1244 1259 in
1269 1214 1335 1261 te.
1363 1201 1428 1257 In
1454 1203 1788 1259 multitudine
1816 1221 1973 1276 nego-

390 1291 619 1347 tiationis
663 1303 764 1349 tute
799 1296 992 1367 repleta
1028 1304 1148 1351 sunt
1187 1296 1436 1351 interiora
1473 1305 1565 1350 tua
1606 1297 1891 1367 iniquitate,
1921 1306 1973 1351 et

391 1386 644 1454 peccasti,
675 1396 722 1441 et
737 1388 866 1459 ejeci
888 1396 936 1441 te
961 1387 1025 1443 de
1049 1397 1218 1443 monte
1249 1388 1362 1454 Dei,
1395 1397 1442 1443 et
1469 1389 1672 1460 perdidi
1699 1398 1765 1454 te.
1795 1405 1826 1444 ο
1847 1389 1968 1446 che-

389 1475 485 1531 rub
505 1485 791 1550 protegens,
823 1481 876 1534 in
906 1479 1072 1534 medio
1110 1479 1342 1552 lapidum
1370 1480 1671 1549 ignitorum.
1697 1479 1968 1538 Elevatum

387 1578 462 1623 est
484 1585 572 1624 cor
600 1579 743 1624 tuum
773 1571 826 1624 in
851 1569 1031 1626 decore
1060 1580 1168 1638 tuo,
1200 1570 1470 1643 perdidisti
1499 1573 1802 1644 sapientiam
1827 1581 1968 1627 tuam

386 1675 421 1714 a
445 1660 625 1716 decore
658 1670 769 1726 tuo,
796 1664 852 1716 in
875 1670 1060 1717 terram
1097 1663 1295 1735 projeci
1323 1673 1391 1730 te,
1422 1672 1541 1719 ante
1578 1665 1764 1735 faciem
1789 1681 1968 1736 regum

387 1751 509 1807 dedi
548 1763 618 1821 te,
660 1762 718 1808 ut
746 1763 1010 1810 cernerent
1056 1764 1122 1810 te.
1155 1754 1225 1810 In
1267 1755 1594 1812 multitudine
1635 1757 1966 1827 iniquitatum

387 1857 615 1914 tuarum,
654 1856 700 1903 et
729 1849 1002 1919 iniquitate
1030 1850 1390 1921 negotiationis
1427 1861 1547 1919 tute,
1590 1852 1824 1922 polluisti
1845 1869 1966 1908 san-
1995 1857 2043 1919 B

385 1940 750 2010 ctiﬁcationem
778 1951 920 1996 tuam
948 1940 1174 2014 (Esech.
1197 1945 1415 2015 xxvttt).
1457 1943 1618 2001 Isaias
1657 1960 1872 2017 quoque
1896 1945 1966 2004 tle

383 2029 519 2086 alio:
536 2030 802 2098 Quomodo
822 2033 1055 2089 cecidisti
1081 2034 1145 2089 de
1162 2036 1309 2104 calo,
1327 2034 1556 2106 Lucifer,
1571 2037 1661 2107 qui
1671 2054 1820 2093 niani:
1832 2039 1964 2095 orie-

385 2121 561 2177 boris?
583 2121 835 2180 Corruisti
862 2125 918 2181 in
946 2135 1154 2194 terram,
1197 2129 1286 2198 qui
1321 2129 1625 2185 vulnerabas
1653 2140 1852 2201 gentes,
1874 2133 1964 2204 qui

383 2211 588 2269 dicebas
614 2214 669 2269 in
695 2215 848 2270 corde
891 2226 982 2272 tuo
1009 2234 1030 2274 :
1072 2218 1138 2273 In
1181 2219 1363 2275 coelum
1391 2222 1729 2277 conscendam
1752 2263 1768 2289 ,
1807 2240 1964 2297 super

382 2315 526 2362 astra
554 2306 656 2364 Dei
690 2309 926 2365 excitabo
951 2311 1141 2367 solium
1169 2329 1334 2368 meum
1351 2354 1368 2382 ,
1396 2314 1581 2371 sedebo
1605 2318 1663 2370 in
1691 2326 1860 2374 monte
1891 2329 1965 2374 te-

381 2401 620 2454 stamenti
645 2401 699 2456 in
723 2401 969 2459 lateribus
996 2405 1287 2477 Aquilonis,
1313 2408 1583 2464 ascendam
1609 2426 1765 2480 super
1781 2412 1963 2467 altitu-

379 2492 556 2548 dinem
598 2495 832 2564 nubium,
865 2509 912 2554 et
941 2514 1031 2554 ero
1068 2501 1254 2556 similis
1288 2501 1551 2558 Altissimo
1594 2501 1789 2575 (Isaite
1813 2504 1960 2576 xtv).

379 2583 527 2653 Quos
569 2597 749 2646 tamen
779 2606 888 2646 non
929 2592 1076 2648 solos
1105 2607 1172 2649 ex
1214 2593 1306 2650 illo
1342 2594 1671 2652 beatissima
1708 2597 1960 2653 stationis

380 2678 535 2749 apice
554 2680 728 2737 ruisse
746 2681 1025 2753 Scriptura
1052 2693 1461 2751 commemorat,
1485 2685 1672 2743 dicens
1693 2695 1719 2724 ⁸
1744 2689 1958 2745 tertiam

380 2779 589 2842 partem
617 2772 894 2830 stellarum
918 2774 1207 2834 draconem
1227 2777 1376 2834 illum
1399 2793 1581 2835 secum
1610 2781 1812 2851 pariter
1835 2796 1958 2853 per-

379 2862 610 2919 traxisse
642 2864 836 2937 (Apoc.
863 2867 992 2937 xtt).
1024 2868 1172 2924 Unus
1199 2869 1414 2942 qtbque
1441 2872 1811 2941 apostolorum
1848 2875 1960 2930 evi-

380 2951 596 3010 dentius
635 2953 765 3012 dicit
810 2975 824 3012 :
866 2959 1119 3030 Angelos,
1159 2963 1250 3033 qui
1293 2978 1400 3018 non
1441 2974 1766 3019 seruauerunt
1808 2983 1958 3022 suum

377 3047 763 3118 principatum,
791 3053 883 3106 sed
912 3052 1288 3124 dereliquerunt
1323 3055 1646 3112 domicilium
1686 3075 1872 3127 suum,
1903 3060 1959 3116 in

2077 561 2209 614 vovit
2238 560 2256 630 (
2272 560 2444 616 ludas
2472 562 2524 616 in
2552 558 2776 630 Epistol.
2809 564 3096 636 canonic.).
3119 565 3256 623 Illud
3283 568 3470 637 etiam,
3510 573 3661 642 quod

2075 651 2140 706 ad
2172 666 2270 706 nos
2306 651 2518 722 dicitur,
2566 652 2670 709 Vos
2707 665 2876 711 autem
2912 657 3043 710 sicut
3080 657 3314 715 homines
3344 662 3658 725 moriemini,

2073 751 2120 797 et
2140 744 2270 798 sicut
2292 760 2423 798 unus
2448 745 2512 799 de
2532 744 2848 816 principibus
2872 748 3069 804 cadetis
3095 747 3270 821 (Psal.
3300 753 3506 824 Lxxxt).
3525 754 3660 826 quid

2073 834 2218 890 aliud
2261 851 2420 907 quam
2469 837 2669 892 multos
2718 839 2987 910 principes
3035 843 3296 900 cecidisse
3339 845 3666 916 signiﬁcat?

2073 925 2278 994 Quibus
2303 927 2518 984 indiciis
2557 927 2586 968 ιι
2622 930 2761 986 ratio
2787 931 3114 991 diversitatis
3165 934 3325 1006 hujus
3378 939 3448 993 ita
3503 941 3668 994 cuili-

2071 1019 2233 1091 gitur,
2263 1020 2359 1076 has
2396 1020 2732 1078 dill'erentias
2775 1024 3047 1092 ordinum,
3075 1041 3209 1097 quas
3237 1028 3411 1085 instar
3437 1041 3660 1085 sancta-

2072 1129 2188 1168 rum
2214 1114 2624 1186 cmlestiumque
2651 1116 2909 1174 virtutum
2939 1119 3180 1177 adversa:
3217 1130 3512 1192 potestates
3553 1121 3659 1178 ba-

2069 1205 2201 1264 bere
2229 1208 2498 1276 dicuntur;
2521 1211 2604 1266 vel
2628 1225 2694 1266 ex
2721 1211 2866 1268 illius
2896 1212 3188 1269 anterioris
3213 1214 3428 1270 ordinis
3455 1217 3658 1287 gradu,

2071 1299 2124 1356 in
2153 1315 2259 1372 quo
2287 1316 2624 1373 unaqutnque
2647 1311 2832 1360 creata
2863 1304 3055 1370 fuerat,
3091 1319 3235 1362 nunc
3272 1307 3432 1363 etiam
3469 1317 3663 1382 reten-

2070 1399 2220 1464 tare,
2260 1392 2346 1448 vel
2383 1393 2451 1449 de
2475 1393 2787 1450 calestibus
2814 1393 3100 1453 devolutus
3141 1396 3209 1452 ad
3239 1396 3656 1455 similitudinem

2069 1483 2284 1541 illarum
2326 1485 2580 1541 virtutum
2608 1501 2730 1559 qua:
2769 1486 2970 1544 ibidem
3003 1499 3382 1559 perseverant,
3426 1507 3524 1560 pro
3547 1505 3653 1546 ne-

2069 1577 2255 1649 quitia
2275 1593 2387 1634 sua:
2407 1579 2624 1648 merito,
2653 1580 2706 1636 in
2736 1596 2840 1652 qua
2869 1595 3203 1654 unaquaeque
3225 1583 3278 1637 in
3300 1583 3498 1639 malum
3525 1599 3656 1640 cre-

2069 1668 2164 1735 vit,
2190 1672 2288 1726 hos
2309 1670 2452 1727 inter
2473 1686 2532 1728 se
2552 1673 2751 1744 gradus
2777 1685 2833 1730 et
2862 1675 3115 1732 ordinum
3129 1675 3392 1732 vocabula
3413 1678 3465 1732 in
3491 1688 3650 1748 parte

2066 1763 2336 1819 contraria
2379 1763 2698 1822 vindicasse.

2679 1835 2906 1916 OAPUT
2945 1857 3035 1914 Ix.

2142 1945 2398 2020 Objectio,
2437 1948 2574 2020 quod
2607 1951 2762 2024 ruina
2813 1950 3012 2006 diaboli
3047 1967 3081 2005 a
3117 1950 3417 2024 deceptione
3454 1949 3580 2008 Eva!

2535 2021 2846 2093 principium
2881 2022 3177 2094 sumpserit.

2135 2133 2436 2191 Germanus
2483 2152 2496 2189 :
2540 2134 2652 2192 Nos
2698 2135 2960 2194 hactenus
3015 2135 3373 2193 credebamus
3423 2151 3653 2194 causam

2064 2226 2384 2299 initiumque
2439 2228 2611 2284 ruina
2670 2243 2768 2285 seu
2824 2229 3282 2300 praevaricationis
3335 2227 3650 2295 diabolicae,

2068 2335 2172 2392 qua
2204 2319 2273 2376 de
2301 2320 2540 2392 ngelica
2565 2321 2799 2378 statione
2822 2321 3065 2392 deiectus
3097 2330 3204 2389 est,
3233 2320 3488 2377 invidiam
3512 2336 3646 2392 spe-

2069 2413 2278 2470 cialiter
2305 2412 2603 2481 exstitisse,
2632 2413 2847 2486 quando
2867 2413 3039 2470 Adam
3064 2420 3121 2470 et
3143 2412 3314 2470 Evam
3342 2411 3506 2470 livida
3531 2412 3653 2469 cal-

2067 2506 2276 2564 liditate
2311 2505 2545 2578 decepit.

2697 2595 2924 2655 CAPUT
2960 2597 3033 2654 Χ.

2368 2690 2654 2764 Responsio
2679 2691 2744 2745 de
2761 2690 2908 2744 initio
2930 2690 3107 2762 lapsus
3134 2688 3348 2744 diaboli.

2138 2784 2374 2842 Serenus
2400 2800 2414 2837 :
2448 2793 2471 2822 ε
2495 2781 2612 2839 Non
2641 2797 2764 2839 esse
2786 2779 2928 2838 istud
2955 2779 3168 2836 initium
3191 2777 3652 2850 prazvarlcationis

2061 2876 2207 2933 illius
2250 2890 2347 2932 seu
2398 2874 2743 2947 dejectionis,
2789 2873 3066 2930 Geneseos
3106 2871 3274 2929 lectio
3316 2871 3648 2940 manifestat,

2059 2985 2204 3042 quae,
2249 2977 2374 3024 ante
2395 2967 2612 3023 illorum
2639 2967 3012 3038 deceptionem
3032 3007 3048 3033 ,
3078 2965 3378 3036 serpentini
3407 2963 3649 3021 nominis

2059 3077 2183 3118 eum
2212 3071 2338 3117 nota
2374 3058 2604 3117 credidit
2623 3058 2971 3128 inurendum,
3000 3058 3072 3115 ita
3101 3057 3287 3114 dicens
3320 3075 3333 3111 :
3361 3052 3390 3096 δ
3420 3055 3647 3129 Serpens

1450 3193 1709 3250 ALARDI
1745 3194 1976 3254 ΟΔΖᾹΞΙ
2015 3194 2585 3257 COMMENTARIUS.

378 3314 597 3380 manum
625 3303 926 3380 intelligere
959 3305 1168 3380 abillo,
1192 3306 1284 3380 dde
1328 3322 1435 3379 quo
1464 3322 1658 3380 supra;
1702 3309 1957 3366 nimirum
1982 3310 2030 3377 (ξ

377 3380 440 3426 ut
463 3373 652 3450 probet
682 3373 861 3450 plures
885 3392 950 3433 ex
975 3373 1416 3450 principibusfid
1451 3373 1553 3449 est,
1585 3373 1956 3450 superioribus

378 3443 794 3520 9rdinibus,‘vel
817 3465 891 3520 rex
921 3443 1112 3504 ordine
1138 3443 1525 3520 principatuum
1542 3443 1830 3519 cecidisse,
1859 3467 1955 3508 cu-

2059 3311 2149 3381 qui
2180 3309 2330 3381 missi
2357 3315 2483 3381 sunt
2510 3306 2576 3367 ad
2599 3306 2989 3381 auxiliandum;
3011 3305 3104 3376 qui
3126 3319 3263 3362 vero
3283 3303 3356 3381 ad
3378 3301 3643 3360 Occasum

2060 3375 2388 3445 ascendunt,
2422 3379 2478 3434 bi
2507 3389 2634 3435 sunt
2667 3378 2760 3446 qui
2790 3375 3101 3448 impugnant
3128 3391 3250 3432 nos.
3281 3375 3465 3431 Plures
3504 3389 3642 3448 ergo

2055 3453 2146 3522 qui
2176 3451 2614 3522 nobiscumsunt
2631 3465 2790 3522 quam
2825 3446 3233 3522 quiadversum
3261 3453 3533 3522 noscunt.
3572 3446 3645 3522 ιιξι

374 3513 465 3584 jus
492 3503 778 3594 occasione
813 3519 950 3594 hanc
974 3503 1332 3594 collatiouetnr
1347 3503 1431 3577 de
1444 3503 1831 3594 inaniinani
1859 3503 1956 3578 seu
2057 3503 2323 3594 nia—3133's
2342 3503 2865 3594 iaciendum;
2889 3519 3098 3591 Moyses
3113 3517 3341 3588 sumpsit
3363 3503 3642 3583 Muciani,

379 3588 734 3660 potestatibus
754 3590 1050 3660 inscripsit.
1075 3591 1178 3646 Sed
1202 3591 1387 3648 Patres
1410 3588 1477 3648 ad
1497 3588 1657 3647 unum
1677 3593 1955 3650 eumdem-

379 3672 484 3727 que
512 3658 784 3734 diabolum
819 3658 1100 3734 utramque
1129 3663 1446 3734 sententiam
1477 3663 1743 3732 referunt,
1767 3679 1958 3734 quant-

378 3729 697 3804 quam_nib_il
727 3741 872 3788 vetat
896 3735 963 3788 ad
1003 3729 1249 3790 diversos
1279 3733 1468 3789 referri
1500 3745 1591 3789 aut
1619 3729 1881 3804 adaiitari.

450 3808 477 3836 ⁸
515 3799 597 3878 I'Ix
653 3802 753 3856 bac
797 3804 1059 3878 sententia
1109 3805 1308 3878 colligit
1352 3805 1429 3878 D._
1455 3805 1690 3862 Thomas
1721 3799 1954 3878 primum

377 3870 628 3945 angelum
653 3876 1120 3945 praevaricatorem
1153 3870 1317 3931 fuisse
1342 3876 1463 3931 aliis
1483 3891 1698 3931 causam
1724 3870 1958 3945 peccan-

377 3939 587 4018 ῥίζῃ-οη
617 3939 837 4018 quidem
859 3945 1117 4017 cogendo,
1146 3947 1239 4001 sed
1267 3945 1623 4010 exhortando,
1653 3959 1706 4000 et
1728 3939 1956 4018 persua-

380 4009 660 4089 dendo,_et
682 4016 840 4089 veluti
865 4009 1030 4089 cauda
1062 4009 1151 4089 sua
1181 4017 1574 4072 adblaudiendo
1597 4028 1650 4073 et
1675 4009 1951 4089 implican-

378 4079 479 4168 (ξος
503 4085 907 4168 cujussignum,
933 4087 1126 4168 inquit,
1144 4105 1218 4168 ea:
1241 4090 1336 4142 hoc
1363 4079 1764 4168 apparethuod'
1780 4107 1952 4148 omnes

380 4151 638 4233 damones
663 4151 748 4209 illi
764 4151 1336 4233 supremisubduntur,
1364 4151 1718 4233 ut'ntanifesle
1741 4173 1957 4233 apparet

380 4239 472 4297 per
493 4225 632 4297 illud
645 4228 799 4297 quod
824 4225 948 4281 dicit
983 4227 1232 4282 Dominus
1261 4229 1446 4284 Matth.
1480 4225 1624 4284 xxv':
1661 4225 1957 4297 Ite,'i'nale-

377 4293 521 4371 dicti,
554 4297 607 4371 in
633 4296 1094 4371 ignemteternum,
1115 4301 1204 4371 qui
1231 4311 1442 4371 paratus
1466 4312 1537 4353 est
1561 4293 1764 4355 diabolo
1787 4312 1832 4354 et
1858 4320 1956 4358 an-

376 4363 504 4444 gelis
543 4363 674 4435 ejus.
712 4366 880 4444 Habet
918 4372 1055 4444 enim
1083 4363 1201 4424 hoc
1232 4363 1598 4444 'ordoidivinm
1631 4373 1874 4444 justitiaz,
1899 4384 1956 4429 ut

378 4439 526 4506 cujus
553 4439 868 4508 suggestioui
895 4441 1080 4510 aliquis
1108 4441 1355 4494 consentit
1382 4443 1434 4495 in
1465 4439 1646 4510 culpa;
1663 4445 1777 4513 ejus
1808 4454 1954 4510 pote-

375 4509 493 4558 stati
522 4505 776 4562 subdatur
815 4511 868 4564 in
910 4526 1090 4570 pana.
1130 4512 1412 4566 secundum
1451 4512 1583 4566 illud
1613 4512 1653 4567 Il
1687 4513 1829 4568 Petri
1865 4530 1902 4570 tt
1935 4531 1951 4570 :

377 4529 492 4558 Itast
522 4529 776 4562 sustantur
815 4529 868 4564 tn
909 4529 1090 4582 paena,
1130 4529 1412 4566 secundum
1451 4529 1581 4566 ttlua
1614 4529 1653 4567 ll
1687 4529 1827 4568 rem
1865 4530 1902 4570 ll
1935 4531 1951 4570 2

377 4574 421 4628 A
448 4593 549 4652 quo
578 4578 691 4652 quis
715 4593 981 4652 superatus
1009 4592 1105 4652 est,
1137 4584 1255 4636 huic
1279 4599 1450 4637 servus
1480 4584 1718 4637 addictus
1747 4594 1839 4639 est.
1873 4585 1954 4641 Ea:

2056 3602 2112 3649 et
2141 3591 2392 3649 reversus
2419 3603 2500 3649 est
2526 3592 2581 3647 in
2607 3591 2802 3646 cellam
2828 3605 3005 3646 suam.

2125 3662 2155 3704 δ
2193 3664 2473 3734 Duplicem
2502 3663 2740 3734 assignat
2779 3675 2997 3734 catisam
3023 3658 3355 3716 diversitatis
3381 3655 3638 3714 ordinum

2056 3735 2111 3810 in
2137 3733 2511 3810 daemombus:
2539 3733 2763 3810 alteram
2795 3733 3004 3810 ratione
3027 3740 3254 3810 natura,
3285 3738 3641 3810 seu__n.atura_-

2058 3806 2128 3881 Ii_s
2155 3805 2542 3881 distinctionis,
2574 3807 2626 3858 ln
2656 3816 2760 3881 qua
2788 3803 3021 3881 primum
3053 3817 3085 3881 ξι
3114 3801 3228 3856 Deo
3254 3798 3464 3881 conditi.
3482 3806 3632 3881 sunt;

2057 3878 2282 3951 alteram
2315 3869 2535 3951 ratione
2553 3869 2827 3951 nequitia},
2855 3888 2960 3945 qua
2987 3871 3241 3940 deinceps
3259 3869 3644 3951 alii'aliis_p|_us

2099 3937 2703 4022 roliciuntjn‘malum.
2742 3937 2989 4022 Priorem
3024 3937 3260 4022 causatur
3284 3937 3529 4022 agnoscit
3573 3937 3638 3993 D.

2108 4018 2299 4096 homas
2324 4017 2537 4096 (ibid);
2567 4016 2835 4096 posterior
2860 4013 2941 4096 illi
2956 4012 3220 4096 doctrinae
3248 4011 3640 4096 innititur,qua

2061 4081 2550 4173 superius-{dictum
2570 4081 2667 4141 ἐει
2687 4101 2773 4170 ,οι
2800 4084 3067 4140 sententia
3095 4093 3336 4166 veterum
3363 4081 3642 4135 daemones

2057 4160 2192 4214 alios
2233 4160 2353 4214 alus
2388 4173 2513 4215 esse
2543 4170 2832 4227 nequiores
2871 4163 2929 4216 et
2968 4164 3313 4211 nocentiores
3341 4141 3572 4225 (Callet.
3605 4151 3639 4204 7

2055 4246 2174 4287 can.
2213 4230 2284 4287 20
2297 4230 2340 4287 I.

2121 4248 2174 4339 ξ.
2197 4228 2446 4370 Ιὲοιξὶιῇυε
2481 4297 2675 4370 capitis
2719 4295 3134 4370 elttcidalione'm
3165 4293 3257 4349 vix
3301 4305 3641 4370 φοι-εμο-

2058 4372 2190 4446 tium
2209 4363 2422 4428 videtur
2449 4363 2652 4446 aliquid
2671 4369 2872 4446 addere
2899 4366 2966 4423 ad
2991 4379 3274 4446 censuram
3303 4363 3460 4446 Doto.
3487 4363 3640 4446 Cu}.

2057 4441 2189 4507 chii,
2215 4457 2453 4517 quaunon
2497 4433 2913 4517 minnserudite
2951 4451 3110 4517 quam
3149 4433 3641 4517 cupiosesinguly

2059 4505 2198 4588 pene
2232 4505 2595 4588 'dil'licultates
2641 4509 2736 4565 hic
2763 4515 3122 4588 _9ccut_'reutes
3160 4505 3460 4588 explicatas
3509 4505 3642 4588 reti:

2055 4572 2173 4655 quit
2203 4601 2217 4637 :
2247 4584 2553 4655 praesertim
2575 4596 2696 4636 cum
2727 4578 2861 4635 alias
2886 4576 3024 4655 (Lib2
3057 4591 3130 4632 xtt
3159 4572 3334 4655 lnitit.
3373 4591 3492 4643 cap.
3521 4572 3636 4655 μ)

374 4647 552 4700 eadem
581 4649 734 4746 etiam
760 4647 1022 4722 colligitur
1051 4647 1233 4746 plures.
1247 4655 1458 4722 angelos
1479 4655 1674 4736 stetisse
1699 4665 1748 4709 et
1759 4673 1953 4746 lpene:
1979 4684 2030 4746 υ
2057 4647 2192 4746 satis
2221 4647 2497 4746 Isuperque
2523 4647 3635 4746 demonstratutniit,‘

373 4733 571 4794 vertisse
598 4719 651 4772 in
682 4719 835 4783 bona,
881 4719 1036 4784 quam
1073 4719 1398 4794 defecisse-et
1441 4725 1711 4783 corruisse.
1749 4719 1953 4782 Namsi

375 4789 579 4866 tertiam
614 4795 966 4866 tantummodo
993 4789 1188 4866 partem
1226 4795 1382 4848 traxit
1409 4795 1585 4857 draco.
1617 4796 1670 4848 id
1701 4807 1795 4859 est,
1837 4798 1953 4851 dia-

373 4858 537 4934 bolus.
567 4877 688 4932 ergo
710 4864 838 4918 duas
865 4858 1046 4920 tertias
1072 4868 1295 4934 integras
1321 4867 1547 4932 reliquit.
1582 4867 1732 4932 Quod
1756 4858 1802 4921 et
1829 4883 1953 4922 con-

372 4929 794 4994 ﬁrmatur'dicto
841 4934 1024 4990 Eliswi
1063 4952 1113 4990 tv
1155 4929 1284 5006 Reg.
1319 4951 1375 4991 v1
1409 4929 1440 4990 ε’
1465 4929 1654 4990 Plures
1686 4937 1950 4992 nobiscum

373 5011 511 5080 sunt,
539 5018 829 5080 quamcum
857 5008 986 5080 illis.
1014 5007 1169 5080 Quod
1193 5009 1468 5077 exponitur
1487 5007 1551 5061 de
1569 5007 1714 5080 bonis
1729 5009 1948 5080 angelis,

370 5072 458 5147 qui
486 5072 604 5127 sunt
629 5074 892 5147 nobiscum
921 5079 972 5130 in
1007 5072 1280 5144 auxilium,
1303 5087 1360 5147 iet
1389 5079 1451 5131 de
1486 5077 1637 5132 malis
1675 5081 1765 5147 qui
1799 5072 1948 5135 nobis

369 5141 721 5199 adversantur.
774 5144 848 5201 Ita
888 5148 946 5203 S.
977 5147 1214 5220 Thomas
1255 5141 1397 5220 (Ubi
1424 5165 1614 5220 supra,
1640 5141 1697 5203 αξ
1729 5149 1816 5220 9).
1848 5151 1949 5206 Cui

368 5225 796 5290 consentaneum
837 5228 921 5290 est
941 5259 956 5281 ,
986 5219 1127 5290 quod
1152 5218 1215 5290 in
1253 5219 1383 5290 Vitis
1414 5219 1628 5276 Patrum
1659 5218 1852 5290 legitur
1878 5235 1946 5277 ex

369 5280 566 5362 Iinlino
601 5286 754 5362 (Lib.
786 5303 836 5362 vt
865 5280 1038 5362 libell'o
1064 5288 1188 5356 18),
1219 5289 1362 5359 quod
1393 5291 1560 5362 abbas
1589 5280 1804 5362 Moyses
1825 5304 1948 5348 cum

370 5354 656 5431 aliquando
679 5360 915 5431 graviter
937 5354 1345 5431 impugtiarétttr
1366 5374 1397 5431 a
1427 5354 1798 5428 fornicatione,
1825 5376 1950 5431 per-

369 5427 589 5501 rexitet
618 5429 877 5487 indicavit
921 5431 1023 5484 hoc
1069 5427 1246 5485 abbati
1276 5429 1520 5501 Isidoro;
1556 5435 1645 5501 qui
1677 5447 1796 5486 cum
1824 5427 1947 5489 cum

370 5495 423 5549 in
449 5498 640 5571 cellam
669 5515 821 5555 suam
850 5503 1176 5571 accepisset,
1207 5501 1344 5554 dixit
1370 5501 1467 5571 ei:
1498 5495 1729 5556 Atiende
1756 5503 1822 5556 ad
1847 5505 1950 5560 Uc-

367 5579 576 5643 cas_u_m.
607 5569 674 5626 Et
708 5569 993 5643 attendens
1021 5571 1156 5626 vidit
1187 5570 1588 5643 multitudinem
1613 5571 1942 5643 dmmonum,

368 5645 424 5712 et
453 5637 513 5712 Iri
529 5652 686 5712 erant
706 5641 915 5698 confusi
937 5650 991 5698 et
1021 5643 1295 5712 turbantes
1321 5655 1381 5696 se
1406 5641 1472 5697 ad
1503 5637 1944 5712 oppugnandum.

369 5706 438 5783 ξι
463 5707 601 5763 dixit
628 5713 677 5783 ei
710 5713 900 5769 iterum
944 5714 1177 5769 Isidorus
1210 5729 1222 5765 :
1253 5711 1486 5783 Respice
1532 5706 1599 5768 ad
1647 5706 1941 5771 Orientem.

368 5777 438 5870 Iit
450 5781 724 5870 attendit“
721 5784 1114 5870 multitudinem
1144 5777 1594 5870 innumerabilem
1630 5787 1945 5870 angelorum

369 5849 426 5906 in
446 5849 642 5922 gloria.
682 5851 828 5914 Dixit
867 5868 1000 5930 ergo
1029 5855 1195 5914 abbas
1223 5854 1456 5915 Isidorus
1487 5874 1501 5910 :
1533 5855 1676 5914 Ecce
1701 5849 1792 5913 isti
1820 5867 1947 5915 sunt

2057 4724 2255 4779 diaboli
2287 4717 2470 4786 luisse.
2499 4736 2600 4778 nec
2627 4720 2772 4777 aliud
2800 4732 2922 4775 esse
2945 4717 3209 4788 potuisse.
3250 4731 3408 4786 quam
3440 4729 3637 4788 super-

2053 4794 2199 4851 biam
2220 4810 2236 4858 ;
2259 4809 2326 4849 ex
2347 4783 2680 4861 qua—deinde
2705 4783 2992 4861 consecuta
3020 4796 3104 4861 est
3129 4783 3348 4854 invidia,
3375 4800 3492 4855 qua:
3521 4783 3635 4839 sola

2052 4865 2184 4921 vitia
2212 4864 2268 4920 in
2299 4859 2596 4934 spiritalem
2627 4873 2682 4919 et
2713 4859 3131 4918 intellectualem
3165 4871 3468 4914 creaturam
3515 4869 3640 4925 pro-

2053 4936 2168 5010 prie
2189 4934 2384 5010 cadere
2406 4943 2651 5010 possunt.
2778 5002 2793 5010 _
3047 4999 3063 5010 _
3187 4997 3221 5010 υ

2123 5004 2152 5044 ά
2190 4996 2420 5062 Certum'
2432 5017 2517 5063 est
2542 5005 2663 5062 haec
2683 5002 2845 5060 verba
2863 4999 3160 5058 secundum
3187 4997 3424 5054 litteram
3452 4996 3519 5054 de
3544 5011 3638 5051 ve-

2051 5089 2396 5152 roserpente
2435 5077 2685 5146 intelligi,
2727 5087 2850 5145 quae
2891 5084 3069 5152 tamen
3099 5070 3188 5126 hic
3226 5069 3399 5152 abbas
3425 5068 3492 5152 de
3522 5067 3640 5152 dia-

2052 5147 2179 5205 bolo
2225 5137 3150 5217 interpretatur";quemadmodum
3194 5147 3252 5195 et
3296 5137 3636 5196 maledictio-

2052 5233 2174 5262 nnm
2215 5221 2506 5262 IﬂfMﬂliﬂ-
2561 5233 2666 5262 nnn
2712 5215 2779 5262 ad
2830 5229 3018 5262 verum
3064 5220 3392 5262 sementem.
3435 5207 3530 5262 sed
3568 5206 3637 5262 Id

2051 5233 2174 5274 nem
2214 5215 2510 5288 serpentis,
2560 5233 2667 5273 non
2712 5215 2781 5271 ad
2830 5229 3018 5269 verum
3064 5220 3392 5281 serpentem.
3435 5215 3530 5264 sed
3568 5215 3632 5263 ad

2050 5290 2323 5366 diabolum
2355 5287 2521 5366 refert
2535 5293 2952 5366 consequenter.
2966 5283 3377 5366 lticiturautem
3401 5292 3632 5366 serpens

2050 5361 2346 5430 sapientior
2374 5359 2494 5416 sive
2510 5353 2772 5432 callidior
2820 5355 3030 5432 cunctis
3069 5353 3266 5432 bestiis
3289 5363 3492 5432 terra,
3528 5365 3639 5432 non

2050 5420 2192 5502 quod
2234 5432 2394 5508 luerit
2422 5430 2732 5508 rationiset
2760 5420 3420 5508 itttelligentia:_laculta_te
3450 5420 3642 5508 prmiti-

2055 5491 2162 5570 t'us,
2191 5511 2250 5559 ut
2275 5501 2541 5572 Joseplius
2567 5500 2787 5556 Indicus
2815 5491 3052 5572 sensisse
3071 5493 3305 5572 videtur,
3348 5493 3445 5547 lib.
3473 5506 3494 5572 ε
3520 5491 3636 5546 An-

2053 5565 2230 5647 tiquit.
2262 5588 2385 5644 cap.
2404 5565 2474 5639 ’1,
2505 5572 2766 5647 sed_q_uia
2804 5567 3004 5623 animal
3031 5573 3117 5647 est
3143 5565 3375 5647 maxime
3404 5565 3638 5647 vagum,

2049 5633 2370 5722 insidiosum
2407 5633 2472 5722 et
2489 5633 2806 5722 subdolum,
2843 5649 2920 5722 et,
2958 5647 3016 5722 ut
3044 5636 3121 5692 ait
3162 5633 3640 5722 Diiodorusinar-

2047 5719 2250 5792 scrisis,
2283 5716 2349 5770 ad
2389 5713 3133 5792 decipiendumaptissimutn
3161 5713 3635 5792 instrumentum":

2047 5774 2280 5858 ideoque
2308 5801 2412 5842 non
2447 5774 2650 5841 temere
2688 5799 2718 5839 a
2753 5774 2969 5838 diabolo
3011 5794 3122 5850 pra
3151 5779 3364 5834 ceteris
3391 5774 3646 5831 animali-

2049 5858 2148 5914 bus
2177 5861 2406 5914 elcctum
2432 5868 2592 5930 atque
2620 5865 2978 5925 assumptum,
3000 5865 3110 5923 quo
3130 5858 3403 5920 tamquam
3425 5859 3646 5917 organo
