  <div class='ocr_page' id='page_1' title='image "/cluster/home/n/w/nwhite01/storage/ocr_20150623/49/hvd.32044015471543/385.png"; bbox 0 0 4012 6336; ppageno 0'>
   <div class='ocr_carea' id='block_1_1' title="bbox 395 414 494 478">
    <p class='ocr_par' dir='ltr' id='par_1_1' title="bbox 395 414 494 478">
     <span class='ocr_line' id='line_1_1' title="bbox 395 414 494 478; baseline 0.01 -1"><span class='ocrx_word' id='word_1_1' title='bbox 395 414 494 478; x_wconf 73' lang='grc'><strong>751</strong></span> 
     </span>
    </p>
   </div>
   <div class='ocr_carea' id='block_1_2' title="bbox 1435 410 2601 483">
    <p class='ocr_par' dir='ltr' id='par_1_2' title="bbox 1435 410 2601 483">
     <span class='ocr_line' id='line_1_2' title="bbox 1435 410 2601 483; baseline 0.002 -3"><span class='ocrx_word' id='word_1_2' title='bbox 1435 410 1714 480; x_wconf 78' lang='lat' dir='ltr'><strong>JOANNIS</strong></span> <span class='ocrx_word' id='word_1_3' title='bbox 1749 416 2063 479; x_wconf 79' lang='lat' dir='ltr'><strong>CASSIANI</strong></span> <span class='ocrx_word' id='word_1_4' title='bbox 2100 420 2601 483; x_wconf 76' lang='lat' dir='ltr'><strong>COLLATIONES.</strong></span> 
     </span>
    </p>
   </div>
   <div class='ocr_carea' id='block_1_3' title="bbox 3569 428 3685 486">
    <p class='ocr_par' dir='ltr' id='par_1_3' title="bbox 3569 428 3685 486">
     <span class='ocr_line' id='line_1_3' title="bbox 3569 428 3685 486; baseline 0 0"><span class='ocrx_word' id='word_1_5' title='bbox 3569 428 3685 486; x_wconf 66' lang='lat'><strong>75!</strong></span> 
     </span>
    </p>
   </div>
   <div class='ocr_carea' id='block_1_4' title="bbox 396 528 3686 612">
    <p class='ocr_par' dir='ltr' id='par_1_4' title="bbox 396 528 3686 612">
     <span class='ocr_line' id='line_1_4' title="bbox 396 528 3686 612; baseline 0.001 -22"><span class='ocrx_word' id='word_1_6' title='bbox 396 533 622 590; x_wconf 85' lang='lat' dir='ltr'><strong>nissime</strong></span> <span class='ocrx_word' id='word_1_7' title='bbox 663 531 846 589; x_wconf 92' lang='lat' dir='ltr'><strong>docet.</strong></span> <span class='ocrx_word' id='word_1_8' title='bbox 875 530 935 589; x_wconf 88' lang='lat' dir='ltr'><strong>Si</strong></span> <span class='ocrx_word' id='word_1_9' title='bbox 959 537 1137 588; x_wconf 89' lang='lat' dir='ltr'><strong>autem</strong></span> <span class='ocrx_word' id='word_1_10' title='bbox 1180 528 1588 587; x_wconf 77' lang='lat' dir='ltr'><strong>consideremus</strong></span> <span class='ocrx_word' id='word_1_11' title='bbox 1618 540 1673 588; x_wconf 90' lang='lat' dir='ltr'><strong>et</strong></span> <span class='ocrx_word' id='word_1_12' title='bbox 1699 531 1846 586; x_wconf 90' lang='lat' dir='ltr'><strong>illum</strong></span> <span class='ocrx_word' id='word_1_13' title='bbox 1891 532 1982 601; x_wconf 88' lang='lat' dir='ltr'><strong>qui</strong></span> <span class='ocrx_word' id='word_1_14' title='bbox 2009 537 2064 597; x_wconf 80' lang='grc' dir='ltr'><strong>Α</strong></span> <span class='ocrx_word' id='word_1_15' title='bbox 2088 551 2193 605; x_wconf 90' lang='lat' dir='ltr'><strong>que</strong></span> <span class='ocrx_word' id='word_1_16' title='bbox 2218 535 2353 606; x_wconf 86' lang='lat' dir='ltr'><strong>ipsis</strong></span> <span class='ocrx_word' id='word_1_17' title='bbox 2382 537 2895 592; x_wconf 89' lang='lat' dir='ltr'><strong>incassumsuarum</strong></span> <span class='ocrx_word' id='word_1_18' title='bbox 2926 536 3289 609; x_wconf 85' lang='lat' dir='ltr'><strong>nequitiarum</strong></span> <span class='ocrx_word' id='word_1_19' title='bbox 3316 539 3686 612; x_wconf 86' lang='lat' dir='ltr'><strong>expendenti-</strong></span> 
     </span>
    </p>
   </div>
   <div class='ocr_carea' id='block_1_5' title="bbox 396 622 1983 696">
    <p class='ocr_par' dir='ltr' id='par_1_5' title="bbox 396 622 1983 696">
     <span class='ocr_line' id='line_1_5' title="bbox 396 622 1983 696; baseline -0.001 -15"><span class='ocrx_word' id='word_1_20' title='bbox 396 625 615 681; x_wconf 89' lang='lat' dir='ltr'><strong>beatum</strong></span> <span class='ocrx_word' id='word_1_21' title='bbox 658 625 764 682; x_wconf 79' lang='lat' dir='ltr'><strong>Job</strong></span> <span class='ocrx_word' id='word_1_22' title='bbox 791 624 1044 696; x_wconf 88' lang='lat' dir='ltr'><strong>expetiit,</strong></span> <span class='ocrx_word' id='word_1_23' title='bbox 1100 622 1447 694; x_wconf 78' lang='lat' dir='ltr'><strong>apertissime</strong></span> <span class='ocrx_word' id='word_1_24' title='bbox 1479 624 1809 679; x_wconf 82' lang='lat' dir='ltr'><strong>inStruemur</strong></span> <span class='ocrx_word' id='word_1_25' title='bbox 1837 624 1983 679; x_wconf 91' lang='lat' dir='ltr'><strong>illum</strong></span> 
     </span>
    </p>
   </div>
   <div class='ocr_carea' id='block_1_6' title="bbox 394 716 1984 790">
    <p class='ocr_par' dir='ltr' id='par_1_6' title="bbox 394 716 1984 790">
     <span class='ocr_line' id='line_1_6' title="bbox 394 716 1984 790; baseline -0.001 -16"><span class='ocrx_word' id='word_1_26' title='bbox 394 718 567 775; x_wconf 85' lang='lat' dir='ltr'><strong>fuisse</strong></span> <span class='ocrx_word' id='word_1_27' title='bbox 609 720 702 790; x_wconf 86' lang='lat' dir='ltr'><strong>qui</strong></span> <span class='ocrx_word' id='word_1_28' title='bbox 742 732 961 789; x_wconf 83' lang='lat' dir='ltr'><strong>semper</strong></span> <span class='ocrx_word' id='word_1_29' title='bbox 986 716 1269 773; x_wconf 72' lang='lat' dir='ltr'><strong>insidiatus</strong></span> <span class='ocrx_word' id='word_1_30' title='bbox 1299 718 1382 787; x_wconf 90' lang='lat' dir='ltr'><strong>ei,</strong></span> <span class='ocrx_word' id='word_1_31' title='bbox 1426 732 1718 788; x_wconf 86' lang='lat' dir='ltr'><strong>numquam</strong></span> <span class='ocrx_word' id='word_1_32' title='bbox 1758 732 1882 773; x_wconf 89' lang='lat' dir='ltr'><strong>eum</strong></span> <span class='ocrx_word' id='word_1_33' title='bbox 1916 717 1984 772; x_wconf 91' lang='lat' dir='ltr'><strong>ad</strong></span> 
     </span>
    </p>
   </div>
   <div class='ocr_carea' id='block_1_7' title="bbox 396 807 1983 881">
    <p class='ocr_par' dir='ltr' id='par_1_7' title="bbox 396 807 1983 881">
     <span class='ocr_line' id='line_1_7' title="bbox 396 807 1983 881; baseline -0.001 -15"><span class='ocrx_word' id='word_1_34' title='bbox 396 821 676 879; x_wconf 89' lang='lat' dir='ltr'><strong>peccatum</strong></span> <span class='ocrx_word' id='word_1_35' title='bbox 708 810 944 881; x_wconf 89' lang='lat' dir='ltr'><strong>potuerit</strong></span> <span class='ocrx_word' id='word_1_36' title='bbox 973 809 1235 877; x_wconf 83' lang='lat' dir='ltr'><strong>incitare,</strong></span> <span class='ocrx_word' id='word_1_37' title='bbox 1277 817 1334 865; x_wconf 91' lang='lat' dir='ltr'><strong>et</strong></span> <span class='ocrx_word' id='word_1_38' title='bbox 1361 807 1561 865; x_wconf 89' lang='lat' dir='ltr'><strong>idcirco</strong></span> <span class='ocrx_word' id='word_1_39' title='bbox 1601 816 1920 878; x_wconf 88' lang='lat' dir='ltr'><strong>potestatem</strong></span> <span class='ocrx_word' id='word_1_40' title='bbox 1952 824 1983 864; x_wconf 88' lang='lat' dir='ltr'><strong>a</strong></span> 
     </span>
    </p>
   </div>
   <div class='ocr_carea' id='block_1_8' title="bbox 395 900 1982 972">
    <p class='ocr_par' dir='ltr' id='par_1_8' title="bbox 395 900 1982 972">
     <span class='ocr_line' id='line_1_8' title="bbox 395 900 1982 972; baseline 0.001 -17"><span class='ocrx_word' id='word_1_41' title='bbox 395 902 627 956; x_wconf 90' lang='lat' dir='ltr'><strong>Domino</strong></span> <span class='ocrx_word' id='word_1_42' title='bbox 672 901 1022 972; x_wconf 86' lang='lat' dir='ltr'><strong>poposcisse,</strong></span> <span class='ocrx_word' id='word_1_43' title='bbox 1068 901 1219 956; x_wconf 84' lang='lat' dir='ltr'><strong>velut</strong></span> <span class='ocrx_word' id='word_1_44' title='bbox 1268 901 1358 968; x_wconf 89' lang='lat' dir='ltr'><strong>qui</strong></span> <span class='ocrx_word' id='word_1_45' title='bbox 1405 915 1511 955; x_wconf 90' lang='lat' dir='ltr'><strong>non</strong></span> <span class='ocrx_word' id='word_1_46' title='bbox 1558 900 1759 955; x_wconf 88' lang='lat' dir='ltr'><strong>virtute</strong></span> <span class='ocrx_word' id='word_1_47' title='bbox 1800 900 1982 966; x_wconf 87' lang='lat' dir='ltr'><strong>illius,</strong></span> 
     </span>
    </p>
   </div>
   <div class='ocr_carea' id='block_1_9' title="bbox 392 992 1983 1064">
    <p class='ocr_par' dir='ltr' id='par_1_9' title="bbox 392 992 1983 1064">
     <span class='ocr_line' id='line_1_9' title="bbox 392 992 1983 1064; baseline -0.001 -17"><span class='ocrx_word' id='word_1_48' title='bbox 392 993 489 1047; x_wconf 89' lang='lat' dir='ltr'><strong>scd</strong></span> <span class='ocrx_word' id='word_1_49' title='bbox 513 992 725 1048; x_wconf 90' lang='lat' dir='ltr'><strong>Domini</strong></span> <span class='ocrx_word' id='word_1_50' title='bbox 749 992 1097 1063; x_wconf 90' lang='lat' dir='ltr'><strong>defensione,</strong></span> <span class='ocrx_word' id='word_1_51' title='bbox 1122 993 1212 1064; x_wconf 91' lang='lat' dir='ltr'><strong>qui</strong></span> <span class='ocrx_word' id='word_1_52' title='bbox 1240 992 1391 1048; x_wconf 89' lang='lat' dir='ltr'><strong>illum</strong></span> <span class='ocrx_word' id='word_1_53' title='bbox 1413 1007 1627 1063; x_wconf 87' lang='lat' dir='ltr'><strong>semper</strong></span> <span class='ocrx_word' id='word_1_54' title='bbox 1648 1000 1983 1063; x_wconf 80' lang='lat' dir='ltr'><strong>protexerat,</strong></span> 
     </span>
    </p>
   </div>
   <div class='ocr_carea' id='block_1_10' title="bbox 391 1081 1987 1155">
    <p class='ocr_par' dir='ltr' id='par_1_10' title="bbox 391 1081 1987 1155">
     <span class='ocr_line' id='line_1_10' title="bbox 391 1081 1987 1155; baseline -0.001 -17"><span class='ocrx_word' id='word_1_55' title='bbox 391 1083 718 1138; x_wconf 86' lang='lat' dir='ltr'><strong>vinceretur.</strong></span> <span class='ocrx_word' id='word_1_56' title='bbox 750 1083 828 1139; x_wconf 92' lang='lat' dir='ltr'><strong>De</strong></span> <span class='ocrx_word' id='word_1_57' title='bbox 856 1082 991 1139; x_wconf 80' lang='lat' dir='ltr'><strong>Juda</strong></span> <span class='ocrx_word' id='word_1_58' title='bbox 1014 1099 1230 1155; x_wconf 91' lang='lat' dir='ltr'><strong>quoque</strong></span> <span class='ocrx_word' id='word_1_59' title='bbox 1260 1083 1479 1149; x_wconf 89' lang='lat' dir='ltr'><strong>dicitur,</strong></span> <span class='ocrx_word' id='word_1_60' title='bbox 1510 1082 1581 1136; x_wconf 86' lang='lat' dir='ltr'><strong>Et</strong></span> <span class='ocrx_word' id='word_1_61' title='bbox 1618 1081 1860 1138; x_wconf 80' lang='lat' dir='ltr'><strong>diabolus</strong></span> <span class='ocrx_word' id='word_1_62' title='bbox 1889 1090 1987 1137; x_wconf 89' lang='lat' dir='ltr'><strong>stet</strong></span> 
     </span>
    </p>
   </div>
   <div class='ocr_carea' id='block_1_11' title="bbox 390 1176 1207 1251">
    <p class='ocr_par' dir='ltr' id='par_1_11' title="bbox 390 1176 1207 1251">
     <span class='ocr_line' id='line_1_11' title="bbox 390 1176 1207 1251; baseline 0.004 -22"><span class='ocrx_word' id='word_1_63' title='bbox 390 1190 425 1229; x_wconf 90' lang='lat' dir='ltr'><strong>a</strong></span> <span class='ocrx_word' id='word_1_64' title='bbox 452 1176 649 1232; x_wconf 70' lang='lat' dir='ltr'><strong>dextris</strong></span> <span class='ocrx_word' id='word_1_65' title='bbox 679 1180 791 1248; x_wconf 87' lang='lat' dir='ltr'><strong>ejus</strong></span> <span class='ocrx_word' id='word_1_66' title='bbox 822 1176 999 1251; x_wconf 88' lang='lat' dir='ltr'><strong>(Psal.</strong></span> <span class='ocrx_word' id='word_1_67' title='bbox 1033 1178 1207 1247; x_wconf 85' lang='lat' dir='ltr'><strong>cvm).</strong></span> 
     </span>
    </p>
   </div>
   <div class='ocr_carea' id='block_1_12' title="bbox 961 1332 1411 1389">
    <p class='ocr_par' dir='ltr' id='par_1_12' title="bbox 961 1332 1411 1389">
     <span class='ocr_line' id='line_1_12' title="bbox 961 1332 1411 1389; baseline -0.002 -1"><span class='ocrx_word' id='word_1_68' title='bbox 961 1332 1192 1389; x_wconf 82' lang='lat' dir='ltr'><strong>CAPUT</strong></span> <span class='ocrx_word' id='word_1_69' title='bbox 1221 1332 1411 1389; x_wconf 78' lang='lat' dir='ltr'><strong>XVIII.</strong></span> 
     </span>
    </p>
   </div>
   <div class='ocr_carea' id='block_1_13' title="bbox 391 1446 1987 1530">
    <p class='ocr_par' dir='ltr' id='par_1_13' title="bbox 391 1446 1987 1530">
     <span class='ocr_line' id='line_1_13' title="bbox 391 1446 1987 1530; baseline 0 -26"><span class='ocrx_word' id='word_1_70' title='bbox 391 1446 1029 1530; x_wconf 40' lang='lat' dir='ltr'><strong>minantium-nequitia</strong></span> <span class='ocrx_word' id='word_1_71' title='bbox 1067 1447 1367 1530; x_wconf 25' lang='lat' dir='ltr'><strong>qutc‘malis</strong></span> <span class='ocrx_word' id='word_1_72' title='bbox 1401 1447 1666 1530; x_wconf 66' lang='lat' dir='ltr'><strong>spiritibus</strong></span> <span class='ocrx_word' id='word_1_73' title='bbox 1695 1449 1827 1530; x_wconf 85' lang='lat' dir='ltr'><strong>inest</strong></span> <span class='ocrx_word' id='word_1_74' title='bbox 1854 1447 1987 1504; x_wconf 88' lang='lat' dir='ltr'><strong>duo-</strong></span> 
     </span>
    </p>
   </div>
   <div class='ocr_carea' id='block_1_14' title="bbox 580 1518 1789 1591">
    <p class='ocr_par' dir='ltr' id='par_1_14' title="bbox 580 1518 1789 1591">
     <span class='ocr_line' id='line_1_14' title="bbox 580 1518 1789 1591; baseline -0.002 -18"><span class='ocrx_word' id='word_1_75' title='bbox 580 1535 695 1573; x_wconf 90' lang='lat' dir='ltr'><strong>rum</strong></span> <span class='ocrx_word' id='word_1_76' title='bbox 723 1518 1151 1591; x_wconf 78' lang='lat' dir='ltr'><strong>philosOphorum</strong></span> <span class='ocrx_word' id='word_1_77' title='bbox 1179 1518 1468 1572; x_wconf 87' lang='lat' dir='ltr'><strong>testimonio</strong></span> <span class='ocrx_word' id='word_1_78' title='bbox 1493 1518 1789 1588; x_wconf 75' lang='lat' dir='ltr'><strong>conﬁrmat.</strong></span> 
     </span>
    </p>
   </div>
   <div class='ocr_carea' id='block_1_15' title="bbox 459 1651 1984 1722">
    <p class='ocr_par' dir='ltr' id='par_1_15' title="bbox 459 1651 1984 1722">
     <span class='ocr_line' id='line_1_15' title="bbox 459 1651 1984 1722; baseline -0.001 -15"><span class='ocrx_word' id='word_1_79' title='bbox 459 1652 539 1708; x_wconf 87' lang='lat' dir='ltr'><strong>De</strong></span> <span class='ocrx_word' id='word_1_80' title='bbox 579 1651 901 1708; x_wconf 79' lang='lat' dir='ltr'><strong>diﬂ‘erentiis</strong></span> <span class='ocrx_word' id='word_1_81' title='bbox 948 1666 1080 1708; x_wconf 84' lang='lat' dir='ltr'><strong>sane</strong></span> <span class='ocrx_word' id='word_1_82' title='bbox 1125 1651 1435 1707; x_wconf 88' lang='lat' dir='ltr'><strong>daemonum</strong></span> <span class='ocrx_word' id='word_1_83' title='bbox 1467 1653 1629 1707; x_wconf 90' lang='lat' dir='ltr'><strong>etiam</strong></span> <span class='ocrx_word' id='word_1_84' title='bbox 1661 1661 1688 1689; x_wconf 79' lang='grc' dir='ltr'>ι</span> <span class='ocrx_word' id='word_1_85' title='bbox 1721 1667 1817 1722; x_wconf 86' lang='lat' dir='ltr'><strong>per</strong></span> <span class='ocrx_word' id='word_1_86' title='bbox 1860 1652 1984 1708; x_wconf 90' lang='lat' dir='ltr'><strong>illos</strong></span> 
     </span>
    </p>
   </div>
   <div class='ocr_carea' id='block_1_16' title="bbox 394 1742 1982 1815">
    <p class='ocr_par' dir='ltr' id='par_1_16' title="bbox 394 1742 1982 1815">
     <span class='ocr_line' id='line_1_16' title="bbox 394 1742 1982 1815; baseline 0 -17"><span class='ocrx_word' id='word_1_87' title='bbox 394 1742 532 1799; x_wconf 92' lang='lat' dir='ltr'><strong>duos</strong></span> <span class='ocrx_word' id='word_1_88' title='bbox 575 1743 927 1815; x_wconf 87' lang='lat' dir='ltr'><strong>philosophos</strong></span> <span class='ocrx_word' id='word_1_89' title='bbox 956 1743 1048 1813; x_wconf 91' lang='lat' dir='ltr'><strong>qui</strong></span> <span class='ocrx_word' id='word_1_90' title='bbox 1078 1743 1349 1814; x_wconf 90' lang='lat' dir='ltr'><strong>quondam</strong></span> <span class='ocrx_word' id='word_1_91' title='bbox 1393 1745 1616 1815; x_wconf 76' lang='lat' dir='ltr'><strong>magicis</strong></span> <span class='ocrx_word' id='word_1_92' title='bbox 1646 1743 1855 1800; x_wconf 91' lang='lat' dir='ltr'><strong>artibus</strong></span> <span class='ocrx_word' id='word_1_93' title='bbox 1893 1744 1982 1800; x_wconf 86' lang='lat' dir='ltr'><strong>vel</strong></span> 
     </span>
    </p>
   </div>
   <div class='ocr_carea' id='block_1_17' title="bbox 386 1835 1983 1910">
    <p class='ocr_par' dir='ltr' id='par_1_17' title="bbox 386 1835 1983 1910">
     <span class='ocr_line' id='line_1_17' title="bbox 386 1835 1983 1910; baseline 0.003 -20"><span class='ocrx_word' id='word_1_94' title='bbox 386 1835 637 1891; x_wconf 87' lang='lat' dir='ltr'><strong>inertiam</strong></span> <span class='ocrx_word' id='word_1_95' title='bbox 678 1835 867 1892; x_wconf 85' lang='lat' dir='ltr'><strong>eorum&#39;</strong></span> <span class='ocrx_word' id='word_1_96' title='bbox 899 1836 986 1891; x_wconf 85' lang='lat' dir='ltr'><strong>vel</strong></span> <span class='ocrx_word' id='word_1_97' title='bbox 1023 1836 1393 1893; x_wconf 79' lang='lat' dir='ltr'><strong>fortitudinem</strong></span> <span class='ocrx_word' id='word_1_98' title='bbox 1429 1853 1748 1909; x_wconf 79' lang='lat' dir='ltr'><strong>saevamque</strong></span> <span class='ocrx_word' id='word_1_99' title='bbox 1790 1840 1983 1910; x_wconf 88' lang='lat' dir='ltr'><strong>nequi-</strong></span> 
     </span>
    </p>
   </div>
   <div class='ocr_carea' id='block_1_18' title="bbox 2087 628 3684 703">
    <p class='ocr_par' dir='ltr' id='par_1_18' title="bbox 2087 628 3684 703">
     <span class='ocr_line' id='line_1_18' title="bbox 2087 628 3684 703; baseline 0.002 -19"><span class='ocrx_word' id='word_1_100' title='bbox 2087 628 2189 684; x_wconf 91' lang='lat' dir='ltr'><strong>bus</strong></span> <span class='ocrx_word' id='word_1_101' title='bbox 2226 629 2374 684; x_wconf 79' lang='lat' dir='ltr'><strong>vires</strong></span> <span class='ocrx_word' id='word_1_102' title='bbox 2412 636 2576 697; x_wconf 90' lang='lat' dir='ltr'><strong>atque</strong></span> <span class='ocrx_word' id='word_1_103' title='bbox 2618 628 2851 685; x_wconf 84' lang='lat' dir='ltr'><strong>inaniter</strong></span> <span class='ocrx_word' id='word_1_104' title='bbox 2897 631 3288 698; x_wconf 84' lang='lat' dir='ltr'><strong>redeuntibus,</strong></span> <span class='ocrx_word' id='word_1_105' title='bbox 3337 632 3684 703; x_wconf 81' lang='lat' dir='ltr'><strong>potentiores</strong></span> 
     </span>
    </p>
   </div>
   <div class='ocr_carea' id='block_1_19' title="bbox 2088 720 3683 780">
    <p class='ocr_par' dir='ltr' id='par_1_19' title="bbox 2088 720 3683 780">
     <span class='ocr_line' id='line_1_19' title="bbox 2088 720 3683 780; baseline 0.003 -6"><span class='ocrx_word' id='word_1_106' title='bbox 2088 720 2439 776; x_wconf 89' lang='lat' dir='ltr'><strong>nihilominus</strong></span> <span class='ocrx_word' id='word_1_107' title='bbox 2482 720 2742 776; x_wconf 87' lang='lat' dir='ltr'><strong>adversus</strong></span> <span class='ocrx_word' id='word_1_108' title='bbox 2770 721 3001 778; x_wconf 88' lang='lat' dir='ltr'><strong>militem</strong></span> <span class='ocrx_word' id='word_1_109' title='bbox 3041 720 3242 779; x_wconf 87' lang='lat' dir='ltr'><strong>Christi</strong></span> <span class='ocrx_word' id='word_1_110' title='bbox 3270 723 3527 780; x_wconf 84' lang='lat' dir='ltr'><strong>victorem</strong></span> <span class='ocrx_word' id='word_1_111' title='bbox 3567 723 3683 778; x_wconf 86' lang='lat' dir='ltr'><strong>ite-</strong></span> 
     </span>
    </p>
   </div>
   <div class='ocr_carea' id='block_1_20' title="bbox 2087 815 3686 887">
    <p class='ocr_par' dir='ltr' id='par_1_20' title="bbox 2087 815 3686 887">
     <span class='ocr_line' id='line_1_20' title="bbox 2087 815 3686 887; baseline 0.001 -16"><span class='ocrx_word' id='word_1_112' title='bbox 2087 831 2206 871; x_wconf 91' lang='lat' dir='ltr'><strong>rum</strong></span> <span class='ocrx_word' id='word_1_113' title='bbox 2237 815 2518 885; x_wconf 88' lang='lat' dir='ltr'><strong>destinati,</strong></span> <span class='ocrx_word' id='word_1_114' title='bbox 2563 815 2698 870; x_wconf 86' lang='lat' dir='ltr'><strong>nihil</strong></span> <span class='ocrx_word' id='word_1_115' title='bbox 2729 817 2942 886; x_wconf 89' lang='lat' dir='ltr'><strong>penitus</strong></span> <span class='ocrx_word' id='word_1_116' title='bbox 2978 818 3370 887; x_wconf 72' lang='lat' dir='ltr'><strong>przevalerent;</strong></span> <span class='ocrx_word' id='word_1_117' title='bbox 3399 831 3465 872; x_wconf 92' lang='lat' dir='ltr'><strong>eo</strong></span> <span class='ocrx_word' id='word_1_118' title='bbox 3496 815 3686 887; x_wconf 83' lang='lat' dir='ltr'><strong>profe-</strong></span> 
     </span>
    </p>
   </div>
   <div class='ocr_carea' id='block_1_21' title="bbox 2087 907 3683 978">
    <p class='ocr_par' dir='ltr' id='par_1_21' title="bbox 2087 907 3683 978">
     <span class='ocr_line' id='line_1_21' title="bbox 2087 907 3683 978; baseline -0.001 -15"><span class='ocrx_word' id='word_1_119' title='bbox 2087 918 2279 963; x_wconf 90' lang='lat' dir='ltr'><strong>cerunt</strong></span> <span class='ocrx_word' id='word_1_120' title='bbox 2302 907 2437 963; x_wconf 90' lang='lat' dir='ltr'><strong>tales</strong></span> <span class='ocrx_word' id='word_1_121' title='bbox 2478 915 2753 977; x_wconf 67' lang='lat' dir='ltr'><strong>tantaeque</strong></span> <span class='ocrx_word' id='word_1_122' title='bbox 2791 922 2980 963; x_wconf 90' lang='lat' dir='ltr'><strong>eorum</strong></span> <span class='ocrx_word' id='word_1_123' title='bbox 3012 907 3247 975; x_wconf 67' lang='lat' dir='ltr'><strong>insidias,</strong></span> <span class='ocrx_word' id='word_1_124' title='bbox 3292 918 3437 963; x_wconf 89' lang='lat' dir='ltr'><strong>tanta</strong></span> <span class='ocrx_word' id='word_1_125' title='bbox 3468 907 3683 978; x_wconf 81' lang='lat' dir='ltr'><strong>magica</strong></span> 
     </span>
    </p>
   </div>
   <div class='ocr_carea' id='block_1_22' title="bbox 2087 998 3684 1070">
    <p class='ocr_par' dir='ltr' id='par_1_22' title="bbox 2087 998 3684 1070">
     <span class='ocr_line' id='line_1_22' title="bbox 2087 998 3684 1070; baseline 0.001 -17"><span class='ocrx_word' id='word_1_126' title='bbox 2087 1008 2206 1055; x_wconf 89' lang='lat' dir='ltr'><strong>arte</strong></span> <span class='ocrx_word' id='word_1_127' title='bbox 2244 999 2482 1070; x_wconf 67' lang='lat' dir='ltr'><strong>quaesitae</strong></span> <span class='ocrx_word' id='word_1_128' title='bbox 2502 1044 2517 1069; x_wconf 95' lang='lat'><strong>,</strong></span> <span class='ocrx_word' id='word_1_129' title='bbox 2553 1008 2614 1054; x_wconf 91' lang='lat' dir='ltr'><strong>ut</strong></span> <span class='ocrx_word' id='word_1_130' title='bbox 2647 1014 2743 1069; x_wconf 89' lang='lat' dir='ltr'><strong>per</strong></span> <span class='ocrx_word' id='word_1_131' title='bbox 2771 998 2887 1055; x_wconf 71' lang='lat' dir='ltr'><strong>haec</strong></span> <span class='ocrx_word' id='word_1_132' title='bbox 2908 1001 3316 1056; x_wconf 76' lang='lat' dir='ltr'><strong>evidentissima</strong></span> <span class='ocrx_word' id='word_1_133' title='bbox 3346 999 3684 1069; x_wconf 88' lang='lat' dir='ltr'><strong>comproba-</strong></span> 
     </span>
    </p>
   </div>
   <div class='ocr_carea' id='block_1_23' title="bbox 2086 1090 3687 1164">
    <p class='ocr_par' dir='ltr' id='par_1_23' title="bbox 2086 1090 3687 1164">
     <span class='ocr_line' id='line_1_23' title="bbox 2086 1090 3687 1164; baseline -0.001 -17"><span class='ocrx_word' id='word_1_134' title='bbox 2086 1101 2241 1159; x_wconf 89' lang='lat' dir='ltr'><strong>rent,</strong></span> <span class='ocrx_word' id='word_1_135' title='bbox 2266 1107 2514 1164; x_wconf 89' lang='lat' dir='ltr'><strong>magnam</strong></span> <span class='ocrx_word' id='word_1_136' title='bbox 2544 1091 2870 1161; x_wconf 87' lang='lat' dir='ltr'><strong>professioni</strong></span> <span class='ocrx_word' id='word_1_137' title='bbox 2899 1093 3329 1150; x_wconf 86' lang='lat' dir='ltr'><strong>Christianorum</strong></span> <span class='ocrx_word' id='word_1_138' title='bbox 3358 1093 3538 1148; x_wconf 87' lang='lat' dir='ltr'><strong>inesse</strong></span> <span class='ocrx_word' id='word_1_139' title='bbox 3563 1090 3687 1145; x_wconf 77' lang='lat' dir='ltr'><strong>vir-</strong></span> 
     </span>
    </p>
   </div>
   <div class='ocr_carea' id='block_1_24' title="bbox 2085 1183 3683 1255">
    <p class='ocr_par' dir='ltr' id='par_1_24' title="bbox 2085 1183 3683 1255">
     <span class='ocr_line' id='line_1_24' title="bbox 2085 1183 3683 1255; baseline 0.001 -16"><span class='ocrx_word' id='word_1_140' title='bbox 2085 1191 2280 1250; x_wconf 88' lang='lat' dir='ltr'><strong>tutem,</strong></span> <span class='ocrx_word' id='word_1_141' title='bbox 2335 1184 2533 1255; x_wconf 90' lang='lat' dir='ltr'><strong>quibus</strong></span> <span class='ocrx_word' id='word_1_142' title='bbox 2569 1184 2675 1239; x_wconf 72' lang='lat' dir='ltr'><strong>illm</strong></span> <span class='ocrx_word' id='word_1_143' title='bbox 2715 1183 2743 1225; x_wconf 71' lang='grc' dir='ltr'><strong>ιι</strong></span> <span class='ocrx_word' id='word_1_144' title='bbox 2785 1195 2892 1240; x_wconf 88' lang='lat' dir='ltr'><strong>tam</strong></span> <span class='ocrx_word' id='word_1_145' title='bbox 2933 1201 3098 1242; x_wconf 67' lang='lat' dir='ltr'><strong>saevae</strong></span> <span class='ocrx_word' id='word_1_146' title='bbox 3158 1194 3376 1254; x_wconf 87' lang='lat' dir='ltr'><strong>tamque</strong></span> <span class='ocrx_word' id='word_1_147' title='bbox 3422 1195 3683 1255; x_wconf 86' lang='lat' dir='ltr'><strong>potentes</strong></span> 
     </span>
    </p>
   </div>
   <div class='ocr_carea' id='block_1_25' title="bbox 2088 1278 3683 1350">
    <p class='ocr_par' dir='ltr' id='par_1_25' title="bbox 2088 1278 3683 1350">
     <span class='ocr_line' id='line_1_25' title="bbox 2088 1278 3683 1350; baseline 0.001 -16"><span class='ocrx_word' id='word_1_148' title='bbox 2088 1280 2325 1345; x_wconf 64' lang='lat' dir='ltr'><strong>umbrae,</strong></span> <span class='ocrx_word' id='word_1_149' title='bbox 2359 1289 2382 1318; x_wconf 80' lang='grc' dir='ltr'><strong>ο</strong></span> <span class='ocrx_word' id='word_1_150' title='bbox 2412 1293 2545 1348; x_wconf 88' lang='lat' dir='ltr'><strong>quas</strong></span> <span class='ocrx_word' id='word_1_151' title='bbox 2579 1279 2920 1335; x_wconf 64' lang='lat' dir='ltr'><strong>aestimabant</strong></span> <span class='ocrx_word' id='word_1_152' title='bbox 2951 1280 3123 1335; x_wconf 89' lang='lat' dir='ltr'><strong>solem</strong></span> <span class='ocrx_word' id='word_1_153' title='bbox 3156 1279 3476 1350; x_wconf 88' lang='lat' dir='ltr'><strong>lunamque,</strong></span> <span class='ocrx_word' id='word_1_154' title='bbox 3517 1280 3564 1334; x_wconf 92' lang='lat' dir='ltr'><strong>si</strong></span> <span class='ocrx_word' id='word_1_155' title='bbox 3604 1278 3683 1335; x_wconf 88' lang='lat' dir='ltr'><strong>ad</strong></span> 
     </span>
    </p>
   </div>
   <div class='ocr_carea' id='block_1_26' title="bbox 2086 1371 3683 1443">
    <p class='ocr_par' dir='ltr' id='par_1_26' title="bbox 2086 1371 3683 1443">
     <span class='ocr_line' id='line_1_26' title="bbox 2086 1371 3683 1443; baseline 0 -16"><span class='ocrx_word' id='word_1_156' title='bbox 2086 1386 2179 1427; x_wconf 87' lang='lat' dir='ltr'><strong>eas</strong></span> <span class='ocrx_word' id='word_1_157' title='bbox 2206 1371 2428 1426; x_wconf 79' lang='lat' dir='ltr'><strong>directae</strong></span> <span class='ocrx_word' id='word_1_158' title='bbox 2467 1371 2721 1437; x_wconf 88' lang='lat' dir='ltr'><strong>fuissent,</strong></span> <span class='ocrx_word' id='word_1_159' title='bbox 2756 1372 3034 1429; x_wconf 91' lang='lat' dir='ltr'><strong>obducere</strong></span> <span class='ocrx_word' id='word_1_160' title='bbox 3061 1373 3302 1443; x_wconf 88' lang='lat' dir='ltr'><strong>potuisse</strong></span> <span class='ocrx_word' id='word_1_161' title='bbox 3324 1414 3339 1440; x_wconf 92' lang='lat'><strong>,</strong></span> <span class='ocrx_word' id='word_1_162' title='bbox 3381 1372 3520 1427; x_wconf 83' lang='lat' dir='ltr'><strong>hunc</strong></span> <span class='ocrx_word' id='word_1_163' title='bbox 3560 1386 3683 1427; x_wconf 90' lang='lat' dir='ltr'><strong>non</strong></span> 
     </span>
    </p>
   </div>
   <div class='ocr_carea' id='block_1_27' title="bbox 2087 1461 3684 1535">
    <p class='ocr_par' dir='ltr' id='par_1_27' title="bbox 2087 1461 3684 1535">
     <span class='ocr_line' id='line_1_27' title="bbox 2087 1461 3684 1535; baseline 0 -17"><span class='ocrx_word' id='word_1_164' title='bbox 2087 1463 2262 1519; x_wconf 89' lang='lat' dir='ltr'><strong>solum</strong></span> <span class='ocrx_word' id='word_1_165' title='bbox 2290 1461 2423 1517; x_wconf 89' lang='lat' dir='ltr'><strong>nihil</strong></span> <span class='ocrx_word' id='word_1_166' title='bbox 2455 1462 2678 1531; x_wconf 63' lang='lat' dir='ltr'><strong>laedere,</strong></span> <span class='ocrx_word' id='word_1_167' title='bbox 2723 1463 2819 1520; x_wconf 89' lang='lat' dir='ltr'><strong>sed</strong></span> <span class='ocrx_word' id='word_1_168' title='bbox 2848 1480 2914 1519; x_wconf 90' lang='lat' dir='ltr'><strong>ne</strong></span> <span class='ocrx_word' id='word_1_169' title='bbox 2959 1464 3025 1519; x_wconf 89' lang='lat' dir='ltr'><strong>ad</strong></span> <span class='ocrx_word' id='word_1_170' title='bbox 3066 1473 3323 1535; x_wconf 91' lang='lat' dir='ltr'><strong>punctum</strong></span> <span class='ocrx_word' id='word_1_171' title='bbox 3356 1464 3573 1535; x_wconf 85' lang='lat' dir='ltr'><strong>quidem</strong></span> <span class='ocrx_word' id='word_1_172' title='bbox 3603 1463 3684 1520; x_wconf 82' lang='lat' dir='ltr'><strong>de</strong></span> 
     </span>
    </p>
   </div>
   <div class='ocr_carea' id='block_1_28' title="bbox 2086 1556 3204 1628">
    <p class='ocr_par' dir='ltr' id='par_1_28' title="bbox 2086 1556 3204 1628">
     <span class='ocr_line' id='line_1_28' title="bbox 2086 1556 3204 1628; baseline -0.001 -16"><span class='ocrx_word' id='word_1_173' title='bbox 2086 1556 2416 1612; x_wconf 87' lang='lat' dir='ltr'><strong>monasterio</strong></span> <span class='ocrx_word' id='word_1_174' title='bbox 2446 1571 2546 1613; x_wconf 91' lang='lat' dir='ltr'><strong>suo</strong></span> <span class='ocrx_word' id='word_1_175' title='bbox 2569 1557 2835 1612; x_wconf 85' lang='lat' dir='ltr'><strong>valuerint</strong></span> <span class='ocrx_word' id='word_1_176' title='bbox 2865 1559 3204 1628; x_wconf 86' lang='lat' dir='ltr'><strong>perturbare.</strong></span> 
     </span>
    </p>
   </div>
   <div class='ocr_carea' id='block_1_29' title="bbox 2665 1671 3076 1729">
    <p class='ocr_par' dir='ltr' id='par_1_29' title="bbox 2665 1671 3076 1729">
     <span class='ocr_line' id='line_1_29' title="bbox 2665 1671 3076 1729; baseline 0.005 -3"><span class='ocrx_word' id='word_1_177' title='bbox 2665 1671 2889 1729; x_wconf 81' lang='lat' dir='ltr'><strong>CAPUT</strong></span> <span class='ocrx_word' id='word_1_178' title='bbox 2931 1672 3076 1728; x_wconf 83' lang='lat' dir='ltr'><strong>XIX.</strong></span> 
     </span>
    </p>
   </div>
   <div class='ocr_carea' id='block_1_30' title="bbox 2092 1762 3677 1835">
    <p class='ocr_par' dir='ltr' id='par_1_30' title="bbox 2092 1762 3677 1835">
     <span class='ocr_line' id='line_1_30' title="bbox 2092 1762 3677 1835; baseline 0.004 -18"><span class='ocrx_word' id='word_1_179' title='bbox 2092 1762 2245 1831; x_wconf 85' lang='lat' dir='ltr'><strong>Quod</strong></span> <span class='ocrx_word' id='word_1_180' title='bbox 2284 1763 2545 1835; x_wconf 68' lang='lat' dir='ltr'><strong>daemones</strong></span> <span class='ocrx_word' id='word_1_181' title='bbox 2588 1763 2719 1817; x_wconf 81' lang='lat' dir='ltr'><strong>nihil</strong></span> <span class='ocrx_word' id='word_1_182' title='bbox 2757 1764 3005 1819; x_wconf 79' lang='lat' dir='ltr'><strong>adversus</strong></span> <span class='ocrx_word' id='word_1_183' title='bbox 3049 1766 3281 1821; x_wconf 76' lang='lat' dir='ltr'><strong>homines</strong></span> <span class='ocrx_word' id='word_1_184' title='bbox 3326 1768 3677 1835; x_wconf 71' lang='lat' dir='ltr'><strong>prcualeant.</strong></span> 
     </span>
    </p>
   </div>
   <div class='ocr_carea' id='block_1_31' title="bbox 2363 1833 3399 1907">
    <p class='ocr_par' dir='ltr' id='par_1_31' title="bbox 2363 1833 3399 1907">
     <span class='ocr_line' id='line_1_31' title="bbox 2363 1833 3399 1907; baseline 0.005 -20"><span class='ocrx_word' id='word_1_185' title='bbox 2363 1834 2466 1888; x_wconf 85' lang='lat' dir='ltr'><strong>nisi</strong></span> <span class='ocrx_word' id='word_1_186' title='bbox 2496 1833 2781 1889; x_wconf 75' lang='lat' dir='ltr'><strong>obsederint</strong></span> <span class='ocrx_word' id='word_1_187' title='bbox 2808 1852 2986 1889; x_wconf 90' lang='lat' dir='ltr'><strong>eorum</strong></span> <span class='ocrx_word' id='word_1_188' title='bbox 3013 1837 3158 1907; x_wconf 83' lang='lat' dir='ltr'><strong>prius</strong></span> <span class='ocrx_word' id='word_1_189' title='bbox 3186 1833 3399 1892; x_wconf 82' lang='lat' dir='ltr'><strong>mentes.</strong></span> 
     </span>
    </p>
   </div>
   <div class='ocr_carea' id='block_1_32' title="bbox 385 1924 3683 2002">
    <p class='ocr_par' dir='ltr' id='par_1_32' title="bbox 385 1924 3683 2002">
     <span class='ocr_line' id='line_1_32' title="bbox 385 1924 3683 2002; baseline 0.002 -20"><span class='ocrx_word' id='word_1_190' title='bbox 385 1930 519 1984; x_wconf 86' lang='lat' dir='ltr'><strong>tiam</strong></span> <span class='ocrx_word' id='word_1_191' title='bbox 545 1930 763 1985; x_wconf 88' lang='lat' dir='ltr'><strong>fuerant</strong></span> <span class='ocrx_word' id='word_1_192' title='bbox 788 1932 1098 2001; x_wconf 81' lang='lat' dir='ltr'><strong>frequenter</strong></span> <span class='ocrx_word' id='word_1_193' title='bbox 1129 1931 1364 2001; x_wconf 56' lang='lat' dir='ltr'><strong>aperti,</strong></span> <span class='ocrx_word' id='word_1_194' title='bbox 1395 1932 1622 1987; x_wconf 91' lang='lat' dir='ltr'><strong>multum</strong></span> <span class='ocrx_word' id='word_1_195' title='bbox 1652 1931 1975 2002; x_wconf 88' lang='lat' dir='ltr'><strong>cognitionis</strong></span> <span class='ocrx_word' id='word_1_196' title='bbox 2006 1924 2055 1985; x_wconf 92' lang='lat' dir='ltr'><strong>B</strong></span> <span class='ocrx_word' id='word_1_197' title='bbox 2150 1925 2395 1998; x_wconf 90' lang='lat' dir='ltr'><strong>Cumque</strong></span> <span class='ocrx_word' id='word_1_198' title='bbox 2427 1943 2523 1997; x_wconf 91' lang='lat' dir='ltr'><strong>pro</strong></span> <span class='ocrx_word' id='word_1_199' title='bbox 2553 1926 2659 1983; x_wconf 89' lang='lat' dir='ltr'><strong>hac</strong></span> <span class='ocrx_word' id='word_1_200' title='bbox 2684 1928 3046 1985; x_wconf 88' lang='lat' dir='ltr'><strong>admiratione</strong></span> <span class='ocrx_word' id='word_1_201' title='bbox 3072 1930 3362 1987; x_wconf 91' lang='lat' dir='ltr'><strong>confestim</strong></span> <span class='ocrx_word' id='word_1_202' title='bbox 3391 1932 3683 1988; x_wconf 81' lang='lat' dir='ltr'><strong>venientes</strong></span> 
     </span>
    </p>
   </div>
   <div class='ocr_carea' id='block_1_33' title="bbox 385 2020 1976 2093">
    <p class='ocr_par' dir='ltr' id='par_1_33' title="bbox 385 2020 1976 2093">
     <span class='ocr_line' id='line_1_33' title="bbox 385 2020 1976 2093; baseline 0.001 -17"><span class='ocrx_word' id='word_1_203' title='bbox 385 2020 723 2093; x_wconf 89' lang='lat' dir='ltr'><strong>accepimus.</strong></span> <span class='ocrx_word' id='word_1_204' title='bbox 767 2021 832 2076; x_wconf 87' lang='lat' dir='ltr'><strong>Hi</strong></span> <span class='ocrx_word' id='word_1_205' title='bbox 872 2035 1107 2092; x_wconf 88' lang='lat' dir='ltr'><strong>namque</strong></span> <span class='ocrx_word' id='word_1_206' title='bbox 1147 2020 1512 2091; x_wconf 83' lang='lat' dir='ltr'><strong>despicientes</strong></span> <span class='ocrx_word' id='word_1_207' title='bbox 1548 2022 1762 2077; x_wconf 87' lang='lat' dir='ltr'><strong>beatum</strong></span> <span class='ocrx_word' id='word_1_208' title='bbox 1807 2021 1976 2078; x_wconf 84' lang='lat' dir='ltr'><strong>Anto-</strong></span> 
     </span>
    </p>
   </div>
   <div class='ocr_carea' id='block_1_34' title="bbox 384 2114 1976 2185">
    <p class='ocr_par' dir='ltr' id='par_1_34' title="bbox 384 2114 1976 2185">
     <span class='ocr_line' id='line_1_34' title="bbox 384 2114 1976 2185; baseline 0.001 -15"><span class='ocrx_word' id='word_1_209' title='bbox 384 2115 537 2170; x_wconf 86' lang='lat' dir='ltr'><strong>nium</strong></span> <span class='ocrx_word' id='word_1_210' title='bbox 568 2115 718 2170; x_wconf 82' lang='lat' dir='ltr'><strong>velut</strong></span> <span class='ocrx_word' id='word_1_211' title='bbox 746 2115 1056 2185; x_wconf 88' lang='lat' dir='ltr'><strong>imperitum</strong></span> <span class='ocrx_word' id='word_1_212' title='bbox 1090 2129 1155 2170; x_wconf 89' lang='lat' dir='ltr'><strong>ac</strong></span> <span class='ocrx_word' id='word_1_213' title='bbox 1184 2114 1305 2171; x_wconf 88' lang='lat' dir='ltr'><strong>sine</strong></span> <span class='ocrx_word' id='word_1_214' title='bbox 1334 2116 1531 2173; x_wconf 89' lang='lat' dir='ltr'><strong>litteris</strong></span> <span class='ocrx_word' id='word_1_215' title='bbox 1556 2116 1758 2183; x_wconf 87' lang='lat' dir='ltr'><strong>virum,</strong></span> <span class='ocrx_word' id='word_1_216' title='bbox 1787 2117 1976 2173; x_wconf 90' lang='lat' dir='ltr'><strong>volen-</strong></span> 
     </span>
    </p>
   </div>
   <div class='ocr_carea' id='block_1_35' title="bbox 383 2205 1970 2279">
    <p class='ocr_par' dir='ltr' id='par_1_35' title="bbox 383 2205 1970 2279">
     <span class='ocr_line' id='line_1_35' title="bbox 383 2205 1970 2279; baseline 0.001 -17"><span class='ocrx_word' id='word_1_217' title='bbox 383 2215 577 2277; x_wconf 87' lang='lat' dir='ltr'><strong>tesque</strong></span> <span class='ocrx_word' id='word_1_218' title='bbox 599 2220 725 2261; x_wconf 90' lang='lat' dir='ltr'><strong>eum</strong></span> <span class='ocrx_word' id='word_1_219' title='bbox 757 2205 830 2275; x_wconf 90' lang='lat' dir='ltr'><strong>(si</strong></span> <span class='ocrx_word' id='word_1_220' title='bbox 854 2205 991 2262; x_wconf 88' lang='lat' dir='ltr'><strong>nihil</strong></span> <span class='ocrx_word' id='word_1_221' title='bbox 1026 2206 1259 2278; x_wconf 87' lang='lat' dir='ltr'><strong>amplius</strong></span> <span class='ocrx_word' id='word_1_222' title='bbox 1282 2207 1486 2263; x_wconf 70' lang='lat' dir='ltr'><strong>laedere</strong></span> <span class='ocrx_word' id='word_1_223' title='bbox 1513 2209 1835 2279; x_wconf 89' lang='lat' dir='ltr'><strong>potuissent)</strong></span> <span class='ocrx_word' id='word_1_224' title='bbox 1863 2209 1970 2265; x_wconf 84' lang='lat' dir='ltr'><strong>sal-</strong></span> 
     </span>
    </p>
   </div>
   <div class='ocr_carea' id='block_1_36' title="bbox 382 2288 1975 2372">
    <p class='ocr_par' dir='ltr' id='par_1_36' title="bbox 382 2288 1975 2372">
     <span class='ocr_line' id='line_1_36' title="bbox 382 2288 1975 2372; baseline 0.004 -19"><span class='ocrx_word' id='word_1_225' title='bbox 382 2306 494 2354; x_wconf 89' lang='lat' dir='ltr'><strong>tem</strong></span> <span class='ocrx_word' id='word_1_226' title='bbox 519 2298 588 2354; x_wconf 90' lang='lat' dir='ltr'><strong>de</strong></span> <span class='ocrx_word' id='word_1_227' title='bbox 607 2298 746 2355; x_wconf 88' lang='lat' dir='ltr'><strong>cella</strong></span> <span class='ocrx_word' id='word_1_228' title='bbox 768 2312 864 2354; x_wconf 90' lang='lat' dir='ltr'><strong>sua</strong></span> <span class='ocrx_word' id='word_1_229' title='bbox 881 2299 1107 2371; x_wconf 78' lang='lat' dir='ltr'><strong>magicis</strong></span> <span class='ocrx_word' id='word_1_230' title='bbox 1128 2288 1420 2372; x_wconf 70' lang='lat' dir='ltr'><strong>praestigiis</strong></span> <span class='ocrx_word' id='word_1_231' title='bbox 1441 2302 1975 2360; x_wconf 89' lang='lat' dir='ltr'><strong>etcircumventione</strong></span> 
     </span>
    </p>
   </div>
   <div class='ocr_carea' id='block_1_37' title="bbox 381 2391 1973 2466">
    <p class='ocr_par' dir='ltr' id='par_1_37' title="bbox 381 2391 1973 2466">
     <span class='ocr_line' id='line_1_37' title="bbox 381 2391 1973 2466; baseline 0.004 -20"><span class='ocrx_word' id='word_1_232' title='bbox 381 2391 692 2447; x_wconf 68' lang='lat' dir='ltr'><strong>daemonum</strong></span> <span class='ocrx_word' id='word_1_233' title='bbox 732 2393 1087 2462; x_wconf 89' lang='lat' dir='ltr'><strong>perturbare,</strong></span> <span class='ocrx_word' id='word_1_234' title='bbox 1128 2393 1354 2464; x_wconf 86' lang='lat' dir='ltr'><strong>spiritus</strong></span> <span class='ocrx_word' id='word_1_235' title='bbox 1391 2394 1441 2450; x_wconf 88' lang='lat' dir='ltr'><strong>ei</strong></span> <span class='ocrx_word' id='word_1_236' title='bbox 1482 2395 1844 2466; x_wconf 87' lang='lat' dir='ltr'><strong>nequissimos</strong></span> <span class='ocrx_word' id='word_1_237' title='bbox 1874 2396 1973 2452; x_wconf 89' lang='lat' dir='ltr'><strong>im-</strong></span> 
     </span>
    </p>
   </div>
   <div class='ocr_carea' id='block_1_38' title="bbox 382 2484 1974 2556">
    <p class='ocr_par' dir='ltr' id='par_1_38' title="bbox 382 2484 1974 2556">
     <span class='ocr_line' id='line_1_38' title="bbox 382 2484 1974 2556; baseline 0.002 -16"><span class='ocrx_word' id='word_1_238' title='bbox 382 2484 674 2553; x_wconf 89' lang='lat' dir='ltr'><strong>miserunt,</strong></span> <span class='ocrx_word' id='word_1_239' title='bbox 698 2484 767 2540; x_wconf 88' lang='lat' dir='ltr'><strong>ad</strong></span> <span class='ocrx_word' id='word_1_240' title='bbox 788 2484 1250 2556; x_wconf 88' lang='lat' dir='ltr'><strong>impugnationem</strong></span> <span class='ocrx_word' id='word_1_241' title='bbox 1281 2485 1422 2543; x_wconf 91' lang='lat' dir='ltr'><strong>hanc</strong></span> <span class='ocrx_word' id='word_1_242' title='bbox 1447 2500 1630 2541; x_wconf 89' lang='lat' dir='ltr'><strong>morsu</strong></span> <span class='ocrx_word' id='word_1_243' title='bbox 1663 2487 1851 2543; x_wconf 88' lang='lat' dir='ltr'><strong>livoris</strong></span> <span class='ocrx_word' id='word_1_244' title='bbox 1882 2486 1974 2543; x_wconf 85' lang='lat' dir='ltr'><strong>ad-</strong></span> 
     </span>
    </p>
   </div>
   <div class='ocr_carea' id='block_1_39' title="bbox 380 2574 1973 2648">
    <p class='ocr_par' dir='ltr' id='par_1_39' title="bbox 380 2574 1973 2648">
     <span class='ocr_line' id='line_1_39' title="bbox 380 2574 1973 2648; baseline 0.003 -17"><span class='ocrx_word' id='word_1_245' title='bbox 380 2574 558 2644; x_wconf 90' lang='lat' dir='ltr'><strong>ducti,</strong></span> <span class='ocrx_word' id='word_1_246' title='bbox 587 2592 653 2633; x_wconf 89' lang='lat' dir='ltr'><strong>eo</strong></span> <span class='ocrx_word' id='word_1_247' title='bbox 677 2576 822 2648; x_wconf 91' lang='lat' dir='ltr'><strong>quod</strong></span> <span class='ocrx_word' id='word_1_248' title='bbox 849 2576 1104 2633; x_wconf 74' lang='lat' dir='ltr'><strong>maximae</strong></span> <span class='ocrx_word' id='word_1_249' title='bbox 1127 2576 1407 2633; x_wconf 83' lang='lat' dir='ltr'><strong>hominum</strong></span> <span class='ocrx_word' id='word_1_250' title='bbox 1438 2578 1608 2634; x_wconf 77' lang='lat' dir='ltr'><strong>turba:</strong></span> <span class='ocrx_word' id='word_1_251' title='bbox 1637 2579 1704 2634; x_wconf 89' lang='lat' dir='ltr'><strong>ad</strong></span> <span class='ocrx_word' id='word_1_252' title='bbox 1734 2594 1859 2635; x_wconf 90' lang='lat' dir='ltr'><strong>eum</strong></span> <span class='ocrx_word' id='word_1_253' title='bbox 1889 2578 1973 2634; x_wconf 82' lang='lat' dir='ltr'><strong>l‘a-</strong></span> 
     </span>
    </p>
   </div>
   <div class='ocr_carea' id='block_1_40' title="bbox 381 2671 1975 2742">
    <p class='ocr_par' dir='ltr' id='par_1_40' title="bbox 381 2671 1975 2742">
     <span class='ocr_line' id='line_1_40' title="bbox 381 2671 1975 2742; baseline 0.002 -17"><span class='ocrx_word' id='word_1_254' title='bbox 381 2671 586 2725; x_wconf 88' lang='lat' dir='ltr'><strong>mulum</strong></span> <span class='ocrx_word' id='word_1_255' title='bbox 624 2672 718 2725; x_wconf 89' lang='lat' dir='ltr'><strong>Dei</strong></span> <span class='ocrx_word' id='word_1_256' title='bbox 746 2671 989 2741; x_wconf 89' lang='lat' dir='ltr'><strong>quotidie</strong></span> <span class='ocrx_word' id='word_1_257' title='bbox 1018 2671 1397 2727; x_wconf 89' lang='lat' dir='ltr'><strong>convenirent.</strong></span> <span class='ocrx_word' id='word_1_258' title='bbox 1427 2672 1672 2742; x_wconf 89' lang='lat' dir='ltr'><strong>Cumque</strong></span> <span class='ocrx_word' id='word_1_259' title='bbox 1711 2673 1806 2728; x_wconf 88' lang='lat' dir='ltr'><strong>illo</strong></span> <span class='ocrx_word' id='word_1_260' title='bbox 1834 2688 1975 2728; x_wconf 89' lang='lat' dir='ltr'><strong>nunc</strong></span> 
     </span>
    </p>
   </div>
   <div class='ocr_carea' id='block_1_41' title="bbox 382 2761 1972 2836">
    <p class='ocr_par' dir='ltr' id='par_1_41' title="bbox 382 2761 1972 2836">
     <span class='ocr_line' id='line_1_41' title="bbox 382 2761 1972 2836; baseline 0.005 -23"><span class='ocrx_word' id='word_1_261' title='bbox 382 2761 604 2832; x_wconf 88' lang='lat' dir='ltr'><strong>quidem</strong></span> <span class='ocrx_word' id='word_1_262' title='bbox 623 2762 970 2832; x_wconf 85' lang='lat' dir='ltr'><strong>imprimente</strong></span> <span class='ocrx_word' id='word_1_263' title='bbox 994 2762 1201 2833; x_wconf 89' lang='lat' dir='ltr'><strong>pectori</strong></span> <span class='ocrx_word' id='word_1_264' title='bbox 1223 2775 1323 2818; x_wconf 89' lang='lat' dir='ltr'><strong>suo</strong></span> <span class='ocrx_word' id='word_1_265' title='bbox 1344 2763 1618 2834; x_wconf 86' lang='lat' dir='ltr'><strong>frontique</strong></span> <span class='ocrx_word' id='word_1_266' title='bbox 1636 2765 1972 2836; x_wconf 84' lang='lat' dir='ltr'><strong>signaculum</strong></span> 
     </span>
    </p>
   </div>
   <div class='ocr_carea' id='block_1_42' title="bbox 380 2853 1969 2926">
    <p class='ocr_par' dir='ltr' id='par_1_42' title="bbox 380 2853 1969 2926">
     <span class='ocr_line' id='line_1_42' title="bbox 380 2853 1969 2926; baseline 0.003 -16"><span class='ocrx_word' id='word_1_267' title='bbox 380 2854 583 2918; x_wconf 89' lang='lat' dir='ltr'><strong>crucis,</strong></span> <span class='ocrx_word' id='word_1_268' title='bbox 629 2868 772 2910; x_wconf 89' lang='lat' dir='ltr'><strong>nunc</strong></span> <span class='ocrx_word' id='word_1_269' title='bbox 799 2869 932 2911; x_wconf 85' lang='lat' dir='ltr'><strong>vero</strong></span> <span class='ocrx_word' id='word_1_270' title='bbox 968 2853 1201 2910; x_wconf 90' lang='lat' dir='ltr'><strong>orationi</strong></span> <span class='ocrx_word' id='word_1_271' title='bbox 1238 2854 1559 2925; x_wconf 86' lang='lat' dir='ltr'><strong>suppliciter</strong></span> <span class='ocrx_word' id='word_1_272' title='bbox 1600 2856 1969 2926; x_wconf 88' lang='lat' dir='ltr'><strong>incumbente,</strong></span> 
     </span>
    </p>
   </div>
   <div class='ocr_carea' id='block_1_43' title="bbox 377 2946 1973 3018">
    <p class='ocr_par' dir='ltr' id='par_1_43' title="bbox 377 2946 1973 3018">
     <span class='ocr_line' id='line_1_43' title="bbox 377 2946 1973 3018; baseline 0.003 -16"><span class='ocrx_word' id='word_1_273' title='bbox 377 2962 450 3002; x_wconf 89' lang='lat' dir='ltr'><strong>ne</strong></span> <span class='ocrx_word' id='word_1_274' title='bbox 491 2948 869 3018; x_wconf 88' lang='lat' dir='ltr'><strong>approximare</strong></span> <span class='ocrx_word' id='word_1_275' title='bbox 908 2946 1125 3018; x_wconf 90' lang='lat' dir='ltr'><strong>quidem</strong></span> <span class='ocrx_word' id='word_1_276' title='bbox 1177 2946 1435 3002; x_wconf 90' lang='lat' dir='ltr'><strong>dirissimi</strong></span> <span class='ocrx_word' id='word_1_277' title='bbox 1485 2947 1762 3005; x_wconf 87' lang='lat' dir='ltr'><strong>daemones</strong></span> <span class='ocrx_word' id='word_1_278' title='bbox 1796 2950 1973 3007; x_wconf 90' lang='lat' dir='ltr'><strong>eidem</strong></span> 
     </span>
    </p>
   </div>
   <div class='ocr_carea' id='block_1_44' title="bbox 377 3038 1972 3109">
    <p class='ocr_par' dir='ltr' id='par_1_44' title="bbox 377 3038 1972 3109">
     <span class='ocr_line' id='line_1_44' title="bbox 377 3038 1972 3109; baseline 0.003 -17"><span class='ocrx_word' id='word_1_279' title='bbox 377 3052 612 3109; x_wconf 85' lang='lat' dir='ltr'><strong>prorsus</strong></span> <span class='ocrx_word' id='word_1_280' title='bbox 645 3038 929 3105; x_wconf 89' lang='lat' dir='ltr'><strong>auderent,</strong></span> <span class='ocrx_word' id='word_1_281' title='bbox 961 3048 1123 3109; x_wconf 85' lang='lat' dir='ltr'><strong>atque</strong></span> <span class='ocrx_word' id='word_1_282' title='bbox 1144 3038 1213 3093; x_wconf 89' lang='lat' dir='ltr'><strong>ad</strong></span> <span class='ocrx_word' id='word_1_283' title='bbox 1239 3053 1336 3094; x_wconf 91' lang='lat' dir='ltr'><strong>eos</strong></span> <span class='ocrx_word' id='word_1_284' title='bbox 1361 3039 1451 3107; x_wconf 92' lang='lat' dir='ltr'><strong>qui</strong></span> <span class='ocrx_word' id='word_1_285' title='bbox 1479 3039 1605 3095; x_wconf 85' lang='lat' dir='ltr'><strong>illos</strong></span> <span class='ocrx_word' id='word_1_286' title='bbox 1630 3040 1972 3108; x_wconf 81' lang='lat' dir='ltr'><strong>direxerant,</strong></span> 
     </span>
    </p>
   </div>
   <div class='ocr_carea' id='block_1_45' title="bbox 377 3127 1976 3199">
    <p class='ocr_par' dir='ltr' id='par_1_45' title="bbox 377 3127 1976 3199">
     <span class='ocr_line' id='line_1_45' title="bbox 377 3127 1976 3199; baseline 0.004 -16"><span class='ocrx_word' id='word_1_287' title='bbox 377 3129 588 3199; x_wconf 87' lang='lat' dir='ltr'><strong>absque</strong></span> <span class='ocrx_word' id='word_1_288' title='bbox 615 3128 727 3185; x_wconf 93' lang='lat' dir='ltr'><strong>uIIo</strong></span> <span class='ocrx_word' id='word_1_289' title='bbox 756 3136 1162 3185; x_wconf 89' lang='lat' dir='ltr'><strong>reverterentur</strong></span> <span class='ocrx_word' id='word_1_290' title='bbox 1189 3127 1418 3194; x_wconf 76' lang='lat' dir='ltr'><strong>elfectu;</strong></span> <span class='ocrx_word' id='word_1_291' title='bbox 1448 3138 1504 3184; x_wconf 91' lang='lat' dir='ltr'><strong>et</strong></span> <span class='ocrx_word' id='word_1_292' title='bbox 1534 3129 1671 3185; x_wconf 91' lang='lat' dir='ltr'><strong>alios</strong></span> <span class='ocrx_word' id='word_1_293' title='bbox 1700 3131 1778 3187; x_wconf 88' lang='lat' dir='ltr'><strong>illi</strong></span> <span class='ocrx_word' id='word_1_294' title='bbox 1798 3131 1852 3186; x_wconf 91' lang='lat' dir='ltr'><strong>in</strong></span> <span class='ocrx_word' id='word_1_295' title='bbox 1880 3148 1976 3189; x_wconf 86' lang='lat' dir='ltr'><strong>ne-</strong></span> 
     </span>
    </p>
   </div>
   <div class='ocr_carea' id='block_1_46' title="bbox 377 3220 1972 3291">
    <p class='ocr_par' dir='ltr' id='par_1_46' title="bbox 377 3220 1972 3291">
     <span class='ocr_line' id='line_1_46' title="bbox 377 3220 1972 3291; baseline 0.003 -15"><span class='ocrx_word' id='word_1_296' title='bbox 377 3222 602 3291; x_wconf 88' lang='lat' dir='ltr'><strong>quitiam</strong></span> <span class='ocrx_word' id='word_1_297' title='bbox 639 3221 1077 3277; x_wconf 87' lang='lat' dir='ltr'><strong>vehementiores</strong></span> <span class='ocrx_word' id='word_1_298' title='bbox 1101 3235 1292 3277; x_wconf 84' lang='lat' dir='ltr'><strong>rursus</strong></span> <span class='ocrx_word' id='word_1_299' title='bbox 1328 3220 1716 3287; x_wconf 88' lang='lat' dir='ltr'><strong>immitterent,</strong></span> <span class='ocrx_word' id='word_1_300' title='bbox 1751 3222 1972 3279; x_wconf 88' lang='lat' dir='ltr'><strong>itidem-</strong></span> 
     </span>
    </p>
   </div>
   <div class='ocr_carea' id='block_1_47' title="bbox 2079 2021 3677 2095">
    <p class='ocr_par' dir='ltr' id='par_1_47' title="bbox 2079 2021 3677 2095">
     <span class='ocr_line' id='line_1_47' title="bbox 2079 2021 3677 2095; baseline 0.003 -19"><span class='ocrx_word' id='word_1_301' title='bbox 2079 2021 2147 2077; x_wconf 91' lang='lat' dir='ltr'><strong>ad</strong></span> <span class='ocrx_word' id='word_1_302' title='bbox 2177 2021 2429 2076; x_wconf 89' lang='lat' dir='ltr'><strong>abbatem</strong></span> <span class='ocrx_word' id='word_1_303' title='bbox 2462 2021 2762 2077; x_wconf 81' lang='lat' dir='ltr'><strong>Antonium</strong></span> <span class='ocrx_word' id='word_1_304' title='bbox 2804 2023 3271 2095; x_wconf 89' lang='lat' dir='ltr'><strong>impugnationum</strong></span> <span class='ocrx_word' id='word_1_305' title='bbox 3301 2040 3514 2080; x_wconf 89' lang='lat' dir='ltr'><strong>suarum</strong></span> <span class='ocrx_word' id='word_1_306' title='bbox 3546 2040 3677 2081; x_wconf 82' lang='lat' dir='ltr'><strong>tua-</strong></span> 
     </span>
    </p>
   </div>
   <div class='ocr_carea' id='block_1_48' title="bbox 2076 2112 3679 2185">
    <p class='ocr_par' dir='ltr' id='par_1_48' title="bbox 2076 2112 3679 2185">
     <span class='ocr_line' id='line_1_48' title="bbox 2076 2112 3679 2185; baseline 0.002 -18"><span class='ocrx_word' id='word_1_307' title='bbox 2076 2112 2437 2183; x_wconf 87' lang='lat' dir='ltr'><strong>gnitudinem,</strong></span> <span class='ocrx_word' id='word_1_308' title='bbox 2479 2119 2534 2167; x_wconf 87' lang='lat' dir='ltr'><strong>et</strong></span> <span class='ocrx_word' id='word_1_309' title='bbox 2569 2126 2761 2168; x_wconf 87' lang='lat' dir='ltr'><strong>causas</strong></span> <span class='ocrx_word' id='word_1_310' title='bbox 2806 2120 2966 2182; x_wconf 91' lang='lat' dir='ltr'><strong>atque</strong></span> <span class='ocrx_word' id='word_1_311' title='bbox 3007 2113 3230 2169; x_wconf 88' lang='lat' dir='ltr'><strong>insidias</strong></span> <span class='ocrx_word' id='word_1_312' title='bbox 3279 2114 3679 2185; x_wconf 82' lang='lat' dir='ltr'><strong>patefecissent.</strong></span> 
     </span>
    </p>
   </div>
   <div class='ocr_carea' id='block_1_49' title="bbox 2075 2206 3665 2278">
    <p class='ocr_par' dir='ltr' id='par_1_49' title="bbox 2075 2206 3665 2278">
     <span class='ocr_line' id='line_1_49' title="bbox 2075 2206 3665 2278; baseline 0 -15"><span class='ocrx_word' id='word_1_313' title='bbox 2075 2207 2261 2263; x_wconf 88' lang='lat' dir='ltr'><strong>livoris</strong></span> <span class='ocrx_word' id='word_1_314' title='bbox 2287 2206 2503 2273; x_wconf 90' lang='lat' dir='ltr'><strong>occulti,</strong></span> <span class='ocrx_word' id='word_1_315' title='bbox 2527 2206 2865 2262; x_wconf 84' lang='lat' dir='ltr'><strong>Christianos</strong></span> <span class='ocrx_word' id='word_1_316' title='bbox 2886 2222 2944 2262; x_wconf 85' lang='lat' dir='ltr'><strong>se</strong></span> <span class='ocrx_word' id='word_1_317' title='bbox 2970 2207 3086 2264; x_wconf 84' lang='lat' dir='ltr'><strong>fieri</strong></span> <span class='ocrx_word' id='word_1_318' title='bbox 3116 2208 3365 2276; x_wconf 87' lang='lat' dir='ltr'><strong>protinus</strong></span> <span class='ocrx_word' id='word_1_319' title='bbox 3386 2222 3665 2278; x_wconf 58' lang='lat' dir='ltr'><strong>poposce-</strong></span> 
     </span>
    </p>
   </div>
   <div class='ocr_carea' id='block_1_50' title="bbox 2076 2300 3682 2372">
    <p class='ocr_par' dir='ltr' id='par_1_50' title="bbox 2076 2300 3682 2372">
     <span class='ocr_line' id='line_1_50' title="bbox 2076 2300 3682 2372; baseline 0.001 -15"><span class='ocrx_word' id='word_1_320' title='bbox 2076 2310 2224 2357; x_wconf 89' lang='lat' dir='ltr'><strong>runt.</strong></span> <span class='ocrx_word' id='word_1_321' title='bbox 2254 2300 2537 2371; x_wconf 82' lang='lat' dir='ltr'><strong>Requisito</strong></span> <span class='ocrx_word' id='word_1_322' title='bbox 2563 2312 2742 2356; x_wconf 88' lang='lat' dir='ltr'><strong>autem</strong></span> <span class='ocrx_word' id='word_1_323' title='bbox 2770 2300 2838 2355; x_wconf 89' lang='lat' dir='ltr'><strong>ab</strong></span> <span class='ocrx_word' id='word_1_324' title='bbox 2859 2300 2968 2355; x_wconf 88' lang='lat' dir='ltr'><strong>illis</strong></span> <span class='ocrx_word' id='word_1_325' title='bbox 2992 2300 3219 2372; x_wconf 67' lang='lat' dir='ltr'><strong>proditas</strong></span> <span class='ocrx_word' id='word_1_326' title='bbox 3248 2300 3682 2372; x_wconf 79' lang='lat' dir='ltr'><strong>impugnationis</strong></span> 
     </span>
    </p>
   </div>
   <div class='ocr_carea' id='block_1_51' title="bbox 2077 2390 3681 2462">
    <p class='ocr_par' dir='ltr' id='par_1_51' title="bbox 2077 2390 3681 2462">
     <span class='ocr_line' id='line_1_51' title="bbox 2077 2390 3681 2462; baseline -0.001 -14"><span class='ocrx_word' id='word_1_327' title='bbox 2077 2392 2186 2462; x_wconf 88' lang='lat' dir='ltr'><strong>die,</strong></span> <span class='ocrx_word' id='word_1_328' title='bbox 2236 2391 2474 2448; x_wconf 91' lang='lat' dir='ltr'><strong>asseruit</strong></span> <span class='ocrx_word' id='word_1_329' title='bbox 2515 2406 2575 2447; x_wconf 92' lang='lat' dir='ltr'><strong>se</strong></span> <span class='ocrx_word' id='word_1_330' title='bbox 2620 2390 2974 2446; x_wconf 89' lang='lat' dir='ltr'><strong>amarissimis</strong></span> <span class='ocrx_word' id='word_1_331' title='bbox 3010 2390 3396 2462; x_wconf 81' lang='lat' dir='ltr'><strong>cogitationum</strong></span> <span class='ocrx_word' id='word_1_332' title='bbox 3432 2390 3681 2447; x_wconf 87' lang='lat' dir='ltr'><strong>stimulis</strong></span> 
     </span>
    </p>
   </div>
   <div class='ocr_carea' id='block_1_52' title="bbox 2080 2481 3670 2554">
    <p class='ocr_par' dir='ltr' id='par_1_52' title="bbox 2080 2481 3670 2554">
     <span class='ocr_line' id='line_1_52' title="bbox 2080 2481 3670 2554; baseline -0.003 -15"><span class='ocrx_word' id='word_1_333' title='bbox 2080 2492 2206 2539; x_wconf 93' lang='lat' dir='ltr'><strong>tunc</strong></span> <span class='ocrx_word' id='word_1_334' title='bbox 2234 2481 2401 2539; x_wconf 78' lang='lat' dir='ltr'><strong>fuisse</strong></span> <span class='ocrx_word' id='word_1_335' title='bbox 2441 2483 2731 2553; x_wconf 87' lang='lat' dir='ltr'><strong>pulsatum.</strong></span> <span class='ocrx_word' id='word_1_336' title='bbox 2769 2481 2891 2551; x_wconf 86' lang='lat' dir='ltr'><strong>Quo</strong></span> <span class='ocrx_word' id='word_1_337' title='bbox 2920 2484 3302 2554; x_wconf 84' lang='lat' dir='ltr'><strong>experimento</strong></span> <span class='ocrx_word' id='word_1_338' title='bbox 3335 2481 3670 2538; x_wconf 88' lang='lat' dir='ltr'><strong>sententiam</strong></span> 
     </span>
    </p>
   </div>
   <div class='ocr_carea' id='block_1_53' title="bbox 2079 2573 3682 2647">
    <p class='ocr_par' dir='ltr' id='par_1_53' title="bbox 2079 2573 3682 2647">
     <span class='ocr_line' id='line_1_53' title="bbox 2079 2573 3682 2647; baseline -0.004 -13"><span class='ocrx_word' id='word_1_339' title='bbox 2079 2586 2319 2634; x_wconf 85' lang='lat' dir='ltr'><strong>nostram</strong></span> <span class='ocrx_word' id='word_1_340' title='bbox 2345 2618 2360 2643; x_wconf 91' lang='lat'><strong>,</strong></span> <span class='ocrx_word' id='word_1_341' title='bbox 2406 2592 2565 2647; x_wconf 91' lang='lat' dir='ltr'><strong>quam</strong></span> <span class='ocrx_word' id='word_1_342' title='bbox 2604 2575 2862 2632; x_wconf 87' lang='lat' dir='ltr'><strong>hesterno</strong></span> <span class='ocrx_word' id='word_1_343' title='bbox 2903 2576 2991 2631; x_wconf 90' lang='lat' dir='ltr'><strong>die</strong></span> <span class='ocrx_word' id='word_1_344' title='bbox 3018 2576 3071 2630; x_wconf 90' lang='lat' dir='ltr'><strong>in</strong></span> <span class='ocrx_word' id='word_1_345' title='bbox 3108 2575 3404 2632; x_wconf 88' lang='lat' dir='ltr'><strong>collatione</strong></span> <span class='ocrx_word' id='word_1_346' title='bbox 3443 2573 3682 2646; x_wconf 84' lang='lat' dir='ltr'><strong>protuli-</strong></span> 
     </span>
    </p>
   </div>
   <div class='ocr_carea' id='block_1_54' title="bbox 2078 2665 3678 2739">
    <p class='ocr_par' dir='ltr' id='par_1_54' title="bbox 2078 2665 3678 2739">
     <span class='ocr_line' id='line_1_54' title="bbox 2078 2665 3678 2739; baseline -0.003 -14"><span class='ocrx_word' id='word_1_347' title='bbox 2078 2685 2218 2736; x_wconf 89' lang='lat' dir='ltr'><strong>mus,</strong></span> <span class='ocrx_word' id='word_1_348' title='bbox 2252 2668 2502 2739; x_wconf 89' lang='lat' dir='ltr'><strong>probavit</strong></span> <span class='ocrx_word' id='word_1_349' title='bbox 2524 2683 2588 2724; x_wconf 87' lang='lat' dir='ltr'><strong>ac</strong></span> <span class='ocrx_word' id='word_1_350' title='bbox 2612 2668 2856 2723; x_wconf 85' lang='lat' dir='ltr'><strong>definivit</strong></span> <span class='ocrx_word' id='word_1_351' title='bbox 2882 2668 3075 2723; x_wconf 85' lang='lat' dir='ltr'><strong>beatus</strong></span> <span class='ocrx_word' id='word_1_352' title='bbox 3106 2668 3399 2735; x_wconf 80' lang='lat' dir='ltr'><strong>Antonius,</strong></span> <span class='ocrx_word' id='word_1_353' title='bbox 3432 2665 3459 2705; x_wconf 72' lang='grc' dir='ltr'><strong>(ι</strong></span> <span class='ocrx_word' id='word_1_354' title='bbox 3487 2667 3678 2722; x_wconf 81' lang='lat' dir='ltr'><strong>nulla-</strong></span> 
     </span>
    </p>
   </div>
   <div class='ocr_carea' id='block_1_55' title="bbox 2080 2760 3679 2832">
    <p class='ocr_par' dir='ltr' id='par_1_55' title="bbox 2080 2760 3679 2832">
     <span class='ocr_line' id='line_1_55' title="bbox 2080 2760 3679 2832; baseline 0 -16"><span class='ocrx_word' id='word_1_355' title='bbox 2080 2772 2234 2818; x_wconf 86' lang='lat' dir='ltr'><strong>tenus</strong></span> <span class='ocrx_word' id='word_1_356' title='bbox 2253 2760 2533 2816; x_wconf 69' lang='lat' dir='ltr'><strong>daemones</strong></span> <span class='ocrx_word' id='word_1_357' title='bbox 2561 2774 2722 2831; x_wconf 91' lang='lat' dir='ltr'><strong>posse</strong></span> <span class='ocrx_word' id='word_1_358' title='bbox 2748 2768 2991 2815; x_wconf 88' lang='lat' dir='ltr'><strong>mentem</strong></span> <span class='ocrx_word' id='word_1_359' title='bbox 3012 2760 3327 2832; x_wconf 88' lang='lat' dir='ltr'><strong>cujusquam</strong></span> <span class='ocrx_word' id='word_1_360' title='bbox 3353 2762 3432 2816; x_wconf 85' lang='lat' dir='ltr'><strong>vel</strong></span> <span class='ocrx_word' id='word_1_361' title='bbox 3460 2776 3679 2831; x_wconf 86' lang='lat' dir='ltr'><strong>corpus</strong></span> 
     </span>
    </p>
   </div>
   <div class='ocr_carea' id='block_1_56' title="bbox 2078 2852 3672 2925">
    <p class='ocr_par' dir='ltr' id='par_1_56' title="bbox 2078 2852 3672 2925">
     <span class='ocr_line' id='line_1_56' title="bbox 2078 2852 3672 2925; baseline 0 -16"><span class='ocrx_word' id='word_1_362' title='bbox 2078 2853 2357 2920; x_wconf 83' lang='lat' dir='ltr'><strong>invadere,</strong></span> <span class='ocrx_word' id='word_1_363' title='bbox 2407 2867 2508 2909; x_wconf 90' lang='lat' dir='ltr'><strong>nec</strong></span> <span class='ocrx_word' id='word_1_364' title='bbox 2537 2853 2742 2909; x_wconf 90' lang='lat' dir='ltr'><strong>habere</strong></span> <span class='ocrx_word' id='word_1_365' title='bbox 2781 2852 3090 2909; x_wconf 87' lang='lat' dir='ltr'><strong>facultatem</strong></span> <span class='ocrx_word' id='word_1_366' title='bbox 3129 2854 3183 2908; x_wconf 93' lang='lat' dir='ltr'><strong>in</strong></span> <span class='ocrx_word' id='word_1_367' title='bbox 3210 2854 3496 2925; x_wconf 88' lang='lat' dir='ltr'><strong>cujuslibet</strong></span> <span class='ocrx_word' id='word_1_368' title='bbox 3534 2853 3672 2909; x_wconf 89' lang='lat' dir='ltr'><strong>ani-</strong></span> 
     </span>
    </p>
   </div>
   <div class='ocr_carea' id='block_1_57' title="bbox 2079 2945 3681 3018">
    <p class='ocr_par' dir='ltr' id='par_1_57' title="bbox 2079 2945 3681 3018">
     <span class='ocr_line' id='line_1_57' title="bbox 2079 2945 3681 3018; baseline 0.001 -16"><span class='ocrx_word' id='word_1_369' title='bbox 2079 2962 2221 3003; x_wconf 90' lang='lat' dir='ltr'><strong>mam</strong></span> <span class='ocrx_word' id='word_1_370' title='bbox 2260 2945 2476 3017; x_wconf 82' lang='lat' dir='ltr'><strong>penitus</strong></span> <span class='ocrx_word' id='word_1_371' title='bbox 2506 2946 2786 3016; x_wconf 88' lang='lat' dir='ltr'><strong>irruendi,</strong></span> <span class='ocrx_word' id='word_1_372' title='bbox 2817 2947 2921 3002; x_wconf 89' lang='lat' dir='ltr'><strong>nisi</strong></span> <span class='ocrx_word' id='word_1_373' title='bbox 2945 2961 3069 3004; x_wconf 87' lang='lat' dir='ltr'><strong>eam</strong></span> <span class='ocrx_word' id='word_1_374' title='bbox 3108 2947 3286 3018; x_wconf 90' lang='lat' dir='ltr'><strong>primo</strong></span> <span class='ocrx_word' id='word_1_375' title='bbox 3317 2947 3681 3003; x_wconf 82' lang='lat' dir='ltr'><strong>destituerint</strong></span> 
     </span>
    </p>
   </div>
   <div class='ocr_carea' id='block_1_58' title="bbox 2077 3040 3677 3112">
    <p class='ocr_par' dir='ltr' id='par_1_58' title="bbox 2077 3040 3677 3112">
     <span class='ocr_line' id='line_1_58' title="bbox 2077 3040 3677 3112; baseline 0.002 -17"><span class='ocrx_word' id='word_1_376' title='bbox 2077 3042 2330 3097; x_wconf 89' lang='lat' dir='ltr'><strong>omnibus</strong></span> <span class='ocrx_word' id='word_1_377' title='bbox 2358 3040 2777 3112; x_wconf 88' lang='lat' dir='ltr'><strong>cogitationibus</strong></span> <span class='ocrx_word' id='word_1_378' title='bbox 2810 3040 3047 3107; x_wconf 87' lang='lat' dir='ltr'><strong>sanctis,</strong></span> <span class='ocrx_word' id='word_1_379' title='bbox 3073 3055 3134 3095; x_wconf 92' lang='lat' dir='ltr'><strong>ac</strong></span> <span class='ocrx_word' id='word_1_380' title='bbox 3161 3040 3393 3110; x_wconf 89' lang='lat' dir='ltr'><strong>spiritali</strong></span> <span class='ocrx_word' id='word_1_381' title='bbox 3422 3051 3677 3097; x_wconf 87' lang='lat' dir='ltr'><strong>contem-</strong></span> 
     </span>
    </p>
   </div>
   <div class='ocr_carea' id='block_1_59' title="bbox 2082 3131 3679 3204">
    <p class='ocr_par' dir='ltr' id='par_1_59' title="bbox 2082 3131 3679 3204">
     <span class='ocr_line' id='line_1_59' title="bbox 2082 3131 3679 3204; baseline 0.001 -16"><span class='ocrx_word' id='word_1_382' title='bbox 2082 3133 2321 3204; x_wconf 89' lang='lat' dir='ltr'><strong>platione</strong></span> <span class='ocrx_word' id='word_1_383' title='bbox 2356 3147 2578 3188; x_wconf 89' lang='lat' dir='ltr'><strong>vacuam</strong></span> <span class='ocrx_word' id='word_1_384' title='bbox 2615 3132 2926 3203; x_wconf 80' lang='lat' dir='ltr'><strong>nudamque</strong></span> <span class='ocrx_word' id='word_1_385' title='bbox 2972 3131 3331 3188; x_wconf 88' lang='lat' dir='ltr'><strong>reddiderint.</strong></span> <span class='ocrx_word' id='word_1_386' title='bbox 3375 3131 3679 3190; x_wconf 86' lang='lat' dir='ltr'><strong>Sciendum</strong></span> 
     </span>
    </p>
   </div>
   <div class='ocr_carea' id='block_1_60' title="bbox 2080 3223 3675 3296">
    <p class='ocr_par' dir='ltr' id='par_1_60' title="bbox 2080 3223 3675 3296">
     <span class='ocr_line' id='line_1_60' title="bbox 2080 3223 3675 3296; baseline 0.001 -16"><span class='ocrx_word' id='word_1_387' title='bbox 2080 3234 2263 3281; x_wconf 89' lang='lat' dir='ltr'><strong>tamen</strong></span> <span class='ocrx_word' id='word_1_388' title='bbox 2322 3234 2346 3261; x_wconf 80' lang='grc' dir='ltr'><strong>ο</strong></span> <span class='ocrx_word' id='word_1_389' title='bbox 2372 3224 2585 3281; x_wconf 90' lang='lat' dir='ltr'><strong>duobus</strong></span> <span class='ocrx_word' id='word_1_390' title='bbox 2619 3223 2794 3281; x_wconf 88' lang='lat' dir='ltr'><strong>modis</strong></span> <span class='ocrx_word' id='word_1_391' title='bbox 2824 3225 3050 3296; x_wconf 88' lang='lat' dir='ltr'><strong>spiritus</strong></span> <span class='ocrx_word' id='word_1_392' title='bbox 3079 3224 3386 3281; x_wconf 89' lang='lat' dir='ltr'><strong>immundos</strong></span> <span class='ocrx_word' id='word_1_393' title='bbox 3423 3224 3675 3281; x_wconf 82' lang='lat' dir='ltr'><strong>homini-</strong></span> 
     </span>
    </p>
   </div>
   <div class='ocr_carea' id='block_1_61' title="bbox 1457 3331 2590 3397">
    <p class='ocr_par' dir='ltr' id='par_1_61' title="bbox 1457 3331 2590 3397">
     <span class='ocr_line' id='line_1_61' title="bbox 1457 3331 2590 3397; baseline 0.003 -11"><span class='ocrx_word' id='word_1_394' title='bbox 1457 3331 1714 3387; x_wconf 83' lang='lat' dir='ltr'><strong>ALARDI</strong></span> <span class='ocrx_word' id='word_1_395' title='bbox 1753 3333 1985 3391; x_wconf 69' lang='lat' dir='ltr'><strong>GAZA&#39;II</strong></span> <span class='ocrx_word' id='word_1_396' title='bbox 2025 3334 2590 3397; x_wconf 79' lang='lat' dir='ltr'><strong>COMMENTARIUS.</strong></span> 
     </span>
    </p>
   </div>
   <div class='ocr_carea' id='block_1_62' title="bbox 377 3427 2050 3500">
    <p class='ocr_par' dir='ltr' id='par_1_62' title="bbox 377 3427 2050 3500">
     <span class='ocr_line' id='line_1_62' title="bbox 377 3427 2050 3500; baseline -0.003 -9"><span class='ocrx_word' id='word_1_397' title='bbox 377 3436 575 3491; x_wconf 87' lang='lat' dir='ltr'><strong>cietate</strong></span> <span class='ocrx_word' id='word_1_398' title='bbox 597 3432 725 3488; x_wconf 84' lang='lat' dir='ltr'><strong>Jesu</strong></span> <span class='ocrx_word' id='word_1_399' title='bbox 750 3430 983 3500; x_wconf 83' lang='lat' dir='ltr'><strong>theologi</strong></span> <span class='ocrx_word' id='word_1_400' title='bbox 1006 3430 1081 3485; x_wconf 85' lang='lat' dir='ltr'><strong>ad</strong></span> <span class='ocrx_word' id='word_1_401' title='bbox 1099 3430 1242 3500; x_wconf 90' lang='lat' dir='ltr'><strong>hunc</strong></span> <span class='ocrx_word' id='word_1_402' title='bbox 1261 3427 1703 3484; x_wconf 78' lang='lat' dir='ltr'><strong>lm‘um&#39;Cassiani</strong></span> <span class='ocrx_word' id='word_1_403' title='bbox 1726 3445 1755 3484; x_wconf 87' lang='lat' dir='ltr'><strong>a</strong></span> <span class='ocrx_word' id='word_1_404' title='bbox 1781 3429 1838 3487; x_wconf 93' lang='lat' dir='ltr'><strong>S.</strong></span> <span class='ocrx_word' id='word_1_405' title='bbox 1863 3432 1977 3488; x_wconf 85' lang='lat' dir='ltr'><strong>An-</strong></span> <span class='ocrx_word' id='word_1_406' title='bbox 2002 3436 2050 3498; x_wconf 86' lang='lat' dir='ltr'><strong>C</strong></span> 
     </span>
    </p>
   </div>
   <div class='ocr_carea' id='block_1_63' title="bbox 377 3499 1969 3570">
    <p class='ocr_par' dir='ltr' id='par_1_63' title="bbox 377 3499 1969 3570">
     <span class='ocr_line' id='line_1_63' title="bbox 377 3499 1969 3570; baseline -0.003 -9"><span class='ocrx_word' id='word_1_407' title='bbox 377 3506 567 3561; x_wconf 89' lang='lat' dir='ltr'><strong>tonino</strong></span> <span class='ocrx_word' id='word_1_408' title='bbox 611 3503 923 3558; x_wconf 81' lang='lat' dir='ltr'><strong>Florentino</strong></span> <span class='ocrx_word' id='word_1_409' title='bbox 943 3499 1282 3570; x_wconf 77' lang='lat' dir='ltr'><strong>compendio</strong></span> <span class='ocrx_word' id='word_1_410' title='bbox 1319 3506 1571 3565; x_wconf 78' lang='lat' dir='ltr'><strong>rératt&#39;tm,</strong></span> <span class='ocrx_word' id='word_1_411' title='bbox 1605 3515 1725 3568; x_wconf 88' lang='lat' dir='ltr'><strong>quae</strong></span> <span class='ocrx_word' id='word_1_412' title='bbox 1761 3503 1841 3556; x_wconf 89' lang='lat' dir='ltr'><strong>sic</strong></span> <span class='ocrx_word' id='word_1_413' title='bbox 1873 3503 1969 3558; x_wconf 84' lang='lat' dir='ltr'><strong>ha-</strong></span> 
     </span>
    </p>
   </div>
   <div class='ocr_carea' id='block_1_64' title="bbox 377 3569 1973 3642">
    <p class='ocr_par' dir='ltr' id='par_1_64' title="bbox 377 3569 1973 3642">
     <span class='ocr_line' id='line_1_64' title="bbox 377 3569 1973 3642; baseline -0.001 -10"><span class='ocrx_word' id='word_1_414' title='bbox 377 3577 473 3633; x_wconf 88' lang='lat' dir='ltr'><strong>bet</strong></span> <span class='ocrx_word' id='word_1_415' title='bbox 507 3594 519 3629; x_wconf 92' lang='lat'>:</span> <span class='ocrx_word' id='word_1_416' title='bbox 555 3574 682 3630; x_wconf 87' lang='lat' dir='ltr'><strong>Non</strong></span> <span class='ocrx_word' id='word_1_417' title='bbox 702 3587 766 3627; x_wconf 81' lang='lat' dir='ltr'><strong>ea:</strong></span> <span class='ocrx_word' id='word_1_418' title='bbox 789 3572 881 3626; x_wconf 90' lang='lat' dir='ltr'><strong>illo</strong></span> <span class='ocrx_word' id='word_1_419' title='bbox 903 3573 1055 3627; x_wconf 87' lang='lat' dir='ltr'><strong>modo</strong></span> <span class='ocrx_word' id='word_1_420' title='bbox 1083 3569 1215 3642; x_wconf 87' lang='lat' dir='ltr'><strong>libro</strong></span> <span class='ocrx_word' id='word_1_421' title='bbox 1234 3569 1470 3625; x_wconf 61' lang='lat' dir='ltr'><strong>Plistoris</strong></span> <span class='ocrx_word' id='word_1_422' title='bbox 1490 3571 1669 3642; x_wconf 84' lang='lat' dir='ltr'><strong>probat</strong></span> <span class='ocrx_word' id='word_1_423' title='bbox 1692 3571 1973 3630; x_wconf 77' lang='lat' dir='ltr'><strong>Cassianus</strong></span> 
     </span>
    </p>
   </div>
   <div class='ocr_carea' id='block_1_65' title="bbox 380 3640 1970 3715">
    <p class='ocr_par' dir='ltr' id='par_1_65' title="bbox 380 3640 1970 3715">
     <span class='ocr_line' id='line_1_65' title="bbox 380 3640 1970 3715; baseline -0.002 -13"><span class='ocrx_word' id='word_1_424' title='bbox 380 3649 512 3702; x_wconf 83' lang='lat' dir='ltr'><strong>duos</strong></span> <span class='ocrx_word' id='word_1_425' title='bbox 529 3641 1025 3715; x_wconf 83' lang='lat' dir='ltr'><strong>unicuiquehomini</strong></span> <span class='ocrx_word' id='word_1_426' title='bbox 1052 3641 1263 3715; x_wconf 63' lang='lat' dir='ltr'><strong>angelos</strong></span> <span class='ocrx_word' id='word_1_427' title='bbox 1288 3640 1545 3715; x_wconf 70' lang='lat' dir='ltr'><strong>assistere,</strong></span> <span class='ocrx_word' id='word_1_428' title='bbox 1575 3640 1763 3715; x_wconf 85' lang='lat' dir='ltr'><strong>bonum</strong></span> <span class='ocrx_word' id='word_1_429' title='bbox 1788 3650 1843 3697; x_wconf 83' lang='lat' dir='ltr'><strong>et</strong></span> <span class='ocrx_word' id='word_1_430' title='bbox 1859 3662 1970 3700; x_wconf 87' lang='lat' dir='ltr'><strong>ma-</strong></span> 
     </span>
    </p>
   </div>
   <div class='ocr_carea' id='block_1_66' title="bbox 378 3711 1970 3783">
    <p class='ocr_par' dir='ltr' id='par_1_66' title="bbox 378 3711 1970 3783">
     <span class='ocr_line' id='line_1_66' title="bbox 378 3711 1970 3783; baseline -0.002 -11"><span class='ocrx_word' id='word_1_431' title='bbox 378 3718 511 3783; x_wconf 89' lang='lat' dir='ltr'><strong>lum,</strong></span> <span class='ocrx_word' id='word_1_432' title='bbox 540 3717 630 3771; x_wconf 87' lang='lat' dir='ltr'><strong>sed</strong></span> <span class='ocrx_word' id='word_1_433' title='bbox 661 3711 733 3769; x_wconf 48' lang='lat' dir='ltr'><strong>ex&#39;</strong></span> <span class='ocrx_word' id='word_1_434' title='bbox 755 3713 951 3783; x_wconf 83' lang='lat' dir='ltr'><strong>aliquot</strong></span> <span class='ocrx_word' id='word_1_435' title='bbox 986 3711 1151 3768; x_wconf 74' lang='lat' dir='ltr'><strong>sacra:</strong></span> <span class='ocrx_word' id='word_1_436' title='bbox 1180 3712 1467 3781; x_wconf 74' lang='lat' dir='ltr'><strong>Scriptum</strong></span> <span class='ocrx_word' id='word_1_437' title='bbox 1493 3711 1657 3778; x_wconf 88' lang='lat' dir='ltr'><strong>locis;</strong></span> <span class='ocrx_word' id='word_1_438' title='bbox 1685 3717 1970 3783; x_wconf 69' lang='lat' dir='ltr'><strong>prasertim</strong></span> 
     </span>
    </p>
   </div>
   <div class='ocr_carea' id='block_1_67' title="bbox 376 3783 1968 3855">
    <p class='ocr_par' dir='ltr' id='par_1_67' title="bbox 376 3783 1968 3855">
     <span class='ocr_line' id='line_1_67' title="bbox 376 3783 1968 3855; baseline -0.003 -12"><span class='ocrx_word' id='word_1_439' title='bbox 376 3799 551 3843; x_wconf 88' lang='lat' dir='ltr'><strong>autem</strong></span> <span class='ocrx_word' id='word_1_440' title='bbox 575 3786 644 3841; x_wconf 83' lang='lat' dir='ltr'><strong>ad</strong></span> <span class='ocrx_word' id='word_1_441' title='bbox 671 3783 1107 3855; x_wconf 88' lang='lat' dir='ltr'><strong>comprobandam</strong></span> <span class='ocrx_word' id='word_1_442' title='bbox 1133 3784 1251 3838; x_wconf 88' lang='lat' dir='ltr'><strong>boni</strong></span> <span class='ocrx_word' id='word_1_443' title='bbox 1279 3784 1451 3854; x_wconf 80' lang='lat' dir='ltr'><strong>angeli</strong></span> <span class='ocrx_word' id='word_1_444' title='bbox 1475 3792 1524 3837; x_wconf 90' lang='lat' dir='ltr'><strong>et</strong></span> <span class='ocrx_word' id='word_1_445' title='bbox 1550 3786 1711 3855; x_wconf 81' lang='lat' dir='ltr'><strong>nostri</strong></span> <span class='ocrx_word' id='word_1_446' title='bbox 1734 3786 1968 3855; x_wconf 73' lang='lat' dir='ltr'><strong>tutelaris</strong></span> 
     </span>
    </p>
   </div>
   <div class='ocr_carea' id='block_1_68' title="bbox 377 3853 1968 3918">
    <p class='ocr_par' dir='ltr' id='par_1_68' title="bbox 377 3853 1968 3918">
     <span class='ocr_line' id='line_1_68' title="bbox 377 3853 1968 3918; baseline -0.001 -5"><span class='ocrx_word' id='word_1_447' title='bbox 377 3859 744 3918; x_wconf 85' lang='lat' dir='ltr'><strong>assistentiam,</strong></span> <span class='ocrx_word' id='word_1_448' title='bbox 770 3853 934 3909; x_wconf 81' lang='lat' dir='ltr'><strong>utitur</strong></span> <span class='ocrx_word' id='word_1_449' title='bbox 969 3856 1066 3909; x_wconf 90' lang='lat' dir='ltr'><strong>hac</strong></span> <span class='ocrx_word' id='word_1_450' title='bbox 1099 3853 1385 3910; x_wconf 85' lang='lat' dir='ltr'><strong>certissima</strong></span> <span class='ocrx_word' id='word_1_451' title='bbox 1414 3863 1462 3908; x_wconf 92' lang='lat' dir='ltr'><strong>et</strong></span> <span class='ocrx_word' id='word_1_452' title='bbox 1488 3854 1749 3908; x_wconf 86' lang='lat' dir='ltr'><strong>verissima</strong></span> <span class='ocrx_word' id='word_1_453' title='bbox 1776 3853 1968 3911; x_wconf 83' lang='lat' dir='ltr'><strong>Christi</strong></span> 
     </span>
    </p>
   </div>
   <div class='ocr_carea' id='block_1_69' title="bbox 376 3925 1967 3992">
    <p class='ocr_par' dir='ltr' id='par_1_69' title="bbox 376 3925 1967 3992">
     <span class='ocr_line' id='line_1_69' title="bbox 376 3925 1967 3992; baseline -0.001 -10"><span class='ocrx_word' id='word_1_454' title='bbox 376 3929 627 3983; x_wconf 82' lang='lat' dir='ltr'><strong>sententia</strong></span> <span class='ocrx_word' id='word_1_455' title='bbox 657 3925 850 3979; x_wconf 86' lang='lat' dir='ltr'><strong>Matth.</strong></span> <span class='ocrx_word' id='word_1_456' title='bbox 878 3941 1008 3981; x_wconf 81' lang='lat' dir='ltr'><strong>xvtn</strong></span> <span class='ocrx_word' id='word_1_457' title='bbox 1034 3944 1047 3981; x_wconf 90' lang='lat'><strong>:</strong></span> <span class='ocrx_word' id='word_1_458' title='bbox 1085 3925 1287 3989; x_wconf 85' lang='lat' dir='ltr'><strong>Videte,</strong></span> <span class='ocrx_word' id='word_1_459' title='bbox 1320 3926 1510 3992; x_wconf 86' lang='lat' dir='ltr'><strong>inquit,</strong></span> <span class='ocrx_word' id='word_1_460' title='bbox 1545 3940 1607 3977; x_wconf 87' lang='lat' dir='ltr'><strong>ne</strong></span> <span class='ocrx_word' id='word_1_461' title='bbox 1631 3927 1967 3981; x_wconf 86' lang='lat' dir='ltr'><strong>contemnatis</strong></span> 
     </span>
    </p>
   </div>
   <div class='ocr_carea' id='block_1_70' title="bbox 380 3995 1961 4067">
    <p class='ocr_par' dir='ltr' id='par_1_70' title="bbox 380 3995 1961 4067">
     <span class='ocr_line' id='line_1_70' title="bbox 380 3995 1961 4067; baseline -0.001 -14"><span class='ocrx_word' id='word_1_462' title='bbox 380 4014 542 4053; x_wconf 86' lang='lat' dir='ltr'><strong>unum</strong></span> <span class='ocrx_word' id='word_1_463' title='bbox 562 4014 625 4053; x_wconf 75' lang='lat' dir='ltr'><strong>ea:</strong></span> <span class='ocrx_word' id='word_1_464' title='bbox 654 3995 736 4050; x_wconf 86' lang='lat' dir='ltr'><strong>his</strong></span> <span class='ocrx_word' id='word_1_465' title='bbox 759 3996 982 4066; x_wconf 85' lang='lat' dir='ltr'><strong>pusillis,</strong></span> <span class='ocrx_word' id='word_1_466' title='bbox 1006 3998 1122 4051; x_wconf 84' lang='lat' dir='ltr'><strong>dico</strong></span> <span class='ocrx_word' id='word_1_467' title='bbox 1144 3998 1279 4050; x_wconf 87' lang='lat' dir='ltr'><strong>enim</strong></span> <span class='ocrx_word' id='word_1_468' title='bbox 1303 3995 1441 4049; x_wconf 81' lang='lat' dir='ltr'><strong>vobis</strong></span> <span class='ocrx_word' id='word_1_469' title='bbox 1462 3995 1579 4064; x_wconf 86' lang='lat' dir='ltr'><strong>quia</strong></span> <span class='ocrx_word' id='word_1_470' title='bbox 1599 3996 1770 4067; x_wconf 77' lang='lat' dir='ltr'><strong>angeli</strong></span> <span class='ocrx_word' id='word_1_471' title='bbox 1792 4013 1961 4052; x_wconf 85' lang='lat' dir='ltr'><strong>eorum</strong></span> 
     </span>
    </p>
   </div>
   <div class='ocr_carea' id='block_1_71' title="bbox 378 4066 1968 4139">
    <p class='ocr_par' dir='ltr' id='par_1_71' title="bbox 378 4066 1968 4139">
     <span class='ocr_line' id='line_1_71' title="bbox 378 4066 1968 4139; baseline -0.001 -16"><span class='ocrx_word' id='word_1_472' title='bbox 378 4085 578 4137; x_wconf 84' lang='lat' dir='ltr'><strong>semper</strong></span> <span class='ocrx_word' id='word_1_473' title='bbox 600 4068 767 4123; x_wconf 86' lang='lat' dir='ltr'><strong>vident</strong></span> <span class='ocrx_word' id='word_1_474' title='bbox 789 4069 980 4139; x_wconf 77' lang='lat' dir='ltr'><strong>faciem</strong></span> <span class='ocrx_word' id='word_1_475' title='bbox 1002 4067 1174 4126; x_wconf 83' lang='lat' dir='ltr'><strong>Patris</strong></span> <span class='ocrx_word' id='word_1_476' title='bbox 1197 4068 1314 4139; x_wconf 66' lang='lat' dir='ltr'><strong>mei.</strong></span> <span class='ocrx_word' id='word_1_477' title='bbox 1346 4067 1497 4139; x_wconf 83' lang='lat' dir='ltr'><strong>Sicut</strong></span> <span class='ocrx_word' id='word_1_478' title='bbox 1519 4074 1567 4119; x_wconf 88' lang='lat' dir='ltr'><strong>et</strong></span> <span class='ocrx_word' id='word_1_479' title='bbox 1589 4066 1708 4136; x_wconf 86' lang='lat' dir='ltr'><strong>jam</strong></span> <span class='ocrx_word' id='word_1_480' title='bbox 1740 4066 1808 4139; x_wconf 76' lang='grc' dir='ltr'><strong>ο.</strong></span> <span class='ocrx_word' id='word_1_481' title='bbox 1836 4067 1968 4123; x_wconf 83' lang='lat' dir='ltr'><strong>Hie-</strong></span> 
     </span>
    </p>
   </div>
   <div class='ocr_carea' id='block_1_72' title="bbox 376 4136 1968 4209">
    <p class='ocr_par' dir='ltr' id='par_1_72' title="bbox 376 4136 1968 4209">
     <span class='ocr_line' id='line_1_72' title="bbox 376 4136 1968 4209; baseline 0.001 -17"><span class='ocrx_word' id='word_1_482' title='bbox 376 4136 646 4209; x_wconf 80' lang='lat' dir='ltr'><strong>ronymus,</strong></span> <span class='ocrx_word' id='word_1_483' title='bbox 695 4140 751 4192; x_wconf 88' lang='lat' dir='ltr'><strong>in</strong></span> <span class='ocrx_word' id='word_1_484' title='bbox 789 4136 1173 4192; x_wconf 85' lang='lat' dir='ltr'><strong>commentariis</strong></span> <span class='ocrx_word' id='word_1_485' title='bbox 1202 4140 1257 4209; x_wconf 85' lang='lat' dir='ltr'><strong>in</strong></span> <span class='ocrx_word' id='word_1_486' title='bbox 1288 4136 1425 4191; x_wconf 85' lang='lat' dir='ltr'><strong>hunc</strong></span> <span class='ocrx_word' id='word_1_487' title='bbox 1453 4136 1653 4209; x_wconf 89' lang='lat' dir='ltr'><strong>locum,</strong></span> <span class='ocrx_word' id='word_1_488' title='bbox 1680 4138 1968 4209; x_wconf 79' lang='lat' dir='ltr'><strong>unicuique</strong></span> 
     </span>
    </p>
   </div>
   <div class='ocr_carea' id='block_1_73' title="bbox 379 4206 1964 4279">
    <p class='ocr_par' dir='ltr' id='par_1_73' title="bbox 379 4206 1964 4279">
     <span class='ocr_line' id='line_1_73' title="bbox 379 4206 1964 4279; baseline 0 -16"><span class='ocrx_word' id='word_1_489' title='bbox 379 4206 611 4264; x_wconf 75' lang='lat' dir='ltr'><strong>nostrum</strong></span> <span class='ocrx_word' id='word_1_490' title='bbox 637 4209 700 4263; x_wconf 90' lang='lat' dir='ltr'><strong>ab</strong></span> <span class='ocrx_word' id='word_1_491' title='bbox 730 4218 844 4265; x_wconf 88' lang='lat' dir='ltr'><strong>ortu</strong></span> <span class='ocrx_word' id='word_1_492' title='bbox 864 4225 974 4263; x_wconf 74' lang='lat' dir='ltr'><strong>sum</strong></span> <span class='ocrx_word' id='word_1_493' title='bbox 1002 4208 1286 4262; x_wconf 82' lang='lat' dir='ltr'><strong>nativitatis</strong></span> <span class='ocrx_word' id='word_1_494' title='bbox 1313 4208 1485 4279; x_wconf 74' lang='lat' dir='ltr'><strong>insui</strong></span> <span class='ocrx_word' id='word_1_495' title='bbox 1497 4206 1795 4279; x_wconf 69' lang='lat' dir='ltr'><strong>custodiam</strong></span> <span class='ocrx_word' id='word_1_496' title='bbox 1809 4206 1964 4279; x_wconf 75' lang='lat' dir='ltr'><strong>ange-</strong></span> 
     </span>
    </p>
   </div>
   <div class='ocr_carea' id='block_1_74' title="bbox 378 4275 1967 4351">
    <p class='ocr_par' dir='ltr' id='par_1_74' title="bbox 378 4275 1967 4351">
     <span class='ocr_line' id='line_1_74' title="bbox 378 4275 1967 4351; baseline -0.008 -17"><span class='ocrx_word' id='word_1_497' title='bbox 378 4282 488 4334; x_wconf 85' lang='lat' dir='ltr'><strong>lum</strong></span> <span class='ocrx_word' id='word_1_498' title='bbox 514 4283 691 4334; x_wconf 81' lang='lat' dir='ltr'><strong>dntum</strong></span> <span class='ocrx_word' id='word_1_499' title='bbox 711 4297 820 4335; x_wconf 88' lang='lat' dir='ltr'><strong>esse</strong></span> <span class='ocrx_word' id='word_1_500' title='bbox 837 4296 901 4334; x_wconf 79' lang='lat' dir='ltr'><strong>ea:</strong></span> <span class='ocrx_word' id='word_1_501' title='bbox 920 4280 1016 4334; x_wconf 87' lang='lat' dir='ltr'><strong>hoc</strong></span> <span class='ocrx_word' id='word_1_502' title='bbox 1038 4280 1149 4334; x_wconf 91' lang='lat' dir='ltr'><strong>loco</strong></span> <span class='ocrx_word' id='word_1_503' title='bbox 1177 4277 1460 4351; x_wconf 80' lang='lat' dir='ltr'><strong>concludit.</strong></span> <span class='ocrx_word' id='word_1_504' title='bbox 1486 4275 1635 4351; x_wconf 83' lang='lat' dir='ltr'><strong>Idem</strong></span> <span class='ocrx_word' id='word_1_505' title='bbox 1656 4275 1967 4351; x_wconf 57' lang='lat' dir='ltr'><strong>facitﬂIﬁy-</strong></span> 
     </span>
    </p>
   </div>
   <div class='ocr_carea' id='block_1_75' title="bbox 374 4347 1961 4407">
    <p class='ocr_par' dir='ltr' id='par_1_75' title="bbox 374 4347 1961 4407">
     <span class='ocr_line' id='line_1_75' title="bbox 374 4347 1961 4407; baseline 0.001 -2"><span class='ocrx_word' id='word_1_506' title='bbox 374 4361 632 4406; x_wconf 86' lang='lat' dir='ltr'><strong>sostomus</strong></span> <span class='ocrx_word' id='word_1_507' title='bbox 668 4351 848 4407; x_wconf 85' lang='lat' dir='ltr'><strong>homil.</strong></span> <span class='ocrx_word' id='word_1_508' title='bbox 880 4352 949 4407; x_wconf 84' lang='lat'><strong>60</strong></span> <span class='ocrx_word' id='word_1_509' title='bbox 992 4351 1045 4404; x_wconf 87' lang='lat' dir='ltr'><strong>in</strong></span> <span class='ocrx_word' id='word_1_510' title='bbox 1086 4349 1276 4404; x_wconf 80' lang='lat' dir='ltr'><strong>Matth.</strong></span> <span class='ocrx_word' id='word_1_511' title='bbox 1324 4359 1371 4402; x_wconf 88' lang='lat' dir='ltr'><strong>et</strong></span> <span class='ocrx_word' id='word_1_512' title='bbox 1405 4347 1549 4402; x_wconf 86' lang='lat' dir='ltr'><strong>hom.</strong></span> <span class='ocrx_word' id='word_1_513' title='bbox 1590 4350 1623 4401; x_wconf 73' lang='grc' dir='ltr'>ὅ</span> <span class='ocrx_word' id='word_1_514' title='bbox 1657 4347 1729 4402; x_wconf 88' lang='lat' dir='ltr'><strong>ad</strong></span> <span class='ocrx_word' id='word_1_515' title='bbox 1765 4347 1961 4406; x_wconf 66' lang='lat' dir='ltr'><strong>Calas}.</strong></span> 
     </span>
    </p>
   </div>
   <div class='ocr_carea' id='block_1_76' title="bbox 379 4417 1965 4493">
    <p class='ocr_par' dir='ltr' id='par_1_76' title="bbox 379 4417 1965 4493">
     <span class='ocr_line' id='line_1_76' title="bbox 379 4417 1965 4493; baseline 0.001 -18"><span class='ocrx_word' id='word_1_516' title='bbox 379 4421 533 4477; x_wconf 83' lang='lat' dir='ltr'><strong>Idem</strong></span> <span class='ocrx_word' id='word_1_517' title='bbox 557 4430 737 4475; x_wconf 88' lang='lat' dir='ltr'><strong>auctor</strong></span> <span class='ocrx_word' id='word_1_518' title='bbox 760 4420 1161 4493; x_wconf 70' lang='lat' dir='ltr'><strong>Opeerperf.</strong></span> <span class='ocrx_word' id='word_1_519' title='bbox 1189 4420 1332 4479; x_wconf 90' lang='lat' dir='ltr'><strong>hom.</strong></span> <span class='ocrx_word' id='word_1_520' title='bbox 1359 4418 1451 4493; x_wconf 59' lang='grc' dir='ltr'><strong>ρρ.</strong></span> <span class='ocrx_word' id='word_1_521' title='bbox 1496 4417 1563 4473; x_wconf 82' lang='lat' dir='ltr'><strong>In</strong></span> <span class='ocrx_word' id='word_1_522' title='bbox 1588 4420 1816 4493; x_wconf 63' lang='lat' dir='ltr'><strong>eamdem</strong></span> <span class='ocrx_word' id='word_1_523' title='bbox 1838 4438 1965 4493; x_wconf 78' lang='lat' dir='ltr'><strong>quo-</strong></span> 
     </span>
    </p>
   </div>
   <div class='ocr_carea' id='block_1_77' title="bbox 377 4488 1965 4564">
    <p class='ocr_par' dir='ltr' id='par_1_77' title="bbox 377 4488 1965 4564">
     <span class='ocr_line' id='line_1_77' title="bbox 377 4488 1965 4564; baseline -0.002 -17"><span class='ocrx_word' id='word_1_524' title='bbox 377 4510 476 4563; x_wconf 84' lang='lat' dir='ltr'><strong>que</strong></span> <span class='ocrx_word' id='word_1_525' title='bbox 521 4488 821 4564; x_wconf 76' lang='lat' dir='ltr'><strong>sententiam</strong></span> <span class='ocrx_word' id='word_1_526' title='bbox 872 4488 1965 4564; x_wconf 74' lang='lat' dir='ltr'><strong>Theophylactus,_CEcuntenius,__Eutltg-</strong></span> 
     </span>
    </p>
   </div>
   <div class='ocr_carea' id='block_1_78' title="bbox 377 4559 1963 4629">
    <p class='ocr_par' dir='ltr' id='par_1_78' title="bbox 377 4559 1963 4629">
     <span class='ocr_line' id='line_1_78' title="bbox 377 4559 1963 4629; baseline 0.001 -14"><span class='ocrx_word' id='word_1_527' title='bbox 377 4559 546 4629; x_wconf 67' lang='lat' dir='ltr'><strong>iuius,</strong></span> <span class='ocrx_word' id='word_1_528' title='bbox 590 4563 813 4618; x_wconf 87' lang='lat' dir='ltr'><strong>Basilius</strong></span> <span class='ocrx_word' id='word_1_529' title='bbox 859 4563 950 4618; x_wconf 88' lang='lat' dir='ltr'><strong>lib.</strong></span> <span class='ocrx_word' id='word_1_530' title='bbox 994 4559 1052 4619; x_wconf 85' lang='lat' dir='ltr'><strong>lIl</strong></span> <span class='ocrx_word' id='word_1_531' title='bbox 1089 4559 1268 4618; x_wconf 76' lang='lat' dir='ltr'><strong>contra</strong></span> <span class='ocrx_word' id='word_1_532' title='bbox 1314 4559 1662 4628; x_wconf 88' lang='lat' dir='ltr'><strong>Eunomium,</strong></span> <span class='ocrx_word' id='word_1_533' title='bbox 1699 4559 1963 4617; x_wconf 73' lang='lat' dir='ltr'><strong>Hilarius</strong></span> 
     </span>
    </p>
   </div>
   <div class='ocr_carea' id='block_1_79' title="bbox 372 4632 1965 4699">
    <p class='ocr_par' dir='ltr' id='par_1_79' title="bbox 372 4632 1965 4699">
     <span class='ocr_line' id='line_1_79' title="bbox 372 4632 1965 4699; baseline 0.001 -12"><span class='ocrx_word' id='word_1_534' title='bbox 372 4651 495 4688; x_wconf 85' lang='lat' dir='ltr'><strong>can.</strong></span> <span class='ocrx_word' id='word_1_535' title='bbox 531 4634 597 4689; x_wconf 83' lang='grc'><strong>18</strong></span> <span class='ocrx_word' id='word_1_536' title='bbox 636 4635 689 4686; x_wconf 84' lang='lat' dir='ltr'><strong>in</strong></span> <span class='ocrx_word' id='word_1_537' title='bbox 726 4633 941 4699; x_wconf 81' lang='lat' dir='ltr'><strong>Matth.,</strong></span> <span class='ocrx_word' id='word_1_538' title='bbox 974 4643 1021 4688; x_wconf 89' lang='lat' dir='ltr'><strong>et</strong></span> <span class='ocrx_word' id='word_1_539' title='bbox 1049 4635 1199 4689; x_wconf 84' lang='lat' dir='ltr'><strong>multi</strong></span> <span class='ocrx_word' id='word_1_540' title='bbox 1222 4632 1311 4687; x_wconf 89' lang='lat' dir='ltr'><strong>alii</strong></span> <span class='ocrx_word' id='word_1_541' title='bbox 1339 4642 1529 4686; x_wconf 83' lang='lat' dir='ltr'><strong>veteres</strong></span> <span class='ocrx_word' id='word_1_542' title='bbox 1550 4643 1821 4699; x_wconf 87' lang='lat' dir='ltr'><strong>usurpant.</strong></span> <span class='ocrx_word' id='word_1_543' title='bbox 1861 4632 1965 4698; x_wconf 82' lang='lat' dir='ltr'><strong>Qui</strong></span> 
     </span>
    </p>
   </div>
   <div class='ocr_carea' id='block_1_80' title="bbox 374 4701 1960 4775">
    <p class='ocr_par' dir='ltr' id='par_1_80' title="bbox 374 4701 1960 4775">
     <span class='ocr_line' id='line_1_80' title="bbox 374 4701 1960 4775; baseline -0.001 -16"><span class='ocrx_word' id='word_1_544' title='bbox 374 4721 551 4759; x_wconf 85' lang='lat' dir='ltr'><strong>omnes</strong></span> <span class='ocrx_word' id='word_1_545' title='bbox 582 4705 1079 4775; x_wconf 85' lang='lat' dir='ltr'><strong>importunissimum</strong></span> <span class='ocrx_word' id='word_1_546' title='bbox 1105 4704 1240 4759; x_wconf 85' lang='lat' dir='ltr'><strong>illud</strong></span> <span class='ocrx_word' id='word_1_547' title='bbox 1282 4701 1482 4775; x_wconf 86' lang='lat' dir='ltr'><strong>Calvini</strong></span> <span class='ocrx_word' id='word_1_548' title='bbox 1515 4719 1573 4756; x_wconf 87' lang='lat' dir='ltr'><strong>os</strong></span> <span class='ocrx_word' id='word_1_549' title='bbox 1612 4704 1960 4775; x_wconf 79' lang='lat' dir='ltr'><strong>confundunt,</strong></span> 
     </span>
    </p>
   </div>
   <div class='ocr_carea' id='block_1_81' title="bbox 372 4772 1964 4847">
    <p class='ocr_par' dir='ltr' id='par_1_81' title="bbox 372 4772 1964 4847">
     <span class='ocr_line' id='line_1_81' title="bbox 372 4772 1964 4847; baseline 0 -19"><span class='ocrx_word' id='word_1_550' title='bbox 372 4778 461 4841; x_wconf 78' lang='lat' dir='ltr'><strong>qui</strong></span> <span class='ocrx_word' id='word_1_551' title='bbox 483 4778 615 4830; x_wconf 86' lang='lat' dir='ltr'><strong>inter</strong></span> <span class='ocrx_word' id='word_1_552' title='bbox 637 4772 821 4830; x_wconf 64' lang='lat' dir='ltr'><strong>cratera</strong></span> <span class='ocrx_word' id='word_1_553' title='bbox 842 4776 1122 4847; x_wconf 82' lang='lat' dir='ltr'><strong>impietatis</strong></span> <span class='ocrx_word' id='word_1_554' title='bbox 1140 4790 1249 4829; x_wconf 71' lang='lat' dir='ltr'><strong>sum</strong></span> <span class='ocrx_word' id='word_1_555' title='bbox 1268 4772 1622 4847; x_wconf 10' lang='lat' dir='ltr'><strong>deliramenta;</strong></span> <span class='ocrx_word' id='word_1_556' title='bbox 1637 4772 1773 4847; x_wconf 80' lang='lat' dir='ltr'><strong>hanc</strong></span> <span class='ocrx_word' id='word_1_557' title='bbox 1791 4775 1964 4842; x_wconf 83' lang='lat' dir='ltr'><strong>singu-</strong></span> 
     </span>
    </p>
   </div>
   <div class='ocr_carea' id='block_1_82' title="bbox 377 4844 1966 4916">
    <p class='ocr_par' dir='ltr' id='par_1_82' title="bbox 377 4844 1966 4916">
     <span class='ocr_line' id='line_1_82' title="bbox 377 4844 1966 4916; baseline 0.001 -17"><span class='ocrx_word' id='word_1_558' title='bbox 377 4849 538 4899; x_wconf 87' lang='lat' dir='ltr'><strong>larem</strong></span> <span class='ocrx_word' id='word_1_559' title='bbox 570 4847 895 4916; x_wconf 85' lang='lat' dir='ltr'><strong>propriorum</strong></span> <span class='ocrx_word' id='word_1_560' title='bbox 916 4844 1234 4916; x_wconf 72' lang='lat' dir='ltr'><strong>angelorth</strong></span> <span class='ocrx_word' id='word_1_561' title='bbox 1273 4845 1560 4898; x_wconf 86' lang='lat' dir='ltr'><strong>custodiam</strong></span> <span class='ocrx_word' id='word_1_562' title='bbox 1587 4844 1823 4916; x_wconf 79' lang='lat' dir='ltr'><strong>deridere</strong></span> <span class='ocrx_word' id='word_1_563' title='bbox 1861 4861 1966 4900; x_wconf 81' lang='lat' dir='ltr'><strong>non</strong></span> 
     </span>
    </p>
   </div>
   <div class='ocr_carea' id='block_1_83' title="bbox 369 4912 1961 4972">
    <p class='ocr_par' dir='ltr' id='par_1_83' title="bbox 369 4912 1961 4972">
     <span class='ocr_line' id='line_1_83' title="bbox 369 4912 1961 4972; baseline 0.002 -3"><span class='ocrx_word' id='word_1_564' title='bbox 369 4917 599 4969; x_wconf 83' lang='lat' dir='ltr'><strong>erubuit.</strong></span> <span class='ocrx_word' id='word_1_565' title='bbox 634 4912 765 4971; x_wconf 82' lang='lat' dir='ltr'><strong>Vide</strong></span> <span class='ocrx_word' id='word_1_566' title='bbox 789 4926 968 4971; x_wconf 87' lang='lat' dir='ltr'><strong>contra</strong></span> <span class='ocrx_word' id='word_1_567' title='bbox 1001 4912 1129 4970; x_wconf 65' lang='lat' dir='ltr'><strong>cum</strong></span> <span class='ocrx_word' id='word_1_568' title='bbox 1152 4913 1556 4969; x_wconf 84' lang='lat' dir='ltr'><strong>Fevardentium</strong></span> <span class='ocrx_word' id='word_1_569' title='bbox 1577 4912 1667 4967; x_wconf 86' lang='lat' dir='ltr'><strong>lib.</strong></span> <span class='ocrx_word' id='word_1_570' title='bbox 1695 4930 1710 4968; x_wconf 89' lang='grc' dir='ltr'>ι</span> <span class='ocrx_word' id='word_1_571' title='bbox 1756 4915 1961 4972; x_wconf 84' lang='lat' dir='ltr'><strong>advers.</strong></span> 
     </span>
    </p>
   </div>
   <div class='ocr_carea' id='block_1_84' title="bbox 377 4985 1961 5058">
    <p class='ocr_par' dir='ltr' id='par_1_84' title="bbox 377 4985 1961 5058">
     <span class='ocr_line' id='line_1_84' title="bbox 377 4985 1961 5058; baseline 0.002 -20"><span class='ocrx_word' id='word_1_572' title='bbox 377 4986 587 5041; x_wconf 76' lang='lat' dir='ltr'><strong>llwres.</strong></span> <span class='ocrx_word' id='word_1_573' title='bbox 627 4987 692 5040; x_wconf 89' lang='lat' dir='ltr'><strong>de</strong></span> <span class='ocrx_word' id='word_1_574' title='bbox 720 4987 921 5058; x_wconf 81' lang='lat' dir='ltr'><strong>angelis</strong></span> <span class='ocrx_word' id='word_1_575' title='bbox 955 4986 1138 5058; x_wconf 64' lang='lat' dir='ltr'><strong>heresi</strong></span> <span class='ocrx_word' id='word_1_576' title='bbox 1170 4989 1221 5058; x_wconf 60' lang='grc' dir='ltr'><strong>ᾧ.</strong></span> <span class='ocrx_word' id='word_1_577' title='bbox 1254 4985 1381 5040; x_wconf 69' lang='lat' dir='ltr'><strong>Haec</strong></span> <span class='ocrx_word' id='word_1_578' title='bbox 1410 4985 1521 5052; x_wconf 88' lang='lat' dir='ltr'><strong>ille,</strong></span> <span class='ocrx_word' id='word_1_579' title='bbox 1552 5000 1618 5039; x_wconf 82' lang='lat' dir='ltr'><strong>ex</strong></span> <span class='ocrx_word' id='word_1_580' title='bbox 1646 5000 1755 5056; x_wconf 89' lang='lat' dir='ltr'><strong>quo</strong></span> <span class='ocrx_word' id='word_1_581' title='bbox 1797 4986 1961 5041; x_wconf 87' lang='lat' dir='ltr'><strong>etiam</strong></span> 
     </span>
    </p>
   </div>
   <div class='ocr_carea' id='block_1_85' title="bbox 371 5055 1556 5127">
    <p class='ocr_par' dir='ltr' id='par_1_85' title="bbox 371 5055 1556 5127">
     <span class='ocr_line' id='line_1_85' title="bbox 371 5055 1556 5127; baseline -0.003 -16"><span class='ocrx_word' id='word_1_582' title='bbox 371 5058 474 5111; x_wconf 77' lang='lat' dir='ltr'><strong>alia</strong></span> <span class='ocrx_word' id='word_1_583' title='bbox 502 5064 686 5112; x_wconf 89' lang='lat' dir='ltr'><strong>notatu</strong></span> <span class='ocrx_word' id='word_1_584' title='bbox 716 5055 874 5127; x_wconf 76' lang='lat' dir='ltr'><strong>digna</strong></span> <span class='ocrx_word' id='word_1_585' title='bbox 906 5056 1130 5112; x_wconf 88' lang='lat' dir='ltr'><strong>inferius</strong></span> <span class='ocrx_word' id='word_1_586' title='bbox 1153 5055 1556 5125; x_wconf 83' lang='lat' dir='ltr'><strong>depromemus.</strong></span> 
     </span>
    </p>
   </div>
   <div class='ocr_carea' id='block_1_86' title="bbox 450 5124 1961 5196">
    <p class='ocr_par' dir='ltr' id='par_1_86' title="bbox 450 5124 1961 5196">
     <span class='ocr_line' id='line_1_86' title="bbox 450 5124 1961 5196; baseline 0.001 -14"><span class='ocrx_word' id='word_1_587' title='bbox 450 5137 476 5164; x_wconf 75' lang='grc' dir='ltr'><strong>ει</strong></span> <span class='ocrx_word' id='word_1_588' title='bbox 508 5128 656 5183; x_wconf 86' lang='lat' dir='ltr'><strong>Hanc</strong></span> <span class='ocrx_word' id='word_1_589' title='bbox 681 5124 965 5183; x_wconf 74' lang='lat' dir='ltr'><strong>historiam</strong></span> <span class='ocrx_word' id='word_1_590' title='bbox 995 5129 1154 5196; x_wconf 85' lang='lat' dir='ltr'><strong>paulo</strong></span> <span class='ocrx_word' id='word_1_591' title='bbox 1176 5124 1333 5181; x_wconf 84' lang='lat' dir='ltr'><strong>aliter</strong></span> <span class='ocrx_word' id='word_1_592' title='bbox 1355 5128 1519 5182; x_wconf 91' lang='lat' dir='ltr'><strong>refert</strong></span> <span class='ocrx_word' id='word_1_593' title='bbox 1546 5124 1605 5181; x_wconf 88' lang='lat' dir='ltr'><strong>S.</strong></span> <span class='ocrx_word' id='word_1_594' title='bbox 1634 5126 1961 5183; x_wconf 84' lang='lat' dir='ltr'><strong>Athanasius</strong></span> 
     </span>
    </p>
   </div>
   <div class='ocr_carea' id='block_1_87' title="bbox 372 5196 1957 5267">
    <p class='ocr_par' dir='ltr' id='par_1_87' title="bbox 372 5196 1957 5267">
     <span class='ocr_line' id='line_1_87' title="bbox 372 5196 1957 5267; baseline 0.002 -16"><span class='ocrx_word' id='word_1_595' title='bbox 372 5200 427 5253; x_wconf 90' lang='lat' dir='ltr'><strong>in</strong></span> <span class='ocrx_word' id='word_1_596' title='bbox 466 5199 581 5253; x_wconf 85' lang='lat' dir='ltr'><strong>Vita</strong></span> <span class='ocrx_word' id='word_1_597' title='bbox 616 5197 785 5266; x_wconf 89' lang='lat' dir='ltr'><strong>ipsius</strong></span> <span class='ocrx_word' id='word_1_598' title='bbox 813 5200 1054 5264; x_wconf 83' lang='lat' dir='ltr'><strong>Antonii,</strong></span> <span class='ocrx_word' id='word_1_599' title='bbox 1080 5199 1148 5253; x_wconf 89' lang='lat' dir='ltr'><strong>de</strong></span> <span class='ocrx_word' id='word_1_600' title='bbox 1174 5213 1280 5266; x_wconf 86' lang='lat' dir='ltr'><strong>quo</strong></span> <span class='ocrx_word' id='word_1_601' title='bbox 1309 5197 1395 5251; x_wconf 90' lang='lat' dir='ltr'><strong>hic</strong></span> <span class='ocrx_word' id='word_1_602' title='bbox 1420 5199 1618 5267; x_wconf 84' lang='lat' dir='ltr'><strong>agitur.</strong></span> <span class='ocrx_word' id='word_1_603' title='bbox 1645 5196 1785 5253; x_wconf 88' lang='lat' dir='ltr'><strong>Nihil</strong></span> <span class='ocrx_word' id='word_1_604' title='bbox 1815 5201 1957 5254; x_wconf 90' lang='lat' dir='ltr'><strong>enim</strong></span> 
     </span>
    </p>
   </div>
   <div class='ocr_carea' id='block_1_88' title="bbox 373 5269 1957 5338">
    <p class='ocr_par' dir='ltr' id='par_1_88' title="bbox 373 5269 1957 5338">
     <span class='ocr_line' id='line_1_88' title="bbox 373 5269 1957 5338; baseline 0 -14"><span class='ocrx_word' id='word_1_605' title='bbox 373 5269 541 5324; x_wconf 74' lang='lat' dir='ltr'><strong>habet</strong></span> <span class='ocrx_word' id='word_1_606' title='bbox 563 5269 633 5325; x_wconf 90' lang='lat' dir='ltr'><strong>de</strong></span> <span class='ocrx_word' id='word_1_607' title='bbox 653 5270 960 5323; x_wconf 73' lang='lat' dir='ltr'><strong>daemonum</strong></span> <span class='ocrx_word' id='word_1_608' title='bbox 984 5269 1319 5323; x_wconf 89' lang='lat' dir='ltr'><strong>immissione</strong></span> <span class='ocrx_word' id='word_1_609' title='bbox 1341 5278 1394 5322; x_wconf 90' lang='lat' dir='ltr'><strong>et</strong></span> <span class='ocrx_word' id='word_1_610' title='bbox 1416 5269 1839 5338; x_wconf 85' lang='lat' dir='ltr'><strong>impngnatione,</strong></span> <span class='ocrx_word' id='word_1_611' title='bbox 1863 5272 1957 5324; x_wconf 86' lang='lat' dir='ltr'><strong>sed</strong></span> 
     </span>
    </p>
   </div>
   <div class='ocr_carea' id='block_1_89' title="bbox 376 5337 1960 5409">
    <p class='ocr_par' dir='ltr' id='par_1_89' title="bbox 376 5337 1960 5409">
     <span class='ocr_line' id='line_1_89' title="bbox 376 5337 1960 5409; baseline 0.001 -16"><span class='ocrx_word' id='word_1_612' title='bbox 376 5342 444 5395; x_wconf 86' lang='lat' dir='ltr'><strong>de</strong></span> <span class='ocrx_word' id='word_1_613' title='bbox 470 5339 819 5395; x_wconf 86' lang='lat' dir='ltr'><strong>daemoniacis</strong></span> <span class='ocrx_word' id='word_1_614' title='bbox 843 5340 909 5394; x_wconf 89' lang='lat' dir='ltr'><strong>ad</strong></span> <span class='ocrx_word' id='word_1_615' title='bbox 930 5340 1105 5409; x_wconf 84' lang='lat' dir='ltr'><strong>ipsum</strong></span> <span class='ocrx_word' id='word_1_616' title='bbox 1135 5337 1407 5404; x_wconf 83' lang='lat' dir='ltr'><strong>adductis,</strong></span> <span class='ocrx_word' id='word_1_617' title='bbox 1439 5337 1751 5408; x_wconf 26' lang='lat' dir='ltr'><strong>quos’siguo</strong></span> <span class='ocrx_word' id='word_1_618' title='bbox 1778 5342 1960 5395; x_wconf 88' lang='lat' dir='ltr'><strong>crucis</strong></span> 
     </span>
    </p>
   </div>
   <div class='ocr_carea' id='block_1_90' title="bbox 376 5410 1960 5480">
    <p class='ocr_par' dir='ltr' id='par_1_90' title="bbox 376 5410 1960 5480">
     <span class='ocr_line' id='line_1_90' title="bbox 376 5410 1960 5480; baseline 0.001 -15"><span class='ocrx_word' id='word_1_619' title='bbox 376 5410 646 5471; x_wconf 84' lang='lat' dir='ltr'><strong>frontibus</strong></span> <span class='ocrx_word' id='word_1_620' title='bbox 694 5425 881 5467; x_wconf 82' lang='lat' dir='ltr'><strong>eerum</strong></span> <span class='ocrx_word' id='word_1_621' title='bbox 924 5413 1189 5480; x_wconf 86' lang='lat' dir='ltr'><strong>impresso</strong></span> <span class='ocrx_word' id='word_1_622' title='bbox 1230 5411 1457 5476; x_wconf 87' lang='lat' dir='ltr'><strong>curavit,</strong></span> <span class='ocrx_word' id='word_1_623' title='bbox 1494 5410 1868 5479; x_wconf 86' lang='lat' dir='ltr'><strong>spectantibus</strong></span> <span class='ocrx_word' id='word_1_624' title='bbox 1906 5420 1960 5466; x_wconf 90' lang='lat' dir='ltr'><strong>et</strong></span> 
     </span>
    </p>
   </div>
   <div class='ocr_carea' id='block_1_91' title="bbox 375 5481 1956 5551">
    <p class='ocr_par' dir='ltr' id='par_1_91' title="bbox 375 5481 1956 5551">
     <span class='ocr_line' id='line_1_91' title="bbox 375 5481 1956 5551; baseline 0.003 -18"><span class='ocrx_word' id='word_1_625' title='bbox 375 5481 720 5550; x_wconf 87' lang='lat' dir='ltr'><strong>stupentibus</strong></span> <span class='ocrx_word' id='word_1_626' title='bbox 749 5482 1111 5551; x_wconf 89' lang='lat' dir='ltr'><strong>philosophis,</strong></span> <span class='ocrx_word' id='word_1_627' title='bbox 1140 5489 1264 5551; x_wconf 90' lang='lat' dir='ltr'><strong>post</strong></span> <span class='ocrx_word' id='word_1_628' title='bbox 1290 5482 1504 5551; x_wconf 88' lang='lat' dir='ltr'><strong>longam</strong></span> <span class='ocrx_word' id='word_1_629' title='bbox 1537 5481 1956 5551; x_wconf 88' lang='lat' dir='ltr'><strong>disputationem</strong></span> 
     </span>
    </p>
   </div>
   <div class='ocr_carea' id='block_1_92' title="bbox 379 5552 945 5618">
    <p class='ocr_par' dir='ltr' id='par_1_92' title="bbox 379 5552 945 5618">
     <span class='ocr_line' id='line_1_92' title="bbox 379 5552 945 5618; baseline 0 -13"><span class='ocrx_word' id='word_1_630' title='bbox 379 5564 501 5605; x_wconf 91' lang='lat' dir='ltr'><strong>cum</strong></span> <span class='ocrx_word' id='word_1_631' title='bbox 527 5552 659 5618; x_wconf 89' lang='lat' dir='ltr'><strong>ipsis</strong></span> <span class='ocrx_word' id='word_1_632' title='bbox 688 5552 945 5608; x_wconf 86' lang='lat' dir='ltr'><strong>habitam.</strong></span> 
     </span>
    </p>
   </div>
   <div class='ocr_carea' id='block_1_93' title="bbox 448 5619 1958 5694">
    <p class='ocr_par' dir='ltr' id='par_1_93' title="bbox 448 5619 1958 5694">
     <span class='ocr_line' id='line_1_93' title="bbox 448 5619 1958 5694; baseline 0.003 -21"><span class='ocrx_word' id='word_1_633' title='bbox 448 5619 477 5659; x_wconf 68' lang='grc' dir='ltr'>δ</span> <span class='ocrx_word' id='word_1_634' title='bbox 506 5621 620 5694; x_wconf 64' lang='lat' dir='ltr'><strong>[ioc</strong></span> <span class='ocrx_word' id='word_1_635' title='bbox 657 5625 875 5678; x_wconf 91' lang='lat' dir='ltr'><strong>nomine</strong></span> <span class='ocrx_word' id='word_1_636' title='bbox 906 5621 1132 5694; x_wconf 87' lang='lat' dir='ltr'><strong>aliisque</strong></span> <span class='ocrx_word' id='word_1_637' title='bbox 1161 5623 1478 5694; x_wconf 85' lang='lat' dir='ltr'><strong>synonymis</strong></span> <span class='ocrx_word' id='word_1_638' title='bbox 1508 5621 1784 5694; x_wconf 71' lang='lat' dir='ltr'><strong>daemones</strong></span> <span class='ocrx_word' id='word_1_639' title='bbox 1814 5638 1958 5693; x_wconf 67' lang='lat' dir='ltr'><strong>saepe</strong></span> 
     </span>
    </p>
   </div>
   <div class='ocr_carea' id='block_1_94' title="bbox 375 5689 1957 5761">
    <p class='ocr_par' dir='ltr' id='par_1_94' title="bbox 375 5689 1957 5761">
     <span class='ocr_line' id='line_1_94' title="bbox 375 5689 1957 5761; baseline 0.003 -15"><span class='ocrx_word' id='word_1_640' title='bbox 375 5689 675 5761; x_wconf 86' lang='lat' dir='ltr'><strong>appellatos</strong></span> <span class='ocrx_word' id='word_1_641' title='bbox 704 5700 811 5747; x_wconf 85' lang='lat' dir='ltr'><strong>tam</strong></span> <span class='ocrx_word' id='word_1_642' title='bbox 847 5689 1084 5760; x_wconf 78' lang='lat' dir='ltr'><strong>profanis</strong></span> <span class='ocrx_word' id='word_1_643' title='bbox 1111 5689 1268 5761; x_wconf 77' lang='lat' dir='ltr'><strong>quam</strong></span> <span class='ocrx_word' id='word_1_644' title='bbox 1298 5689 1470 5748; x_wconf 81' lang='lat' dir='ltr'><strong>sacris</strong></span> <span class='ocrx_word' id='word_1_645' title='bbox 1511 5693 1823 5749; x_wconf 85' lang='lat' dir='ltr'><strong>auctoribus</strong></span> <span class='ocrx_word' id='word_1_646' title='bbox 1861 5689 1957 5750; x_wconf 80' lang='lat' dir='ltr'><strong>sii-</strong></span> 
     </span>
    </p>
   </div>
   <div class='ocr_carea' id='block_1_95' title="bbox 375 5709 1960 5842">
    <p class='ocr_par' dir='ltr' id='par_1_95' title="bbox 375 5709 1960 5842">
     <span class='ocr_line' id='line_1_95' title="bbox 375 5709 1957 5818; baseline 0.003 -72"><span class='ocrx_word' id='word_1_647' title='bbox 375 5709 675 5761; x_wconf 80' lang='lat' dir='ltr'><strong>appeuatos</strong></span> <span class='ocrx_word' id='word_1_648' title='bbox 704 5709 811 5747; x_wconf 83' lang='lat' dir='ltr'><strong>tam</strong></span> <span class='ocrx_word' id='word_1_649' title='bbox 847 5709 1084 5760; x_wconf 84' lang='lat' dir='ltr'><strong>protanis</strong></span> <span class='ocrx_word' id='word_1_650' title='bbox 1111 5709 1268 5818; x_wconf 62' lang='lat' dir='ltr'><strong>quam</strong></span> <span class='ocrx_word' id='word_1_651' title='bbox 1298 5709 1470 5748; x_wconf 86' lang='lat' dir='ltr'><strong>sacris</strong></span> <span class='ocrx_word' id='word_1_652' title='bbox 1511 5709 1823 5749; x_wconf 82' lang='lat' dir='ltr'><strong>auctoribus</strong></span> <span class='ocrx_word' id='word_1_653' title='bbox 1861 5709 1957 5750; x_wconf 88' lang='lat' dir='ltr'><strong>su-</strong></span> 
     </span>
     <span class='ocr_line' id='line_1_96' title="bbox 375 5761 1960 5842; baseline 0.004 -27"><span class='ocrx_word' id='word_1_654' title='bbox 375 5761 976 5842; x_wconf 74' lang='lat' dir='ltr'><strong>perius__anuot_avimus</strong></span> <span class='ocrx_word' id='word_1_655' title='bbox 1007 5765 1120 5842; x_wconf 83' lang='lat' dir='ltr'><strong>(Col</strong></span> <span class='ocrx_word' id='word_1_656' title='bbox 1144 5763 1426 5842; x_wconf 79' lang='lat' dir='ltr'><strong>al._7_t‘ap.</strong></span> <span class='ocrx_word' id='word_1_657' title='bbox 1463 5762 1579 5835; x_wconf 72' lang='grc'><strong>52).</strong></span> <span class='ocrx_word' id='word_1_658' title='bbox 1613 5762 1843 5842; x_wconf 78' lang='lat' dir='ltr'><strong>Umbras</strong></span> <span class='ocrx_word' id='word_1_659' title='bbox 1882 5775 1960 5842; x_wconf 78' lang='lat' dir='ltr'><strong>ta-</strong></span> 
     </span>
    </p>
   </div>
   <div class='ocr_carea' id='block_1_96' title="bbox 375 5833 1956 5897">
    <p class='ocr_par' dir='ltr' id='par_1_96' title="bbox 375 5833 1956 5897">
     <span class='ocr_line' id='line_1_97' title="bbox 375 5833 1956 5897; baseline 0.006 -10"><span class='ocrx_word' id='word_1_660' title='bbox 375 5846 500 5887; x_wconf 86' lang='lat' dir='ltr'><strong>men</strong></span> <span class='ocrx_word' id='word_1_661' title='bbox 540 5833 705 5887; x_wconf 89' lang='lat' dir='ltr'><strong>etiam</strong></span> <span class='ocrx_word' id='word_1_662' title='bbox 736 5833 923 5890; x_wconf 82' lang='lat' dir='ltr'><strong>dixere</strong></span> <span class='ocrx_word' id='word_1_663' title='bbox 966 5833 1172 5890; x_wconf 85' lang='lat' dir='ltr'><strong>animas</strong></span> <span class='ocrx_word' id='word_1_664' title='bbox 1206 5833 1580 5890; x_wconf 81' lang='lat' dir='ltr'><strong>defunctorum</strong></span> <span class='ocrx_word' id='word_1_665' title='bbox 1608 5836 1837 5897; x_wconf 87' lang='lat' dir='ltr'><strong>subinde</strong></span> <span class='ocrx_word' id='word_1_666' title='bbox 1875 5836 1956 5897; x_wconf 86' lang='lat' dir='ltr'><strong>vi-</strong></span> 
     </span>
    </p>
   </div>
   <div class='ocr_carea' id='block_1_97' title="bbox 377 5901 1600 5977">
    <p class='ocr_par' dir='ltr' id='par_1_97' title="bbox 377 5901 1600 5977">
     <span class='ocr_line' id='line_1_98' title="bbox 377 5901 1600 5977; baseline 0.002 -16"><span class='ocrx_word' id='word_1_667' title='bbox 377 5901 625 5967; x_wconf 70' lang='lat' dir='ltr'><strong>vent-ibus</strong></span> <span class='ocrx_word' id='word_1_668' title='bbox 653 5916 995 5973; x_wconf 82' lang='lat' dir='ltr'><strong>apparentes,</strong></span> <span class='ocrx_word' id='word_1_669' title='bbox 1019 5906 1174 5973; x_wconf 82' lang='lat' dir='ltr'><strong>juxta</strong></span> <span class='ocrx_word' id='word_1_670' title='bbox 1200 5903 1328 5963; x_wconf 85' lang='lat' dir='ltr'><strong>illud</strong></span> <span class='ocrx_word' id='word_1_671' title='bbox 1352 5904 1600 5977; x_wconf 78' lang='lat' dir='ltr'><strong>Virgilii:</strong></span> 
     </span>
    </p>
   </div>
   <div class='ocr_carea' id='block_1_98' title="bbox 2208 3430 3499 3496">
    <p class='ocr_par' dir='ltr' id='par_1_98' title="bbox 2208 3430 3499 3496">
     <span class='ocr_line' id='line_1_99' title="bbox 2208 3430 3499 3496; baseline 0.003 -14"><span class='ocrx_word' id='word_1_672' title='bbox 2208 3431 2393 3496; x_wconf 42' lang='lat' dir='ltr'><strong>infelix</strong></span> <span class='ocrx_word' id='word_1_673' title='bbox 2405 3430 2743 3496; x_wconf 79' lang='lat' dir='ltr'><strong>simulacrum,</strong></span> <span class='ocrx_word' id='word_1_674' title='bbox 2765 3439 2915 3496; x_wconf 87' lang='lat' dir='ltr'><strong>atque</strong></span> <span class='ocrx_word' id='word_1_675' title='bbox 2941 3433 3097 3496; x_wconf 83' lang='lat' dir='ltr'><strong>ipsius</strong></span> <span class='ocrx_word' id='word_1_676' title='bbox 3113 3434 3283 3485; x_wconf 86' lang='lat' dir='ltr'><strong>umbra</strong></span> <span class='ocrx_word' id='word_1_677' title='bbox 3303 3434 3499 3487; x_wconf 68' lang='lat' dir='ltr'><strong>Creusae</strong></span> 
     </span>
    </p>
   </div>
   <div class='ocr_carea' id='block_1_99' title="bbox 2204 3492 3360 3561">
    <p class='ocr_par' dir='ltr' id='par_1_99' title="bbox 2204 3492 3360 3561">
     <span class='ocr_line' id='line_1_100' title="bbox 2204 3492 3360 3561; baseline 0.002 -15"><span class='ocrx_word' id='word_1_678' title='bbox 2204 3494 2324 3546; x_wconf 83' lang='lat' dir='ltr'><strong>Visa</strong></span> <span class='ocrx_word' id='word_1_679' title='bbox 2346 3493 2417 3543; x_wconf 89' lang='lat' dir='ltr'><strong>illi</strong></span> <span class='ocrx_word' id='word_1_680' title='bbox 2442 3500 2557 3544; x_wconf 86' lang='lat' dir='ltr'><strong>ante</strong></span> <span class='ocrx_word' id='word_1_681' title='bbox 2583 3492 2769 3556; x_wconf 77' lang='lat' dir='ltr'><strong>oculos,</strong></span> <span class='ocrx_word' id='word_1_682' title='bbox 2796 3492 2849 3544; x_wconf 76' lang='lat' dir='ltr'><strong>ei</strong></span> <span class='ocrx_word' id='word_1_683' title='bbox 2869 3492 2986 3546; x_wconf 84' lang='lat' dir='ltr'><strong>nota</strong></span> <span class='ocrx_word' id='word_1_684' title='bbox 3002 3494 3156 3558; x_wconf 87' lang='lat' dir='ltr'><strong>major</strong></span> <span class='ocrx_word' id='word_1_685' title='bbox 3180 3497 3360 3561; x_wconf 87' lang='lat' dir='ltr'><strong>imago.</strong></span> 
     </span>
    </p>
   </div>
   <div class='ocr_carea' id='block_1_100' title="bbox 2149 3619 3677 3694">
    <p class='ocr_par' dir='ltr' id='par_1_100' title="bbox 2149 3619 3677 3694">
     <span class='ocr_line' id='line_1_101' title="bbox 2149 3619 3677 3694; baseline 0.002 -18"><span class='ocrx_word' id='word_1_686' title='bbox 2149 3633 2171 3661; x_wconf 73' lang='grc' dir='ltr'><strong>ε</strong></span> <span class='ocrx_word' id='word_1_687' title='bbox 2199 3621 2273 3676; x_wconf 84' lang='lat' dir='ltr'><strong>lla</strong></span> <span class='ocrx_word' id='word_1_688' title='bbox 2306 3620 2561 3694; x_wconf 58' lang='lat' dir='ltr'><strong>plerique</strong></span> <span class='ocrx_word' id='word_1_689' title='bbox 2586 3619 3136 3694; x_wconf 5' lang='lat' dir='ltr'><strong>legunt,gobducere;</strong></span> <span class='ocrx_word' id='word_1_690' title='bbox 3168 3622 3411 3678; x_wconf 89' lang='lat' dir='ltr'><strong>nonnulli</strong></span> <span class='ocrx_word' id='word_1_691' title='bbox 3458 3631 3677 3694; x_wconf 84' lang='lat' dir='ltr'><strong>tamen,</strong></span> 
     </span>
    </p>
   </div>
   <div class='ocr_carea' id='block_1_101' title="bbox 2072 3690 3677 3761">
    <p class='ocr_par' dir='ltr' id='par_1_101' title="bbox 2072 3690 3677 3761">
     <span class='ocr_line' id='line_1_102' title="bbox 2072 3690 3677 3761; baseline 0.002 -14"><span class='ocrx_word' id='word_1_692' title='bbox 2072 3690 2349 3748; x_wconf 80' lang='lat' dir='ltr'><strong>abducere.</strong></span> <span class='ocrx_word' id='word_1_693' title='bbox 2382 3690 2692 3760; x_wconf 32' lang='lat' dir='ltr'><strong>Et’quidem</strong></span> <span class='ocrx_word' id='word_1_694' title='bbox 2725 3692 2997 3758; x_wconf 86' lang='lat' dir='ltr'><strong>obducere,</strong></span> <span class='ocrx_word' id='word_1_695' title='bbox 3046 3692 3097 3746; x_wconf 92' lang='lat' dir='ltr'><strong>id</strong></span> <span class='ocrx_word' id='word_1_696' title='bbox 3129 3702 3235 3760; x_wconf 89' lang='lat' dir='ltr'><strong>est,</strong></span> <span class='ocrx_word' id='word_1_697' title='bbox 3275 3690 3677 3761; x_wconf 71' lang='lat' dir='ltr'><strong>obtenebrare,</strong></span> 
     </span>
    </p>
   </div>
   <div class='ocr_carea' id='block_1_102' title="bbox 2071 3761 3677 3836">
    <p class='ocr_par' dir='ltr' id='par_1_102' title="bbox 2071 3761 3677 3836">
     <span class='ocr_line' id='line_1_103' title="bbox 2071 3761 3677 3836; baseline 0.001 -18"><span class='ocrx_word' id='word_1_698' title='bbox 2071 3764 2190 3820; x_wconf 89' lang='lat' dir='ltr'><strong>sive</strong></span> <span class='ocrx_word' id='word_1_699' title='bbox 2208 3761 2447 3836; x_wconf 85' lang='lat' dir='ltr'><strong>operire,</strong></span> <span class='ocrx_word' id='word_1_700' title='bbox 2473 3763 2582 3826; x_wconf 88' lang='lat' dir='ltr'><strong>vel,</strong></span> <span class='ocrx_word' id='word_1_701' title='bbox 2614 3772 2672 3815; x_wconf 92' lang='lat' dir='ltr'><strong>ut</strong></span> <span class='ocrx_word' id='word_1_702' title='bbox 2687 3762 2975 3836; x_wconf 76' lang='lat' dir='ltr'><strong>Dionysius</strong></span> <span class='ocrx_word' id='word_1_703' title='bbox 2995 3766 3265 3836; x_wconf 81' lang='lat' dir='ltr'><strong>exposuit.</strong></span> <span class='ocrx_word' id='word_1_704' title='bbox 3288 3765 3509 3836; x_wconf 87' lang='lat' dir='ltr'><strong>quadam</strong></span> <span class='ocrx_word' id='word_1_705' title='bbox 3532 3766 3677 3836; x_wconf 83' lang='lat' dir='ltr'><strong>cali-</strong></span> 
     </span>
    </p>
   </div>
   <div class='ocr_carea' id='block_1_103' title="bbox 2071 3832 3679 3905">
    <p class='ocr_par' dir='ltr' id='par_1_103' title="bbox 2071 3832 3679 3905">
     <span class='ocr_line' id='line_1_104' title="bbox 2071 3832 3679 3905; baseline 0.002 -17"><span class='ocrx_word' id='word_1_706' title='bbox 2071 3836 2190 3905; x_wconf 88' lang='lat' dir='ltr'><strong>gine</strong></span> <span class='ocrx_word' id='word_1_707' title='bbox 2218 3834 2487 3905; x_wconf 85' lang='lat' dir='ltr'><strong>obducere,</strong></span> <span class='ocrx_word' id='word_1_708' title='bbox 2515 3836 2655 3905; x_wconf 81' lang='lat' dir='ltr'><strong>sicut</strong></span> <span class='ocrx_word' id='word_1_709' title='bbox 2682 3832 2875 3905; x_wconf 78' lang='lat' dir='ltr'><strong>Cicero</strong></span> <span class='ocrx_word' id='word_1_710' title='bbox 2896 3833 3030 3888; x_wconf 81' lang='lat' dir='ltr'><strong>dixit</strong></span> <span class='ocrx_word' id='word_1_711' title='bbox 3056 3836 3106 3905; x_wconf 88' lang='lat' dir='ltr'><strong>in</strong></span> <span class='ocrx_word' id='word_1_712' title='bbox 3140 3832 3477 3891; x_wconf 79' lang='lat' dir='ltr'><strong>Academicis</strong></span> <span class='ocrx_word' id='word_1_713' title='bbox 3500 3854 3513 3889; x_wconf 88' lang='lat'>:</span> <span class='ocrx_word' id='word_1_714' title='bbox 3540 3835 3679 3891; x_wconf 80' lang='lat' dir='ltr'><strong>Cla-</strong></span> 
     </span>
    </p>
   </div>
   <div class='ocr_carea' id='block_1_104' title="bbox 2070 3902 3678 3964">
    <p class='ocr_par' dir='ltr' id='par_1_104' title="bbox 2070 3902 3678 3964">
     <span class='ocr_line' id='line_1_105' title="bbox 2070 3902 3678 3964; baseline 0.003 -5"><span class='ocrx_word' id='word_1_715' title='bbox 2070 3902 2290 3959; x_wconf 76' lang='lat' dir='ltr'><strong>rissimis</strong></span> <span class='ocrx_word' id='word_1_716' title='bbox 2324 3904 2475 3959; x_wconf 88' lang='lat' dir='ltr'><strong>rebus</strong></span> <span class='ocrx_word' id='word_1_717' title='bbox 2511 3902 2743 3957; x_wconf 88' lang='lat' dir='ltr'><strong>tenebras</strong></span> <span class='ocrx_word' id='word_1_718' title='bbox 2775 3902 3044 3958; x_wconf 79' lang='lat' dir='ltr'><strong>obducere.</strong></span> <span class='ocrx_word' id='word_1_719' title='bbox 3076 3904 3169 3961; x_wconf 88' lang='lat' dir='ltr'><strong>Sin</strong></span> <span class='ocrx_word' id='word_1_720' title='bbox 3206 3921 3334 3961; x_wconf 87' lang='lat' dir='ltr'><strong>vero</strong></span> <span class='ocrx_word' id='word_1_721' title='bbox 3368 3905 3678 3964; x_wconf 83' lang='lat' dir='ltr'><strong>Cassianus</strong></span> 
     </span>
    </p>
   </div>
   <div class='ocr_carea' id='block_1_105' title="bbox 2070 3973 3676 4048">
    <p class='ocr_par' dir='ltr' id='par_1_105' title="bbox 2070 3973 3676 4048">
     <span class='ocr_line' id='line_1_106' title="bbox 2070 3973 3676 4048; baseline 0.003 -19"><span class='ocrx_word' id='word_1_722' title='bbox 2070 3975 2343 4048; x_wconf 82' lang='lat' dir='ltr'><strong>abducere,</strong></span> <span class='ocrx_word' id='word_1_723' title='bbox 2375 3974 2460 4030; x_wconf 89' lang='lat' dir='ltr'><strong>vel</strong></span> <span class='ocrx_word' id='word_1_724' title='bbox 2478 3973 2758 4048; x_wconf 58' lang='lat' dir='ltr'><strong>deducere,</strong></span> <span class='ocrx_word' id='word_1_725' title='bbox 2786 3990 2895 4048; x_wconf 85' lang='lat' dir='ltr'><strong>non</strong></span> <span class='ocrx_word' id='word_1_726' title='bbox 2928 3975 3221 4048; x_wconf 78' lang='lat' dir='ltr'><strong>obducere,</strong></span> <span class='ocrx_word' id='word_1_727' title='bbox 3250 3978 3493 4048; x_wconf 90' lang='lat' dir='ltr'><strong>scripsit,</strong></span> <span class='ocrx_word' id='word_1_728' title='bbox 3529 3978 3676 4033; x_wconf 80' lang='lat' dir='ltr'><strong>imi-</strong></span> 
     </span>
    </p>
   </div>
   <div class='ocr_carea' id='block_1_106' title="bbox 2073 4044 3105 4116">
    <p class='ocr_par' dir='ltr' id='par_1_106' title="bbox 2073 4044 3105 4116">
     <span class='ocr_line' id='line_1_107' title="bbox 2073 4044 3105 4116; baseline 0.001 -16"><span class='ocrx_word' id='word_1_729' title='bbox 2073 4055 2215 4102; x_wconf 90' lang='lat' dir='ltr'><strong>tatus</strong></span> <span class='ocrx_word' id='word_1_730' title='bbox 2238 4045 2452 4102; x_wconf 85' lang='lat' dir='ltr'><strong>videtur</strong></span> <span class='ocrx_word' id='word_1_731' title='bbox 2478 4044 2784 4116; x_wconf 83' lang='lat' dir='ltr'><strong>Virgilium,</strong></span> <span class='ocrx_word' id='word_1_732' title='bbox 2808 4046 2900 4116; x_wconf 91' lang='lat' dir='ltr'><strong>qui</strong></span> <span class='ocrx_word' id='word_1_733' title='bbox 2928 4045 3063 4101; x_wconf 87' lang='lat' dir='ltr'><strong>dixit</strong></span> <span class='ocrx_word' id='word_1_734' title='bbox 3091 4064 3105 4101; x_wconf 89' lang='lat'><strong>:</strong></span> 
     </span>
    </p>
   </div>
   <div class='ocr_carea' id='block_1_107' title="bbox 2191 4167 3349 4232">
    <p class='ocr_par' dir='ltr' id='par_1_107' title="bbox 2191 4167 3349 4232">
     <span class='ocr_line' id='line_1_108' title="bbox 2191 4167 3349 4232; baseline -0.002 -11"><span class='ocrx_word' id='word_1_735' title='bbox 2191 4169 2413 4221; x_wconf 84' lang='lat' dir='ltr'><strong>Carmina</strong></span> <span class='ocrx_word' id='word_1_736' title='bbox 2431 4168 2510 4220; x_wconf 87' lang='lat' dir='ltr'><strong>vel</strong></span> <span class='ocrx_word' id='word_1_737' title='bbox 2534 4167 2661 4220; x_wconf 85' lang='lat' dir='ltr'><strong>coelo</strong></span> <span class='ocrx_word' id='word_1_738' title='bbox 2680 4176 2881 4232; x_wconf 86' lang='lat' dir='ltr'><strong>possunt</strong></span> <span class='ocrx_word' id='word_1_739' title='bbox 2897 4167 3146 4219; x_wconf 85' lang='lat' dir='ltr'><strong>deducere</strong></span> <span class='ocrx_word' id='word_1_740' title='bbox 3163 4170 3349 4220; x_wconf 86' lang='lat' dir='ltr'><strong>lunam.</strong></span> 
     </span>
    </p>
   </div>
   <div class='ocr_carea' id='block_1_108' title="bbox 2076 4274 3676 4349">
    <p class='ocr_par' dir='ltr' id='par_1_108' title="bbox 2076 4274 3676 4349">
     <span class='ocr_line' id='line_1_109' title="bbox 2076 4274 3676 4349; baseline 0.001 -18"><span class='ocrx_word' id='word_1_741' title='bbox 2076 4274 2209 4331; x_wconf 88' lang='lat' dir='ltr'><strong>Nam</strong></span> <span class='ocrx_word' id='word_1_742' title='bbox 2233 4276 2301 4332; x_wconf 85' lang='lat' dir='ltr'><strong>de</strong></span> <span class='ocrx_word' id='word_1_743' title='bbox 2322 4275 2545 4349; x_wconf 72' lang='lat' dir='ltr'><strong>magicis</strong></span> <span class='ocrx_word' id='word_1_744' title='bbox 2568 4276 2773 4349; x_wconf 86' lang='lat' dir='ltr'><strong>artibus</strong></span> <span class='ocrx_word' id='word_1_745' title='bbox 2798 4286 2853 4349; x_wconf 61' lang='lat' dir='ltr'><strong>ei</strong></span> <span class='ocrx_word' id='word_1_746' title='bbox 2879 4276 3207 4349; x_wconf 83' lang='lat' dir='ltr'><strong>carminibus</strong></span> <span class='ocrx_word' id='word_1_747' title='bbox 3230 4277 3518 4347; x_wconf 87' lang='lat' dir='ltr'><strong>utrobique</strong></span> <span class='ocrx_word' id='word_1_748' title='bbox 3547 4280 3676 4349; x_wconf 85' lang='lat' dir='ltr'><strong>agi-</strong></span> 
     </span>
    </p>
   </div>
   <div class='ocr_carea' id='block_1_109' title="bbox 2070 4344 3672 4417">
    <p class='ocr_par' dir='ltr' id='par_1_109' title="bbox 2070 4344 3672 4417">
     <span class='ocr_line' id='line_1_110' title="bbox 2070 4344 3672 4417; baseline 0.002 -15"><span class='ocrx_word' id='word_1_749' title='bbox 2070 4356 2178 4416; x_wconf 91' lang='lat' dir='ltr'><strong>tur,</strong></span> <span class='ocrx_word' id='word_1_750' title='bbox 2222 4357 2279 4401; x_wconf 92' lang='lat' dir='ltr'><strong>ut</strong></span> <span class='ocrx_word' id='word_1_751' title='bbox 2306 4344 2454 4403; x_wconf 80' lang='lat' dir='ltr'><strong>recte</strong></span> <span class='ocrx_word' id='word_1_752' title='bbox 2481 4346 2792 4401; x_wconf 84' lang='lat' dir='ltr'><strong>Ciaconius.</strong></span> <span class='ocrx_word' id='word_1_753' title='bbox 2816 4344 2916 4402; x_wconf 91' lang='lat' dir='ltr'><strong>Cui</strong></span> <span class='ocrx_word' id='word_1_754' title='bbox 2939 4347 3117 4403; x_wconf 89' lang='lat' dir='ltr'><strong>simile</strong></span> <span class='ocrx_word' id='word_1_755' title='bbox 3146 4358 3231 4403; x_wconf 90' lang='lat' dir='ltr'><strong>est</strong></span> <span class='ocrx_word' id='word_1_756' title='bbox 3256 4349 3383 4403; x_wconf 91' lang='lat' dir='ltr'><strong>illud</strong></span> <span class='ocrx_word' id='word_1_757' title='bbox 3414 4344 3672 4417; x_wconf 73' lang='lat' dir='ltr'><strong>ejusdem</strong></span> 
     </span>
    </p>
   </div>
   <div class='ocr_carea' id='block_1_110' title="bbox 2070 4417 3671 4490">
    <p class='ocr_par' dir='ltr' id='par_1_110' title="bbox 2070 4417 3671 4490">
     <span class='ocr_line' id='line_1_111' title="bbox 2070 4417 3671 4490; baseline 0.002 -16"><span class='ocrx_word' id='word_1_758' title='bbox 2070 4427 2264 4488; x_wconf 68' lang='lat' dir='ltr'><strong>poetae,</strong></span> <span class='ocrx_word' id='word_1_759' title='bbox 2292 4417 2360 4472; x_wconf 92' lang='lat' dir='ltr'><strong>de</strong></span> <span class='ocrx_word' id='word_1_760' title='bbox 2388 4418 2618 4487; x_wconf 76' lang='lat' dir='ltr'><strong>quadam</strong></span> <span class='ocrx_word' id='word_1_761' title='bbox 2646 4417 2865 4484; x_wconf 88' lang='lat' dir='ltr'><strong>femina,</strong></span> <span class='ocrx_word' id='word_1_762' title='bbox 2886 4434 3008 4490; x_wconf 88' lang='lat' dir='ltr'><strong>quae</strong></span> <span class='ocrx_word' id='word_1_763' title='bbox 3037 4419 3201 4474; x_wconf 90' lang='lat' dir='ltr'><strong>simili</strong></span> <span class='ocrx_word' id='word_1_764' title='bbox 3235 4429 3351 4476; x_wconf 89' lang='lat' dir='ltr'><strong>arte</strong></span> <span class='ocrx_word' id='word_1_765' title='bbox 3377 4420 3619 4490; x_wconf 88' lang='lat' dir='ltr'><strong>pollebat</strong></span> <span class='ocrx_word' id='word_1_766' title='bbox 3650 4440 3671 4478; x_wconf 72' lang='grc' dir='ltr'><strong>ε</strong></span> 
     </span>
    </p>
   </div>
   <div class='ocr_carea' id='block_1_111' title="bbox 2192 4533 3410 4597">
    <p class='ocr_par' dir='ltr' id='par_1_111' title="bbox 2192 4533 3410 4597">
     <span class='ocr_line' id='line_1_112' title="bbox 2192 4533 3410 4597; baseline -0.001 -11"><span class='ocrx_word' id='word_1_767' title='bbox 2192 4535 2311 4586; x_wconf 68' lang='lat' dir='ltr'><strong>Haec</strong></span> <span class='ocrx_word' id='word_1_768' title='bbox 2327 4548 2383 4585; x_wconf 89' lang='lat' dir='ltr'><strong>se</strong></span> <span class='ocrx_word' id='word_1_769' title='bbox 2407 4535 2706 4585; x_wconf 86' lang='lat' dir='ltr'><strong>carminibus</strong></span> <span class='ocrx_word' id='word_1_770' title='bbox 2733 4535 2974 4597; x_wconf 88' lang='lat' dir='ltr'><strong>promittit</strong></span> <span class='ocrx_word' id='word_1_771' title='bbox 2999 4533 3196 4584; x_wconf 85' lang='lat' dir='ltr'><strong>solvere</strong></span> <span class='ocrx_word' id='word_1_772' title='bbox 3217 4542 3410 4585; x_wconf 87' lang='lat' dir='ltr'><strong>mentes</strong></span> 
     </span>
    </p>
   </div>
   <div class='ocr_carea' id='block_1_112' title="bbox 2192 4597 3410 4660">
    <p class='ocr_par' dir='ltr' id='par_1_112' title="bbox 2192 4597 3410 4660">
     <span class='ocr_line' id='line_1_113' title="bbox 2192 4597 3410 4660; baseline -0.001 -14"><span class='ocrx_word' id='word_1_773' title='bbox 2192 4599 2346 4657; x_wconf 84' lang='lat' dir='ltr'><strong>Queis</strong></span> <span class='ocrx_word' id='word_1_774' title='bbox 2366 4598 2487 4646; x_wconf 88' lang='lat' dir='ltr'><strong>velit</strong></span> <span class='ocrx_word' id='word_1_775' title='bbox 2513 4609 2525 4645; x_wconf 88' lang='lat'><strong>:</strong></span> <span class='ocrx_word' id='word_1_776' title='bbox 2548 4602 2628 4660; x_wconf 76' lang='lat' dir='ltr'><strong>ast</strong></span> <span class='ocrx_word' id='word_1_777' title='bbox 2645 4597 2753 4645; x_wconf 83' lang='lat' dir='ltr'><strong>aliis</strong></span> <span class='ocrx_word' id='word_1_778' title='bbox 2778 4597 2928 4645; x_wconf 90' lang='lat' dir='ltr'><strong>duras</strong></span> <span class='ocrx_word' id='word_1_779' title='bbox 2945 4597 3213 4660; x_wconf 79' lang='lat' dir='ltr'><strong>immittere</strong></span> <span class='ocrx_word' id='word_1_780' title='bbox 3236 4609 3379 4646; x_wconf 90' lang='lat' dir='ltr'><strong>curas</strong></span> <span class='ocrx_word' id='word_1_781' title='bbox 3394 4634 3410 4660; x_wconf 91' lang='lat'><strong>,</strong></span> 
     </span>
    </p>
   </div>
   <div class='ocr_carea' id='block_1_113' title="bbox 2194 4658 3450 4721">
    <p class='ocr_par' dir='ltr' id='par_1_113' title="bbox 2194 4658 3450 4721">
     <span class='ocr_line' id='line_1_114' title="bbox 2194 4658 3450 4721; baseline -0.001 -11"><span class='ocrx_word' id='word_1_782' title='bbox 2194 4660 2389 4710; x_wconf 87' lang='lat' dir='ltr'><strong>Sistere</strong></span> <span class='ocrx_word' id='word_1_783' title='bbox 2413 4670 2588 4721; x_wconf 88' lang='lat' dir='ltr'><strong>aquam</strong></span> <span class='ocrx_word' id='word_1_784' title='bbox 2608 4658 2789 4717; x_wconf 85' lang='lat' dir='ltr'><strong>ﬂuviis,</strong></span> <span class='ocrx_word' id='word_1_785' title='bbox 2817 4665 2870 4709; x_wconf 87' lang='lat' dir='ltr'><strong>et</strong></span> <span class='ocrx_word' id='word_1_786' title='bbox 2889 4666 3092 4708; x_wconf 87' lang='lat' dir='ltr'><strong>vertere</strong></span> <span class='ocrx_word' id='word_1_787' title='bbox 3114 4658 3275 4707; x_wconf 85' lang='lat' dir='ltr'><strong>sidera</strong></span> <span class='ocrx_word' id='word_1_788' title='bbox 3300 4658 3450 4709; x_wconf 78' lang='lat' dir='ltr'><strong>retro.</strong></span> 
     </span>
    </p>
   </div>
   <div class='ocr_carea' id='block_1_114' title="bbox 2137 4769 3677 4912">
    <p class='ocr_par' dir='ltr' id='par_1_114' title="bbox 2137 4769 3677 4912">
     <span class='ocr_line' id='line_1_115' title="bbox 2137 4769 3677 4895; baseline -0.001 -66"><span class='ocrx_word' id='word_1_789' title='bbox 2137 4773 2303 4857; x_wconf 44' lang='lat' dir='ltr'><strong>{Hoc</strong></span> <span class='ocrx_word' id='word_1_790' title='bbox 2325 4773 2602 4843; x_wconf 88' lang='lat' dir='ltr'><strong>quomodo</strong></span> <span class='ocrx_word' id='word_1_791' title='bbox 2632 4769 3038 4895; x_wconf 47' lang='lat' dir='ltr'><strong>intelligendum</strong></span> <span class='ocrx_word' id='word_1_792' title='bbox 3062 4772 3153 4840; x_wconf 85' lang='lat' dir='ltr'><strong>sit,</strong></span> <span class='ocrx_word' id='word_1_793' title='bbox 3186 4774 3348 4827; x_wconf 87' lang='lat' dir='ltr'><strong>etiam</strong></span> <span class='ocrx_word' id='word_1_794' title='bbox 3373 4772 3497 4826; x_wconf 88' lang='lat' dir='ltr'><strong>alibi</strong></span> <span class='ocrx_word' id='word_1_795' title='bbox 3527 4772 3677 4827; x_wconf 74' lang='lat' dir='ltr'><strong>indi—</strong></span> 
     </span>
     <span class='ocr_line' id='line_1_116' title="bbox 2137 4841 3153 4912; baseline -0.005 -12"><span class='ocrx_word' id='word_1_796' title='bbox 2137 4859 2316 4900; x_wconf 73' lang='lat' dir='ltr'><strong>vnmus</strong></span> <span class='ocrx_word' id='word_1_797' title='bbox 2341 4841 2557 4912; x_wconf 88' lang='lat' dir='ltr'><strong>(Collat.</strong></span> <span class='ocrx_word' id='word_1_798' title='bbox 2589 4843 2621 4897; x_wconf 91' lang='lat'><strong>7</strong></span> <span class='ocrx_word' id='word_1_799' title='bbox 2651 4859 2767 4912; x_wconf 88' lang='lat' dir='ltr'><strong>cap.</strong></span> <span class='ocrx_word' id='word_1_800' title='bbox 2870 4842 2910 4912; x_wconf 94' lang='lat'><strong>).</strong></span> <span class='ocrx_word' id='word_1_801' title='bbox 3146 4911 3153 4912; x_wconf 15' lang='grc' dir='ltr'>ί</span> 
     </span>
    </p>
   </div>
   <div class='ocr_carea' id='block_1_115' title="bbox 1990 4820 2767 4912">
    <p class='ocr_par' dir='ltr' id='par_1_115' title="bbox 1990 4820 2767 4912">
     <span class='ocr_line' id='line_1_117' title="bbox 1990 4820 2767 4912; baseline -0.009 -10"><span class='ocrx_word' id='word_1_802' title='bbox 1990 4820 2043 4881; x_wconf 75' lang='grc' dir='ltr'><strong>Β</strong></span> <span class='ocrx_word' id='word_1_803' title='bbox 2068 4820 2560 4912; x_wconf 53' lang='lat' dir='ltr'><strong>estimabit;</strong></span> <span class='ocrx_word' id='word_1_804' title='bbox 2573 4820 2767 4912; x_wconf 67' lang='grc' dir='ltr'><strong>’τ’ῐᾰξνῖ</strong></span> 
     </span>
    </p>
   </div>
   <div class='ocr_carea' id='block_1_116' title="bbox 2147 4911 3679 4985">
    <p class='ocr_par' dir='ltr' id='par_1_116' title="bbox 2147 4911 3679 4985">
     <span class='ocr_line' id='line_1_118' title="bbox 2147 4911 3679 4985; baseline -0.002 -14"><span class='ocrx_word' id='word_1_805' title='bbox 2147 4926 2171 4955; x_wconf 73' lang='grc' dir='ltr'>ε</span> <span class='ocrx_word' id='word_1_806' title='bbox 2200 4915 2411 4985; x_wconf 85' lang='lat' dir='ltr'><strong>Duplici</strong></span> <span class='ocrx_word' id='word_1_807' title='bbox 2456 4914 2677 4985; x_wconf 89' lang='lat' dir='ltr'><strong>ratione</strong></span> <span class='ocrx_word' id='word_1_808' title='bbox 2705 4911 2979 4985; x_wconf 69' lang='lat' dir='ltr'><strong>daembnes</strong></span> <span class='ocrx_word' id='word_1_809' title='bbox 3011 4911 3323 4985; x_wconf 82' lang='lat' dir='ltr'><strong>hominibus</strong></span> <span class='ocrx_word' id='word_1_810' title='bbox 3364 4912 3679 4985; x_wconf 82' lang='lat' dir='ltr'><strong>subjiciun-</strong></span> 
     </span>
    </p>
   </div>
   <div class='ocr_carea' id='block_1_117' title="bbox 2074 4982 3666 5053">
    <p class='ocr_par' dir='ltr' id='par_1_117' title="bbox 2074 4982 3666 5053">
     <span class='ocr_line' id='line_1_119' title="bbox 2074 4982 3666 5053; baseline -0.004 -11"><span class='ocrx_word' id='word_1_811' title='bbox 2074 4996 2177 5053; x_wconf 88' lang='lat' dir='ltr'><strong>tur,</strong></span> <span class='ocrx_word' id='word_1_812' title='bbox 2208 4982 2530 5042; x_wconf 79' lang='lat' dir='ltr'><strong>auctoritate</strong></span> <span class='ocrx_word' id='word_1_813' title='bbox 2566 4984 2775 5040; x_wconf 87' lang='lat' dir='ltr'><strong>scilicet</strong></span> <span class='ocrx_word' id='word_1_814' title='bbox 2817 4984 2995 5038; x_wconf 88' lang='lat' dir='ltr'><strong>divina</strong></span> <span class='ocrx_word' id='word_1_815' title='bbox 3032 4994 3089 5038; x_wconf 89' lang='lat' dir='ltr'><strong>et</strong></span> <span class='ocrx_word' id='word_1_816' title='bbox 3115 4982 3405 5038; x_wconf 84' lang='lat' dir='ltr'><strong>diabolica.</strong></span> <span class='ocrx_word' id='word_1_817' title='bbox 3441 4982 3666 5050; x_wconf 80' lang='lat' dir='ltr'><strong>Divina,</strong></span> 
     </span>
    </p>
   </div>
   <div class='ocr_carea' id='block_1_118' title="bbox 2070 5054 3669 5123">
    <p class='ocr_par' dir='ltr' id='par_1_118' title="bbox 2070 5054 3669 5123">
     <span class='ocr_line' id='line_1_120' title="bbox 2070 5054 3669 5123; baseline -0.003 -10"><span class='ocrx_word' id='word_1_818' title='bbox 2070 5057 2124 5112; x_wconf 91' lang='lat' dir='ltr'><strong>id</strong></span> <span class='ocrx_word' id='word_1_819' title='bbox 2153 5066 2258 5123; x_wconf 90' lang='lat' dir='ltr'><strong>est,</strong></span> <span class='ocrx_word' id='word_1_820' title='bbox 2299 5071 2327 5110; x_wconf 89' lang='lat' dir='ltr'><strong>a</strong></span> <span class='ocrx_word' id='word_1_821' title='bbox 2364 5054 2478 5109; x_wconf 88' lang='lat' dir='ltr'><strong>Deo</strong></span> <span class='ocrx_word' id='word_1_822' title='bbox 2516 5055 2711 5112; x_wconf 88' lang='lat' dir='ltr'><strong>collata</strong></span> <span class='ocrx_word' id='word_1_823' title='bbox 2748 5064 2805 5111; x_wconf 88' lang='lat' dir='ltr'><strong>et</strong></span> <span class='ocrx_word' id='word_1_824' title='bbox 2848 5054 3113 5119; x_wconf 89' lang='lat' dir='ltr'><strong>instituta,</strong></span> <span class='ocrx_word' id='word_1_825' title='bbox 3161 5054 3394 5122; x_wconf 88' lang='lat' dir='ltr'><strong>primum</strong></span> <span class='ocrx_word' id='word_1_826' title='bbox 3436 5054 3669 5123; x_wconf 61' lang='lat' dir='ltr'><strong>quiut-ni</strong></span> 
     </span>
    </p>
   </div>
   <div class='ocr_carea' id='block_1_119' title="bbox 2068 5124 3671 5196">
    <p class='ocr_par' dir='ltr' id='par_1_119' title="bbox 2068 5124 3671 5196">
     <span class='ocr_line' id='line_1_121' title="bbox 2068 5124 3671 5196; baseline -0.002 -14"><span class='ocrx_word' id='word_1_827' title='bbox 2068 5128 2320 5183; x_wconf 89' lang='lat' dir='ltr'><strong>omnibus</strong></span> <span class='ocrx_word' id='word_1_828' title='bbox 2351 5124 2618 5193; x_wconf 82' lang='lat' dir='ltr'><strong>ﬁdelibus,</strong></span> <span class='ocrx_word' id='word_1_829' title='bbox 2643 5125 2738 5182; x_wconf 89' lang='lat' dir='ltr'><strong>sed</strong></span> <span class='ocrx_word' id='word_1_830' title='bbox 2764 5127 3033 5196; x_wconf 62' lang='lat' dir='ltr'><strong>praecipue</strong></span> <span class='ocrx_word' id='word_1_831' title='bbox 3057 5124 3317 5196; x_wconf 51' lang='lat' dir='ltr'><strong>apostolis</strong></span> <span class='ocrx_word' id='word_1_832' title='bbox 3348 5136 3402 5178; x_wconf 89' lang='lat' dir='ltr'><strong>et</strong></span> <span class='ocrx_word' id='word_1_833' title='bbox 3452 5124 3671 5179; x_wconf 79' lang='lat' dir='ltr'><strong>Christi</strong></span> 
     </span>
    </p>
   </div>
   <div class='ocr_carea' id='block_1_120' title="bbox 2067 5194 3665 5268">
    <p class='ocr_par' dir='ltr' id='par_1_120' title="bbox 2067 5194 3665 5268">
     <span class='ocr_line' id='line_1_122' title="bbox 2067 5194 3665 5268; baseline -0.004 -15"><span class='ocrx_word' id='word_1_834' title='bbox 2067 5197 2366 5268; x_wconf 90' lang='lat' dir='ltr'><strong>discipulis,</strong></span> <span class='ocrx_word' id='word_1_835' title='bbox 2395 5211 2694 5268; x_wconf 85' lang='lat' dir='ltr'><strong>eorumque</strong></span> <span class='ocrx_word' id='word_1_836' title='bbox 2742 5194 3151 5268; x_wconf 80' lang='lat' dir='ltr'><strong>successoribus</strong></span> <span class='ocrx_word' id='word_1_837' title='bbox 3176 5194 3457 5268; x_wconf 66' lang='lat' dir='ltr'><strong>Ecclesiae</strong></span> <span class='ocrx_word' id='word_1_838' title='bbox 3489 5196 3665 5268; x_wconf 75' lang='lat' dir='ltr'><strong>iniui-</strong></span> 
     </span>
    </p>
   </div>
   <div class='ocr_carea' id='block_1_121' title="bbox 2071 5262 3668 5333">
    <p class='ocr_par' dir='ltr' id='par_1_121' title="bbox 2071 5262 3668 5333">
     <span class='ocr_line' id='line_1_123' title="bbox 2071 5262 3668 5333; baseline -0.003 -10"><span class='ocrx_word' id='word_1_839' title='bbox 2071 5262 2221 5324; x_wconf 64' lang='lat' dir='ltr'><strong>stris.</strong></span> <span class='ocrx_word' id='word_1_840' title='bbox 2253 5262 2364 5323; x_wconf 77' lang='lat' dir='ltr'><strong>Illis</strong></span> <span class='ocrx_word' id='word_1_841' title='bbox 2403 5268 2547 5322; x_wconf 87' lang='lat' dir='ltr'><strong>enim</strong></span> <span class='ocrx_word' id='word_1_842' title='bbox 2588 5262 2729 5321; x_wconf 81' lang='lat' dir='ltr'><strong>dedit</strong></span> <span class='ocrx_word' id='word_1_843' title='bbox 2770 5262 3003 5322; x_wconf 79' lang='lat' dir='ltr'><strong>Christus</strong></span> <span class='ocrx_word' id='word_1_844' title='bbox 3044 5275 3344 5333; x_wconf 77' lang='lat' dir='ltr'><strong>potestatem</strong></span> <span class='ocrx_word' id='word_1_845' title='bbox 3381 5265 3668 5333; x_wconf 81' lang='lat' dir='ltr'><strong>spirituum</strong></span> 
     </span>
    </p>
   </div>
   <div class='ocr_carea' id='block_1_122' title="bbox 2062 5335 3667 5410">
    <p class='ocr_par' dir='ltr' id='par_1_122' title="bbox 2062 5335 3667 5410">
     <span class='ocr_line' id='line_1_124' title="bbox 2062 5335 3667 5410; baseline -0.004 -16"><span class='ocrx_word' id='word_1_846' title='bbox 2062 5338 2477 5410; x_wconf 64' lang='lat' dir='ltr'><strong>immundorupt,</strong></span> <span class='ocrx_word' id='word_1_847' title='bbox 2511 5346 2567 5410; x_wconf 87' lang='lat' dir='ltr'><strong>ut</strong></span> <span class='ocrx_word' id='word_1_848' title='bbox 2595 5339 2843 5410; x_wconf 79' lang='lat' dir='ltr'><strong>ejicerent</strong></span> <span class='ocrx_word' id='word_1_849' title='bbox 2873 5355 2978 5393; x_wconf 85' lang='lat' dir='ltr'><strong>eos.</strong></span> <span class='ocrx_word' id='word_1_850' title='bbox 3010 5335 3243 5391; x_wconf 57' lang='grc' dir='ltr'><strong>Μαιηιωί</strong></span> <span class='ocrx_word' id='word_1_851' title='bbox 3276 5335 3544 5410; x_wconf 74' lang='lat' dir='ltr'><strong>_x;_M.irc_i_</strong></span> <span class='ocrx_word' id='word_1_852' title='bbox 3566 5350 3667 5410; x_wconf 76' lang='lat' dir='ltr'><strong>Ill;</strong></span> 
     </span>
    </p>
   </div>
   <div class='ocr_carea' id='block_1_123' title="bbox 2065 5404 3664 5479">
    <p class='ocr_par' dir='ltr' id='par_1_123' title="bbox 2065 5404 3664 5479">
     <span class='ocr_line' id='line_1_125' title="bbox 2065 5404 3664 5479; baseline -0.003 -16"><span class='ocrx_word' id='word_1_853' title='bbox 2065 5410 2227 5465; x_wconf 63' lang='lat' dir='ltr'><strong>Luca:</strong></span> <span class='ocrx_word' id='word_1_854' title='bbox 2256 5426 2334 5465; x_wconf 84' lang='lat' dir='ltr'><strong>ix.</strong></span> <span class='ocrx_word' id='word_1_855' title='bbox 2372 5404 2673 5479; x_wconf 61' lang='lat' dir='ltr'><strong>Discipul&#39;is</strong></span> <span class='ocrx_word' id='word_1_856' title='bbox 2699 5423 2831 5464; x_wconf 89' lang='lat' dir='ltr'><strong>vero</strong></span> <span class='ocrx_word' id='word_1_857' title='bbox 2869 5410 3211 5479; x_wconf 77' lang='lat' dir='ltr'><strong>septuaginta</strong></span> <span class='ocrx_word' id='word_1_858' title='bbox 3257 5405 3469 5479; x_wconf 83' lang='lat' dir='ltr'><strong>duobus</strong></span> <span class='ocrx_word' id='word_1_859' title='bbox 3493 5404 3664 5472; x_wconf 84' lang='lat' dir='ltr'><strong>dixit,</strong></span> 
     </span>
    </p>
   </div>
   <div class='ocr_carea' id='block_1_124' title="bbox 2061 5476 3665 5546">
    <p class='ocr_par' dir='ltr' id='par_1_124' title="bbox 2061 5476 3665 5546">
     <span class='ocr_line' id='line_1_126' title="bbox 2061 5476 3665 5546; baseline -0.003 -10"><span class='ocrx_word' id='word_1_860' title='bbox 2061 5480 2229 5537; x_wconf 74' lang='lat' dir='ltr'><strong>Luca:</strong></span> <span class='ocrx_word' id='word_1_861' title='bbox 2257 5497 2289 5535; x_wconf 82' lang='lat' dir='ltr'><strong>x</strong></span> <span class='ocrx_word' id='word_1_862' title='bbox 2317 5497 2329 5532; x_wconf 89' lang='lat'><strong>:</strong></span> <span class='ocrx_word' id='word_1_863' title='bbox 2361 5477 2495 5535; x_wconf 86' lang='lat' dir='ltr'><strong>Ecce</strong></span> <span class='ocrx_word' id='word_1_864' title='bbox 2531 5476 2651 5535; x_wconf 78' lang='lat' dir='ltr'><strong>dedi</strong></span> <span class='ocrx_word' id='word_1_865' title='bbox 2683 5478 2821 5534; x_wconf 87' lang='lat' dir='ltr'><strong>vobis</strong></span> <span class='ocrx_word' id='word_1_866' title='bbox 2858 5476 3163 5544; x_wconf 81' lang='lat' dir='ltr'><strong>potestatem</strong></span> <span class='ocrx_word' id='word_1_867' title='bbox 3206 5476 3448 5531; x_wconf 84' lang='lat' dir='ltr'><strong>calcandi</strong></span> <span class='ocrx_word' id='word_1_868' title='bbox 3491 5492 3665 5546; x_wconf 71' lang='lat' dir='ltr'><strong>supra</strong></span> 
     </span>
    </p>
   </div>
   <div class='ocr_carea' id='block_1_125' title="bbox 2062 5547 3661 5621">
    <p class='ocr_par' dir='ltr' id='par_1_125' title="bbox 2062 5547 3661 5621">
     <span class='ocr_line' id='line_1_127' title="bbox 2062 5547 3661 5621; baseline -0.004 -16"><span class='ocrx_word' id='word_1_869' title='bbox 2062 5562 2320 5620; x_wconf 85' lang='lat' dir='ltr'><strong>serpentes</strong></span> <span class='ocrx_word' id='word_1_870' title='bbox 2338 5557 2385 5621; x_wconf 85' lang='lat' dir='ltr'><strong>et</strong></span> <span class='ocrx_word' id='word_1_871' title='bbox 2407 5552 2724 5621; x_wconf 88' lang='lat' dir='ltr'><strong>scorpiones,</strong></span> <span class='ocrx_word' id='word_1_872' title='bbox 2738 5560 2785 5606; x_wconf 89' lang='lat' dir='ltr'><strong>et</strong></span> <span class='ocrx_word' id='word_1_873' title='bbox 2799 5567 2955 5620; x_wconf 77' lang='lat' dir='ltr'><strong>super</strong></span> <span class='ocrx_word' id='word_1_874' title='bbox 2976 5566 3175 5621; x_wconf 82' lang='lat' dir='ltr'><strong>omnem</strong></span> <span class='ocrx_word' id='word_1_875' title='bbox 3189 5550 3421 5621; x_wconf 77' lang='lat' dir='ltr'><strong>virtutem</strong></span> <span class='ocrx_word' id='word_1_876' title='bbox 3435 5547 3661 5621; x_wconf 64' lang='lat' dir='ltr'><strong>inimici,</strong></span> 
     </span>
    </p>
   </div>
   <div class='ocr_carea' id='block_1_126' title="bbox 2059 5617 3662 5687">
    <p class='ocr_par' dir='ltr' id='par_1_126' title="bbox 2059 5617 3662 5687">
     <span class='ocr_line' id='line_1_128' title="bbox 2059 5617 3662 5687; baseline -0.002 -9"><span class='ocrx_word' id='word_1_877' title='bbox 2059 5632 2110 5678; x_wconf 88' lang='lat' dir='ltr'><strong>et</strong></span> <span class='ocrx_word' id='word_1_878' title='bbox 2129 5617 2260 5677; x_wconf 81' lang='lat' dir='ltr'><strong>nihil</strong></span> <span class='ocrx_word' id='word_1_879' title='bbox 2270 5620 2410 5675; x_wconf 85' lang='lat' dir='ltr'><strong>vobis</strong></span> <span class='ocrx_word' id='word_1_880' title='bbox 2427 5617 2645 5676; x_wconf 82' lang='lat' dir='ltr'><strong>nocebit.</strong></span> <span class='ocrx_word' id='word_1_881' title='bbox 2662 5622 2797 5677; x_wconf 86' lang='lat' dir='ltr'><strong>Hinc</strong></span> <span class='ocrx_word' id='word_1_882' title='bbox 2820 5617 2907 5675; x_wconf 79' lang='lat' dir='ltr'><strong>illa</strong></span> <span class='ocrx_word' id='word_1_883' title='bbox 2925 5619 3239 5677; x_wconf 91' lang='lat' dir='ltr'><strong>eorumdetn</strong></span> <span class='ocrx_word' id='word_1_884' title='bbox 3261 5617 3662 5687; x_wconf 86' lang='lat' dir='ltr'><strong>discipulorum</strong></span> 
     </span>
    </p>
   </div>
   <div class='ocr_carea' id='block_1_127' title="bbox 2061 5691 3664 5764">
    <p class='ocr_par' dir='ltr' id='par_1_127' title="bbox 2061 5691 3664 5764">
     <span class='ocr_line' id='line_1_129' title="bbox 2061 5691 3664 5764; baseline -0.006 -14"><span class='ocrx_word' id='word_1_885' title='bbox 2061 5693 2133 5750; x_wconf 91' lang='lat' dir='ltr'><strong>de</strong></span> <span class='ocrx_word' id='word_1_886' title='bbox 2160 5695 2260 5748; x_wconf 88' lang='lat' dir='ltr'><strong>hac</strong></span> <span class='ocrx_word' id='word_1_887' title='bbox 2288 5699 2580 5764; x_wconf 79' lang='lat' dir='ltr'><strong>potestate,</strong></span> <span class='ocrx_word' id='word_1_888' title='bbox 2599 5695 2827 5764; x_wconf 88' lang='lat' dir='ltr'><strong>ejusque</strong></span> <span class='ocrx_word' id='word_1_889' title='bbox 2854 5691 3054 5764; x_wconf 84' lang='lat' dir='ltr'><strong>ell&#39;ectu</strong></span> <span class='ocrx_word' id='word_1_890' title='bbox 3089 5701 3664 5764; x_wconf 83' lang='lat' dir='ltr'><strong>consecutocommu-</strong></span> 
     </span>
    </p>
   </div>
   <div class='ocr_carea' id='block_1_128' title="bbox 2063 5759 3661 5832">
    <p class='ocr_par' dir='ltr' id='par_1_128' title="bbox 2063 5759 3661 5832">
     <span class='ocr_line' id='line_1_130' title="bbox 2063 5759 3661 5832; baseline -0.004 -11"><span class='ocrx_word' id='word_1_891' title='bbox 2063 5766 2152 5821; x_wconf 88' lang='lat' dir='ltr'><strong>nis</strong></span> <span class='ocrx_word' id='word_1_892' title='bbox 2186 5759 2475 5820; x_wconf 83' lang='lat' dir='ltr'><strong>exsultatio</strong></span> <span class='ocrx_word' id='word_1_893' title='bbox 2508 5781 2521 5815; x_wconf 90' lang='lat'><strong>:</strong></span> <span class='ocrx_word' id='word_1_894' title='bbox 2555 5759 2801 5832; x_wconf 72' lang='lat' dir='ltr'><strong>Domine,</strong></span> <span class='ocrx_word' id='word_1_895' title='bbox 2828 5764 2982 5819; x_wconf 87' lang='lat' dir='ltr'><strong>etiam</strong></span> <span class='ocrx_word' id='word_1_896' title='bbox 3020 5761 3275 5816; x_wconf 62' lang='lat' dir='ltr'><strong>daemonia</strong></span> <span class='ocrx_word' id='word_1_897' title='bbox 3307 5759 3661 5832; x_wconf 79' lang='lat' dir='ltr'><strong>subjiciuntur</strong></span> 
     </span>
    </p>
   </div>
   <div class='ocr_carea' id='block_1_129' title="bbox 2062 5832 3661 5911">
    <p class='ocr_par' dir='ltr' id='par_1_129' title="bbox 2062 5832 3661 5911">
     <span class='ocr_line' id='line_1_131' title="bbox 2062 5832 3661 5911; baseline 0.003 -25"><span class='ocrx_word' id='word_1_898' title='bbox 2062 5833 2209 5911; x_wconf 66' lang='lat' dir='ltr'><strong>nobis</strong></span> <span class='ocrx_word' id='word_1_899' title='bbox 2232 5834 2285 5887; x_wconf 91' lang='lat' dir='ltr'><strong>in</strong></span> <span class='ocrx_word' id='word_1_900' title='bbox 2330 5832 2535 5911; x_wconf 70' lang='lat' dir='ltr'><strong>nomine</strong></span> <span class='ocrx_word' id='word_1_901' title='bbox 2568 5842 2677 5911; x_wconf 67' lang='lat' dir='ltr'><strong>tuo.</strong></span> <span class='ocrx_word' id='word_1_902' title='bbox 2698 5835 2990 5911; x_wconf 36' lang='lat' dir='ltr'><strong>_Ea_i_ndem.</strong></span> <span class='ocrx_word' id='word_1_903' title='bbox 3014 5841 3661 5911; x_wconf 51' lang='lat' dir='ltr'><strong>veronpOtestatemnnon</strong></span> 
     </span>
    </p>
   </div>
   <div class='ocr_carea' id='block_1_130' title="bbox 2058 5898 3658 5968">
    <p class='ocr_par' dir='ltr' id='par_1_130' title="bbox 2058 5898 3658 5968">
     <span class='ocr_line' id='line_1_132' title="bbox 2058 5898 3658 5968; baseline 0.006 -10"><span class='ocrx_word' id='word_1_904' title='bbox 2058 5898 2194 5965; x_wconf 77' lang='lat' dir='ltr'><strong>solis</strong></span> <span class='ocrx_word' id='word_1_905' title='bbox 2211 5898 2472 5966; x_wconf 71' lang='lat' dir='ltr'><strong>apostolis</strong></span> <span class='ocrx_word' id='word_1_906' title='bbox 2499 5911 2556 5963; x_wconf 86' lang='lat' dir='ltr'><strong>et</strong></span> <span class='ocrx_word' id='word_1_907' title='bbox 2578 5904 2856 5968; x_wconf 76' lang='lat' dir='ltr'><strong>discinulis</strong></span> <span class='ocrx_word' id='word_1_908' title='bbox 2898 5904 2992 5966; x_wconf 82' lang='lat' dir='ltr'><strong>sed</strong></span> <span class='ocrx_word' id='word_1_909' title='bbox 3014 5898 3267 5964; x_wconf 78' lang='lat' dir='ltr'><strong>omnibus</strong></span> <span class='ocrx_word' id='word_1_910' title='bbox 3282 5899 3658 5967; x_wconf 71' lang='lat' dir='ltr'><strong>credentibus.</strong></span> 
     </span>
    </p>
   </div>
   <div class='ocr_carea' id='block_1_131' title="bbox 2475 6011 2502 6023">
    <p class='ocr_par' dir='ltr' id='par_1_131' title="bbox 2475 6011 2502 6023">
     <span class='ocr_line' id='line_1_133' title="bbox 2475 6011 2502 6023; baseline 0 -2"><span class='ocrx_word' id='word_1_911' title='bbox 2475 6011 2502 6023; x_wconf 65' lang='lat' dir='ltr'><strong>sq</strong></span> 
     </span>
    </p>
   </div>
   <div class='ocr_carea' id='block_1_132' title="bbox 2286 6018 2421 6040">
    <p class='ocr_par' dir='ltr' id='par_1_132' title="bbox 2286 6018 2421 6040">
     <span class='ocr_line' id='line_1_134' title="bbox 2286 6018 2421 6040; baseline 0.015 -8"><span class='ocrx_word' id='word_1_912' title='bbox 2286 6018 2369 6040; x_wconf 62' lang='grc' dir='ltr'><strong>⁴ιιιιο</strong></span> <span class='ocrx_word' id='word_1_913' title='bbox 2383 6021 2421 6034; x_wconf 77' lang='grc' dir='ltr'><strong>-ι</strong></span> 
     </span>
    </p>
   </div>
  </div>
