4012 6336
349 319 456 378 755

957 315 1300 372 COLLATIO
1341 315 1476 372 \‘lll.
1502 314 1684 372 -ΒΕ
1723 314 1936 374 ΡΒΙΝΕ]

2045 315 2250 376 1⁸18115
2289 315 2424 375 SEU
2463 313 3010 376 POTESTATIBUS.

3527 315 3634 374 75h

349 435 452 492 bus
500 432 728 488 obedire
764 448 778 486 :
823 436 918 486 aut
959 429 1108 484 enim
1145 427 1426 484 sanctitati
1466 428 1706 486 ﬁdelium
1755 427 1938 486 divina
1963 435 2016 496 Α
2043 427 2176 484 ctari
2205 435 2262 484 et
2285 428 2522 498 gaudere
2547 437 2915 499 cognoscunt,
2953 427 3103 485 velut
3132 427 3460 488 domesticos
3487 429 3632 502 ejus,

347 527 526 603 gratia
557 543 633 584 ac
659 527 862 582 virtute
891 522 1220 596 subdantur,
1251 531 1280 562 ι
1306 533 1400 580 aut
1426 523 1710 580 sacriﬁciis
1749 521 1946 592 impio-
2049 519 2250 577 habere
2278 520 2438 578 etiam
2469 521 2526 578 in
2556 521 2834 578 daemones
2864 521 2914 578 ei
2943 521 3193 581 subditos
3221 531 3569 595 potestatem.

347 639 470 679 rum
509 635 612 678 seu
639 619 962 690 quibusdam
992 619 1324 674 carminibus
1349 616 1582 686 deliniti,
1617 616 1762 672 velut
1785 613 1942 672 fami-

347 713 578 768 liaribus
621 711 932 768 adulantur.
975 711 1090 778 Qua
1134 709 1392 780 opinione
1427 707 1692 764 Pharisaei
1728 722 1942 779 quoque

347 808 586 877 decepti,
613 807 864 864 arbitrati
903 813 1032 862 sunt
1075 805 1238 862 etiam
1280 802 1564 860 Dominum
1602 803 1942 860 Salvatorem

347 899 450 954 hac
485 909 604 956 arte
647 899 932 954 daemoniis
961 897 1295 967 imperasse,
1331 895 1596 964 dicentes,
1631 894 1699 950 In
1731 893 1942 950 Beelze-

347 992 446 1046 bub
473 992 715 1062 principe
740 991 1118 1046 dwmoniorum
1155 991 1239 1046 hic
1262 991 1404 1060 ejicit
1435 991 1692 1046 dtumones
1718 987 1938 1061 (Matth.

347 1086 476 1156 xu);
519 1085 822 1140 secundum
865 1085 1012 1140 illam
1057 1084 1266 1142 scilicet
1309 1083 1784 1152 consuetudinem,
1835 1099 1940 1155 qua

347 1187 548 1232 norant
589 1191 716 1232 suos
759 1191 942 1247 magos
969 1177 1054 1232 vel
1094 1177 1370 1234 maleﬁcos
1404 1191 1500 1247 per
1543 1177 1938 1232 invocationem

347 1269 585 1324 nominis
617 1269 766 1325 illius
797 1284 862 1326 ac
891 1270 1050 1324 ritum
1075 1269 1464 1326 sacriﬁciorum
1491 1283 1600 1338 quo
1628 1282 1753 1324 eum
1785 1267 1943 1324 dele-

2629 673 2860 731 CAPUT
2899 675 3018 732 XX.

2045 785 2394 861 Interrogatio
2431 789 2494 842 de
2517 791 2777 861 apostatis
2807 790 3001 860 angelis
3021 833 3034 860 ,
3063 791 3152 861 qui
3189 792 3248 846 in
3295 789 3483 848 Genesi
3517 805 3632 847 cum

2269 859 2478 927 filiabus
2505 859 2768 914 hominum
2788 859 3122 916 concubuisse
3145 863 3410 918 dicuntur.

2117 991 2420 1049 Germanus
2456 1011 2468 1046 :
2511 992 2644 1062 Quia
2675 993 2952 1051 Geneseos
2993 995 3155 1052 lectio
3193 996 3354 1066 paulo
3397 1005 3528 1052 ante
3575 995 3633 1051 in

2047 1083 2284 1140 medium
2315 1085 2382 1139 dc
2415 1083 2818 1154 dispensatione
2865 1087 3072 1156 prolata
3111 1097 3224 1154 est,
3253 1103 3372 1158 qum
3397 1101 3496 1143 nos
3535 1102 3634 1158 op-

2045 1185 2278 1248 portune
2305 1178 2638 1233 commonuit
2666 1185 2724 1232 ut
2763 1178 2815 1234 id
2858 1179 3004 1250 quod
3048 1194 3264 1250 semper
3291 1181 3500 1238 discere
3529 1197 3632 1237 cu—
3723 1189 3734 1198 '

2045 1269 2352 1340 piebamus,
2381 1285 2526 1326 nunc
2555 1271 2820 1340 possimus
2846 1287 3084 1344 congrue
3113 1275 3415 1344 sciscitari,
3441 1274 3470 1314 δ
3500 1275 3631 1346 quid

1417 1403 1674 1460 ALARDI
1711 1401 1943 1460 GAZEI
1977 1403 2544 1460 COMMENTARIUS.

347 1498 404 1570 id
429 1507 535 1566 est,
571 1499 830 1570 Ecclesiae
861 1499 1158 1570 generatim
1195 1507 1250 1554 ct
1287 1497 1340 1551 in
1375 1495 1665 1570 communi
1687 1495 1938 1570 promisit

347 1569 508 1640 (Luc.
543 1567 600 1638 ι)
631 1567 887 1625 Christus
919 1571 972 1624 in
1002 1569 1196 1640 ctelum
1243 1581 1567 1640 ascensurus
1611 1567 1717 1640 illis
1755 1567 1938 1640 verbis

346 1638 488 1710 apud
533 1641 772 1694 Marcum
803 1656 924 1712 cap.
959 1656 1090 1712 xvt:
1133 1639 1332 1712 Signa,
1372 1655 1460 1692 eos
1483 1638 1568 1712 qui
1597 1639 1932 1712 crediderint,

347 1709 458 1764 hac
483 1714 758 1776 sequentur
783 1727 802 1766 :
831 1709 898 1766 In
923 1711 1128 1765 nomine
1153 1709 1264 1764 meo
1291 1709 1544 1780 daemonia
1572 1709 1807 1780 ejicient,
1825 1716 1933 1764 etc.

345 1781 480 1848 Quae
530 1781 748 1851 quidem
799 1782 1081 1852 promissio
1125 1781 1192 1836 ad
1250 1795 1461 1852 omnes;
1496 1779 1696 1834 Christi
1747 1779 1932 1835 ﬁdeles

349 1849 589 1922 spectat;
624 1869 729 1908 non
757 1849 900 1924 quod
931 1853 1153 1924 singulis
1179 1849 1487 1924 hujusmodi
1519 1861 1752 1924 potestas
1784 1865 1934 1924 com:

2049 1497 2371 1567 invocanda,
2395 1501 2561 1553 immo
2585 1499 2860 1554 adoranda
2887 1507 2945 1554 et
2968 1499 3348 1567 sacriﬁcando,
3367 1509 3426 1556 ut
3443 1501 3530 1557 hic
3549 1501 3634 1560 di-

2047 1567 2207 1642 citur.
2235 1566 2503 1623 Caeterum
2537 1571 2623 1642 hic
2655 1570 2952 1642 notandum
2973 1613 2988 1638 ,
3023 1571 3198 1640 primo
3219 1613 3234 1637 ,
3265 1566 3454 1642 magos
3498 1573 3634 1628 nihil

2047 1637 2250 1694 habere
2299 1641 2580 1711 potestatis
2629 1650 2722 1694 aut
2751 1637 2951 1696 virium
2976 1637 3038 1696 in
3087 1637 3392 1711 daemones:
3427 1643 3530 1698 nisi
3560 1659 3632 1700 ex

2049 1719 2202 1785 pacto
2225 1710 2334 1785 _vei
2375 1711 2612 1779 ipsorum
2644 1713 2986 1785 simulatione
3015 1731 3046 1785 :_
3062 1712 3288 1785 proinde
3334 1710 3438 1769 nun
3473 1729 3633 1785 posse

2048 1781 2194 1854 ipsos
2223 1779 2424 1854 invitos
2451 1797 2645 1854 cogere
2674 1783 2740 1837 ad
2782 1783 3005 1854 aliquid
3025 1779 3326 1840 faciendum
3359 1787 3439 1840 vel
3471 1779 3632 1842 omit-

2045 1853 2286 1918 tendum,
2313 1853 2419 1927 nisi
2447 1853 2567 1927 ﬁcte
2583 1853 2932 1927 etisimulat’e.
2959 1853 3196 1927 Fingunt
3222 1857 3354 1908 enim
3375 1858 3634 1914 da'mones

347 1921 620 1978 niunicata
667 1921 856 1998 fuerit,
891 1923 984 1980 sed
1022 1921 1227 1998 quibus
1269 1921 1622 1998 conueniebai
1667 1932 1720 1998 ut
1745 1921 1934 1998 ea‘uti
1963 1921 2010 1982 B
2037 1939 2090 1998 s_e
2117 1939 2148 1976 tt
2185 1924 2350 1995 magis
2379 1925 2521 1998 cogi,
2545 1923 2730 1994 quibus
2757 1936 2943 1998 sponte
2984 1921 3338 1998 obtemperant
3375 1938 3424 1982 et
3457 1933 3634 1998 famu-

349 2001 592 2063 possent,
619 1995 836 2064 quando
856 2005 912 2051 et
934 1995 1188 2064 quamdiu
1217 1993 1578 2062 expediretad
1591 1993 1684 2047 Dei
1707 1993 1934 2064 gloriam

349 2063 804 2134 promovendam,
835 2066 902 2121 ad
933 2063 1272 2120 communem
1313 2063 1576 2118 Ecclesiae
1623 2063 1934 2132 utilitatem,

347 2135 414 2189 ad
469 2139 870 2206 prop-agendam
917 2145 972 2192 et
999 2135 1374 2206 stabiliendum
1403 2135 1584 2191 ﬁdem.
1619 2135 1716 2188 Est
1755 2143 1934 2190 autem

349 2205 660 2276 huiusmodi
687 2207 914 2264 facultas
951 2207 1007 2262 in
1048 2205 1520 2276 Ecclesiaduplex
1558 2224 1571 2260 :
1617 2207 1786 2262 altera
1821 2207 1936 2274 pri-

347 2275 496 2342 vata,
523 2279 694 2334 altera
731 2279 974 2345 publica;
1007 2279 1233 2345 privata,
1269 2275 1324 2332 id
1351 2285 1454 2342 est,
1486 2277 1806 2345 quibusdam
1833 2277 1936 2332 ho-

347 2350 588 2403 minibus
613 2351 816 2406 sanctis
840 2352 892 2404 in
918 2349 1284 2406 testimonium
1314 2348 1612 2404 sanctitatis
1639 2349 1832 2402 collata
1863 2364 1934 2404 ex

349 2421 608 2486 peculiari
641 2421 732 2475 Dei
763 2421 908 2476 dono
933 2431 986 2475 et
1013 2421 1208 2488 gratia,
1242 2433 1404 2488 quam
1433 2429 1626 2474 vocant
1653 2421 1820 2488 gratis
1843 2420 1936 2474 da-

345 2501 476 2544 tam.
509 2491 824 2560 Cujusmodi
847 2491 989 2546 dono
1007 2491 1104 2546 SS.
1131 2489 1256 2545 illos
1284 2499 1464 2559 patres
1479 2501 1532 2545 et
1558 2490 1934 2556 anachoretas,

345 2563 474 2617 licet
507 2563 750 2630 privatos
781 2563 1046 2624 homines,
1077 2562 1392 2626 Anwnium,
1422 2561 1774 2624 Hilarionem,
1801 2563 1938 2616 l’au-

347 2635 458 2688 tum
487 2633 818 2702 simplicem,
840 2634 1128 2689 Macarium
1169 2641 1224 2688 et
1246 2635 1380 2687 alios
1407 2633 1665 2687 claruisse
1695 2641 1931 2686 constat.

347 2703 502 2776 Unde
531 2703 654 2758 Div.
676 2705 1153 2776 illieronymusiin
1175 2703 1296 2776 Vita
1327 2703 1618 2776 Hilarionis
1653 2721 1667 2756 :
1699 2702 1934 2776 Latebat,

345 2775 544 2840 inquit,
577 2776 632 2828 in
661 2774 832 2847 Cypro
858 2773 1032 2829 insula
1059 2773 1322 2847 Hilarion.
1344 2775 1600 2830 therum
1629 2776 1716 2828 vis:
1738 2776 1805 2826 ad
1821 2775 1938 2847 ple-

344 2861 470 2900 num
507 2845 715 2916 uiginti
735 2845 986 2901 transiere
1032 2845 1162 2916 dies,
1193 2861 1306 2898 cum
1352 2861 1442 2914 per
1467 2861 1666 2900 omnem
1693 2845 1934 2910 insulam,

343 2915 656 2985 quicumque
692 2918 985 2971 immundos
1013 2915 1263 2970 habebant
1303 2917 1516 2984 spiritus
1537 2960 1550 2984 ,
1581 2917 1804 2970 clamare
1831 2930 1936 2968 cat-

345 2998 532 3056 perunt
575 2990 771 3042 venisse
803 2987 1128 3042 Hilarionem
1157 3001 1362 3041 seruum
1407 2987 1538 3053 Dei,
1574 2995 1624 3040 et
1649 2989 1716 3040 ad
1749 3003 1864 3040 eum
1883 3002 1937 3042 se

341 3060 528 3128 debere
577 3075 876 3128 properare.
911 3058 1026 3112 Hoc
1073 3056 1384 3124 Salamina,
1433 3063 1531 3112 hoc
1567 3057 1812 3128 Curium,
1843 3057 1938 3111 hoc

347 3125 586 3200 Lapetha
609 3139 658 3182 et
676 3125 850 3200 'urbes
879 3131 1087 3200 reliquie
1112 3129 1527 3182 conclamabant.
1548 3127 1702 3200 Inter
1727 3129 1938 3200 triginta

345 3199 540 3269 igitur,
576 3217 670 3272 nec
697 3199 861 3272 multo
889 3199 1112 3272 amplius
1141 3201 1268 3266 dies,
1295 3202 1500 3254 ducenti
1529 3199 1685 3270 ferme
1713 3209 1816 3253 tant
1842 3199 1939 3272 uiri

343 3287 502 3340 quam
527 3271 768 3324 mulieres
795 3271 864 3324 ad
888 3269 1006 3324 eum
1048 3273 1346 3340 congregati
1369 3281 1514 3336 sunt,
1532 3269 1628 3336 qui
1673 3287 1846 3324 omnes
1873 3269 1938 3324 ab

341 3341 524 3395 eadem
553 3344 741 3396 curati.
769 3343 894 3396 Haec
935 3341 1318 3412 Hieronymus.
1355 3341 1536 3396 Altera
1565 3349 1804 3410 potestas
1837 3357 1933 3412 pu-

347 3413 514 3476 blica,
535 3427 657 3480 quae
685 3413 818 3468 solis
847 3412 1106 3468 Ecclesiae
1137 3411 1400 3468 ministris
1427 3413 1708 3481 competit,
1743 3413 1794 3466 in
1820 3411 1939 3480 qui-

349 3485 450 3537 bus
471 3491 552 3537 est
574 3483 708 3538 ordo
734 3483 1146 3550 exorcistarttm,
1170 3497 1400 3552 quorum
1434 3485 1708 3552 proprium
1740 3495 1938 3537 munus

347 3561 434 3608 est
461 3553 739 3610 dzemones
765 3555 1040 3622 adiurare,
1073 3563 1128 3610 et
1151 3569 1182 3608 e
1209 3555 1528 3622 corporibus
1559 3553 1796 3608 obsessis
1821 3553 1938 3610 sive

347 3627 620 3694 possessis
647 3641 710 3680 ex
755 3627 940 3681 ellere.
977 3627 1091 3693 Qua
1134 3625 1200 3678 de
1227 3640 1286 3680 re
1312 3625 1674 3678 Tertullianus
1705 3623 1770 3678 ad
1809 3623 1938 3680 Sca-

347 3695 530 3750 Dulam
555 3711 676 3750 can.
704 3641 752 3750 ἕ
766 3713 779 3748 :
813 3696 1101 3750 Dwmoncs.
1131 3697 1336 3750 innuit.
1366 3713 1468 3749 non
1513 3705 1712 3748 tantum
1735 3695 1938 3750 respui-

343 3695 530 3765 pulam
555 3711 676 3766 cap.
704 3695 740 3750 2
766 3713 779 3748 :
813 3696 1101 3760 Daemones,
1131 3697 1336 3764 inquit,
1366 3713 1468 3749 non
1513 3705 1712 3766 tantum
1735 3695 1939 3762 respui-

345 3781 486 3836 rnus,
521 3783 696 3821 verum
724 3769 880 3822 etiam
909 3768 1242 3832 revincimus,
1267 3775 1314 3820 et
1340 3767 1566 3834 quotidie
1595 3765 1934 3832 traducimus,

345 3845 394 3888 et
423 3835 488 3908 de
511 3837 806 3892 hominibus
831 3836 1164 3908 expellimus;
1205 3839 1334 3890 sicut
1368 3835 1608 3906 plurimis
1635 3847 1814 3908 notum
1840 3845 1934 3892 est.

351 3909 412 3960 D.
439 3907 744 3978 Cyprianus
771 3909 837 3962 ad
869 3907 1264 3964 Demetrianum
1298 3909 1490 3962 Africa:
1521 3907 1932 3976 proconsulem:

349 3977 530 4034 Ohlsi
555 3980 738 4032 audire
759 3979 912 4034 velles
937 3989 984 4033 et
1011 3979 1180 4032 videre
1195 3979 1604 4048 quandoanobis
1630 3980 1940 4048 adjurantur

343 4059 394 4101 et
418 4059 720 4119 torquentur
749 4049 1104 4118 spiritualibus
1122 4049 1324 4118 ﬂagris,
1355 4060 1400 4102 et
1422 4049 1689 4102 verborum
1716 4059 1940 4104 tormen—

345 4121 416 4172 tis
445 4121 510 4173 de
537 4120 750 4174 obsessis
777 4121 1070 4192 corporibus
1101 4121 1406 4188 ejiciuntur;
1427 4121 1636 4188 quando
1661 4121 1933 4192 ejulantes,

347 4201 396 4242 et
425 4201 678 4260 gementes
725 4207 844 4244 voce
871 4190 1122 4256 humana,
1166 4201 1214 4244 et
1247 4199 1495 4259 potestate
1525 4190 1698 4244 divina
1727 4191 1937 4260 ﬂagella

345 4271 400 4334 e_t_
432 4263 640 4334 verbera
685 4264 956 4316 sentientes
997 4273 1268 4315 uenturum
1293 4263 1536 4334 judicent
1597 4261 1939 4334 confitentur!

363 4330 490 4383 Veni
513 4341 563 4404 et
593 4348 844 4404 cognosce
863 4347 981 4386 uera
999 4349 1114 4404 esse
1126 4347 1241 4404 qua;
1269 4330 1506 4404 dicimus.
1531 4334 1602 4404 Ita
1631 4333 1688 4388 S.
1716 4331 1938 4404 Cypria:

351 4415 476 4473 nus.
511 4402 566 4456 In
604 4401 839 4458 concilio
865 4411 1060 4473 quarto
1083 4403 1492 4472 Carthagineusi
1522 4401 1684 4471 (Cap.
1719 4401 1809 4473 7),
1847 4403 1936 4458 cui

353 4471 396 4525 Β
443 4475 775 4542 Augustinus
803 4471 1066 4538 interluit,
1095 4473 1166 4527 ita
1199 4471 1338 4527 inter
1375 4483 1602 4528 caeteros
1625 4472 1844 4527 ordines
1869 4473 1938 4528 de

349 4545 620 4598 exorcisla
653 4543 956 4599 ordinando
985 4544 1214 4598 traditur
1239 4563 1250 4596 :
1279 4542 1551 4598 Exorcista
1578 4559 1692 4597 cum
1721 4543 1934 4597 ordina-

349 4625 458 4682 tur,
499 4616 720 4682 accipiat
759 4615 824 4668 de
851 4631 1010 4670 manu
1035 4615 1258 4686 episcopi
1289 4613 1527 4686 libellum,
1547 4615 1600 4667 in
1631 4629 1732 4682 quo
1761 4613 1937 4684 scripti

2041 1993 2232 2066 lantur,
2263 1993 2360 2060 qua
2386 1993 2660 2066 magis’eos
2689 2005 2738 2050 et
2763 1993 2894 2050 alios
2926 1993 3182 2062 irretiant,
3212 2007 3258 2050 et
3287 1993 3513 2053 irretitus
3543 2015 3632 2053 re-

2041 2065 2259 2136 tineant,
2290 2075 2348 2118 ut
2387 2065 2544 2121 docet
2571 2067 2634 2120 D.
2669 2069 2998 2136 Augustinus
3029 2067 3120 2122 lib.
3152 2084 3187 2122 ιι
3233 2069 3302 2124 de
3341 2069 3502 2122 Civit.
3537 2069 3632 2125 Dei

2040 2149 2159 2204 eap.
2185 2135 2239 2190 6.
2260 2137 2685 2210 _liinc_praeclara
2715 2135 2992 2210 cujusdam
3019 2153 3123 2192 non
3153 2139 3370 2194 obscuri
3399 2140 3636 2210 theologi

2039 2207 2308 2281 sententia
2341 2224 2352 2258 :
2399 2207 2614 2281 Hannon
2641 2209 2849 2262 simulat
2895 2225 2948 2262 se
2977 2221 3205 2276 captum,
3253 2219 3308 2264 ut
3333 2220 3393 2281 te
3422 2207 3635 2281 capiat;

2039 2293 2092 2332 se
2117 2279 2372 2351 uinctum,
2401 2287 2454 2331 ut
2487 2285 2536 2330 te
2565 2279 2786 2351 vinciat;
2813 2295 2866 2334 se
2895 2289 2980 2334 tuo
3011 2281 3226 2351 imperio
3255 2279 3542 2348 subditum,
3575 2289 3635 2336 ut

2039 2355 2088 2420 te
2110 2349 2206 2402 sibi
2237 2347 2427 2402 subdat
2446 2364 2465 2412 ,'
2485 2365 2515 2402 a
2539 2358 2586 2402 te
2615 2350 2889 2414 inclusum,
2921 2359 2976 2404 ut
3003 2361 3049 2404 te
3077 2347 3302 2419 ﬁnaliter
3329 2353 3634 2420 concludat;

2039 2419 2190 2492 ﬁngit
2218 2437 2270 2474 se
2293 2431 2382 2472 tua
2406 2429 2516 2473 arte
2543 2421 2754 2492 imagini
2772 2420 2848 2474 rel
2880 2421 3368 2492 lapidialligatum,
3411 2435 3464 2476 ut
3491 2423 3634 2492 funi-

2039 2489 2138 2564 bus
2179 2501 2504 2564 peccatorum
2545 2489 2822 2564 religatum
2869 2489 2941 2564 nd
2974 2489 3241 2564 infernum
3280 2503 3326 2546 te
3381 2489 3632 2564 perducat

2041 2559 2324 2684 i’Alphons.
2361 2579 2394 2615 a
2423 2559 2766 2646 (ἐιιειι-οιξιὶιξζ
2805 2577 2822 2616 ι
2853 2563 2918 2646 de
2958 2559 3110 2644 Justa
3143 2563 3336 2648 Havet.
3382 2559 3627 2648 'Punit.).

2085 2647 2208 2684 orro
2230 2647 2350 2684 cum
2379 2633 2654 2684 daemones
2679 2635 2768 2684 alti
2816 2634 2935 2684 alits
2963 2643 3069 2684 sint
3099 2645 3460 2684 potentiores-
3503 2651 3627 2684 nuta

2085 2647 2208 2686 orro
2230 2647 2350 2686 cum
2379 2633 2654 2688 daemones
2679 2633 2768 2688 alii
2816 2634 2935 2688 aliis
2963 2635 3069 2688 sint
3099 2638 3460 2702 potentiores,
3503 2633 3627 2702 quia

2039 2703 2365 2771 superiores,
2397 2715 2452 2758 ut
2473 2705 2678 2759 dictum
2709 2711 2809 2770 est,
2850 2719 3190 2774 consequens
3221 2715 3326 2772 est,
3361 2706 3404 2760 si
3439 2721 3626 2771 magus

2043 2775 2486 2846 pactumbabeat
2505 2789 2626 2829 cum
2671 2775 2916 2846 daemone
2965 2777 3273 2846 superiore,
3326 2791 3480 2844 posse
3531 2792 3628 2845 per

2042 2843 2215 2910 ipsum
2246 2845 2346 2902 sibi
2373 2861 2444 2902 ex
2472 2857 2630 2914 pacto
2661 2845 3008 2902 famulantem
3033 2843 3175 2902 alios
3216 2843 3503 2902 inferiores
3532 2843 3625 2903 co-

2039 2924 2270 2988 gere_et
2309 2931 2408 2972 suo
2459 2917 2716 2984 obsequio
2763 2917 3051 2988 subjicere.
3100 2918 3382 2986 Quomodo
3433 2919 3629 2986 legitur

2040 2985 2358 3052 Apollonius
2381 3002 2567 3056 magus
2589 2988 2730 3042 inter
2753 2985 3150 3044 alia'mirabilia
3169 2990 3329 3044 etiam
3355 2985 3629 3046 dmutones

2042 3059 2266 3130 ejecisse
2297 3057 2686 3130 (Dhilostratus
2713 3059 2765 3112 in
2806 3061 2920 3130 ejus
2949 3057 3115 3130 Vita).
3149 3059 3214 3113 Et
3243 3061 3398 3114 divus
3427 3059 3620 3128 Grego.

2042 3129 2156 3200 rius
2187 3129 2280 3200 lib.
2307 3145 2323 3184 ι
2351 3129 2694 3199 Dialogorum
2720 3145 2840 3198 cap.
2861 3129 2948 3196 10,
2973 3129 3156 3184 narrat
3183 3129 3416 3186 nobilem
3441 3147 3594 3200 quatr-

2044 3199 2165 3271 dam
2219 3199 2472 3271 feminam
2523 3201 2748 3271 magicis
2793 3201 3246 3256 incantationibus
3293 3217 3324 3254 a
3362 3203 3632 3256 daemonio

1963 3303 2008 3364 ο
2043 3269 2352 3364 liberatitm;
2384 3270 2478 3326 sed
2511 3269 2945 3364 postmoduuiab
2987 3273 3195 3364 integr:
3221 3271 3523 3356 daemonum
3553 3273 3632 3364 le-

2041 3341 2201 3414 gione
2232 3341 2396 3414 fuisse
2420 3352 2763 3414 occupatam.
2799 3341 2940 3395 Miro
2969 3341 3119 3396 enim,
3151 3343 3244 3397 Dei
3273 3345 3630 3414 omnipotentis

2029 3411 2255 3482 judicio,
2291 3411 2490 3482 inquit,
2520 3415 2642 3465 dum
2663 3423 2775 3466 arte
2801 3429 3036 3480 perversa
3071 3429 3203 3466 unus
3235 3413 3296 3466 ab
3325 3429 3384 3466 ea
3411 3411 3632 3482 repelli-

2037 3491 2149 3546 tur,
2179 3484 2234 3536 in
2260 3499 2370 3554 eam
2401 3483 2565 3536 subito
2595 3484 2725 3554 legio
2751 3483 2990 3550 intravit,
3039 3487 3286 3554 coepitque
3312 3500 3375 3554 ea:
3409 3484 3506 3538 hoc
3533 3485 3632 3540 illa

2039 3561 2117 3606 tot
2159 3553 2374 3606 motibus
2419 3554 2626 3626 agitari,
2649 3553 2736 3606 tot
2765 3555 2981 3626 uocibus,
3007 3563 3054 3607 et
3085 3553 3392 3626 clamoribus
3413 3564 3631 3626 perstre-

2040 3639 2178 3694 pere,
2207 3633 2329 3694 quot
2357 3623 2620 3693 spiritibus
2643 3623 2928 3678 tenebatur.
2961 3625 3066 3680 Sed
3099 3625 3166 3679 de
3192 3624 3274 3680 his
3301 3623 3450 3692 plura
3482 3627 3627 3694 apud

2039 3693 2598 3766 Petrmuﬁ'l‘hyraeum,
2628 3695 2912 3766 Martinam
2934 3695 3172 3750 Delrium
3203 3705 3256 3748 et
3281 3695 3420 3750 alios
3445 3693 3536 3766 qui
3557 3697 3628 3754 de

2039 3765 2378 3819 daemonibus
2401 3775 2456 3820 et
2485 3765 2830 3820 daemoniacis
2857 3767 3210 3834 scripserunt.

2109 3835 2138 3874 δ
2171 3836 2298 3890 Ηίιιο
2333 3835 2620 3890 difficultas
2651 3835 2970 3905 perantiqua
3015 3846 3191 3890 ortum
3223 3835 3411 3888 habuit
3453 3851 3517 3890 ex
3543 3837 3630 3892 di-

2039 3921 2195 3976 versa
2236 3907 2522 3972 versione,
2555 3913 2610 3960 et
2639 3907 2912 3976 intellectu
2964 3908 3105 3962 illius
3153 3905 3459 3972 sententiae,
3506 3923 3627 3976 quae

2041 3975 2268 4032 habetur
2291 3977 2490 4032 Cenes.
2520 3991 2640 4046 cap.
2664 3992 2714 4032 v1
2741 3995 2753 4030 :
2793 3975 3032 4032 Videntes
3055 3977 3152 4046 ﬁlii
3183 3977 3278 4032 Dei
3299 3978 3439 4044 ﬁlias
3460 3975 3628 4032 homi-

2040 4065 2162 4120 num
2173 4049 2312 4118 quod
2335 4059 2500 4120 essent
2523 4047 2775 4120 pulchrai,
2792 4061 3096 4120 acceperunt
3117 4048 3214 4102 sibi
3239 4065 3426 4102 uxores
3438 4065 3501 4104 ea:
3521 4066 3632 4104 om-

2041 4119 2187 4174 nibus
2214 4136 2342 4188 quas
2371 4119 2652 4190 elegerant.
2683 4119 2752 4173 Et
2793 4119 2974 4190 infra:
3009 4119 3252 4190 Gigantes
3282 4127 3452 4172 autem
3481 4131 3632 4176 erant

2038 4201 2414 4263 superterram
2441 4191 2504 4263 in
2541 4191 2882 4263 diebusillis.
2923 4189 3204 4263 Pastquam
3249 4193 3382 4244 enim
3412 4191 3632 4263 ingressi

2039 4271 2158 4314 sunt
2184 4262 2282 4330 ﬁlii
2315 4261 2409 4314 Dei
2438 4262 2506 4314 ad
2553 4261 2687 4330 ﬁlias
2726 4261 3021 4328 hominum,
3067 4262 3272 4330 illasque
3320 4261 3629 4330 genuerunt,

2039 4333 2124 4404 isti
2148 4343 2263 4386 sunt
2293 4341 2518 4404 potentes
2539 4349 2576 4404 a7
2598 4333 2786 4386 steculo
2817 4333 2912 4386 viri
2932 4333 3630 4404 famosi.Ubirsept_uaginta

2039 4401 2362 4472 Interpretes
2381 4405 2432 4458 in
2451 4403 2688 4457 editione
2711 4401 3010 4466 vetustiOri,
3027 4417 3186 4471 quatit
3215 4402 3366 4472 Philo
3383 4401 3628 4470 Judzcus,

2043 4472 2306 4542 Eusebius
2332 4483 2387 4528 et
2405 4473 2494 4526 alii
2525 4474 2693 4526 secuti
2721 4483 2844 4526 sunt
2875 4472 3055 4542 (Philo
3079 4473 3170 4526 lib.
3197 4475 3257 4527 de
3285 4471 3589 4542 Gigantibus
3612 4491 3628 4538 ;

2038 4539 2253 4616 {oseph.
2293 4544 2389 4616 lib.
2425 4559 2442 4596 ι
2479 4543 2650 4616 ΑηιίςιἸ
2691 4557 2737 4594 c.
2778 4545 2844 4616 5_;
2884 4539 3134 4616 Eusebius
3175 4539 3628 4616 lib._v'Evangel.

2041 4610 2305 4684 Dra’par.;
2331 4614 2558 4668 Clemens
2585 4610 2869 4684 Aleatandri
2903 4612 2991 4665 lib.
3025 4628 3082 4666 ιιι
3113 4623 3213 4666 etv
3249 4610 3626 4684 Strom.),pro

345 4671 471 4737 sunt
498 4671 816 4756 resarcismi,
843 4686 1042 4740 dicente
1063 4671 1166 4739 'sibi
1190 4671 1467 4756 episcopo:
1496 4671 1682 4754 Accipe
1713 4691 1760 4737 et
1797 4671 1937 4738 coin-
1959 4671 2014 4730 D
2041 4671 2174 4736 lil'iis'
2197 4671 2300 4756 Dei.
2315 4692 2586 4756 verterunt
2611 4723 2622 4742 .
2653 4683 2720 4756 oi_
2737 4679 2936 4754 ἄγγελοι
2961 4689 3052 4756 τοῦ
3099 4691 3226 4756 erat”;
3245 4723 3260 4747 ,
3294 4671 3624 4756 attgeli'_:Dei,

349 4755 538 4808 menda
571 4757 850 4826 memoriae,
878 4765 924 4809 et
956 4757 1136 4810 habeto
1179 4755 1473 4826 potestatem
1497 4756 1793 4825 imponendi
1825 4770 1938 4826 ma-

351 4841 448 4907 nus
476 4842 632 4908 super
651 4823 1057 4908 energu'menum
1075 4827 1148 4908 (id
1179 4823 1281 4888 est,
1303 4823 1612 4908 agitatpma
1639 4823 1932 4908 daemone),

349 4895 456 4950 sive
485 4894 826 4967 baptizatum,
853 4899 956 4952 sive
980 4894 1416 4952 cate‘chumenuin.
1453 4897 1682 4964 Eratque
1708 4895 1843 4967 adeo
1881 4894 1936 4950 in

351 4981 454 5021 usu
483 4965 612 5023 tunc
631 4969 890 5036 temporis
911 4969 1152 5033 (sicutet
1181 4967 1344 5036 nunc)
1375 4969 1528 5022 istius
1552 4967 1789 5020 muneris
1815 4965 1936 5020 fun-

349 5039 482 5101 ctio,
515 5047 574 5092 ut
603 5038 744 5094 idem
776 5038 1107 5106 Augustinus
1157 5041 1206 5093 in
1261 5039 1546 5108 proverbio
1588 5039 1748 5108 etiam
1779 5051 1935 5108 usur-

353 5111 586 5174 paverit,
611 5105 1275 5165 rel’erensDonatistarum
1308 5109 1358 5162 in
1390 5109 1682 5163 collatione
1707 5105 1936 5162 Cartha-

349 5179 566 5247 ginensi
611 5181 1108 5248 tergiversationes,
1159 5197 1225 5236 ne
1275 5180 1342 5234 ibi
1374 5181 1619 5250 qnmdam
1649 5189 1784 5250 acta,
1817 5193 1936 5244 quae.

349 5265 542 5304 eorum
566 5247 800 5305 schisnta
829 5251 1235 5316 confunderent,
1273 5247 1577 5318 legerentur
1608 5265 1621 5300 :
1655 5247 1699 5300 0
1725 5263 1934 5316 magna,

351 5324 548 5390 inquit.
567 5321 661 5374 sed
683 5337 784 5373 non
809 5321 1039 5372 miranda
1060 5322 1298 5390 confusio
1315 5320 1558 5388 lquando
1576 5319 1709 5390 enim
1735 5319 1937 5372 dwmon

347 5387 438 5442 sic
456 5393 764 5444 exorcistam
785 5391 1008 5454 timeret,
1035 5387 1290 5462 quomodo
1315 5387 1594 5462 timuerunt
1627 5387 1933 5462 Donatistae,

351 5475 418 5512 ne
457 5462 556 5514 ista
587 5462 914 5531 legerentur?
941 5465 1006 5515 At
1033 5461 1102 5516 de
1131 5461 1319 5515 ordine
1351 5469 1406 5515 et
1433 5461 1752 5530 antiquitate
1781 5475 1938 5514 exor-

353 5531 611 5584 eisturum
643 5531 764 5584 vitle
795 5535 944 5600 plura
973 5531 1110 5600 apud
1145 5533 1427 5586 Dat-ouium
1461 5543 1605 5586 tonto
1635 5531 1806 5600 primo
1831 5533 1933 5585 An-

355 5601 557 5672 nalium
587 5601 737 5671 (Sub
761 5617 896 5654 anno
925 5603 1116 5656 Christi
1143 5603 1256 5672 56).

431 5680 454 5708 ³
482 5671 638 5726 Alter
667 5672 860 5743 modus
886 5671 1506 5739 subjicieudi'tlmmoncs
1525 5717 1538 5738 ,
1565 5683 1654 5728 aut
1681 5675 1742 5728 iis
1773 5675 1942 5743 impe-

361 5743 554 5808 randi,
607 5757 774 5818 quetp
826 5742 1058 5818 diximus
1088 5753 1408 5818 potestatem
1451 5745 1790 5808 diabolica"),
1841 5742 1944 5818 qua

353 5821 582 5884 nitimur
611 5811 750 5884 mea!
787 5823 840 5874 at.
873 5815 1096 5884 mandi"!
1131 5857 1140 5880 ς
1189 5816 1490 5898 εξςξιιξιῡὶξεῑῐη
1522 5818 1794 5898 militi“:
1853 5811 1944 5892 ἔξω*

2045 4753 2315 4820 quomodo
2339 4755 2468 4808 citat
2496 4751 2657 4806 etiam
2687 4751 2748 4804 D.
2777 4751 3102 4820 Augustinus
3126 4755 3217 4806 lib.
3249 4769 3340 4808 nv
3368 4751 3437 4807 de
3463 4753 3626 4808 Civit.

2047 4823 2141 4878 Dei
2157 4837 2280 4892 cap.
2303 4825 2395 4880 2'5.
2415 4823 2632 4892 Peperit
2657 4832 2833 4876 autem
2861 4823 2975 4878 haec
3002 4823 3312 4892 angelorum
3337 4823 3628 4890 appellatio

2044 4907 2328 4962 perperam
2371 4895 2542 4964 posita
2586 4895 2847 4946 maximas
2889 4894 3256 4958 difﬁcultates,
3291 4905 3341 4948 et
3367 4896 3417 4946 in
3449 4895 3627 4950 varias

2041 4971 2356 5030 sententias,
2387 4967 2548 5018 immo
2575 4964 2734 5018 etiam
2759 4979 2973 5018 errores
3007 4973 3213 5018 mentes
3245 4964 3518 5018 hominum
3542 4965 3628 5018 di-

2041 5037 2252 5090 straxit.
2285 5037 2514 5100 Quidam
2561 5037 2702 5088 enim
2747 5045 3000 5104 putarunt
3043 5035 3356 5104 angelorum
3406 5037 3624 5091 nomine

2038 5105 2334 5174 signiﬁcari
2379 5109 2598 5175 angelos
2647 5115 2897 5172 sanctos,
2931 5108 3019 5172 qtti
3071 5115 3181 5160 tum
3233 5107 3458 5173 primum
3499 5121 3622 5161 cum

2043 5177 2360 5230 mulieribus
2385 5177 2682 5247 peccarint,
2715 5184 2770 5230 et
2793 5177 2863 5230 ob
2897 5177 2945 5230 id
2979 5193 3007 5230 e
3029 5177 3168 5247 coelo
3192 5177 3392 5232 exclusi
3425 5187 3478 5230 et
3501 5193 3628 5245 pro-

2044 5248 2228 5318 scripti
2259 5245 2402 5318 sint;
2421 5247 2512 5318 Sic
2543 5247 2856 5301 Lactantius
2885 5247 2976 5300 lib.
3011 5263 3047 5301 ιι
3089 5245 3262 5302 Divin.
3299 5247 3470 5300 lit-tit.
3502 5265 3622 5318 cap.

2047 5315 2114 5368 15
2143 5336 2154 5369 :
2187 5317 2335 5382 Cum,
2369 5317 2582 5388 inquitt
2611 5334 2851 5370 numerus
2886 5319 3150 5370 hominum
3193 5319 3421 5388 cmpisset
3460 5315 3627 5371 incre-

2045 5403 2204 5452 scere,
2237 5387 2510 5456 providens
2551 5387 2688 5442 Deus
2719 5405 2780 5440 ne
2825 5387 3090 5457 fraudibus
3121 5389 3225 5442 suis
3255 5387 3511 5452 diabolus,
3543 5391 3628 5442 cui

2047 5459 2108 5512 ab
2131 5459 2280 5512 initio
2299 5469 2444 5514 terra?
2469 5459 2678 5514 dederat
2707 5467 3022 5530 potestatem,
3055 5461 3131 5512 uel
3152 5469 3520 5530 corrumperet,
3551 5470 3629 5512 vet

2047 5531 2362 5598 disperderet
2393 5531 2622 5584 homines
2652 5529 2776 5598 quos
2801 5531 2854 5582 in
2884 5529 3093 5584 exordio
3125 5531 3332 5599 fecerat,
3365 5529 3499 5582 misit
3535 5547 3628 5581 an-

2043 5603 2186 5672 gelos
2232 5603 2299 5654 ad
2349 5601 2561 5656 tutelam
2603 5603 2888 5668 cultumque
2929 5602 3130 5669 generis
3173 5599 3404 5663 humani,
3447 5600 3630 5672 quibus

2047 5671 2288 5742 prmcepit
2327 5685 2445 5724 ante
2494 5673 2664 5724 omnia
2696 5687 2772 5742 ne
2817 5677 2983 5742 terra;
3011 5673 3315 5742 contagione
3355 5671 3626 5742 maculati,

2047 5739 2344 5798 subs-tantur
2366 5743 2576 5796 caelestis
2603 5741 2894 5798 amitterent
2933 5739 3256 5811 dignitatem.
3292 5741 3476 5810 Itaque
3512 5741 3628 5796 illos

2051 5830 2164 5878 rum
2207 5813 2490 5882 hominibus
2519 5821 2888 5878 aommorantes
2919 5812 3214 5868 dominator
3237 5814 3326 5870 ille
3353 5821 3500 5870 terrae
3529 5811 3623 5880 {ali
