4012 6336
331 277 438 340 757

937 273 1278 334 GOLLATIO
1321 271 1454 332 γιιι.
1475 303 1546 316 -
1573 273 1662 330 DE
1703 271 1919 330 PRINCI

2026 269 2234 328 TIBUS
2271 267 2406 327 SEU
2443 257 2985 332 POTESTATIBUS.

3502 271 3614 336 738

331 393 476 458 atavi
501 395 796 460 sanctitate
817 393 970 464 longa
999 401 1161 452 atate
1189 389 1424 456 duravit,
1455 403 1790 462 nequaquam
1812 387 1918 446 sci-
1946 391 2000 452 Α
2023 401 2224 460 genum
2253 383 2543 440 bestiarum
2568 391 2729 454 atque
2753 379 3086 456 serpentium
3117 379 3334 440 furores
3357 381 3616 459 virusque

331 491 458 552 licet
482 487 786 558 sacrilegiis
816 499 880 542 ac
901 484 1102 540 malitia
1143 483 1494 554 nequissima.
1509 480 1675 552 prolis
1701 477 1923 546 inlecta,

331 597 448 656 quae
477 582 532 636 in
563 589 742 638 semet
764 579 1056 650 impietatis
1081 593 1300 650 germen
1329 576 1477 632 velut
1507 583 1532 611 ι
1555 574 1696 640 atavi
1719 573 1740 648 [
1757 574 1922 640 avita,

331 677 408 732 uel
452 673 716 747 antiqua]
749 673 1038 728 traditione
1096 669 1362 726 retinebat
1411 669 1694 730 insertum.
1749 667 1926 721 Donec

333 783 462 840 ergo
490 767 866 840 perseveravit
885 767 1026 822 inter
1055 765 1178 820 illos
1205 763 1584 836 generationes
1613 775 1795 816 eorum
1824 759 1924 814 ista

329 860 614 926 discretio,
647 873 832 916 semen
861 858 990 914 illud
1021 854 1171 922 θεὼ,
1206 865 1392 924 utpote
1415 854 1483 908 de
1509 853 1712 924 optima
1743 850 1926 906 radice

331 953 656 1026 procedens,
684 951 712 990 δ
741 966 840 1022 pro
863 951 1058 1004 merito
1081 947 1414 1010 sanctitatis,
1438 946 1610 1016 angeli
1647 945 1760 1006 Dei,
1787 944 1920 1010 sive,

331 1055 394 1102 ut
417 1045 632 1100 diversa
663 1043 996 1112 exemplaria
1025 1041 1320 1106 continent,
1345 1039 1438 1092 lilii
1463 1038 1558 1094 Dei
1582 1037 1754 1092 vocati
1776 1043 1923 1101 sunt;

331 1149 390 1196 et
417 1139 726 1194 econtrario
767 1137 844 1192 illi
895 1147 1114 1208 propter
1145 1135 1472 1204 impietatem
1507 1132 1590 1186 vel
1640 1145 1790 1186 suam
1839 1131 1924 1186 vel

330 1241 544 1303 patrum
569 1245 788 1284 suorum
817 1237 872 1283 et
893 1241 1058 1296 Opera
1083 1236 1318 1292 terrena,
1353 1225 1446 1279 ﬂlii
1481 1223 1754 1278 hominum
1789 1238 1926 1276 nun-

333 1331 620 1390 cnpantur.
649 1318 782 1374 Cum
811 1328 956 1374 esset
985 1333 1114 1386 ergo
1149 1319 1288 1372 inter
1329 1317 1473 1386 ipsos
1505 1331 1672 1386 usque
1699 1313 1764 1368 ad
1791 1313 1925 1368 illud

331 1425 546 1484 tempus
579 1415 694 1468 haec
719 1413 866 1468 utilis
889 1413 1134 1480 bonaque
1159 1410 1378 1478 divisio,
1396 1407 1638 1464 videntes
1663 1417 1782 1478 post
1809 1407 1925 1462 haec

331 1507 422 1562 lilii
447 1507 604 1570 Seth,
637 1507 724 1576 qui
759 1505 852 1558 ﬁlii
884 1504 976 1560 Dei
999 1513 1171 1570 erant,
1207 1501 1342 1558 tilias
1372 1517 1558 1556 eorum
1589 1501 1679 1572 qui
1701 1500 1768 1555 de
1791 1501 1921 1554 Cain

331 1600 598 1672 progenie
617 1597 1000 1662 nascebantur,
1017 1597 1287 1652 desiderio
1311 1595 1720 1666 pulchritudinis
1739 1610 1922 1650 earum

329 1692 574 1760 accensi,
610 1700 936 1762 acceperunt
965 1689 1180 1746 sibimet
1205 1689 1272 1744 de
1301 1689 1430 1760 ipsis
1463 1703 1677 1754 uxores,
1707 1703 1824 1757 qua:
1845 1687 1926 1741 vi-

2033 475 2401 542 discerneret,
2435 474 2528 530 sed
2560 474 2722 530 etiam
2753 473 2979 530 virtutes
3006 473 3330 544 herbarum,
3364 475 3620 535 arborum

2033 582 2268 640 quoque,
2301 567 2646 640 lapidumque
2676 577 2918 630 naturas,
2953 581 3016 623 ac
3057 575 3363 638 temporum
3391 569 3622 626 necdum

2031 670 2378 730 experturum
2417 659 2809 716 vicissitudines
2841 661 3151 730 partiretur,
3183 647 3261 714 ita
3291 671 3350 716 ut
3385 665 3622 732 potuerit

2031 757 2322 820 efﬁcaciter
2347 757 2530 822 dicere
2558 755 2733 832 (Sap.
2775 775 2848 813 vtt
2875 759 2928 830 ):
2964 755 2992 796 ά
3025 758 3280 816 Dominus
3317 762 3458 816 dedit
3496 763 3626 818 mihi

2032 866 2210 906 eorum
2237 865 2353 922 qua:
2379 859 2521 916 sunt,
2553 851 2818 904 scientiam
2845 867 3039 920 rerum,
3065 861 3122 906 ut
3147 853 3308 906 sciam
3325 854 3628 926 dispositio-

2031 958 2118 996 nes
2143 942 2275 996 orbis
2301 952 2577 1008 terrarum,
2604 951 2652 995 et
2681 944 2888 996 uirtutes
2919 945 3282 998 elementorum
3305 987 3319 1012 ,
3349 945 3552 1000 initium
3577 957 3626 1002 et

2031 1037 2548 1104 consummationem,
2579 1047 2628 1090 et
2669 1037 2989 1091 medietatem
3031 1045 3338 1110 temporum,
3367 1055 3624 1094 annorum

2033 1149 2210 1188 cursus
2250 1141 2298 1186 et
2329 1131 2598 1186 stellarum
2627 1131 3012 1204 dispositiones,
3045 1143 3259 1186 naturas
3290 1133 3621 1201 animalium,

2031 1237 2078 1281 et
2105 1227 2210 1280 iras
2238 1227 2536 1292 bestiarum,
2567 1233 2616 1278 et
2637 1225 2738 1279 vim
2759 1225 3057 1296 spirituum,
3087 1231 3134 1278 et
3167 1227 3502 1298 cogitationes
3532 1227 3626 1281 ho-

2030 1319 2248 1381 minum,
2291 1317 2614 1386 differentias
2662 1318 2930 1386 arborum,
2973 1329 3020 1372 et
3049 1318 3258 1372 uirtutes
3285 1319 3535 1384 radicum,
3576 1326 3624 1372 et

2031 1430 2146 1484 qua:
2167 1423 2286 1468 sunt
2314 1411 2614 1466 abscondita
2637 1419 2684 1464 et
2715 1413 2768 1466 in
2797 1421 3036 1482 promptu
3059 1413 3286 1482 cognovi.
3321 1413 3471 1466 Hanc
3492 1425 3622 1486 ergo

2031 1504 2315 1560 scientiam
2341 1504 2584 1559 omnium
2603 1513 2918 1558 naturarum
2943 1517 3036 1572 per
3057 1503 3428 1557 successiones
3453 1517 3622 1572 gene-

2037 1598 2310 1652 rationum
2340 1610 2525 1652 semen
2563 1595 2694 1650 Seth
2727 1603 2949 1664 paterna
2983 1593 3269 1649 traditione
3299 1594 3621 1662 suscipiens,

2031 1691 2206 1748 donec
2259 1692 2491 1746 divisum
2537 1705 2566 1744 a
2633 1689 2891 1760 sacrilega
2939 1687 3234 1758 propagine
3285 1687 3620 1758 perduravit,

330 1785 408 1842 ris
443 1785 564 1840 suis
613 1781 962 1838 infundentes
1003 1781 1267 1851 nequitias
1321 1789 1529 1852 patrum
1570 1795 1825 1850 suorum,
1859 1782 1928 1834 ab
1959 1779 2008 1840 B
2035 1781 2486 1854 quemadmodum
2537 1789 2724 1836 sancte
2765 1787 3101 1850 perceperat,
3131 1781 3204 1834 ita
3251 1779 3416 1834 etiam
3441 1779 3526 1834 vel
3555 1777 3624 1832 ad

327 1881 419 1936 illa
469 1893 564 1934 eos
597 1877 834 1950 ingenita
883 1877 1168 1932 sanctitate
1216 1891 1280 1930 ac
1318 1877 1662 1946 simplicitate
1701 1885 1922 1946 paterna

329 1975 580 2044 protinus
597 1981 975 2042 corruperunt.
993 1970 1074 2026 Ad
1095 1985 1230 2041 quos
1257 1971 1386 2026 satis
1417 1985 1648 2041 congrue
1662 1970 1922 2027 directum

335 2077 418 2124 est
449 2065 578 2120 itlud
603 2066 874 2134 eloquium
907 2062 1095 2132 (Psal.
1127 2063 1352 2134 unt):
1387 2063 1496 2136 Ego
1524 2063 1656 2126 dixi,
1688 2063 1920 2127 diiestis,

329 2168 373 2212 et
405 2155 509 2224 ﬁlii
543 2155 746 2210 Excelsi
771 2171 964 2210 omnes.
1011 2154 1108 2208 Vos
1137 2165 1306 2208 autent
1329 2155 1456 2208 sicut
1489 2155 1714 2207 homines
1739 2155 1926 2206 morie-

329 2248 482 2314 mini,
507 2257 556 2300 et
577 2247 710 2301 sicut
733 2261 868 2299 unus
895 2247 956 2298 de
981 2245 1298 2316 principibus
1327 2247 1539 2300 cadetis.
1569 2246 1778 2314 Quique
1804 2256 1824 2282 ε
1854 2245 1924 2301 ab

328 2338 416 2392 illa
455 2353 581 2392 vera
615 2337 854 2410 physica:
885 2335 1238 2408 philosoriltia:
1279 2337 1558 2406 disciplina
1593 2337 1784 2391 tradita
1822 2337 1922 2392 sibi

328 2446 357 2484 a
391 2430 696 2499 majoribus
723 2429 1062 2494 exciderunt,
1093 2444 1252 2498 quam
1279 2430 1480 2498 primus
1512 2430 1668 2484 honto
1697 2429 1806 2496 ille,
1831 2429 1924 2498 qui

325 2523 708 2578 universarum
738 2529 1048 2576 naturarum
1079 2521 1474 2576 institutionem
1501 2521 1766 2590 evestigio
1789 2521 1920 2576 sub—

325 2623 552 2669 secutus
583 2625 686 2680 est,
721 2613 888 2680 potuit
918 2611 1196 2668 evidenter
1226 2613 1515 2683 attingere,
1565 2615 1785 2683 suisque
1825 2627 1922 2682 po-

327 2709 492 2762 steris
534 2713 682 2758 certa
716 2704 928 2759 ratione
970 2703 1355 2760 transmittere.
1391 2705 1598 2774 Quippe
1626 2705 1713 2773 qui
1742 2705 1922 2758 muntli

330 2797 504 2868 ipsius
557 2795 838 2852 infantiam
889 2796 1066 2852 adhuc
1113 2805 1376 2866 teneram,
1425 2808 1480 2852 et
1527 2797 1923 2868 quodammodo

330 2893 690 2962 palpitantem
721 2891 1016 2959 rudemque
1041 2901 1422 2956 conspexerat,
1441 2897 1496 2946 et
1521 2891 1574 2944 in
1591 2906 1750 2960 quem
1777 2899 1924 2944 tanta

327 2983 427 3040 fuit
459 2999 570 3037 non
603 2985 776 3036 solum
803 2982 1080 3052 sapientim
1111 2983 1408 3052 plenitudo,
1433 2984 1526 3038 sed
1560 2983 1718 3038 etiam
1750 2984 1922 3056 gratia

329 3075 658 3148 prophetizr,
683 3075 864 3130 divina
896 3077 982 3130 illa
1017 3077 1380 3131 insulllatione
1412 3077 1698 3142 transfusa,
1723 3089 1778 3132 ut
1805 3079 1924 3132 uni-

2030 1876 2125 1930 Dei
2158 1875 2384 1944 cultum,
2416 1875 2502 1929 vel
2551 1873 2616 1928 ad
2663 1873 2945 1928 utilitatem
2981 1874 3104 1926 vita:
3133 1873 3434 1928 communis
3467 1888 3625 1930 exer-

2030 1969 2158 2026 cuit.
2185 1967 2318 2023 Cum
2346 1983 2472 2024 vero
2500 1967 2690 2022 luisset
2712 1967 2887 2037 impia:
2911 1966 3242 2038 generationi
3271 1967 3620 2038 permixtum,

2030 2061 2096 2116 ad
2129 2075 2215 2116 res
2239 2059 2490 2132 profanas
2511 2075 2571 2114 ac
2592 2059 2784 2114 noxias
2806 2074 2926 2128 qum
2951 2059 3036 2130 pie
3057 2057 3340 2122 didicerat,
3367 2057 3621 2112 inStinctu

2029 2167 2240 2222 quoque
2294 2152 2599 2206 daemonum
2645 2149 2930 2218 derivavit,
2977 2158 3000 2186 ο
3051 2149 3400 2220 curiosasque
3447 2164 3512 2202 ex
3559 2163 3620 2202 ea

2030 2243 2418 2298 maleliciorunt
2449 2251 2593 2298 artes
2620 2253 2780 2314 atque
2817 2241 3120 2312 prmstigias
3169 2256 3233 2296 ac
3263 2242 3498 2312 magicas
3525 2253 3620 2294 su-

2029 2346 2374 2417 perstitiones
2396 2344 2650 2400 audacter
2671 2345 2926 2408 instituit,
2952 2343 3156 2398 docens
3189 2349 3442 2412 posteros
3465 2353 3616 2404 suos,

2028 2458 2087 2504 ut
2109 2461 2264 2503 sacro
2289 2447 2382 2502 illo
2409 2447 2554 2502 cultu
2584 2445 2748 2502 divini
2791 2445 3027 2500 nominis
3061 2443 3320 2500 derelicto
3341 2485 3355 2510 ,
3389 2441 3474 2496 vel
3505 2441 3618 2497 ele-

2028 2559 2209 2604 menta
2255 2548 2390 2616 haec,
2423 2549 2508 2602 vel
2557 2547 2756 2618 ignem,
2789 2547 2872 2602 vel
2924 2559 3110 2600 aereos
3149 2545 3426 2599 daemones
3451 2557 3620 2599 vene-

2027 2663 2278 2708 rarentur
2306 2657 2362 2706 et
2404 2650 2666 2706 colerent.
2701 2648 2832 2704 llazc
2861 2647 3024 2718 igitur
3052 2661 3212 2716 quam
3257 2643 3492 2700 diximus
3516 2658 3617 2698 ett-

2027 2757 2294 2810 riosarum
2324 2767 2504 2808 rerum
2539 2751 2724 2806 nutitia
2769 2748 3042 2820 quomodo
3065 2747 3116 2800 in
3147 2747 3351 2801 diluvio
3379 2760 3488 2802 non
3521 2759 3617 2814 pe—

2025 2855 2201 2922 rierit,
2231 2869 2294 2910 ac
2331 2851 2844 2924 supervenientibus
2880 2849 3094 2904 saeculis
3131 2847 3458 2912 innotuerit,
3491 2845 3616 2902 licet

2027 2959 2132 3014 hoc
2159 2957 2382 3012 minime
2397 2955 2670 3012 absolutio
2691 2953 2984 3024 proposita:
2999 2949 3314 3020 quaestionis
3338 2955 3612 3016 exposcat,

2027 3069 2208 3116 tamen
2239 3057 2360 3128 quia
2387 3071 2486 3112 nos
2509 3056 2724 3112 occasio
2747 3055 2910 3126 hujus
2937 3053 3290 3122 expositionis
3314 3051 3672 3120 admonuit,"1

329 3143 510 3224 versis
535 3169 903 3223 animantibus
929 3170 1146 3224 nomina
1177 3171 1322 3226 rudis
1353 3170 1528 3226 adhuc
1551 3171 1732 3225 mundi
1759 3172 1918 3242 hujus
1945 3153 1991 3217 C
2025 3159 2498 3232 perstringendum
2531 3145 2766 3214 breviter
2795 3165 2944 3227 puto.
2976 3155 3250 3222 Quantum
3279 3155 3458 3226 itaque
3477 3154 3620 3210 anti-

327 3259 600 3316 habitator
625 3263 926 3331 imponeret
953 3265 972 3334 (
1000 3261 1182 3316 Cenes.
1207 3263 1294 3334 lt),
1324 3279 1386 3318 ac
1415 3277 1519 3318 non
1549 3263 1721 3318 solum
1746 3267 1921 3320 omni-

2025 3281 2146 3334 quu:
2181 3263 2500 3316 traditiones
2543 3260 2744 3328 fet'unt,
2779 3257 2798 3296 ί
2831 3257 2998 3312 Cham
3048 3258 3188 3312 illius
3233 3257 3370 3324 Noe,
3399 3255 3492 3328 qui
3520 3271 3614 3314 su-

1395 3355 1650 3410 ALARDI
1692 3357 1926 3413 GAZA‘II
1965 3354 2533 3414 COMMENTARIUS.

400 3445 612 3516 FAtavi
645 3444 866 3500 nomine
887 3445 1099 3502 videtur
1120 3447 1294 3516 ipsum
1323 3446 1554 3502 Caluum
1587 3449 1913 3516 intelligere,

327 3515 484 3580 cuius
525 3515 892 3584 genealogiam
936 3517 1096 3586 paulo
1123 3515 1376 3582 superius
1409 3521 1678 3584 expressit
1707 3537 1720 3572 :
1750 3515 1916 3586 aquo

328 3587 442 3653 eius
478 3587 686 3654 posteri
715 3589 1044 3655 impietatem
1078 3599 1132 3642 et
1159 3588 1538 3650 idololatriam,
1563 3591 1712 3642 velut.
1745 3589 1919 3644 Inera—

328 3656 584 3730 ditat-ium
606 3671 996 3730 susceperunt.
1041 3659 1268 3725 Quidam
1317 3673 1448 3717 mss.
1495 3675 1616 3716 cum
1660 3660 1917 3730 Dionysio

327 3727 518 3796 legunt
546 3747 556 3780 :
605 3726 756 3782 Velut
783 3730 998 3794 atuiqua
1027 3731 1322 3784 traditione.
1355 3731 1458 3785 Alii
1491 3745 1644 3792 vero,
1669 3726 1918 3797 quasse-

328 3809 498 3924 Eutusl
527 3797 850 3881 Plautinus:
891 3801 1048 3856 Velut
1087 3803 1222 3856 auita
1269 3801 1564 3866 traditione,
1607 3809 1666 3856 ut
1713 3802 1920 3858 notavit

374 3884 476 3924 uvc
505 3885 627 3924 nus.

374 3884 627 3940 uycntus.

396 3939 423 3977 Β
449 3940 668 4012 solutio
693 3941 888 4012 prioris
910 3942 1226 4008 quaestionis
1250 3957 1276 4012 a
1303 3941 1572 4000 Germano
1588 3943 1914 4012 propositae:

326 4007 464 4082 Cum
507 4011 564 4064 in
603 4007 796 4068 Genesi
829 4007 1026 4066 dicitur
1067 4013 1209 4068 ﬁlios
1247 4011 1342 4068 Dei
1383 4007 1656 4082 ingressos
1683 4007 1750 4070 ad
1781 4015 1918 4070 tilias

329 4079 636 4158 hominum,
671 4085 900 4158 illasque
929 4083 1182 4158 genuisse
1211 4079 1489 4158 gigantes,
1519 4097 1918 4158 nonioportere

329 4151 492 4232 itide
535 4153 746 4232 angelis
784 4151 1096 4232 sire__bonis
1135 4158 1250 4208 sive
1272 4151 1916 4232 lma‘lisintelligiqnasi

329 4223 778 4296 illi_conc_ttbit-urn
803 4225 1092 4280 mulierum
1113 4225 1441 4296 appetierint
1467 4235 1522 4282 et
1546 4223 1754 4296 experti
1777 4223 1913 4293 sint;

325 4293 424 4366 sed
451 4293 526 4348 de
554 4293 704 4366 ﬁliis,
737 4311 832 4350 seu
864 4297 1098 4358 posteris
1125 4295 1292 4360 Sezh;
1331 4296 1422 4366 qui
1462 4293 1713 4352 dicuntur
1742 4301 1916 4366 angeli

329 4361 444 4444 Dei,
478 4365 783 4446 velnpotius
807 4367 898 4420 lilii
931 4367 1046 4428 Dei,
1081 4371 1202 4436 quia
1231 4367 1296 4422 ad
1333 4361 1460 4424 illud
1493 4361 1916 4446 usqueutenipus

329 4385 444 4430 uel,
478 4385 566 4417 vet
597 4385 774 4430 ponus
807 4385 898 4420 nm
931 4385 1046 4428 uel,
1081 4385 1202 4436 quia
1231 4385 1296 4422 au
1333 4385 1460 4424 ιιιυο
1503 4385 1674 4436 usque
1708 4385 1810 4424 ten:
1855 4385 1916 4422 us

327 4433 382 4488 in
407 4435 528 4489 veri
559 4433 656 4488 Dei
697 4437 846 4490 culttt
876 4447 1382 4503 perseveraverant;
1415 4439 1502 4504 qui
1545 4440 1610 4494 ad
1645 4439 1782 4494 filias
1819 4385 1918 4494 iiu-

329 4504 538 4588 tttinum
577 4505 824 4588 ingressi
859 4507 1232 4588 perhibentur,
1281 4509 1502 4577 quando.
1541 4524 1662 4564 cum
1705 4511 1917 4588 ﬁliabus

329 4574 458 4654 pain
503 4574 952 4654 consuetudinem
989 4578 1192 4654 habere
1223 4574 1527 4654 creperum,
1571 4597 1770 4654 easque
1811 4581 1915 4634 sibi

329 4647 382 4698 in
429 4647 744 4720 conjngiunt
799 4657 854 4704 et
900 4649 1150 4714 copulam
1199 4651 1524 4704 asciverunt.
1583 4647 1694 4706 Sed
1733 4667 1916 4720 operte

329 4719 562 4783 pretium
591 4719 803 4774 videtur
847 4719 911 4774 D.
957 4721 1312 4788 Augustinum
1357 4722 1425 4776 de
1469 4721 1552 4776 bis
1585 4719 1836 4778 subtilius
1861 4731 1916 4777 et

327 4787 638 4862 accuratius
663 4790 854 4862 audire
878 4791 1238 4862 disserentem
1267 4791 1405 4862 (Lib.
1440 4807 1507 4846 xv
1534 4795 1596 4848 de
1624 4793 1770 4848 Cavit.
1799 4811 1914 4862 cap.

328 4855 421 4926 25)
455 4877 467 4910 :
505 4857 627 4934 Non
655 4859 874 4934 illosgita
903 4861 1062 4930 fuisse
1091 4855 1304 4934 angelos
1328 4863 1444 4934 Dei,
1475 4875 1530 4916 ut
1559 4867 1784 4920 homines
1817 4855 1920 4919 non

327 4937 516 5002 essent,
547 4929 682 5002 sicut
707 4929 916 4999 quidam
945 4929 1181 4998 putantf
1199 4933 1289 4986 sed
1315 4931 1550 4989 homines
1581 4935 1920 5002 proculdubio

327 4998 512 5076 (uisse,
555 4998 827 5076 Scriptura
868 5003 980 5070 ipsa
1025 5003 1133 5058 sine
1161 5005 1272 5058 ulla
1302 4998 1636 5076 ambiguitate
1661 5008 1915 5063 declarat.

329 5067 466 5146 tium
484 5072 620 5126 enim
650 5067 966 5146 praemissum
995 5081 1124 5128 esset
1152 5077 1290 5142 quod
1321 5067 1544 5130 uidentes
1587 5079 1758 5146 angeli
1779 5078 1916 5145 ﬁlias

327 5139 612 5215 hominum,
645 5139 766 5210 quia
791 5143 936 5215 home
963 5153 1100 5209 sum,
1133 5139 1456 5215 sumpserunt
1499 5147 1595 5200 sibi
1633 5139 1818 5202 uirores
1855 5166 1919 5204 ea:

329 5213 588 5286 amnibus,
613 5229 742 5286 quas
769 5213 1060 5286 elegerant;
1087 5231 1208 5268 mea:
1225 5213 1528 5286 adjunctum
1547 5227 1618 5272 est
1648 5235 1666 5272 :
1697 5217 1760 5272 Et
1787 5219 1916 5272 dixit

325 5277 580 5360 Dominus
599 5281 758 5360 Deus
787 5299 806 5336 :
843 5277 959 5338 Non
989 5277 1305 5354 permanebii
1329 5291 1538 5358 spiritus
1567 5305 1707 5342 meus
1735 5291 1786 5342 in
1817 5291 1912 5344 ho-

325 5355 546 5430 rninibus
589 5355 668 5406 his
688 5355 1044 5430 iureternunt.
1082 5367 1286 5422 propter
1311 5355 1447 5426 quod
1477 5377 1594 5412 cura
1619 5371 1754 5414 sunt.
1789 5363 1912 5429 Spi-

323 5425 422 5499 ritu
455 5425 644 5499 quippe
675 5425 768 5499 Dei
799 5426 1000 5499 fuerunt
1033 5430 1154 5494 farti
1183 5425 1350 5494 angeli
1387 5433 1501 5496 Dei,
1549 5443 1594 5484 ct
1636 5431 1732 5499 lilii
1779 5425 1916 5494 alii;

325 5493 416 5546 sed
445 5495 758 5549 declinando
799 5493 866 5550 ad
907 5493 1150 5566 inferiora
1181 5493 1410 5554 ltomincs
1439 5493 1680 5554 dicuntur
1711 5493 1913 5556 nomine

325 5575 544 5644 untur-ce,
587 5583 690 5644 non
733 5569 910 5644 gratim
922 5587 944 5644 ς
973 5571 1214 5644 dicuntur
1240 5583 1284 5623 et
1313 5589 1456 5636 curo,
1499 5573 1778 5628 desertores
1807 5577 1914 5642 spi-

325 5639 476 5712 ritus,
508 5649 554 5689 et
585 5639 870 5692 deserendo
895 5641 1103 5712 deserti.
1139 5639 1202 5694 Et
1231 5645 1552 5712 septuaginta
1581 5647 1786 5712 quidem
1817 5639 1911 5698 In-

327 5710 576 5782 terpretes
600 5719 648 5782 et
678 5715 883 5781 angelos
921 5709 1018 5764 Dei
1057 5709 1294 5766 dixerunt
1325 5709 1470 5782 istos,
1501 5725 1548 5770 et
1595 5709 1738 5782 ﬁlios
1779 5715 1910 5780 Dei,-

329 5777 462 5838 σασα
491 5779 696 5840 quidem
725 5777 826 5834 non
855 5797 1030 5838 omnes
1057 5782 1254 5838 codices
1278 5777 1468 5840 habent
1505 5801 1524 5842 :
1553 5777 1670 5842 nam
1700 5777 1910 5856 quidam

1942 4757 1998 4818 D

2023 3467 2128 3504 non
2153 3449 2254 3504 nisi
2283 3449 2420 3516 ﬁlios
2451 3447 2548 3501 Dei
2588 3447 2794 3502 habent.
2827 3447 3016 3517 Aquila
3043 3454 3234 3510 autem,
3275 3462 3428 3512 quem
3453 3446 3615 3502 inter-

2021 3529 2222 3590 pretem
2253 3519 2428 3590 Judati
2469 3521 2660 3572 ueteris
2681 3527 3042 3590 anteponunt,
3087 3534 3188 3570 non
3233 3517 3444 3590 angelos
3497 3517 3614 3582 Dei,

2021 3587 2114 3642 nec
2165 3589 2301 3658 ﬁlios
2355 3589 2470 3652 Dei,
2525 3591 2615 3642 sed
2661 3587 2797 3656 ﬁlios
2825 3587 3064 3658 deorum
3113 3587 3470 3658 interpretatus
3517 3599 3611 3642 est.

2027 3659 2308 3730 Utrumque
2355 3667 2524 3714 autem
2567 3675 2741 3714 verum
2787 3669 2878 3712 est.
2929 3657 3070 3712 Nam
3099 3665 3150 3712 et
3179 3658 3276 3726 ﬁlii
3317 3657 3414 3710 Dei
3442 3669 3608 3724 erant,

2021 3731 2114 3784 sub
2143 3747 2244 3802 quo
2273 3741 2416 3798 patre
2444 3745 2658 3784 suorum
2689 3739 2900 3802 patrum
2927 3731 3082 3802 etiam
3121 3730 3307 3799 fratres
3349 3737 3538 3802 erant;
3567 3737 3614 3781 et

2021 3802 2122 3870 filii
2159 3803 2394 3862 deorum,
2437 3801 2743 3870 quoniama
2772 3801 2872 3854 diis
2900 3801 3060 3870 geniti
3087 3809 3397 3870 eranthnm
3427 3801 3613 3865 quibus

2017 3869 2172 3930 etiam
2199 3875 2298 3944 ipsi
2329 3874 2403 3926 dii
2409 3869 2597 3944 erant,
2619 3873 2778 3938 juxta
2803 3869 2934 3926 illud
2963 3871 3162 3944 Psalmi
3187 3886 3204 3928 :
3231 3869 3497 3944 Egodixi,
3527 3870 3612 3922 Dii

2021 3947 2162 4008 estis,
2193 3941 2241 3998 et
2275 3944 2370 4010 ﬁlii
2401 3942 2608 3996 Επειεὶ
2639 3959 2840 4009 omnes;
2859 3944 3042 3998 merito
3073 3943 3208 3996 enim
3233 3941 3610 4012 creditursep-

2021 4015 2254 4082 tuaginta
2301 4013 2619 4084 lnterpretes
2661 4015 2916 4082 accepisse
2956 4011 3606 4085 propheticumspiritum,

2020 4093 2078 4142 ut
2105 4081 2150 4140 si
2179 4086 2303 4155 quid
2335 4081 3082 4158 ejusauctoritatemutarent,
3111 4093 3260 4152 atque
3285 4081 3434 4158 aliter
3455 4098 3612 4158 quam

2019 4167 2152 4219 erat,
2191 4153 2330 4226 quod
2354 4153 2854 4223 interpretabantur,
2889 4158 3135 4218 dicerent,
3169 4169 3330 4226 neque
3359 4156 3452 4226 hoc
3480 4153 3616 4226 divi-

2021 4229 2158 4284 nitus
2189 4222 2294 4282 esse
2323 4222 2518 4280 dictant
2539 4227 2896 4292 dubitaretur;
2925 4227 3152 4290 quanwis
3183 4227 3277 4278 hoc
3307 4225 3359 4276 in
3393 4222 3608 4276 llcbrtro

2021 4313 2130 4355 esse
2179 4299 2505 4364 perhibeatur
2543 4299 2869 4368 ambiguum;
2919 4307 2972 4352 ut
3017 4307 3064 4350 et
3106 4295 3204 4368 ﬁlii
3255 4293 3370 4368 Dei,
3421 4305 3474 4368 et
3509 4294 3612 4358 ﬁlii

2021 4369 2230 4422 deorum
2257 4379 2424 4438 posset
2453 4364 2796 4436 interpretari.
2834 4364 3114 4423 Hactenus
3143 4367 3206 4422 1).
3251 4364 3606 4438 Augustinus.

2095 4449 2117 4476 ο
2149 4438 2203 4492 ld
2235 4435 2338 4502 est,
2375 4435 2606 4506 perlecta
2639 4453 2824 4492 rerum
2855 4439 3180 4496 naturalium
3210 4435 3542 4505 cognitione.

2091 4506 2117 4546 ἀ
2151 4509 2277 4562 υωο
2309 4510 2376 4562 de
2403 4509 2584 4576 seipse
2621 4509 2876 4577 praedicat
2907 4508 3164 4562 Salomon
3197 4523 3292 4562 rex
3321 4507 3608 4575 sapientis-

2019 4581 2207 4638 simus.
2242 4579 2336 4634 Dei
2375 4579 2696 4634 beneﬁcium
2729 4579 3004 4647 singulare
3034 4579 3133 4632 sibi
3165 4579 3418 4634 collatum
3451 4591 3604 4630 com-

2019 4663 2360 4714 memonans;
2411 4665 2529 4716 qua:
2575 4649 2661 4703 hic
2709 4649 2913 4703 Auctor
2961 4649 3170 4704 Adamn
3211 4649 3601 4702 accommodat.

2020 4719 2154 4774 Uter
2193 4735 2323 4774 vero
2367 4719 2664 4789 sapientior
2707 4720 2900 4786 luerit,
2964 4729 3018 4775 et
3063 4720 3177 4772 haec
3216 4719 3390 4789 verba
3423 4717 3605 4789 verius

2021 4805 2284 4861 usurpare
2313 4803 2398 4861 pot
2411 4787 2572 4854 derit,
2603 4791 2842 4848 Adamus
2887 4805 2952 4845 an
2999 4789 3278 4861 Salomon,
3309 4787 3432 4861 vide
3462 4787 3606 4861 apud

2021 4859 2426 4918 Pere'rium'lib.
2461 4877 2514 4918 tv
2541 4862 3060 4918 Commentariorum
3090 4862 3142 4914 in
3171 4860 3428 4915 Genesim
3460 4875 3510 4926 q.
3548 4859 3602 4914 5.

2097 4943 2120 4969 θ
2151 4933 2284 4988 l‘linc
2311 4933 2434 4988 libri
2459 4935 2792 4990 curiosorum
2819 4933 3014 4988 artium
3037 4929 3186 4986 dicti.
3213 4929 3400 4984 Grazeo
3429 4938 3599 4996 textu,

2019 5005 2188 5082 βιϐᾎοὶ
2229 5008 2508 5082 περίεργοι.
2557 5006 2608 5058 id
2654 5013 2762 5082 est,
2817 5003 2932 5082 libri
2975 5003 3186 5082 curiasi,
3221 5001 3288 5055 de
3327 5001 3520 5082 quibus
3551 4999 3604 5082 in

2018 5071 2168 5130 Actis
2215 5071 2597 5144 Apostolorum
2646 5073 2794 5146 (Cap.
2847 5075 2927 5144 rx)
2981 5075 3176 5143 legitur
3221 5073 3386 5146 quod,
3439 5071 3604 5146 Paulo

2019 5146 2162 5208 apud
2193 5142 2464 5216 Ephesum
2497 5142 2762 5202 daemonia
2797 5161 2862 5202 ex
2891 5142 3126 5200 Obsessis
3155 5143 3478 5216 corporibus
3505 5142 3604 5210 eji-

2019 5219 2220 5284 ciente,
2240 5213 2406 5272 multi
2431 5233 2494 5272 ea:
2514 5219 2593 5272 his
2617 5219 2706 5288 qui
2733 5219 2938 5284 [nerant
2959 5217 3162 5270 curiosa
3183 5213 3462 5288 sectati,_id
3496 5222 3601 5278 est,

2021 5291 2110 5356 qui
2143 5291 2386 5343 curiosas
2417 5301 2560 5344 artes
2589 5283 2964 5352 eitircuerant,
2999 5291 3318 5340 contulerunt
3349 5283 3522 5340 libros.
3556 5293 3604 5336 et

2021 5355 2404 5414 combusscrnnt
2447 5377 2620 5414 corum
2665 5359 2917 5416 omnibus.
2973 5367 3020 5412 et
3071 5360 3378 5424 computatis
3433 5355 3604 5420 pretiis

2015 5447 2212 5494 eorum,
2243 5433 2540 5486 invenerunt
2569 5433 2832 5500 pecuniam
2875 5429 3204 5482 denariorum
3234 5429 3604 5498 quinquaginta

2013 5503 2256 5558 millium.

2089 5572 2108 5610 ί
2141 5575 2399 5638 Uhatnus,
2445 5573 2534 5642 qui
2565 5581 2618 5626 et
2659 5571 2977 5630 Zoroastes.
3009 5571 3090 5626 vel
3124 5569 3378 5624 Zoraster
3427 5568 3600 5622 dictus

2011 5655 2119 5714 est,
2164 5649 2388 5714 Ittagitrm
2433 5647 2562 5698 artis
2609 5647 2856 5696 inventor
2895 5655 2942 5694 et
2989 5654 3310 5714 propagator
3341 5643 3598 5714 (lautumiis

2011 5712 2272 5770 instinctu
2303 5725 2355 5770 et
2387 5715 2729 5785 magisterio;
2765 5715 2832 5768 de
2861 5729 2967 5782 quo
3009 5713 3072 5766 Ι).
3118 5715 3364 5768 Clemens
3408 5712 3498 5764 lih.
3547 5726 3598 5764 tv

2013 5787 2317 5856 llecognit..
2375 5788 2461 5842 ubi
2517 5789 2584 5841 de
2632 5785 2836 5856 angelis
2879 5785 3381 5856 praevaricatoribus
3431 5793 3598 5854 agens
