4012 6336
479 269 595 333 ’159

1524 263 1805 322 JOANNIS
1846 261 2161 319 CASSIANI
2198 258 2687 347 COLLATlONES.

2352 190 2404 200 -ν-

3625 267 3727 330 760

482 390 894 466 perstitionibus
916 398 1034 445 istis
1057 396 1111 444 et
1135 382 1413 455 sacrilegis
1440 381 1543 436 luit
1567 381 1778 436 artibus
1806 392 1869 434 ac
1893 378 2071 449 prolao
2098 379 2155 441 Α
2177 374 2527 432 mundatione
2555 374 2745 466 diluvii
2775 375 2908 431 alias
2936 375 3168 431 mundus
3194 375 3401 447 expiari
3422 391 3522 435 non
3544 394 3727 452 posset,

491 488 567 543 ais
594 486 845 551 inlectus,
876 484 1056 540 sciens
1093 477 1295 534 nullum
1348 490 1409 531 se
1448 488 1606 545 posse
1642 486 1809 543 super
1840 468 1923 525 bis
1952 484 2067 525 me-

479 578 769 636 morialem
816 575 1016 630 librum
1045 572 1096 626 in
1128 584 1308 625 arcam
1347 582 1569 639 prorsus
1611 565 1830 628 inferre,
1872 563 1926 619 in
1965 577 2071 634 qua

402 714 431 735 η
479 680 601 729 erat
630 684 733 723 una
764 681 887 722 cum
916 674 1075 735 patre
1120 661 1268 732 justo
1316 674 1379 715 ac
1429 658 1633 714 sanctis
1683 655 1938 712 fratribus
1982 656 2070 710 in-

398 767 415 783 ”
479 779 784 836 gressurus,
819 771 845 799 ⁸
873 760 1134 817 scelestas
1155 763 1301 811 artes
1320 769 1385 809 ac
1415 753 1639 823 profana
1659 760 1965 807 commenta
1991 748 2072 804 di-

386 846 447 928 ζῇ)
482 872 764 913 versorum
798 852 1137 910 metallorum
1166 849 1402 912 laminis,
1434 861 1553 917 qua:
1572 845 1781 902 scilicet
1810 858 2073 916 aquarum

399 926 445 955 δ”
483 948 839 1006 inundatione
864 944 1139 1013 corrumpi
1166 958 1274 997 non
1307 946 1555 1011 possent,
1589 945 1644 993 et
1665 936 1970 992 durissimis
1998 935 2075 990 la-

482 1041 702 1113 pidibus
727 1039 1028 1108 insculpsit.
1061 1037 1213 1106 Quae,
1245 1036 1447 1093 diluvio
1472 1045 1713 1107 peracto,
1752 1035 1940 1091 eadem
1971 1048 2077 1106 qua

484 1133 759 1189 celaverat
797 1130 1112 1187 curiositate
1157 1130 1509 1199 perquirens,
1560 1127 1964 1199 sacrilegiorum
2017 1141 2079 1182 ac

485 1235 766 1296 perpetuae
795 1223 1048 1293 nequitiae
1095 1222 1445 1278 seminarium
1494 1222 1793 1277 transmisit
1818 1222 1871 1275 in
1902 1228 2076 1291 poste-

485 1330 605 1374 ros.
642 1316 752 1371 llac
780 1316 961 1385 itaque
984 1315 1192 1369 ratione
1219 1314 1310 1368 illa
1331 1314 1515 1383 opinio
1536 1313 1701 1383 vulgi,
1726 1328 1829 1383 qua
1853 1312 2079 1366 credunt

488 1410 712 1480 angelos
761 1411 849 1463 vel
896 1407 1162 1462 maleﬁcia
1188 1406 1273 1461 vel
1312 1405 1558 1461 diversas
1590 1414 1737 1461 artes
1771 1404 2081 1460 hominibus

488 1504 799 1569 tradidisse,
834 1502 889 1557 in
917 1502 1147 1557 veritate
1173 1500 1437 1570 completa
1468 1508 1570 1555 est.
1604 1496 1632 1536 δ
1677 1498 1755 1554 De
1779 1498 1890 1553 illis
1928 1511 2079 1567 ergo,

490 1596 951 1668 quemadmodum
982 1595 1243 1661 diximus,
1276 1592 1404 1648 ﬁliis
1446 1591 1580 1648 Seth
1606 1600 1660 1647 et
1691 1590 1902 1646 ﬁliabus
1926 1588 2080 1655 Cain,

492 1691 787 1762 nequiores
817 1689 916 1744 ﬁlii
963 1688 1229 1759 procreati
1259 1695 1405 1753 sunt,
1436 1687 1525 1757 qui
1558 1685 1774 1741 fuerunt
1821 1684 2084 1740 robustis-

2177 468 2255 525 lta
2284 483 2413 539 ergo
2440 466 2569 522 ﬁliis
2596 465 2727 524 Setb
2756 467 2996 523 libidinis
3025 469 3366 540 instigatione
3409 479 3730 545 transgressis

2173 561 2310 617 illud
2358 560 2674 616 mandatum
2722 561 2863 631 quod
2894 562 2962 617 ab
2991 562 3222 618 exordio
3256 563 3440 619 mundi
3469 564 3617 635 hujus
3645 584 3731 625 na-
3776 555 3790 619 ι

2176 655 2332 711 turali
2363 655 2622 710 instinctu
2643 654 2945 710 diutissime
2965 653 3143 711 fuerat
3167 657 3515 727 custoditum,
3531 675 3733 720 necesse

2180 749 2282 805 fuit
2307 763 2404 820 per
2424 748 2660 803 litteram
2704 748 2839 819 legis
2867 760 3051 817 postea
3080 750 3316 819 reparari
3347 765 3363 805 :
3397 748 3582 805 Filiam
3609 764 3734 809 tuam

2175 859 2280 897 non
2308 842 2456 897 dabis
2481 843 2594 912 ﬁlio
2620 846 2732 914 ejus
2762 858 3000 908 uxorem,
3030 857 3123 895 nec
3144 843 3206 897 de
3231 843 3441 913 ﬁliabus
3465 860 3630 898 eorum
3656 863 3735 900 ac-

2177 936 2334 1004 cipies
2362 934 2472 1004 [ilio
2494 942 2603 999 tuo,
2634 934 2722 1004 qui
2748 934 2988 988 sedarent
3010 935 3167 987 corda
3203 943 3390 1000 vestra,
3412 943 3468 988 ut
3487 937 3738 993 discedatis

2177 1044 2211 1082 a
2237 1027 2347 1082 Deo
2388 1036 2575 1092 vestro,
2608 1037 2656 1080 et
2699 1026 2982 1095 sequamini
3027 1027 3149 1080 deos
3197 1042 3400 1092 earum,
3429 1042 3489 1080 ac
3530 1028 3739 1084 servistis

2178 1120 2252 1175 eis
2284 1118 2301 1142 ’
2315 1116 2471 1173 Deut.
2500 1132 2572 1171 vit
2588 1114 2629 1186 ).

2747 1248 2976 1306 CAPUT
3025 1248 3166 1305 XXII

2186 1408 2419 1480 Objectio
2448 1408 2882 1478 quemadmodum
2907 1407 3083 1480 generi
3110 1406 3238 1480 Seth
3266 1388 3601 1480 cumﬁliabus
3629 1410 3739 1465 Cain

2254 1479 2816 1562 profanarommixtio
2857 1479 2977 1533 ante
3010 1479 3341 1533 interdictum
3383 1479 3507 1552 legis
3546 1484 3741 1551 potuerit

2257 1558 2525 1620 imputari.

2257 1683 2558 1741 Germanus
2592 1701 2605 1737 :
2634 1682 2825 1738 Merito
2853 1684 3119 1754 potuisset
3143 1683 3251 1738 illis
3276 1698 3342 1739 ex
3371 1683 3470 1739 hac
3502 1699 3739 1754 praesum-

492 1783 615 1837 simi
645 1790 961 1845 venatores,
988 1778 1368 1834 violentissimi
1393 1793 1457 1834 ac
1483 1777 1925 1833 truculentissimi
1945 1776 2069 1842 viri,
2104 1779 2153 1839 B
2180 1777 2363 1848 ptione
2407 1777 2644 1847 conjugii
2682 1776 2889 1831 crimen
2943 1776 3389 1846 transgressionis
3432 1776 3653 1840 ascribi,
3696 1775 3738 1831 si

495 1874 587 1943 qui
616 1888 716 1943 pro
742 1873 1067 1928 enormitate
1096 1887 1383 1942 corporum
1404 1871 1492 1927 vel
1517 1869 1855 1927 crudelitatis
1878 1884 1941 1925 ac
1968 1884 2083 1925 ma-

493 1969 647 2038 litias,
696 1970 939 2040 gigantes
970 1969 1265 2038 nuncupati
1292 1974 1418 2022 sunt
1447 1963 1668 2038 (Genes.
1711 1965 1809 2037 vi).
1838 1965 1902 2019 Hi
1934 1980 2084 2019 nam-

494 2074 600 2129 que
633 2058 891 2113 ﬁnitimos
917 2058 1159 2128 populari
1185 2073 1248 2113 ac
1269 2058 1483 2128 rapinas
1507 2058 1646 2113 inter
1665 2056 1908 2112 homines
1931 2070 2083 2111 exer-

495 2166 621 2206 cere
654 2151 812 2221 primi
855 2160 1155 2219 eruperunt.
1190 2150 1370 2220 praeda
1398 2149 1575 2220 potius
1604 2150 1882 2219 exigentes
1919 2147 2085 2203 vitam

494 2257 673 2305 suam,
714 2258 874 2313 quam
906 2243 1104 2297 sudore
1131 2244 1311 2312 operis
1348 2243 1434 2297 sui
1478 2257 1541 2297 ac
1590 2241 1776 2297 labore
1810 2242 2085 2307 contenti;

496 2345 547 2387 et
574 2350 801 2404 quorum
830 2350 1001 2405 usque
1019 2334 1158 2390 adeo
1179 2335 1387 2403 scelera
1414 2343 1881 2406 supercreverant,
1900 2345 1957 2389 ut
1985 2334 2084 2389 nisi

2189 1871 2312 1925 data
2342 1869 2534 1925 fuisset
2561 1868 2667 1924 illis
2695 1868 2797 1923 ista
2831 1868 3123 1938 praeceptio
3143 1884 3158 1933 ;
3178 1877 3243 1937 (at
3270 1882 3393 1921 cum
3421 1867 3743 1937 sejunctionis

2191 1961 2346 2016 istius
2375 1960 2721 2015 observantia
2749 1959 2978 2014 necdum
3006 1958 3180 2027 aliqua
3215 1956 3403 2013 luisset
3431 1957 3740 2013 constitutio-

2191 2070 2261 2111 ne
2302 2053 2544 2122 prreﬁxa,
2581 2050 3036 2121 quemadmodum
3079 2050 3188 2105 illis
3229 2050 3511 2120 permixtio
3549 2049 3742 2121 generis

2190 2148 2259 2203 ad
2298 2163 2499 2201 noxam
2527 2145 2716 2201 debuit
2745 2144 3020 2215 imputari.
3060 2159 3183 2214 qua:
3212 2143 3359 2198 nullo
3391 2143 3551 2198 fuerat
3591 2143 3742 2199 inter-

2191 2240 2332 2297 dicta
2362 2239 2648 2295 mandato?
2680 2249 2702 2277 ο
2735 2238 2847 2293 Lex
2878 2238 3022 2293 enim
3054 2251 3161 2292 non
3192 2239 3462 2307 praeterita
3500 2236 3626 2293 solet
3648 2235 3742 2291 cri-

2194 2335 2361 2400 mina,
2394 2332 2490 2388 sed
2521 2331 2699 2387 futura
2726 2331 3003 2387 damnare.

1564 2472 1819 2527 ALARDI
1857 2470 2083 2527 GAZIEI
2122 2468 2677 2529 COMMENTARIUS.

497 2588 658 2660 (Vide
704 2587 933 2642 Plinium
982 2584 1124 2660 Hist.
1160 2584 1247 2639 lib.
1298 2600 1440 2660 xxx,
1460 2600 1576 2655 cap.
1614 2584 1666 2660 l_)
1701 2602 1712 2637 :
1754 2582 2077 2660 ‘Docuerunt,

496 2654 592 2723 an,
623 2661 850 2713 homines
878 2657 1011 2726 quod
1038 2657 1291 2709 daemones
1320 2654 1853 2726 artibus'quibusdam
1880 2656 2081 2710 obedire

501 2731 801 2810 mortalibus
826 2735 1070 2810 .possent,
1119 2743 1179 2779 ac
1220 2727 1354 2810 velut
1384 2740 1444 2779 ex
1474 2727 1684 2810 fornace
1735 2728 1979 2810 quadam,
2006 2737 2082 2810 net

500 2803 703 2871 ofﬁcina
732 2797 944 2852 malitia:
978 2807 1140 2851 totum
1168 2797 1441 2871 mundum,
1472 2798 1731 2871 subtracto
1766 2799 1971 2871 pietatis
1998 2798 2082 2871 lu-

502 2866 656 2939 mine,
707 2870 983 2938 impietatis
1025 2871 1165 2939 fumo
1207 2868 1545 2934 repleverunt.
1596 2866 1703 2939 Pro
1752 2866 1831 2923 his
1870 2878 1917 2921 et
1963 2868 2111 2923 aliis'

502 2938 766 2996 nonnullis
792 2941 961 2993 causis
993 2938 1239 2991 diluvium
1265 2939 1458 2991 mundo
1499 2938 1851 2993 introductum
1880 2948 1987 3001 est,
2032 2948 2080 2993 et

505 3029 676 3067 omnes
704 3012 791 3080 qui
818 3019 961 3064 erant
993 3025 1144 3080 super
1170 3020 1351 3072 terras,
1382 3009 1533 3063 deleti
1558 3019 1701 3075 sunt,
1731 3018 1942 3078 excepta
1968 3008 2083 3064 Noe

504 3079 725 3152 familia,
756 3082 846 3150 qui
894 3097 1007 3133 cum
1047 3079 1207 3132 tribus
1219 3079 1365 3204 giliis
1409 3095 1681 3147 eorumque
1721 3080 1968 3135 uxoribus
1997 3096 2084 3133 su-

504 3157 715 3204 nerfuil-
749 3169 811 3204 ra:
839 3152 1017 3204 auibus
1049 3166 1183 3203 unus
1261 3149 1383 3202 ham
1412 3152 1615 3204 nomine
1641 3151 1846 3204 cuidam
1874 3167 1936 3204 ex
1962 3149 2083 3204 ﬁliis

502 3149 715 3224 perfuit,
749 3152 1017 3224 unguibus
1049 3149 1383 3224 unusUCIAmm
1412 3152 1615 3205 nomine
1641 3151 1846 3224 cuidam
1874 3167 1936 3224 ea:
1959 3149 2083 3220 ﬁliis

505 3220 634 3294 suis.
666 3225 756 3294 qui
788 3221 1025 3275 Misraim
1058 3222 1435 3294 appellabatur,
1486 3238 1518 3275 a
1562 3238 1660 3293 quo
1692 3220 2082 3293 Egyptiorum,

503 3307 552 3347 et
577 3293 1004 3365 Babyloniorum,
1029 3309 1090 3365 ac
1116 3293 1399 3365 Persarum
1424 3308 1604 3365 genus,
1623 3294 1759 3346 male
1780 3302 2091 3363 compertam

506 3361 757 3436 magicam
802 3363 1015 3417 tradidit
1057 3363 1403 3436 disciplinam.
1430 3361 1591 3436 Hunc
1621 3372 1793 3436 gentes
1828 3361 1945 3433 qua:
1970 3372 2092 3417 tunc

506 3432 672 3498 erant,
705 3435 1031 3489 Zoroastrem
1071 3432 1475 3505 appellauerunt,
1509 3432 1849 3487 admirantes,
1870 3436 2090 3498 primum

507 3508 721 3575 magica:
757 3507 884 3558 artis
922 3504 1202 3566 auctorem,
1242 3506 1389 3575 cujus
1419 3506 1619 3558 nomine
1649 3505 1800 3559 etiam
1829 3504 1945 3558 libri
1974 3506 2093 3574 plu-

504 3574 625 3629 rimi
670 3593 824 3645 super
871 3576 969 3628 hoc
1013 3574 1305 3645 habentur.
1342 3574 1470 3629 llaec
1516 3576 1769 3630 Clemens
1825 3575 2088 3645 pontifex.

505 3646 678 3701 Porro
717 3644 1006 3701 ZoroaSIes
1036 3646 1122 3700 vel
1152 3644 1437 3700 Zoroaster
1467 3661 1575 3701 non
1616 3662 1776 3714 unus,
1810 3644 1904 3700 sed
1936 3646 2091 3702 multi

506 3716 679 3784 fuere,
714 3729 770 3773 ut
797 3734 863 3771 ex
894 3716 1139 3771 Arnobio
1180 3724 1236 3771 et
1258 3717 1376 3770 aliis
1406 3716 1577 3771 refert
1603 3717 1672 3771 Μ.
1705 3716 1917 3771 Delrius
1942 3718 2039 3771 lib.
2071 3733 2087 3772 ι

506 3787 578 3842 de
608 3789 773 3858 Magia
804 3787 955 3859 (Cap.
976 3787 1055 3859 5).
1085 3787 1298 3841 Primus
1321 3788 1409 3842 illc
1430 3787 1738 3859 Chaldaeus,
1770 3787 1839 3842 de
1866 3801 1974 3859 quo
2001 3787 2090 3844 hic

507 3857 713 3927 agitur,
755 3857 909 3913 lilius’
944 3858 1079 3921 Noe,
1130 3860 1269 3911 alias
1311 3860 1469 3925 llatu,
1513 3858 1629 3913 sive
1674 3859 1839 3912 Cham
1890 3857 2087 3924 dictus,

509 3931 701 3998 magiae
725 3931 995 3993 inventor,
1023 3928 1091 3982 de
1118 3943 1225 3997 quo
1253 3928 1503 3998 Clemens
1534 3929 1809 3983 Romanus
1832 3941 2029 3996 supra;
2056 3943 2088 3983 a

507 3997 617 4066 quo
642 4014 788 4070 srepe
814 4001 868 4053 in
900 4001 1072 4053 sacris
1100 3998 1295 4053 litteris
1328 3997 1499 4069 (Psal.
1526 4013 1611 4053 crv
1631 4009 1679 4053 et
1703 3998 1791 4069 cv)
1824 3998 2087 4070 [Egyptus

507 4077 652 4122 terra
683 4068 851 4125 Cham
882 4080 1244 4138 nuncupatur,
1290 4068 1514 4123 auctore
1555 4070 1618 4123 D.
1663 4068 1993 4138 Hieronymo
2031 4071 2084 4125 in

508 4138 713 4205 Quaest.
732 4139 1333 4195 Hebraicis.Secundus
1356 4140 1694 4206 Bactrianus,
1724 4155 1818 4193 seu
1850 4141 2089 4194 Bactria-

507 4224 704 4282 norum
758 4226 886 4276 rex,
920 4212 1011 4281 qui
1039 4225 1159 4263 cum
1188 4209 1325 4263 Nino
1355 4224 1482 4279 rege
1512 4212 1857 4282 Assyriorum
1887 4210 2084 4265 bellum

506 4281 692 4348 gessit,
742 4296 771 4335 a
811 4296 921 4350 quo
958 4291 1013 4335 et
1050 4282 1223 4350 victus
1253 4289 1309 4333 et
1340 4295 1509 4349 regno
1550 4281 1736 4347 pulsus
1766 4289 1884 4346 est;
1926 4298 2085 4348 quem

509 4360 688 4405 tamen
734 4349 930 4406 Suidas
974 4366 1101 4405 cum
1142 4349 1325 4416 priore
1364 4352 1697 4406 confundere
1736 4350 1966 4406 videtur.
2011 4352 2087 4409 De

506 4421 697 4493 eodem
730 4422 936 4493 Plinius
961 4432 1018 4477 et
1041 4421 1284 4493 Justinus
1306 4422 1545 4477 historici
1570 4421 1738 4493 (Plin.
1758 4422 1802 4493 Vl.
1829 4437 1933 4476 xxx
1958 4439 2002 4493 c.
2031 4425 2081 4489 l;

504 4489 647 4545 Just.
679 4492 766 4548 lib.
796 4508 843 4557 l;
875 4494 1031 4547 Clem.
1066 4491 1104 4545 l.
1134 4508 1151 4547 ι
1180 4492 1480 4562 Stromat.).
1508 4489 1724 4549 Tertius
1755 4492 2085 4559 Pamphilius

503 4574 726 4635 genere,
758 4564 847 4635 qui
874 4573 927 4618 et
955 4564 1089 4635 Erus
1117 4563 1315 4628 dictus,
1346 4564 1415 4618 de
1439 4580 1547 4635 quo
1572 4566 1824 4619 Clemens
1853 4563 2085 4621 Alexan-

502 4632 713 4687 drinus.
747 4634 978 4700 Quartus
1008 4632 1246 4700 denique
1279 4632 1570 4690 Armenius
1607 4635 1862 4691 Hostanis
1892 4649 2081 4702 nepos.

578 4711 603 4739 ι
639 4703 897 4759 Videntur
947 4705 1061 4760 haec
1111 4720 1177 4759 ex
1229 4706 1576 4761 Hebraeorum
1633 4722 1737 4762 non
1792 4706 2081 4761 admodum

502 4783 651 4847 certa
684 4784 736 4829 et
766 4778 1074 4831 authentico
1109 4776 1400 4831 traditione
1440 4787 1699 4847 accepta:
1732 4791 1853 4832 cum
1884 4791 1987 4832 nec
2016 4777 2081 4832 D.

502 4845 884 4915 Hieronymus,
915 4862 1015 4901 nec
1054 4848 1192 4900 alius
1231 4845 1591 4913 antiquorum’
1607 4848 1930 4917 scriptorum
1963 4864 2077 4904 me-

499 4917 741 4970 minerit.
783 4917 982 4970 Horum
1029 4928 1211 4971 tamen
1241 4918 1435 4971 similia
1465 4918 1654 4973 scribit
1681 4926 1871 4972 auctor
1903 4918 2082 4974 Histo-

497 4987 596 5059 riae
624 4988 974 5059 Scholasticaa
1002 4986 1102 5056 (In
1133 4987 1314 5041 Genes.
1346 5005 1464 5056 cap.
1496 4990 1691 5059 xxxrx)
1723 5006 1735 5041 :
1767 4989 1959 5055 Ninus,
1993 4990 2079 5045 in-

496 5058 628 5176 quit,
663 5058 780 5111 vicit
809 5057 992 5125 Cham,
1023 5061 1112 5128 qui
1138 5059 1313 5113 adhuc
1345 5060 1557 5121 vivebat,
1590 5072 1635 5112 cl
1665 5057 1908 5131 regnabat
1938 5063 2079 5132 apud

524 5128 838 5176 iactrinnos:
873 5131 967 5176 rel.
1013 5141 1070 5176 nl
1098 5130 1263 5176 nlncet
1287 5131 1424 5176 aliis-
1457 5131 1511 5176 in
1538 5130 1781 5176 Thracia-
1817 5144 1862 5176 at
1892 5133 2075 5176 asinal-

524 5128 838 5201 lartriangs;
873 5131 970 5195 rel,
1013 5141 1070 5183 ut
1097 5130 1263 5201 placet
1287 5131 1425 5193 aliis,
1457 5131 1511 5183 in
1538 5128 1782 5196 Thracia,
1817 5144 1862 5186 et
1892 5128 2075 5201 appel-

497 5194 700 5251 labatur
729 5194 1023 5272 Zoroaster,
1054 5194 1283 5255 inventor
1311 5202 1525 5271 magica
1571 5204 1727 5266 artis;
1754 5194 1840 5272 qui
1864 5194 2077 5257 etrlianc

495 5277 542 5319 et
566 5279 759 5341 saptem
805 5271 1036 5324 liberales
1077 5280 1209 5324 artes
1239 5272 1625 5341 quatuordecim
1654 5271 1904 5327 columnis
1946 5275 2076 5327 scri-

496 5339 629 5412 psit;
656 5349 846 5409 septem
871 5342 1043 5405 terreis,
1091 5353 1137 5412 et
1170 5339 1361 5408 septem
1391 5343 1629 5397 lateritiis
1665 5353 1843 5397 contra
1881 5344 2074 5412 duplex

493 5409 627 5459 orbis
666 5412 943 5473 excidimn,
990 5411 1125 5479 quod
1170 5414 1397 5481 futurum
1431 5416 1689 5479 audierat,
1722 5409 2073 5482 alterum'per

389 5490 428 5512 ι’
491 5492 697 5544 aquam,
728 5498 758 5532 a
784 5496 945 5535 terum
986 5500 1102 5536 vero
1137 5501 1227 5554 per
1262 5486 1450 5554 ignem.
1492 5488 1613 5538 Ilico
1654 5486 1763 5547 ille,
1804 5485 2067 5549 imitatus,

495 5543 553 5624 ut
579 5564 823 5624 apparet,
845 5543 1158 5623 Josephum',
1188 5543 1416 5624 quivhurc
1444 5558 1630 5609 eadem
1659 5543 1971 5609 ant'similia
2000 5543 2068 5611 de

492 5614 627 5694 S_ctli
681 5614 903 5691 ejusque
952 5614 1236 5693 nepotibus
1281 5625 1443 5679 refert
1490 5627 1571 5679 his
1620 5627 1801 5679 verbis
1847 5625 2005 5694 (Lib.
2052 5642 2067 5680 ι

699 5707 743 5745 c.
779 5689 831 5756 Is,
864 5712 925 5751 ex
951 5689 1079 5750 vers.
1117 5696 1314 5766 Ruﬁni)
1347 5697 1727 5771 {Disciplittattt
1772 5689 1939 5756 rerum
1972 5714 2068 5754 οων

492 5756 695 5847 {tilium
750 5773 795 5820 rt
828 5780 1061 5833 omnium
1101 5756 1269 5829 eorum
1297 5756 1546 5843 'primttui
1571 5771 1902 5845 llli’ti'tlrl'lllll,’
1935 5780 1978 5835 et
2009 5786 2068 5840 ue

2112 3214 2159 3277 C
2189 3214 2469 3275 exhiberet.
2527 3214 2600 3276 Ita
2659 3214 2951 3289 Iosephus.

2110 4603 2163 4663 D

2183 2583 2534 2639 dilaberentur
2561 2586 2625 2638 ab
2656 2583 2970 2647 hominibus,
3002 2598 3117 2654 qua:
3144 2584 3208 2637 ab
3240 2585 3314 2639 eis
3340 2584 3539 2638 inventa
3566 2583 3743 2651 [ueram

2184 2665 2273 2708 aut
2295 2664 2572 2725 antequam
2591 2656 2815 2710 venirent
2842 2656 2910 2708 ad
2936 2655 3302 2726 cognitionem,
3327 2654 3619 2724 deperirent,
3645 2669 3743 2705 cum

2185 2727 2507 2794 prwdixisset
2565 2727 2734 2780 Adam
2778 2725 3255 2780 exterminationem
3303 2742 3473 2779 rerum
3520 2725 3737 2787 omnium,

2185 2813 2340 2849 unam
2364 2798 2497 2867 ignis
2526 2798 2731 2861 virtute,
2761 2797 2980 2851 alteram
3005 2813 3263 2867 aquarum
3287 2798 3333 2850 vi
3360 2813 3419 2849 ac
3446 2796 3744 2867 multitudine

2185 2867 2295 2937 fore
2315 2865 2614 2934 venturam;
2640 2867 2767 2922 duas
2791 2871 3033 2936 facientes
3051 2865 3349 2933 columnas,
3378 2867 3529 2920 aliam
3548 2883 3606 2919 ex
3623 2865 3743 2928 lupi-

2185 2938 2357 3003 dibus,
2388 2938 2545 2992 aliam
2583 2955 2647 2994 ex
2683 2938 2964 3004 lateribus;
3000 2938 3251 2993 ambabus
3271 2983 3286 3004 ,
3313 2953 3425 3008 quae
3454 2941 3741 2999 invenerant,

2187 3011 2597 3076 conscripserunt
2616 3027 2635 3074 ;
2656 3018 2712 3063 ut
2732 3010 2777 3064 si
2793 3018 3085 3064 constructa
3098 3009 3345 3064 lateribus
3355 3010 3746 3063 exterminaretur

2188 3078 2253 3152 ab
2281 3079 2543 3144 imbribus,
2566 3082 2769 3152 lapidea
2793 3096 3092 3152 permanens
3128 3080 3418 3152 hominibus
3439 3078 3653 3132 discendi
3670 3091 3745 3152 co-

2191 3151 2330 3218 piam
2374 3145 2689 3222 faceretfel
2726 3145 2841 3222 quae
2876 3151 3121 3217 inscripta
3160 3149 3473 3217 continebat,
3498 3145 3745 3222 spectanda

3009 3216 3181 3289 Quam
3240 3216 3532 3276 historiam
3569 3216 3742 3287 insigni

2194 3300 2449 3363 poemate
2476 3296 2741 3363 expressit
2760 3303 2811 3347 et
2838 3292 3130 3363 illustravit
3154 3290 3475 3363 Guilielmus
3502 3289 3744 3346 Salustius

2193 3373 2350 3436 poeta
2374 3361 2562 3436 Gallus
2589 3363 2647 3436 (2
2673 3362 2845 3418 Hebd.
2880 3361 2976 3436 ult.
3008 3363 3226 3434 poem.).
3255 3362 3374 3436 Tali
3401 3362 3557 3436 igitur
3576 3374 3743 3415 exelu-

2192 3434 2304 3556 plo,
2338 3434 2434 3490 sed
2466 3433 2726 3502 perversa
2754 3433 3096 3489 aemulatione
3138 3442 3194 3488 et
3237 3433 3464 3489 solertia
3509 3434 3597 3503 (ut
3634 3438 3746 3484 sunt

2235 3504 2289 3556 lii
2322 3505 2479 3556 huius
2508 3505 2692 3556 smcnli
2733 3519 2840 3556 non
2881 3506 3061 3556 minus
3101 3504 3417 3556 prudentes.
3450 3505 3604 3556 immo
3631 3514 3744 3556 oru-

2235 3504 2289 3559 lii
2322 3505 2479 3575 hujus
2508 3505 2692 3561 sa'cnli
2733 3519 2840 3560 non
2881 3506 3061 3559 minus
3101 3504 3418 3573 prudentes,
3450 3505 3744 3575 immopru-

2192 3571 2470 3648 dentiores
2499 3576 2625 3631 ﬁliis
2655 3575 2814 3648 lucis)
2840 3571 3115 3648 credibile
3133 3584 3218 3630 est
3248 3583 3307 3631 et
3333 3575 3585 3630 Chamum
3609 3571 3743 3626 illum

2193 3644 2415 3717 impium
2450 3654 2506 3701 et
2538 3645 2759 3717 magicis
2794 3644 3002 3701 artibus
3030 3646 3441 3717 deditumrsuas
3474 3652 3609 3699 artes
3640 3654 3743 3717 see-

2194 3711 2357 3771 lesias
2382 3724 2435 3771 et
2461 3711 2684 3785 profana
2714 3726 3043 3785 commenta,
3074 3727 3132 3771 ut
3161 3717 3251 3772 hic
3288 3716 3535 3781 habetur,
3574 3728 3636 3768 ne
3669 3711 3743 3766 di-

2191 3786 2339 3857 luvio
2384 3790 2645 3857 perirent,
2687 3788 3030 3844 diversorum
3077 3788 3423 3843 metallorum
3462 3785 3661 3857 laminis
3695 3787 3745 3838 et

2192 3856 2498 3913 durissimis
2552 3859 2819 3929 lapidibus
2862 3859 3227 3929 impressisse,
3286 3856 3646 3927 insculpsisse,
3695 3860 3743 3906 et

2190 3936 2314 4001 post
2358 3929 2621 4001 diluvium
2658 3930 2910 3986 docuisse
2943 3938 3195 4001 posteros
3239 3943 3390 3995 suos,
3439 3929 3616 3998 sicque
3659 3936 3743 3994 per

2191 3999 2380 4053 orbem
2406 3998 2813 4057 disseminasse.

2261 4068 2289 4108 δ
2322 4070 2402 4125 Ex
2433 4071 2667 4127 nefando
2689 4070 2979 4127 concubitu
3006 4079 3354 4141 posterorum
3383 4069 3512 4127 Setb
3537 4076 3589 4124 et
3616 4065 3742 4121 Eoos

2190 4140 2280 4266 (:in
2311 4155 2541 4211 quorum
2574 4142 2789 4198 familiis
2817 4140 3102 4198 colebatur
3131 4141 3307 4214 Deus)
3338 4152 3397 4198 et
3427 4148 3742 4209 posterorum

2235 4212 2344 4266 ain.
2382 4212 2477 4266 aui
2509 4212 2668 4266 idolis
2701 4211 2905 4266 dudum
2937 4213 3268 4266 serviebant.
3301 4212 3551 4266 prodiere
3578 4210 3742 4266 sittan-

2235 4210 2344 4289 ain,
2382 4212 2477 4289 qui
2509 4212 2668 4289 idolis
2701 4211 2905 4289 dudum
2937 4213 3268 4289 serviebant,
3286 4210 3551 4283 prodiere
3578 4210 3743 4289 gigan-

2192 4292 2295 4347 tes,
2329 4280 2573 4338 hoinines
2612 4283 2864 4338 immanis
2899 4280 3376 4352 magnitudinis—ac
3406 4280 3737 4352 proceritatis.

2188 4352 2366 4423 Atque
2414 4370 2485 4409 ex
2542 4353 2858 4425 istiusmodi
2897 4351 3174 4409 hominum
3211 4351 3447 4425 disparis
3485 4351 3649 4407 cultus
3687 4360 3742 4401 ac

2190 4425 2470 4493 religionis
2515 4424 2901 4493 conjunctione
2949 4426 3189 4493 cognitio
3247 4424 3344 4478 Dei
3395 4432 3744 4493 prorsus__ex-

2189 4488 2390 4567 stincta
2419 4503 2501 4550 est
2530 4495 2590 4567 (l
2617 4488 2761 4550 Petr.
2784 4495 2893 4567 ut),
2922 4488 3282 4565 prte'terquam
3311 4494 3367 4549 in
3396 4488 3593 4567 lautitia
3622 4488 3741 4567 Noe.

2190 4564 2244 4619 id
2282 4574 2404 4640 est,
2432 4563 2558 4621 octo
2602 4563 2902 4640 animabus,
2926 4563 3059 4636 qua:
3090 4563 3181 4640 p_er
3221 4581 3397 4618 arcam
3416 4563 3585 4640 _salvte
3609 4564 3742 4640 facile

2187 4647 2325 4702 sunt,
2357 4637 2406 4691 id
2433 4648 2536 4702 est,
2563 4653 2594 4693 a
2619 4636 2823 4693 diluvio
2852 4634 3072 4706 ereptae.
3091 4634 3379 4691 Caeterum
3416 4634 3481 4689 D.
3515 4634 3741 4707 Augusti-

2187 4722 2289 4781 nus
2312 4700 2472 4781 docet
2506 4700 2672 4781 etiam
2699 4700 3264 4781 gigantes-exstitisse,
3295 4716 3587 4781 antequam
3602 4700 3741 4781 fami-

2182 4777 2284 4901 lliae
2314 4777 2543 4920 Segnet
2579 4769 2729 4834 Cain'
2752 4769 3040 4833 Eonnubiis
3070 4769 3515 4848 iungerentur—(1
3543 4772 3616 4825 De
3641 4769 3737 4824 Civ.

2237 4864 2282 4903 ei
2308 4865 2354 4902 c.
2487 4888 2501 4901 .

2237 4864 2282 4903 ει
2308 4865 2354 4902 ε.
2384 4864 2501 4903 Ζό).

2259 4929 2281 4958 ο
2314 4918 2371 4973 ω
2412 4914 2514 4981 est,
2564 4920 2788 4988 punire;
2834 4918 3131 4988 prreterita,
3178 4918 3231 4972 id
3274 4927 3380 4985 est,
3426 4925 3548 4970 ante
3585 4914 3737 4988 legem

2182 4990 2349 5061 latam
2366 4984 2673 5045 commissa.
2701 4984 2858 5059 Quod
2874 4988 2997 5043 aliis
3014 4988 3192 5061 verbis
3207 4989 3282 5061 ait
3300 4984 3734 5061 iurisconsultus:

2182 5060 2460 5134 Legemad
2471 5052 2747 5134 prateritd
2752 5078 2857 5117 non
2885 5060 3093 5134 eatenai
3119 5057 3205 5134 (1..
3230 5057 3437 5134 ιςρεπι,
3461 5073 3516 5134 εἴ
3531 5056 3591 5108 de

2182 5128 2297 5198 bus,
2330 5132 2420 5208 lib.
2451 5128 2755 5189 i‘Decretal.
2789 5134 2871 5187 tit.
2901 5130 3177 5208 2)._Qu_od
3207 5128 3416 5208 axioma
3447 5128 3603 5208 etiam
3627 5128 3737 5208 iure

2178 5191 2441 5272 canonico
2471 5217 2793 5271 expressum
2822 5208 2913 5259 est
2939 5191 3159 5257 sub~tit.
3203 5199 3280 5254 De
3308 5191 3737 5272 constitutionibus

2179 5288 2300 5339 cap.
2327 5271 2363 5325 2
2388 5288 2402 5327 :
2428 5267 2637 5337 Quolies
2665 5289 2851 5329 novum
2873 5272 2997 5341 quid
3016 5272 3283 5335 statuitur,
3313 5271 3386 5323 ita
3413 5269 3537 5323 solet
3563 5267 3735 5337 futuris

2176 5344 2397 5413 formam
2437 5343 2720 5414 imponere,
2761 5352 2818 5398 ut
2867 5342 3147 5414 dispendiis
3187 5342 3446 5414 proterita
3490 5353 3587 5414 non
3626 5348 3737 5414 con:
3806 5342 3809 5345 '

2175 5408 2393 5477 ilemnet,
2433 5408 2891 5470 ne'detrintentum
2917 5408 3035 5467 ante
3060 5408 3451 5485 prohibitionem
3493 5408 3736 5485 incurram

2173 5485 2488 5553 ignorantes,
2532 5487 2669 5555 quod
2710 5502 2795 5542 eos
2836 5482 3160 5556 postmodum
3206 5485 3421 5556 dignum
3459 5488 3532 5533 est
3572 5482 3734 5556 vetitos

2170 5551 2446 5609 sustinere.
2478 5551 2688 5626 Et'cap.
2719 5558 2816 5611 ﬁn.
2838 5551 3040 5609 ibidem
3069 5573 3081 5606 :
3116 5551 3245 5607 Cum
3268 5551 3406 5623 leges
3435 5558 3482 5626 et
3508 5551 3736 5626 εοηειὶειις

2171 5627 2329 5680 tiones
2360 5627 2549 5697 futuris
2576 5610 2772 5681 ceitum
2798 5629 2861 5680 sit
2891 5626 3014 5679 dare
3042 5627 3259 5696 formam
3291 5610 3524 5697 negotiis,
3550 5633 3647 5673 non

2170 5692 2601 5779 pt'qtleritafacta
2632 5701 2767 5758 trahi
2793 5698 2992 5779 debent.
3026 5692 3124 5758 nisi
3154 5692 3455 5779 nominatim
3483 5692 3543 5779 de
3563 5695 3736 5779 prtflfv

2171 5761 2283 5837 'ritlt
2320 5772 2373 5839 lu
2415 5761 2485 5837 cii
2524 5782 2780 5838 caveatur.
2832 5761 3002 5839 Porro
3045 5767 3386 5837 manifestum
3433 5776 3514 5834 an
3562 5761 3733 5859 liuius-
