4012 6336
452 270 556 328 767

1505 271 1778 331 JOANNIS
1815 273 2128 334 CASSIANI
2166 277 2669 339 COLLATIONES.

3631 293 3755 346 768

451 395 606 446 erant
626 385 842 445 talionis
863 388 1174 460 aequalitate
1196 386 1422 457 injurias
1443 389 1690 458 proprias
1712 389 1921 458 ulcisci,
1943 391 2043 447 sed
2067 397 2122 460 Α
2144 395 2274 450 sicut
2299 399 2416 462 lac,
2449 398 2657 467 inquit,
2708 399 2929 456 mulsisti
2960 417 3072 468 me,
3119 401 3169 456 et
3219 404 3511 474 coagulasti
3557 420 3637 458 me
3684 412 3757 458 ut

450 478 684 538 lethales
721 481 900 537 calces
926 496 991 537 ac
1028 481 1258 536 telorum
1290 479 1511 534 vulnera
1545 494 1646 552 pro
1683 480 1836 550 alapa
1878 481 2040 538 levis-

452 578 590 632 sima
627 575 998 647 rependebant
1020 617 1035 644 ,
1073 583 1128 630 et
1152 589 1248 644 pro
1270 588 1380 629 uno
1417 572 1580 629 dente
1621 575 2041 644 percutientium

450 669 662 724 animas
676 668 1022 738 expetebant.
1042 667 1146 722 Sed
1172 680 1273 722 nec
1301 666 1408 722 dici
1437 673 1648 736 poterat
1668 667 1774 722 illis
1794 685 1807 721 :
1827 665 2041 738 Diligite

449 762 690 816 inimicos
720 771 908 816 vestros
939 759 1155 834 (Matth.
1183 764 1260 830 v),
1283 760 1336 815 in
1367 759 1569 831 quibus
1589 774 1816 831 magnus
1839 760 2041 816 fructus

451 858 506 905 et
534 851 745 907 utilitas
773 852 1098 917 ducebatur,
1131 861 1192 907 ut
1218 852 1420 908 amicos
1449 867 1576 908 suos
1601 852 1916 924 diligerent,
1946 853 2043 909 de-

451 944 717 1000 clinarent
743 959 870 1000 vero
913 945 983 1000 ab
1023 943 1273 1014 inimicis,
1303 954 1357 1002 et
1395 946 1513 1002 solo
1545 947 1612 1001 ab
1641 947 1719 1002 eis
1741 948 1867 1003 odio
1894 947 2038 1004 desi-

450 1047 663 1105 nerent,
689 1053 790 1094 nec
809 1040 1121 1110 opprimere
1140 1039 1263 1096 illos
1283 1050 1337 1096 et
1355 1041 1663 1098 interficere
1693 1041 2035 1099 festinarent.

1011 1149 1238 1206 CAPUT
1285 1150 1457 1207 XXV.

447 1241 717 1318 Quomodo
754 1243 1164 1318 intelligendum
1193 1245 1264 1318 sit
1290 1247 1430 1313 quod
1457 1246 1509 1299 in
1536 1243 1819 1318 Evangelia
1845 1247 2037 1303 dicitur

552 1314 614 1367 de
652 1313 866 1368 diabolo
889 1355 902 1380 ,
946 1313 1074 1385 quia
1114 1316 1334 1371 mendax
1379 1324 1452 1370 est
1475 1357 1491 1382 ,
1541 1326 1588 1370 et
1615 1313 1760 1388 paler
1791 1322 1904 1393 ejus

512 1406 648 1461 illud
703 1421 832 1462 vero
878 1407 1022 1478 quod
1051 1422 1146 1463 vos
1174 1407 1242 1463 de
1287 1407 1506 1463 diabolo
1535 1419 1800 1478 moverat,
1846 1420 1871 1450 ι
1910 1413 2035 1483 quia

445 1500 670 1554 mendax
697 1511 803 1564 est,
862 1509 909 1554 et
959 1506 1107 1570 pater
1133 1502 1278 1570 eius,
1309 1499 1454 1570 quod
1483 1500 1745 1558 videlicet
1776 1510 1888 1556 tam
1917 1503 2034 1573 ipse

440 1609 602 1662 quam
656 1604 807 1662 pater
861 1607 992 1647 suus
1050 1594 1285 1648 mendax
1332 1595 1681 1664 pronuntiari
1728 1595 2032 1668 vid‘eatura

442 1685 671 1741 Domino
697 1685 884 1756 (Joan.
909 1684 1060 1758 vui),
1094 1687 1226 1741 satis
1264 1685 1562 1742 absurdum
1594 1697 1678 1742 est
1702 1687 1807 1745 hoc
1826 1689 1912 1743 vel
1947 1689 2027 1744 le-

2151 503 2394 556 caseum,
2447 489 2646 546 ossibus
2704 501 2752 546 et
2793 493 2964 547 nervis
3012 494 3280 549 inseruisti
3303 511 3385 550 me
3423 493 3583 567 (Job.
3616 512 3648 551 x
3676 496 3694 566 )
3724 496 3758 550 ?

2145 579 2214 634 Et
2244 580 2505 636 Dominus
2536 582 2604 638 ad
2633 582 2923 640 Jeremiam
2949 602 2963 638 :
2998 584 3316 658 Priusquam
3368 595 3422 642 te
3461 589 3754 659 formarem

2144 675 2198 728 in
2215 683 2382 741 utero,
2398 677 2518 730 novi
2545 686 2593 731 te
2612 675 2831 748 (Jerem.
2847 678 2913 750 ι).
2938 678 3300 736 Ecclesiastes
3312 695 3444 738 vero
3455 683 3751 751 utriusque

2143 766 2466 822 substantiae
2508 777 2755 825 naturam
2781 780 2944 841 atque
2981 773 3283 843 originem,
3334 775 3749 832 examinatione

2142 869 2291 915 ortus
2316 871 2479 931 atque
2502 862 2642 917 initii
2665 905 2680 929 ,
2715 879 2783 919 ex
2814 880 2920 936 quo
2954 866 3209 923 videlicet
3235 883 3576 940 unaquaeque
3609 885 3748 940 pro-

2140 955 2339 1019 cessit,
2369 967 2428 1012 et
2462 957 2907 1015 consideratione
2939 959 3063 1016 linis
3090 962 3156 1016 ad
3203 978 3361 1032 quem
3393 978 3747 1035 unaquaeque
3765 960 3785 1027 ξ“
3839 946 3848 1002 ἓ

2139 1045 2468 1112 contendit,
2522 1049 2661 1102 satis
2707 1049 2994 1106 evidenter
3043 1067 3107 1107 ac
3155 1053 3374 1123 proprie
3420 1055 3691 1124 colligens
3721 1096 3793 1122 ,μ
3835 1045 3850 1119 έ

2140 1138 2449 1209 pariterque
2481 1139 2546 1195 de
2579 1141 2830 1210 corporis
2855 1141 3016 1212 hujus
3047 1153 3212 1213 atque
3257 1146 3456 1200 animae
3503 1161 3741 1216 separa-
3762 1127 3846 1192 ἒιῖ

2141 1228 2288 1284 tione
2317 1228 2600 1299 disputans
2620 1272 2634 1296 ,
2662 1231 2734 1286 ita
2757 1231 2979 1288 disserit
3005 1251 3018 1286 :
3053 1233 3370 1304 Priusquam
3401 1245 3742 1291 convertatur

2137 1321 2304 1391 pulvis
2332 1321 2387 1374 in
2420 1331 2606 1376 terram
2641 1324 2775 1378 sicut
2815 1324 2914 1392 fuit
2936 1367 2951 1392 ,
3009 1335 3060 1380 et
3107 1327 3320 1398 spiritus
3346 1338 3633 1384 revertatur
3658 1329 3739 1383 ad

2137 1409 2306 1466 Deum
2331 1414 2422 1484 qui
2440 1415 2584 1468 dedit
2606 1432 2718 1469 eum
2737 1416 2965 1488 (Eccles.
2991 1418 3262 1488 xu).Quid
3288 1422 3530 1491 apertius
3552 1420 3740 1491 potuit

2137 1503 2348 1571 dicere,
2380 1520 2540 1576 quam
2572 1515 2636 1561 ut
2661 1509 2942 1563 materiam
2973 1512 3189 1577 carnis,
3223 1525 3386 1580 quam
3438 1511 3735 1574 pulverem

2085 1657 2093 1666 _
2136 1600 2474 1667 nominavit,
2520 1602 2646 1671 quia
2698 1602 2766 1658 de
2815 1603 3049 1664 hominis
3102 1604 3312 1660 semine
3341 1605 3512 1660 sumit
3553 1621 3734 1662 exor-

2141 1693 2286 1747 dium
2317 1735 2331 1759 ,
2364 1694 2590 1764 ejusque
2619 1694 2832 1750 videtur
2864 1697 3169 1751 ministerio
3200 1697 3488 1764 seminari,
3519 1699 3669 1754 velut
3693 1714 3734 1754 e

438 1781 578 1835 viter
607 1780 844 1850 Opinati.
894 1779 970 1836 Ut
1013 1780 1158 1835 enim
1185 1780 1360 1850 {paulo
1394 1790 1522 1836 ante
1561 1781 1836 1850 diximus,
1871 1783 2032 1852 spiri-
2057 1771 2107 1832 Β
2136 1794 2278 1840 terra
2309 1798 2610 1853 sumptam,
2642 1787 2836 1842 iterum
2865 1789 3066 1843 reverti
3106 1789 3492 1860 pronuntiaret
3521 1789 3587 1844 ad
3614 1799 3736 1844 ter-

437 1881 527 1927 tus
575 1873 831 1942 spiritum
882 1887 989 1927 non
1023 1881 1286 1943 generat,
1319 1875 1462 1928 sicut
1499 1889 1599 1929 nec
1624 1875 1873 1930 animam
1911 1875 2030 1944 qui-

436 1965 558 2020 dem
577 1974 760 2034 potest
782 1964 959 2019 anima
987 1979 1306 2036 procreare,
1327 1965 1458 2022 licet
1474 1968 1877 2022 concretionem
1905 1981 2030 2021 car-

437 2059 521 2112 nis
544 2074 648 2112 non
674 2057 983 2114 dubitemus
1009 2059 1244 2114 humano
1261 2058 1475 2116 semine
1498 2061 1826 2128 coalescere,
1858 2059 1930 2114 ita
1961 2060 2030 2116 de

436 2159 669 2217 utraque
695 2151 1004 2207 substantia
1027 2193 1042 2218 ,
1089 2150 1143 2207 id
1174 2161 1262 2208 est
1285 2193 1301 2220 ,
1332 2152 1513 2207 carnis
1535 2162 1589 2207 et
1620 2153 1816 2208 animae
1839 2193 1856 2220 ,
1907 2167 2029 2222 quae

435 2243 522 2300 cui
553 2239 861 2300 ascribatur
911 2247 1158 2310 auctori,
1189 2247 1450 2316 ApOstolo
1475 2247 1816 2303 manifestius
1837 2247 2028 2302 distin~

435 2346 656 2407 guente.
689 2336 889 2392 Deinde
918 2346 1092 2407 patres
1116 2382 1131 2405 ,
1164 2340 1370 2410 inquit,
1404 2342 1576 2394 carnis
1624 2353 1813 2396 nostra:
1839 2342 1996 2396 habui
2009 2371 2028 2382 -

433 2448 548 2485 mus
595 2430 916 2496 eruditores,
946 2444 996 2485 et
1041 2433 1440 2498 reverebamur,
1497 2449 1600 2486 non
1650 2434 1814 2487 multo
1866 2434 2028 2506 magis

433 2523 766 2595 subjiciemur
795 2523 934 2594 patri
965 2523 1248 2594 spirituum
1298 2533 1348 2578 et
1400 2526 1627 2577 vivemus
1660 2524 1850 2595 (Hebr.
1887 2524 2028 2595 xu)?

431 2614 567 2684 Quid
603 2613 703 2672 hac
734 2615 1001 2670 divisione
1029 2616 1231 2670 clarius
1267 2617 1444 2686 potuit
1473 2617 1703 2672 delinire
1723 2659 1736 2681 ,
1769 2628 1825 2672 ut
1848 2619 2028 2674 carnis

433 2709 657 2780 quidem
693 2718 895 2764 nostrae
925 2719 1107 2778 patres
1136 2708 1386 2764 homines
1411 2711 1795 2780 pronuntiaret
1815 2752 1828 2774 ,
1861 2709 1889 2749 ι)
1913 2712 2031 2766 ani-

435 2815 646 2856 marum
679 2815 810 2855 vero
853 2801 1021 2854 Deum
1053 2799 1234 2855 solum
1280 2815 1404 2856 esse
1457 2811 1669 2869 patrem
1717 2811 2032 2859 constanter

433 2893 816 2964 exprimeret?
871 2893 1211 2962 Quamquam
1245 2900 1300 2949 et
1338 2895 1392 2948 in
1423 2894 1539 2963 ipsa
1574 2895 1822 2966 corporis
1869 2895 2030 2966 hujus

433 2987 785 3042 concretione
815 2997 836 3024 ε
875 2985 1239 3041 ministerium
1271 2987 1647 3042 tantummodo
1697 2987 1904 3042 homini
1955 2989 2030 3044 sit

434 3081 821 3137 ascrihendum
851 3121 866 3146 ,
917 3095 1127 3135 summa
1169 3095 1302 3136 vero
1366 3080 1699 3136 conditionis
1754 3081 1866 3136 Deo
1910 3097 2031 3137 om-

2131 1892 2286 1943 ram;
2315 1877 2566 1946 spiritum
2608 1893 2773 1945 vero,
2837 1881 2930 1949 qui
2963 1894 3069 1936 non
3127 1895 3227 1950 per
3279 1880 3732 1936 commixtionem

2131 1987 2296 2026 sexus
2319 1972 2602 2041 utriusque
2650 1981 3011 2040 procreatur,
3066 1975 3162 2028 sed
3206 1973 3518 2044 specialiter
3547 1990 3575 2028 a
3613 1974 3735 2030 Deo

2130 2065 2251 2120 solo
2297 2066 2584 2128 tribuitur,
2638 2065 2705 2120 ad
2761 2075 3040 2122 auctorem
3083 2081 3243 2120 suum
3288 2066 3472 2121 redire
3503 2067 3735 2137 signat?

2131 2157 2286 2223 Quod
2344 2155 2683 2228 etiamdper
2741 2157 2888 2212 illam
2947 2159 3041 2213 Dei
3099 2157 3560 2223 insulilationem,
3615 2173 3733 2228 qua

2134 2249 2300 2304 Adam
2331 2249 2577 2318 primitus
2601 2249 2866 2303 animavit
2890 2249 3045 2320 (Gen.
3083 2248 3142 2318 ιι)
3170 2291 3185 2316 ,
3218 2250 3504 2305 evidenter
3536 2251 3732 2325 expri-

2132 2342 2318 2396 mitur.
2351 2341 2536 2410 Itaque
2567 2341 2652 2396 his
2675 2341 3003 2397 testimoniis
3051 2342 3334 2397 manifeste
3365 2343 3674 2412 colligimus
3707 2381 3730 2407 ,

2132 2445 2340 2505 patrem
2372 2435 2662 2504 spirituum
2707 2435 2979 2490 neminem
3025 2435 3138 2490 dici
3186 2449 3348 2504 posse
3392 2436 3496 2490 nisi
3553 2435 3731 2492 Deum

2130 2528 2344 2595 solum,
2399 2529 2494 2598 qui
2544 2543 2639 2583 eos
2683 2543 2750 2582 ex
2798 2527 3003 2596 nihilo,
3049 2544 3170 2583 cum
3221 2529 3492 2596 voluerit,
3549 2528 3729 2596 facit;

2133 2619 2381 2674 homines
2435 2634 2567 2674 vero
2619 2620 2802 2674 carnis
2863 2631 3064 2674 nostra;
3112 2631 3296 2688 patres
3345 2621 3733 2676 tantummodo

2131 2710 2423 2766 nominari.
2455 2710 2645 2779 itaque
2688 2719 2744 2765 et
2782 2708 3029 2766 diabolus
3085 2710 3388 2766 secundum
3437 2711 3540 2767 hoc
3575 2713 3730 2781 quod

2130 2806 2218 2860 vel
2271 2805 2490 2875 spiritus
2520 2803 2608 2858 vel
2641 2803 2867 2873 angelus
2897 2803 3072 2858 bonus
3099 2811 3313 2860 creatus
3351 2813 3468 2871 est,
3515 2816 3731 2874 patrem

2133 2896 2406 2950 neminem
2436 2894 2626 2948 habuit
2659 2894 2764 2947 nisi
2793 2893 2964 2948 Deum
3011 2894 3350 2949 conditorem
3393 2909 3569 2950 suum.
3620 2896 3729 2964 Qui

2133 3004 2258 3043 cum
2282 2987 2532 3057 superbia
2559 2986 2750 3042 fuisset
2781 2987 2978 3054 elatus,
3010 2995 3064 3042 et
3083 2987 3314 3042 dixisset
3337 2988 3390 3041 in
3414 2987 3578 3043 corde
3597 3003 3728 3057 suo,

2134 3082 2424 3136 Ascendam
2472 3097 2627 3151 super
2671 3081 2999 3134 altitudinem
3065 3081 3328 3145 nubium,
3401 3098 3487 3136 ero
3539 3081 3730 3137 similis

433 3177 582 3231 nium
597 3174 853 3241 creatori,
873 3173 1091 3230 dicente
1119 3174 1285 3229 David
1315 3192 1326 3228 :
1351 3175 1540 3229 Manus
1559 3184 1660 3228 tute
1687 3175 1916 3245 fecerunt
1950 3193 2031 3231 me
2055 3152 2104 3222 (ἶ
2134 3175 2400 3232 Altissimo
2427 3173 2606 3247 (Isaiae
2636 3177 2785 3240 xlv),
2821 3173 3000 3228 factus
3022 3183 3104 3229 est
3137 3174 3371 3229 mendax
3397 3215 3411 3240 ,
3437 3175 3560 3229 etin
3585 3176 3730 3228 veri-

433 3276 482 3321 et
512 3267 894 3338 plasmaverunt
916 3282 996 3320 me
1025 3263 1144 3335 (Ps.
1163 3265 1376 3338 cxvm).
1399 3267 1467 3322 Et
1483 3267 1810 3334 beatusJob,
1839 3266 2028 3324 Nonne

2137 3277 2240 3321 tate
2287 3283 2392 3320 non
2433 3267 2600 3330 stetit,
2649 3265 2745 3320 sed
2798 3264 2865 3320 de
2904 3264 3124 3335 proprio
3163 3265 3416 3335 nequitiae
3469 3265 3729 3320 thesauro

1516 3359 1777 3414 ALARDI
1814 3359 2049 3416 GAZJBI
2087 3357 2653 3417 COMMENTARIUS.

432 3453 488 3507 id
514 3451 653 3520 quod
681 3451 904 3519 sapitum
926 3461 1035 3505 erat
1058 3452 1175 3505 hinc
1197 3451 1580 3520 accenderetur,
1610 3451 1702 3505 sed
1724 3468 1785 3505 ne
1805 3451 1862 3504 id
1884 3455 2022 3517 quod

434 3470 488 3507 ta
549 3470 652 3504 uoa
681 3470 904 3519 sopitum
926 3470 1035 3505 erat
1058 3470 1175 3505 tunc
1197 3470 1580 3520 accenaeretur,
1610 3470 1701 3505 seu
1724 3470 1785 3505 ne
1805 3470 1859 3504 ia
1884 3470 2022 3517 quoa

434 3470 646 3577 arjebat
690 3523 826 3575 ultra
878 3523 1268 3595 extenderetur;
1320 3523 1564 3595 imposita
1609 3530 1682 3575 est
1712 3524 1849 3595 enim
1879 3526 2024 3595 justa

433 3595 693 3666 vindicta,
727 3609 840 3666 qua:
883 3596 1024 3666 juste
1064 3594 1276 3666 debetur
1301 3593 1346 3647 ei
1371 3593 1671 3666 quipassus
1701 3593 1852 3666 fuerit
1880 3593 2023 3666 inju-

433 3667 586 3720 riam.
632 3665 782 3736 Quod
830 3663 998 3736 autem
1031 3664 1238 3718 debetur
1260 3705 1274 3728 ,
1314 3666 1407 3718 etsi
1464 3663 1676 3736 benigne
1703 3663 1977 3718 remittitur
2002 3706 2019 3731 ,

434 3754 534 3790 non
565 3746 734 3789 tamen
762 3735 937 3805 inique
958 3737 1221 3806 repetitur.
1251 3737 1324 3788 lta
1349 3735 1702 3804 Augustinus.
1735 3736 1863 3801 Quae
1886 3737 2022 3792 ratio

433 3807 593 3862 docet
614 3806 850 3871 Iudaeos,
883 3806 1096 3860 talionis
1121 3807 1424 3874 aequalitate
1453 3806 1677 3863 minime
1712 3816 2019 3873 contentos,

436 3889 493 3931 ut
523 3878 609 3931 hic
631 3877 831 3948 dicitur
854 3917 868 3940 ,
916 3887 1169 3946 acceptas
1197 3877 1419 3948 injurias
1462 3877 1795 3948 gravioribus
1842 3879 2022 3948 poenis

435 3961 581 4015 saepe
610 3947 912 4002 vindicasse
935 3989 948 4013 ,
975 3957 1029 4003 et
1054 3961 1152 4015 pro
1177 3947 1326 4015 alapa
1357 3947 1624 4002 levissima
1657 3947 1885 4003 lethales
1904 3949 2020 4004 cal-

435 4033 528 4071 ces
551 4057 566 4081 ,
593 4018 645 4071 id
673 4028 788 4085 est,
827 4018 1024 4086 pedum
1054 4018 1190 4072 ictus
1238 4033 1425 4086 graves
1454 4028 1508 4072 et
1547 4017 1910 4087 periculosos,
1966 4028 2022 4074 et

436 4089 669 4142 telorum
700 4089 922 4144 vulnera
941 4132 956 4155 ,
989 4089 1041 4142 id
1069 4097 1150 4141 est
1176 4128 1190 4153 ,
1217 4103 1314 4154 pro
1344 4088 1579 4142 minimis
1607 4088 1815 4157 injuriis
1844 4091 2020 4142 maxi-

437 4174 551 4212 mas
568 4159 902 4228 rependisse.
929 4160 1096 4214 Porro
1118 4158 1257 4212 hanc
1280 4159 1498 4213 talionis
1520 4159 1687 4228 legem
1712 4201 1726 4223 ,
1761 4170 1851 4214 aut
1872 4167 2022 4214 certe

434 4227 655 4299 pravam
687 4230 802 4298 ejus
838 4230 1338 4298 interpretationem
1370 4227 1585 4283 sustulit
1614 4227 1865 4284 Christus
1884 4229 2022 4285 Mat-

437 4299 560 4354 thaai
592 4316 626 4352 v
651 4341 667 4365 ,
718 4310 773 4354 et
801 4316 898 4369 pro
943 4315 1008 4354 ea
1057 4299 1428 4367 perlectiorem
1459 4299 1771 4366 charitatis,
1809 4301 2021 4354 miseri-

435 4370 637 4424 cordiae
664 4381 718 4424 et
744 4371 1015 4439 patientiae
1071 4371 1243 4440 legent
1298 4370 1534 4440 indixit,
1564 4384 1667 4440 qua
1711 4386 1816 4424 non
1848 4371 2020 4425 solum

435 4441 618 4494 docuit
647 4457 744 4496 nos
794 4457 900 4496 non
946 4451 1205 4512 expetere
1249 4441 1572 4506 vindictam,
1630 4455 1817 4512 verum
1859 4443 2018 4496 etiam

436 4511 703 4580 patienter
736 4512 956 4582 injurias
985 4511 1255 4575 tolerare;
1283 4527 1386 4567 nec
1417 4512 1648 4568 tolerare
1681 4511 1877 4574 modo,
1926 4512 2022 4568 sed

436 4592 654 4650 optare,
684 4591 740 4636 et
766 4583 832 4637 de
859 4583 923 4636 iis
942 4583 1156 4653 gloriari
1184 4600 1198 4648 ;
1227 4583 1460 4651 denique
1491 4583 1812 4652 percutienti
1843 4597 1940 4637 nos
1969 4584 2021 4639 in

435 4668 538 4707 una
567 4653 782 4707 maxilla
805 4694 820 4718 ,
853 4655 1077 4708 alteram
1107 4655 1386 4720 praebere;
1440 4653 1641 4708 volenti
1670 4653 1826 4707 nobis
1870 4654 2020 4708 tuni-

434 4738 553 4779 cam
582 4724 802 4788 tollere,
831 4726 995 4778 etiam
1023 4726 1242 4792 pallium
1266 4725 1593 4794 relinquere.

506 4804 532 4832 ει
573 4795 700 4849 Haec
727 4794 897 4848 altera
926 4795 1214 4848 difficultas
1258 4795 1502 4864 superius
1531 4810 1560 4847 a
1584 4794 1856 4850 Germano
1884 4809 2008 4862 pro—

433 4865 607 4934 posita
631 4882 643 4917 :
675 4881 836 4934 quam
861 4866 1049 4920 eodem
1085 4864 1197 4919 fere
1224 4869 1383 4920 modo
1403 4865 1565 4919 solvit
1589 4865 1653 4918 D.
1685 4865 2012 4933 Augustinus

429 4951 537 5005 quo
561 4935 649 4989 hic
674 4937 839 4989 abbas
862 4937 1100 4992 Serenus
1134 4953 1147 4988 :
1175 4935 1240 4989 In
1269 4935 1350 4990 his
1375 4936 1534 4990 verbis
1555 4975 1571 5000 ,
1602 4936 1771 5005 inquit
1801 4934 2009 5004 (Tract.

427 5005 500 5061 24
521 5008 576 5061 in
599 5005 812 5076 10011.),
840 5007 1049 5075 quidam
1083 5006 1340 5060 diabolum
1369 5017 1668 5076 putaverunt
1691 5005 1876 5077 habere
1918 5023 2016 5077 pa-

429 5086 558 5130 trem
577 5121 590 5143 ,
625 5086 674 5148 et
703 5080 1015 5146 quwsierunt
1035 5077 1146 5148 quis
1171 5089 1298 5131 esset
1325 5077 1516 5132 diaboli
1547 5076 1736 5145 pater?
1786 5076 1891 5129 Hic
1937 5087 2011 5131 est

429 5163 578 5202 error
607 5147 662 5200 Μ
669 5148 1035 5202 unichworum.
1089 5147 1211 5201 Non
1255 5150 1392 5201 enim
1422 5153 1583 5202 omnis
1611 5149 1697 5217 qui
1727 5150 1968 5200 mentitur
1993 5191 2007 5216 ,

430 5229 575 5286 pater
599 5219 852 5271 mendacii
869 5221 946 5272 sui
971 5229 1044 5274 est
1063 5235 1080 5272 :
1107 5219 1151 5272 si
1169 5220 1304 5272 enim
1325 5220 1386 5272 ab
1410 5218 1514 5272 alio
1529 5219 1845 5272 mendacium
1860 5235 2008 5273 acce-

427 5290 549 5358 pisti
569 5299 616 5342 et
638 5289 839 5361 dixisti,
854 5302 908 5344 tu
927 5289 1130 5361 quidem
1143 5291 1380 5361 mentitus
1401 5305 1476 5355 es,
1492 5291 1578 5343 sed
1588 5299 1732 5359 pater
1754 5291 2008 5344 mendacii

427 5357 532 5412 non
550 5372 628 5414 ‘es.
658 5357 760 5414 Ille
784 5375 900 5414 vero
933 5357 1045 5430 quia
1071 5377 1173 5413 nou
1200 5360 1412 5414 aliunde
1440 5357 1632 5429 accepit
1660 5361 2006 5430 mendacium,

425 5445 526 5498 quo
543 5430 814 5485 mendacio
833 5427 1093 5502 tamquam
1106 5447 1294 5485 veneno
1307 5447 1511 5502 serpens
1534 5427 1788 5483 hominem
1811 5431 2010 5483 occide-

425 5508 500 5572 ret
529 5541 544 5572 ,
574 5514 718 5572 pater
755 5511 826 5555 est
857 5501 1145 5565 mendacii,
1177 5505 1307 5555 sicut
1342 5501 1479 5553 Deus
1503 5512 1642 5571 pater
1671 5503 2008 5572 estveritatis.

426 5566 505 5621 lta
517 5566 866 5643 Augustinus.
902 5573 981 5627 Ex
1004 5587 1108 5640 quo
1129 5572 1479 5642 intelligimus
1496 5566 1764 5625 diabolum
1785 5571 1888 5625 dici
1919 5587 2007 5638 pav

431 5647 567 5720 [rem
597 5643 859 5720 mendacii
887 5686 902 5713 ,
933 5644 1050 5720 quia
1078 5647 1281 5720 primus
1312 5653 1496 5720 auctor
1531 5653 1583 5698 et
1614 5644 1866 5720 inventor
1892 5644 2008 5714 ejus

428 5709 658 5801 inlidunt“
681 5709 1091 5801 numidinntodo'
1119 5717 1248 5782 illud
1297 5717 1530 5801 μβιιβνίι,
1568 5723 1623 5782 ut
1652 5713 1838 5784 Palluit
1864 5709 2008 5798 (ξριτιξ

429 5783 664 5862 monitor
699 5783 987 5854 exponunt.

2199 3451 2226 3491 δ
2268 3452 2491 3506 Animas
2521 3449 2815 3504 rationales
2835 3464 2863 3502 a
2891 3449 3009 3503 solo
3033 3449 3140 3504 Deo
3161 3449 3334 3504 creari
3360 3491 3375 3515 ,
3401 3457 3454 3503 et
3476 3449 3727 3508 humanis

2124 3525 2440 3592 corporibus
2490 3522 2540 3574 in
2571 3524 2688 3588 ipso
2736 3520 3105 3592 generationis
3137 3529 3412 3574 momento
3469 3521 3722 3588 infundi,

2124 3590 2297 3663 eaque
2337 3592 2546 3663 ratione
2597 3591 2763 3646 Deum
2822 3590 2930 3645 dici
2986 3592 3568 3663 patrenrspirituum,
3625 3608 3727 3648 seu

2123 3661 2465 3726 animarum,
2495 3662 2718 3727 docent,
2767 3672 2966 3730 praeter
3011 3661 3155 3715 hunc
3199 3662 3504 3726 Serenum,
3556 3665 3725 3724 etiam

2123 3736 2216 3790 alii
2253 3737 2436 3788 Patres
2461 3733 2609 3787 illum
2633 3734 2808 3788 locum
2833 3732 3078 3800 Apostoli
3107 3733 3546 3802 interpretantes.
3591 3733 3726 3790 Vide

2122 3805 2179 3862 S.
2214 3805 2476 3860 Thomam
2512 3805 2564 3857 in
2590 3803 3001 3858 commentario.

2199 3888 2219 3914 ο
2262 3876 2376 3930 Νοιι
2405 3885 2584 3930 tamen
2612 3883 2670 3928 ut
2698 3873 2934 3942 simplici
2957 3875 3314 3927 instrumento
3339 3914 3354 3938 ,
3387 3874 3480 3928 sed
3508 3882 3565 3927 ut
3583 3888 3721 3928 cau-

2123 3962 2199 4002 sae
2230 3946 2580 4016 particulari;
2625 3945 2788 3999 homo
2825 3947 2970 4016 enim
3021 3944 3296 3998 hominem
3347 3957 3614 4012 generat,
3666 3955 3726 4002 et

2123 4015 2552 4086 sol,’secundum
2583 4015 2976 4083 Philosophum
3003 4030 3017 4080 ;
3060 4016 3153 4069 sed
3187 4025 3243 4068 ut
3263 4029 3438 4069 causa:
3469 4017 3725 4072 secunda:

2123 4100 2176 4143 et
2204 4089 2538 4143 secundaria:
2563 4127 2578 4152 ,
2636 4087 2776 4141 Deus
2815 4096 2993 4140 autem
3021 4097 3080 4140 ut
3110 4087 3279 4154 prima
3302 4095 3359 4141 et
3397 4088 3725 4142 universalis

2124 4173 2304 4214 cauSa.

2193 4229 2221 4268 ἀ
2262 4228 2541 4300 lnspiravit
2571 4228 2703 4282 enim
2731 4229 2783 4280 in
2813 4227 2994 4296 {aciem
3035 4228 3146 4296 ejus
3187 4228 3508 4300 spiraculum
3545 4231 3670 4300 vitet
3697 4268 3714 4290 ,

2123 4310 2171 4355 et
2194 4296 2365 4369 factus
2390 4309 2464 4353 est
2491 4300 2641 4352 homo
2667 4301 2720 4351 in
2742 4300 2967 4369 animum
2990 4300 3235 4351 viventem
3263 4296 3471 4366 (Geues.
3504 4297 3585 4365 ιι).
3616 4299 3718 4352 Ubi

2123 4367 2221 4440 per
2247 4370 2582 4440 spiraculum
2623 4371 2749 4422 vitae
2801 4367 3114 4437 intelligitur
3161 4369 3366 4431 anima,
3400 4369 3560 4440 simul
3589 4382 3718 4424 cum

2123 4438 2242 4510 ipsa
2270 4438 2618 4506 productione
2639 4455 2733 4494 seu
2758 4440 3346 4510 formatiorieicorporis
3361 4453 3390 4492 a
3414 4438 3523 4493 Deo
3549 4440 3720 4506 impi-

2123 4508 2238 4567 rata
2264 4522 2320 4566 et
2351 4511 2544 4565 infusa.
2570 4511 2748 4565 Monet
2771 4521 2947 4564 tamen
2978 4508 3035 4564 S.
3065 4509 3299 4563 Thomas
3325 4510 3586 4576 inspirare
3607 4527 3715 4563 non

2125 4599 2232 4637 esse
2251 4582 2610 4648 accipiendum
2639 4578 2977 4649 corporaliter
3000 4596 3020 4644 ;
3049 4581 3139 4634 sed
3187 4579 3323 4633 idem
3351 4590 3422 4632 est
3443 4619 3458 4644 ,
3490 4579 3662 4649 inquit
3695 4624 3714 4648 ,

2123 4653 2409 4724 inspirare,
2441 4651 2576 4722 quod
2604 4653 2843 4724 spiritum
2874 4651 3063 4724 facere.
3095 4650 3262 4724 Porro
3293 4650 3716 4724 Moysesvolens

2126 4719 2809 4790 sig'nilicare'creationem
2861 4723 3056 4775 animae
3109 4719 3432 4784 rationalis,
3481 4719 3713 4790 ejusque

2124 4794 2447 4847 inlusionem
2508 4793 2560 4846 in
2613 4807 2811 4861 corpus
2839 4792 3072 4857 Adami,
3136 4805 3265 4845 usus
3313 4800 3395 4844 est
3443 4791 3713 4846 vocabulo

2121 4863 2520 4934 inspiratiOnis,
2568 4863 2682 4916 sive
2735 4861 3155 4934 insufflationis.
3211 4861 3706 4934 triplici‘ratione:

2122 4933 2182 4987 1ο
2210 4931 2427 5003 quidem
2455 4974 2468 4994 ,
2520 4941 2582 4987 ut
2622 4934 2799 5001 placet
2845 4931 3219 4994 Theodoreto,
3261 4946 3395 5003 quo,
3423 4931 3711 5000 intelliga-

2119 5012 2206 5059 tur
2232 5002 2356 5059 tam
2388 5003 2598 5058 facilem
2629 5005 2738 5056 Deo
2786 5006 3114 5056 creationem
3143 5017 3265 5056 esse
3313 5002 3505 5056 anima:
3540 5005 3706 5056 ratio—

2119 5077 2254 5130 nalis
2282 5091 2438 5144 quam
2467 5075 2617 5128 facile
2641 5084 2724 5127 est
2751 5074 2953 5128 homini
2979 5074 3162 5126 flatum
3191 5088 3254 5126 ex
3287 5087 3386 5144 ore
3422 5088 3519 5126 suo
3545 5076 3709 5128 emit-

2117 5155 2262 5210 tere;
2284 5143 2349 5199 ‘20
2373 5155 2429 5200 ut
2451 5145 2574 5198 inde
2598 5144 2976 5212 colligeremus
3001 5145 3234 5197 animam
3255 5143 3573 5197 rationalem
3597 5161 3705 5200 non

2117 5218 2269 5272 educi
2299 5217 2625 5284 de.potentia
2658 5219 2897 5269 materiae
2919 5256 2933 5278 ,
2965 5226 3021 5268 ut
3043 5214 3236 5267 anima:
3261 5213 3570 5275 hrutorutn,
3603 5216 3702 5269 sed

2116 5288 2459 5344 extrinsecus
2507 5287 2764 5340 advenire
2794 5327 2809 5348 ,
2870 5294 3055 5354 utpote
3101 5299 3130 5337 a
3189 5287 3294 5338 Deo
3347 5292 3579 5338 creatam
3630 5301 3700 5340 ex

2115 5358 2319 5425 nihilo,
2363 5359 2591 5426 ideoque
2619 5357 3027 5410 immaterialem
3059 5365 3112 5408 et
3143 5355 3499 5426 immortalem
3532 5370 3655 5426 esse
3684 5371 3700 5419 ;

2115 5430 2177 5484 5ο
2207 5438 2264 5483 ut
2291 5425 2619 5499 signiﬁcaret
2642 5427 2874 5480 animam
2906 5425 3063 5499 simul
3091 5426 3260 5499 creari
3293 5433 3346 5499 et
3386 5425 3596 5499 infundi
3652 5428 3701 5480 in

2114 5495 2364 5567 corpusf
2385 5501 2526 5552 Deus
2553 5499 2694 5553 enim
2726 5497 2958 5550 creando
2986 5512 3104 5550 eam
3135 5495 3396 5558 infundit,
3432 5504 3486 5548 et
3516 5497 3702 5548 infun-

2116 5570 2295 5625 dendo
2347 5578 2533 5633 creat,
2598 5569 2788 5623 eodem
2847 5577 3044 5637 puncto
3100 5567 3395 5634 temporis,
3451 5569 3704 5637 quamvis

2115 5641 2306 5696 ordine
2328 5651 2531 5694 naturae
2564 5641 2710 5706 prius
2741 5639 2810 5691 sit
2833 5636 3066 5692 animam
3097 5638 3267 5699 creari
3299 5651 3461 5705 quam
3486 5636 3710 5698 infundi

2118 5714 2135 5792 (
2162 5712 2288 5776 Vide
2311 5711 2575 5781 Pcrerium
2604 5710 2654 5766 in
2684 5725 2800 5766 eum
2827 5710 3047 5780 locum},
