  <div class='ocr_page' id='page_1' title='image "/cluster/home/n/w/nwhite01/storage/ocr_20150623/49/hvd.32044015471543/394.png"; bbox 0 0 4012 6336; ppageno 0'>
   <div class='ocr_carea' id='block_1_1' title="bbox 228 309 327 368">
    <p class='ocr_par' dir='ltr' id='par_1_1' title="bbox 228 309 327 368">
     <span class='ocr_line' id='line_1_1' title="bbox 228 309 327 368; baseline 0 0"><span class='ocrx_word' id='word_1_1' title='bbox 228 309 327 368; x_wconf 78' lang='lat'><strong>769</strong></span> 
     </span>
    </p>
   </div>
   <div class='ocr_carea' id='block_1_2' title="bbox 1307 301 2421 363">
    <p class='ocr_par' dir='ltr' id='par_1_2' title="bbox 1307 301 2421 363">
     <span class='ocr_line' id='line_1_2' title="bbox 1307 301 2421 363; baseline -0.003 0"><span class='ocrx_word' id='word_1_2' title='bbox 1307 303 1651 363; x_wconf 82' lang='lat' dir='ltr'><strong>COLLATIO</strong></span> <span class='ocrx_word' id='word_1_3' title='bbox 1691 301 1786 360; x_wconf 79' lang='lat' dir='ltr'><strong>IX.</strong></span> <span class='ocrx_word' id='word_1_4' title='bbox 1825 333 1893 351; x_wconf 74' lang='grc' dir='ltr'><strong>σ-</strong></span> <span class='ocrx_word' id='word_1_5' title='bbox 1923 303 2012 359; x_wconf 84' lang='lat' dir='ltr'><strong>DE</strong></span> <span class='ocrx_word' id='word_1_6' title='bbox 2048 303 2421 362; x_wconf 79' lang='lat' dir='ltr'><strong>ORATIONE.</strong></span> 
     </span>
    </p>
   </div>
   <div class='ocr_carea' id='block_1_3' title="bbox 3416 309 3522 369">
    <p class='ocr_par' dir='ltr' id='par_1_3' title="bbox 3416 309 3522 369">
     <span class='ocr_line' id='line_1_3' title="bbox 3416 309 3522 369; baseline 0.019 -2"><span class='ocrx_word' id='word_1_7' title='bbox 3416 309 3522 369; x_wconf 84' lang='lat'><strong>770</strong></span> 
     </span>
    </p>
   </div>
   <div class='ocr_carea' id='block_1_4' title="bbox 227 419 3522 494">
    <p class='ocr_par' dir='ltr' id='par_1_4' title="bbox 227 419 3522 494">
     <span class='ocr_line' id='line_1_4' title="bbox 227 419 3522 494; baseline 0.001 -12"><span class='ocrx_word' id='word_1_8' title='bbox 227 420 565 482; x_wconf 79' lang='lat' dir='ltr'><strong>mendacium</strong></span> <span class='ocrx_word' id='word_1_9' title='bbox 611 419 899 478; x_wconf 79' lang='lat' dir='ltr'><strong>proferens</strong></span> <span class='ocrx_word' id='word_1_10' title='bbox 921 459 936 490; x_wconf 91' lang='lat'><strong>,</strong></span> <span class='ocrx_word' id='word_1_11' title='bbox 1008 434 1118 476; x_wconf 92' lang='lat' dir='ltr'><strong>non</strong></span> <span class='ocrx_word' id='word_1_12' title='bbox 1174 419 1349 475; x_wconf 87' lang='lat' dir='ltr'><strong>solum</strong></span> <span class='ocrx_word' id='word_1_13' title='bbox 1403 421 1656 488; x_wconf 66' lang='lat' dir='ltr'><strong>numidas,</strong></span> <span class='ocrx_word' id='word_1_14' title='bbox 1714 421 1811 477; x_wconf 90' lang='lat' dir='ltr'><strong>sed</strong></span> <span class='ocrx_word' id='word_1_15' title='bbox 1838 425 1894 485; x_wconf 78' lang='grc' dir='ltr'><strong>Α</strong></span> <span class='ocrx_word' id='word_1_16' title='bbox 1916 422 2100 479; x_wconf 89' lang='lat' dir='ltr'><strong>obrem</strong></span> <span class='ocrx_word' id='word_1_17' title='bbox 2127 424 2414 479; x_wconf 89' lang='lat' dir='ltr'><strong>Dominum</strong></span> <span class='ocrx_word' id='word_1_18' title='bbox 2450 424 2830 494; x_wconf 78' lang='lat' dir='ltr'><strong>deprecemur,</strong></span> <span class='ocrx_word' id='word_1_19' title='bbox 2865 431 2926 480; x_wconf 92' lang='lat' dir='ltr'><strong>ut</strong></span> <span class='ocrx_word' id='word_1_20' title='bbox 2951 424 3003 480; x_wconf 86' lang='lat' dir='ltr'><strong>in</strong></span> <span class='ocrx_word' id='word_1_21' title='bbox 3031 424 3214 492; x_wconf 89' lang='lat' dir='ltr'><strong>nobis,</strong></span> <span class='ocrx_word' id='word_1_22' title='bbox 3246 428 3334 484; x_wconf 88' lang='lat' dir='ltr'><strong>vel</strong></span> <span class='ocrx_word' id='word_1_23' title='bbox 3354 431 3522 486; x_wconf 87' lang='lat' dir='ltr'><strong>timor</strong></span> 
     </span>
    </p>
   </div>
   <div class='ocr_carea' id='block_1_5' title="bbox 228 513 1816 587">
    <p class='ocr_par' dir='ltr' id='par_1_5' title="bbox 228 513 1816 587">
     <span class='ocr_line' id='line_1_5' title="bbox 228 513 1816 587; baseline -0.002 -15"><span class='ocrx_word' id='word_1_24' title='bbox 228 519 381 573; x_wconf 85' lang='lat' dir='ltr'><strong>etiam</strong></span> <span class='ocrx_word' id='word_1_25' title='bbox 419 522 569 587; x_wconf 82' lang='lat' dir='ltr'><strong>pater</strong></span> <span class='ocrx_word' id='word_1_26' title='bbox 611 515 784 586; x_wconf 84' lang='lat' dir='ltr'><strong>ipsius</strong></span> <span class='ocrx_word' id='word_1_27' title='bbox 834 513 1104 570; x_wconf 84' lang='lat' dir='ltr'><strong>mendacii</strong></span> <span class='ocrx_word' id='word_1_28' title='bbox 1135 513 1310 569; x_wconf 86' lang='lat' dir='ltr'><strong>factus</strong></span> <span class='ocrx_word' id='word_1_29' title='bbox 1336 523 1420 570; x_wconf 88' lang='lat' dir='ltr'><strong>est</strong></span> <span class='ocrx_word' id='word_1_30' title='bbox 1449 513 1628 587; x_wconf 78' lang='lat' dir='ltr'><strong>(Joan.</strong></span> <span class='ocrx_word' id='word_1_31' title='bbox 1660 517 1776 586; x_wconf 84' lang='lat' dir='ltr'><strong>vm)</strong></span> <span class='ocrx_word' id='word_1_32' title='bbox 1802 561 1816 587; x_wconf 83' lang='lat'><strong>,</strong></span> 
     </span>
    </p>
   </div>
   <div class='ocr_carea' id='block_1_6' title="bbox 226 607 1824 682">
    <p class='ocr_par' dir='ltr' id='par_1_6' title="bbox 226 607 1824 682">
     <span class='ocr_line' id='line_1_6' title="bbox 226 607 1824 682; baseline 0 -18"><span class='ocrx_word' id='word_1_33' title='bbox 226 626 325 682; x_wconf 86' lang='lat' dir='ltr'><strong>quo</strong></span> <span class='ocrx_word' id='word_1_34' title='bbox 354 609 622 663; x_wconf 76' lang='lat' dir='ltr'><strong>deitatem</strong></span> <span class='ocrx_word' id='word_1_35' title='bbox 649 607 854 662; x_wconf 86' lang='lat' dir='ltr'><strong>homini</strong></span> <span class='ocrx_word' id='word_1_36' title='bbox 905 607 1294 677; x_wconf 75' lang='lat' dir='ltr'><strong>repromittens</strong></span> <span class='ocrx_word' id='word_1_37' title='bbox 1321 622 1384 663; x_wconf 90' lang='lat' dir='ltr'><strong>ac</strong></span> <span class='ocrx_word' id='word_1_38' title='bbox 1411 607 1624 674; x_wconf 86' lang='lat' dir='ltr'><strong>dicens,</strong></span> <span class='ocrx_word' id='word_1_39' title='bbox 1657 608 1824 664; x_wconf 77' lang='lat' dir='ltr'><strong>Erilis</strong></span> 
     </span>
    </p>
   </div>
   <div class='ocr_carea' id='block_1_7' title="bbox 1926 515 3519 588">
    <p class='ocr_par' dir='ltr' id='par_1_7' title="bbox 1926 515 3519 588">
     <span class='ocr_line' id='line_1_7' title="bbox 1926 515 3519 588; baseline 0.004 -18"><span class='ocrx_word' id='word_1_40' title='bbox 1926 515 2078 585; x_wconf 88' lang='lat' dir='ltr'><strong>ejus,</strong></span> <span class='ocrx_word' id='word_1_41' title='bbox 2113 518 2199 571; x_wconf 91' lang='lat' dir='ltr'><strong>vel</strong></span> <span class='ocrx_word' id='word_1_42' title='bbox 2228 517 2470 573; x_wconf 76' lang='lat' dir='ltr'><strong>Charitas</strong></span> <span class='ocrx_word' id='word_1_43' title='bbox 2493 558 2509 585; x_wconf 92' lang='lat'><strong>,</strong></span> <span class='ocrx_word' id='word_1_44' title='bbox 2565 533 2690 588; x_wconf 63' lang='lat' dir='ltr'><strong>quae</strong></span> <span class='ocrx_word' id='word_1_45' title='bbox 2720 517 2920 574; x_wconf 84' lang='lat' dir='ltr'><strong>cadere</strong></span> <span class='ocrx_word' id='word_1_46' title='bbox 2957 519 3172 588; x_wconf 88' lang='lat' dir='ltr'><strong>nescit,</strong></span> <span class='ocrx_word' id='word_1_47' title='bbox 3223 519 3519 577; x_wconf 76' lang='lat' dir='ltr'><strong>immobilis</strong></span> 
     </span>
    </p>
   </div>
   <div class='ocr_carea' id='block_1_8' title="bbox 1926 609 3516 680">
    <p class='ocr_par' dir='ltr' id='par_1_8' title="bbox 1926 609 3516 680">
     <span class='ocr_line' id='line_1_8' title="bbox 1926 609 3516 680; baseline 0.003 -18"><span class='ocrx_word' id='word_1_48' title='bbox 1926 620 2276 678; x_wconf 82' lang='lat' dir='ltr'><strong>perseveret,</strong></span> <span class='ocrx_word' id='word_1_49' title='bbox 2331 625 2452 680; x_wconf 69' lang='lat' dir='ltr'><strong>qua:</strong></span> <span class='ocrx_word' id='word_1_50' title='bbox 2509 623 2611 665; x_wconf 90' lang='lat' dir='ltr'><strong>nos</strong></span> <span class='ocrx_word' id='word_1_51' title='bbox 2668 620 2723 666; x_wconf 88' lang='lat' dir='ltr'><strong>et</strong></span> <span class='ocrx_word' id='word_1_52' title='bbox 2773 609 3048 679; x_wconf 84' lang='lat' dir='ltr'><strong>sapientes</strong></span> <span class='ocrx_word' id='word_1_53' title='bbox 3092 617 3146 666; x_wconf 83' lang='lat' dir='ltr'><strong>tn</strong></span> <span class='ocrx_word' id='word_1_54' title='bbox 3199 610 3516 666; x_wconf 87' lang='lat' dir='ltr'><strong>hominibus</strong></span> 
     </span>
    </p>
   </div>
   <div class='ocr_carea' id='block_1_9' title="bbox 226 698 1822 772">
    <p class='ocr_par' dir='ltr' id='par_1_9' title="bbox 226 698 1822 772">
     <span class='ocr_line' id='line_1_9' title="bbox 226 698 1822 772; baseline 0 -16"><span class='ocrx_word' id='word_1_55' title='bbox 226 705 345 757; x_wconf 86' lang='lat' dir='ltr'><strong>sicut</strong></span> <span class='ocrx_word' id='word_1_56' title='bbox 374 701 454 754; x_wconf 87' lang='lat' dir='ltr'><strong>dii</strong></span> <span class='ocrx_word' id='word_1_57' title='bbox 478 698 690 772; x_wconf 84' lang='lat' dir='ltr'><strong>(Cenes.</strong></span> <span class='ocrx_word' id='word_1_58' title='bbox 711 701 820 770; x_wconf 85' lang='lat' dir='ltr'><strong>ut),</strong></span> <span class='ocrx_word' id='word_1_59' title='bbox 839 699 894 753; x_wconf 87' lang='lat' dir='ltr'><strong>in</strong></span> <span class='ocrx_word' id='word_1_60' title='bbox 923 700 1133 754; x_wconf 67' lang='lat' dir='ltr'><strong>veritate</strong></span> <span class='ocrx_word' id='word_1_61' title='bbox 1155 716 1257 754; x_wconf 89' lang='lat' dir='ltr'><strong>non</strong></span> <span class='ocrx_word' id='word_1_62' title='bbox 1283 701 1440 767; x_wconf 88' lang='lat' dir='ltr'><strong>stetit,</strong></span> <span class='ocrx_word' id='word_1_63' title='bbox 1459 700 1557 756; x_wconf 88' lang='lat' dir='ltr'><strong>sed</strong></span> <span class='ocrx_word' id='word_1_64' title='bbox 1585 701 1651 756; x_wconf 81' lang='lat' dir='ltr'><strong>ab</strong></span> <span class='ocrx_word' id='word_1_65' title='bbox 1677 701 1822 756; x_wconf 88' lang='lat' dir='ltr'><strong>initio</strong></span> 
     </span>
    </p>
   </div>
   <div class='ocr_carea' id='block_1_10' title="bbox 229 792 1822 858">
    <p class='ocr_par' dir='ltr' id='par_1_10' title="bbox 229 792 1822 858">
     <span class='ocr_line' id='line_1_10' title="bbox 229 792 1822 858; baseline 0.001 -9"><span class='ocrx_word' id='word_1_66' title='bbox 229 796 392 850; x_wconf 85' lang='lat' dir='ltr'><strong>factus</strong></span> <span class='ocrx_word' id='word_1_67' title='bbox 413 804 501 850; x_wconf 91' lang='lat' dir='ltr'><strong>est</strong></span> <span class='ocrx_word' id='word_1_68' title='bbox 543 793 841 858; x_wconf 78' lang='lat' dir='ltr'><strong>homicida,</strong></span> <span class='ocrx_word' id='word_1_69' title='bbox 875 793 959 848; x_wconf 88' lang='lat' dir='ltr'><strong>vel</strong></span> <span class='ocrx_word' id='word_1_70' title='bbox 985 792 1158 848; x_wconf 84' lang='lat' dir='ltr'><strong>Adam</strong></span> <span class='ocrx_word' id='word_1_71' title='bbox 1191 794 1244 847; x_wconf 93' lang='lat' dir='ltr'><strong>in</strong></span> <span class='ocrx_word' id='word_1_72' title='bbox 1270 793 1642 850; x_wconf 88' lang='lat' dir='ltr'><strong>conditionem</strong></span> <span class='ocrx_word' id='word_1_73' title='bbox 1673 810 1822 850; x_wconf 86' lang='lat' dir='ltr'><strong>mor-</strong></span> 
     </span>
    </p>
   </div>
   <div class='ocr_carea' id='block_1_11' title="bbox 230 884 1824 958">
    <p class='ocr_par' dir='ltr' id='par_1_11' title="bbox 230 884 1824 958">
     <span class='ocr_line' id='line_1_11' title="bbox 230 884 1824 958; baseline 0.001 -17"><span class='ocrx_word' id='word_1_74' title='bbox 230 886 454 941; x_wconf 80' lang='lat' dir='ltr'><strong>talitatis</strong></span> <span class='ocrx_word' id='word_1_75' title='bbox 485 885 750 941; x_wconf 88' lang='lat' dir='ltr'><strong>inducens</strong></span> <span class='ocrx_word' id='word_1_76' title='bbox 769 927 784 952; x_wconf 95' lang='lat'><strong>,</strong></span> <span class='ocrx_word' id='word_1_77' title='bbox 816 884 902 940; x_wconf 87' lang='lat' dir='ltr'><strong>vel</strong></span> <span class='ocrx_word' id='word_1_78' title='bbox 924 885 1063 940; x_wconf 88' lang='lat' dir='ltr'><strong>Abel</strong></span> <span class='ocrx_word' id='word_1_79' title='bbox 1086 886 1435 957; x_wconf 83' lang='lat' dir='ltr'><strong>instigatione</strong></span> <span class='ocrx_word' id='word_1_80' title='bbox 1458 901 1554 943; x_wconf 88' lang='lat' dir='ltr'><strong>sua</strong></span> <span class='ocrx_word' id='word_1_81' title='bbox 1583 902 1680 958; x_wconf 91' lang='lat' dir='ltr'><strong>per</strong></span> <span class='ocrx_word' id='word_1_82' title='bbox 1709 902 1824 943; x_wconf 87' lang='lat' dir='ltr'><strong>ma-</strong></span> 
     </span>
    </p>
   </div>
   <div class='ocr_carea' id='block_1_12' title="bbox 229 977 1820 1049">
    <p class='ocr_par' dir='ltr' id='par_1_12' title="bbox 229 977 1820 1049">
     <span class='ocr_line' id='line_1_12' title="bbox 229 977 1820 1049; baseline 0.001 -16"><span class='ocrx_word' id='word_1_83' title='bbox 229 993 344 1033; x_wconf 88' lang='lat' dir='ltr'><strong>num</strong></span> <span class='ocrx_word' id='word_1_84' title='bbox 405 977 604 1032; x_wconf 81' lang='lat' dir='ltr'><strong>fratris</strong></span> <span class='ocrx_word' id='word_1_85' title='bbox 659 977 1001 1033; x_wconf 88' lang='lat' dir='ltr'><strong>iuterimens.</strong></span> <span class='ocrx_word' id='word_1_86' title='bbox 1057 977 1167 1033; x_wconf 94' lang='lat' dir='ltr'><strong>Sed</strong></span> <span class='ocrx_word' id='word_1_87' title='bbox 1227 977 1337 1048; x_wconf 84' lang='lat' dir='ltr'><strong>jam</strong></span> <span class='ocrx_word' id='word_1_88' title='bbox 1396 978 1820 1049; x_wconf 82' lang='lat' dir='ltr'><strong>disputationem</strong></span> 
     </span>
    </p>
   </div>
   <div class='ocr_carea' id='block_1_13' title="bbox 229 1065 1824 1126">
    <p class='ocr_par' dir='ltr' id='par_1_13' title="bbox 229 1065 1824 1126">
     <span class='ocr_line' id='line_1_13' title="bbox 229 1065 1824 1126; baseline 0.003 -3"><span class='ocrx_word' id='word_1_89' title='bbox 229 1078 469 1123; x_wconf 88' lang='lat' dir='ltr'><strong>nostram</strong></span> <span class='ocrx_word' id='word_1_90' title='bbox 501 1067 733 1123; x_wconf 88' lang='lat' dir='ltr'><strong>duarum</strong></span> <span class='ocrx_word' id='word_1_91' title='bbox 761 1065 936 1124; x_wconf 90' lang='lat' dir='ltr'><strong>ferme</strong></span> <span class='ocrx_word' id='word_1_92' title='bbox 980 1069 1222 1124; x_wconf 86' lang='lat' dir='ltr'><strong>noctium</strong></span> <span class='ocrx_word' id='word_1_93' title='bbox 1265 1068 1643 1126; x_wconf 86' lang='lat' dir='ltr'><strong>lucubratione</strong></span> <span class='ocrx_word' id='word_1_94' title='bbox 1691 1085 1824 1126; x_wconf 92' lang='lat' dir='ltr'><strong>con-</strong></span> 
     </span>
    </p>
   </div>
   <div class='ocr_carea' id='block_1_14' title="bbox 227 1161 1822 1233">
    <p class='ocr_par' dir='ltr' id='par_1_14' title="bbox 227 1161 1822 1233">
     <span class='ocr_line' id='line_1_14' title="bbox 227 1161 1822 1233; baseline 0.002 -18"><span class='ocrx_word' id='word_1_95' title='bbox 227 1161 412 1216; x_wconf 75' lang='lat' dir='ltr'><strong>fectam</strong></span> <span class='ocrx_word' id='word_1_96' title='bbox 445 1161 790 1231; x_wconf 86' lang='lat' dir='ltr'><strong>subsequens</strong></span> <span class='ocrx_word' id='word_1_97' title='bbox 824 1175 1018 1215; x_wconf 88' lang='lat' dir='ltr'><strong>aurora</strong></span> <span class='ocrx_word' id='word_1_98' title='bbox 1038 1161 1358 1228; x_wconf 90' lang='lat' dir='ltr'><strong>concludit,</strong></span> <span class='ocrx_word' id='word_1_99' title='bbox 1404 1176 1469 1217; x_wconf 86' lang='lat' dir='ltr'><strong>ac</strong></span> <span class='ocrx_word' id='word_1_100' title='bbox 1495 1162 1564 1218; x_wconf 85' lang='lat' dir='ltr'><strong>de</strong></span> <span class='ocrx_word' id='word_1_101' title='bbox 1597 1163 1822 1233; x_wconf 77' lang='lat' dir='ltr'><strong>profun-</strong></span> 
     </span>
    </p>
   </div>
   <div class='ocr_carea' id='block_1_15' title="bbox 228 1253 1822 1326">
    <p class='ocr_par' dir='ltr' id='par_1_15' title="bbox 228 1253 1822 1326">
     <span class='ocr_line' id='line_1_15' title="bbox 228 1253 1822 1326; baseline 0.002 -17"><span class='ocrx_word' id='word_1_102' title='bbox 228 1253 448 1309; x_wconf 90' lang='lat' dir='ltr'><strong>dissimo</strong></span> <span class='ocrx_word' id='word_1_103' title='bbox 462 1255 830 1324; x_wconf 62' lang='lat' dir='ltr'><strong>quastionum</strong></span> <span class='ocrx_word' id='word_1_104' title='bbox 851 1253 1043 1324; x_wconf 89' lang='lat' dir='ltr'><strong>pelago</strong></span> <span class='ocrx_word' id='word_1_105' title='bbox 1063 1256 1314 1326; x_wconf 83' lang='lat' dir='ltr'><strong>cymbam</strong></span> <span class='ocrx_word' id='word_1_106' title='bbox 1329 1255 1638 1311; x_wconf 88' lang='lat' dir='ltr'><strong>collationis</strong></span> <span class='ocrx_word' id='word_1_107' title='bbox 1660 1256 1822 1326; x_wconf 87' lang='lat' dir='ltr'><strong>hujus</strong></span> 
     </span>
    </p>
   </div>
   <div class='ocr_carea' id='block_1_16' title="bbox 229 1347 1822 1419">
    <p class='ocr_par' dir='ltr' id='par_1_16' title="bbox 229 1347 1822 1419">
     <span class='ocr_line' id='line_1_16' title="bbox 229 1347 1822 1419; baseline 0.003 -18"><span class='ocrx_word' id='word_1_108' title='bbox 229 1347 291 1401; x_wconf 87' lang='lat' dir='ltr'><strong>ad</strong></span> <span class='ocrx_word' id='word_1_109' title='bbox 318 1349 654 1403; x_wconf 85' lang='lat' dir='ltr'><strong>tutissimum</strong></span> <span class='ocrx_word' id='word_1_110' title='bbox 684 1347 888 1402; x_wconf 89' lang='lat' dir='ltr'><strong>silentii</strong></span> <span class='ocrx_word' id='word_1_111' title='bbox 936 1359 1150 1415; x_wconf 90' lang='lat' dir='ltr'><strong>portum</strong></span> <span class='ocrx_word' id='word_1_112' title='bbox 1195 1349 1580 1419; x_wconf 90' lang='lat' dir='ltr'><strong>compendium</strong></span> <span class='ocrx_word' id='word_1_113' title='bbox 1622 1360 1822 1407; x_wconf 59' lang='lat' dir='ltr'><strong>nostra;</strong></span> 
     </span>
    </p>
   </div>
   <div class='ocr_carea' id='block_1_17' title="bbox 230 1439 1822 1514">
    <p class='ocr_par' dir='ltr' id='par_1_17' title="bbox 230 1439 1822 1514">
     <span class='ocr_line' id='line_1_17' title="bbox 230 1439 1822 1514; baseline 0.002 -18"><span class='ocrx_word' id='word_1_114' title='bbox 230 1440 545 1496; x_wconf 84' lang='lat' dir='ltr'><strong>rusticitatis</strong></span> <span class='ocrx_word' id='word_1_115' title='bbox 570 1441 812 1495; x_wconf 77' lang='lat' dir='ltr'><strong>attraxit.</strong></span> <span class='ocrx_word' id='word_1_116' title='bbox 842 1439 899 1494; x_wconf 87' lang='lat' dir='ltr'><strong>In</strong></span> <span class='ocrx_word' id='word_1_117' title='bbox 927 1456 1037 1512; x_wconf 91' lang='lat' dir='ltr'><strong>quo</strong></span> <span class='ocrx_word' id='word_1_118' title='bbox 1077 1441 1295 1512; x_wconf 90' lang='lat' dir='ltr'><strong>quidem</strong></span> <span class='ocrx_word' id='word_1_119' title='bbox 1328 1442 1591 1511; x_wconf 85' lang='lat' dir='ltr'><strong>profundo</strong></span> <span class='ocrx_word' id='word_1_120' title='bbox 1619 1453 1822 1514; x_wconf 86' lang='lat' dir='ltr'><strong>quanto</strong></span> 
     </span>
    </p>
   </div>
   <div class='ocr_carea' id='block_1_18' title="bbox 230 1532 1821 1602">
    <p class='ocr_par' dir='ltr' id='par_1_18' title="bbox 230 1532 1821 1602">
     <span class='ocr_line' id='line_1_18' title="bbox 230 1532 1821 1602; baseline 0.001 -13"><span class='ocrx_word' id='word_1_121' title='bbox 230 1547 322 1589; x_wconf 86' lang='lat' dir='ltr'><strong>nos</strong></span> <span class='ocrx_word' id='word_1_122' title='bbox 349 1534 584 1588; x_wconf 87' lang='lat' dir='ltr'><strong>interius</strong></span> <span class='ocrx_word' id='word_1_123' title='bbox 605 1533 763 1588; x_wconf 81' lang='lat' dir='ltr'><strong>ﬂatus</strong></span> <span class='ocrx_word' id='word_1_124' title='bbox 793 1532 968 1588; x_wconf 91' lang='lat' dir='ltr'><strong>divini</strong></span> <span class='ocrx_word' id='word_1_125' title='bbox 1004 1532 1244 1602; x_wconf 88' lang='lat' dir='ltr'><strong>Spiritus</strong></span> <span class='ocrx_word' id='word_1_126' title='bbox 1292 1534 1622 1600; x_wconf 77' lang='lat' dir='ltr'><strong>introduxit,</strong></span> <span class='ocrx_word' id='word_1_127' title='bbox 1671 1544 1821 1591; x_wconf 89' lang='lat' dir='ltr'><strong>tanto</strong></span> 
     </span>
    </p>
   </div>
   <div class='ocr_carea' id='block_1_19' title="bbox 1923 699 3520 774">
    <p class='ocr_par' dir='ltr' id='par_1_19' title="bbox 1923 699 3520 774">
     <span class='ocr_line' id='line_1_19' title="bbox 1923 699 3520 774; baseline 0.002 -20"><span class='ocrx_word' id='word_1_128' title='bbox 1923 699 2116 767; x_wconf 90' lang='lat' dir='ltr'><strong>faciat,</strong></span> <span class='ocrx_word' id='word_1_129' title='bbox 2149 711 2202 757; x_wconf 90' lang='lat' dir='ltr'><strong>et</strong></span> <span class='ocrx_word' id='word_1_130' title='bbox 2247 717 2276 756; x_wconf 92' lang='lat' dir='ltr'><strong>a</strong></span> <span class='ocrx_word' id='word_1_131' title='bbox 2317 702 2516 757; x_wconf 90' lang='lat' dir='ltr'><strong>diaboli</strong></span> <span class='ocrx_word' id='word_1_132' title='bbox 2559 703 2688 760; x_wconf 88' lang='lat' dir='ltr'><strong>telis</strong></span> <span class='ocrx_word' id='word_1_133' title='bbox 2738 711 2998 774; x_wconf 80' lang='lat' dir='ltr'><strong>protegat</strong></span> <span class='ocrx_word' id='word_1_134' title='bbox 3047 718 3262 774; x_wconf 90' lang='lat' dir='ltr'><strong>semper</strong></span> <span class='ocrx_word' id='word_1_135' title='bbox 3293 704 3520 759; x_wconf 76' lang='lat' dir='ltr'><strong>illaesos.</strong></span> 
     </span>
    </p>
   </div>
   <div class='ocr_carea' id='block_1_20' title="bbox 1927 793 3515 867">
    <p class='ocr_par' dir='ltr' id='par_1_20' title="bbox 1927 793 3515 867">
     <span class='ocr_line' id='line_1_20' title="bbox 1927 793 3515 867; baseline 0.002 -20"><span class='ocrx_word' id='word_1_136' title='bbox 1927 793 2021 849; x_wconf 86' lang='lat' dir='ltr'><strong>His</strong></span> <span class='ocrx_word' id='word_1_137' title='bbox 2068 797 2271 850; x_wconf 88' lang='lat' dir='ltr'><strong>etenim</strong></span> <span class='ocrx_word' id='word_1_138' title='bbox 2319 795 2633 851; x_wconf 87' lang='lat' dir='ltr'><strong>custodibus</strong></span> <span class='ocrx_word' id='word_1_139' title='bbox 2683 795 3019 866; x_wconf 89' lang='lat' dir='ltr'><strong>impossibile</strong></span> <span class='ocrx_word' id='word_1_140' title='bbox 3070 805 3154 850; x_wconf 89' lang='lat' dir='ltr'><strong>est</strong></span> <span class='ocrx_word' id='word_1_141' title='bbox 3203 795 3515 867; x_wconf 89' lang='lat' dir='ltr'><strong>quempiam</strong></span> 
     </span>
    </p>
   </div>
   <div class='ocr_carea' id='block_1_21' title="bbox 1926 886 3525 957">
    <p class='ocr_par' dir='ltr' id='par_1_21' title="bbox 1926 886 3525 957">
     <span class='ocr_line' id='line_1_21' title="bbox 1926 886 3525 957; baseline -0.001 -16"><span class='ocrx_word' id='word_1_142' title='bbox 1926 887 2150 957; x_wconf 90' lang='lat' dir='ltr'><strong>laqueos</strong></span> <span class='ocrx_word' id='word_1_143' title='bbox 2175 888 2367 943; x_wconf 86' lang='lat' dir='ltr'><strong>mortis</strong></span> <span class='ocrx_word' id='word_1_144' title='bbox 2393 886 2718 953; x_wconf 88' lang='lat' dir='ltr'><strong>incurrere;</strong></span> <span class='ocrx_word' id='word_1_145' title='bbox 2771 888 2912 944; x_wconf 92' lang='lat' dir='ltr'><strong>inter</strong></span> <span class='ocrx_word' id='word_1_146' title='bbox 2935 886 3204 957; x_wconf 91' lang='lat' dir='ltr'><strong>perfectos</strong></span> <span class='ocrx_word' id='word_1_147' title='bbox 3251 897 3435 943; x_wconf 89' lang='lat' dir='ltr'><strong>autem</strong></span> <span class='ocrx_word' id='word_1_148' title='bbox 3472 898 3525 942; x_wconf 92' lang='lat' dir='ltr'><strong>et</strong></span> 
     </span>
    </p>
   </div>
   <div class='ocr_carea' id='block_1_22' title="bbox 1925 976 3516 1050">
    <p class='ocr_par' dir='ltr' id='par_1_22' title="bbox 1925 976 3516 1050">
     <span class='ocr_line' id='line_1_22' title="bbox 1925 976 3516 1050; baseline 0 -18"><span class='ocrx_word' id='word_1_149' title='bbox 1925 976 2271 1048; x_wconf 86' lang='lat' dir='ltr'><strong>imperfectos</strong></span> <span class='ocrx_word' id='word_1_150' title='bbox 2301 977 2404 1034; x_wconf 90' lang='lat' dir='ltr'><strong>ista</strong></span> <span class='ocrx_word' id='word_1_151' title='bbox 2439 978 2693 1034; x_wconf 88' lang='lat' dir='ltr'><strong>distantia</strong></span> <span class='ocrx_word' id='word_1_152' title='bbox 2725 986 2842 1043; x_wconf 88' lang='lat' dir='ltr'><strong>est,</strong></span> <span class='ocrx_word' id='word_1_153' title='bbox 2875 979 3017 1049; x_wconf 91' lang='lat' dir='ltr'><strong>quod</strong></span> <span class='ocrx_word' id='word_1_154' title='bbox 3064 980 3118 1034; x_wconf 92' lang='lat' dir='ltr'><strong>in</strong></span> <span class='ocrx_word' id='word_1_155' title='bbox 3162 979 3271 1034; x_wconf 90' lang='lat' dir='ltr'><strong>illis</strong></span> <span class='ocrx_word' id='word_1_156' title='bbox 3299 980 3516 1050; x_wconf 89' lang='lat' dir='ltr'><strong>quidem</strong></span> 
     </span>
    </p>
   </div>
   <div class='ocr_carea' id='block_1_23' title="bbox 1925 1069 3522 1140">
    <p class='ocr_par' dir='ltr' id='par_1_23' title="bbox 1925 1069 3522 1140">
     <span class='ocr_line' id='line_1_23' title="bbox 1925 1069 3522 1140; baseline 0.002 -17"><span class='ocrx_word' id='word_1_157' title='bbox 1925 1069 2030 1124; x_wconf 82' lang='lat' dir='ltr'><strong>fixa</strong></span> <span class='ocrx_word' id='word_1_158' title='bbox 2055 1080 2105 1125; x_wconf 91' lang='lat' dir='ltr'><strong>et</strong></span> <span class='ocrx_word' id='word_1_159' title='bbox 2133 1071 2214 1139; x_wconf 93' lang='lat' dir='ltr'><strong>(ut</strong></span> <span class='ocrx_word' id='word_1_160' title='bbox 2252 1071 2325 1125; x_wconf 90' lang='lat' dir='ltr'><strong>ita</strong></span> <span class='ocrx_word' id='word_1_161' title='bbox 2367 1070 2622 1140; x_wconf 82' lang='lat' dir='ltr'><strong>dixerim)</strong></span> <span class='ocrx_word' id='word_1_162' title='bbox 2671 1071 2935 1126; x_wconf 86' lang='lat' dir='ltr'><strong>maturior</strong></span> <span class='ocrx_word' id='word_1_163' title='bbox 2980 1071 3223 1127; x_wconf 85' lang='lat' dir='ltr'><strong>cbaritas</strong></span> <span class='ocrx_word' id='word_1_164' title='bbox 3277 1073 3522 1127; x_wconf 80' lang='lat' dir='ltr'><strong>tenacius</strong></span> 
     </span>
    </p>
   </div>
   <div class='ocr_carea' id='block_1_24' title="bbox 1923 1161 3519 1235">
    <p class='ocr_par' dir='ltr' id='par_1_24' title="bbox 1923 1161 3519 1235">
     <span class='ocr_line' id='line_1_24' title="bbox 1923 1161 3519 1235; baseline -0.001 -17"><span class='ocrx_word' id='word_1_165' title='bbox 1923 1177 2286 1233; x_wconf 85' lang='lat' dir='ltr'><strong>perseverans</strong></span> <span class='ocrx_word' id='word_1_166' title='bbox 2333 1163 2540 1218; x_wconf 80' lang='lat' dir='ltr'><strong>ﬁrmius</strong></span> <span class='ocrx_word' id='word_1_167' title='bbox 2571 1162 2758 1235; x_wconf 87' lang='lat' dir='ltr'><strong>[Lips.</strong></span> <span class='ocrx_word' id='word_1_168' title='bbox 2807 1165 2863 1217; x_wconf 89' lang='lat' dir='ltr'><strong>in</strong></span> <span class='ocrx_word' id='word_1_169' title='bbox 2893 1180 3058 1233; x_wconf 85' lang='lat' dir='ltr'><strong>marg.</strong></span> <span class='ocrx_word' id='word_1_170' title='bbox 3093 1162 3343 1219; x_wconf 87' lang='lat' dir='ltr'><strong>stabilius</strong></span> <span class='ocrx_word' id='word_1_171' title='bbox 3377 1161 3519 1234; x_wconf 89' lang='lat' dir='ltr'><strong>]eos</strong></span> 
     </span>
    </p>
   </div>
   <div class='ocr_carea' id='block_1_25' title="bbox 1923 1254 3519 1325">
    <p class='ocr_par' dir='ltr' id='par_1_25' title="bbox 1923 1254 3519 1325">
     <span class='ocr_line' id='line_1_25' title="bbox 1923 1254 3519 1325; baseline 0.001 -15"><span class='ocrx_word' id='word_1_172' title='bbox 1923 1254 2196 1325; x_wconf 86' lang='lat' dir='ltr'><strong>custodit,</strong></span> <span class='ocrx_word' id='word_1_173' title='bbox 2228 1270 2292 1310; x_wconf 90' lang='lat' dir='ltr'><strong>ac</strong></span> <span class='ocrx_word' id='word_1_174' title='bbox 2334 1255 2550 1311; x_wconf 82' lang='lat' dir='ltr'><strong>facilius</strong></span> <span class='ocrx_word' id='word_1_175' title='bbox 2577 1254 2708 1311; x_wconf 83' lang='lat' dir='ltr'><strong>facit</strong></span> <span class='ocrx_word' id='word_1_176' title='bbox 2752 1257 2806 1310; x_wconf 94' lang='lat' dir='ltr'><strong>in</strong></span> <span class='ocrx_word' id='word_1_177' title='bbox 2838 1257 3122 1312; x_wconf 90' lang='lat' dir='ltr'><strong>sanctitate</strong></span> <span class='ocrx_word' id='word_1_178' title='bbox 3173 1257 3411 1322; x_wconf 91' lang='lat' dir='ltr'><strong>durare;</strong></span> <span class='ocrx_word' id='word_1_179' title='bbox 3467 1257 3519 1311; x_wconf 93' lang='lat' dir='ltr'><strong>in</strong></span> 
     </span>
    </p>
   </div>
   <div class='ocr_carea' id='block_1_26' title="bbox 1925 1349 3520 1422">
    <p class='ocr_par' dir='ltr' id='par_1_26' title="bbox 1925 1349 3520 1422">
     <span class='ocr_line' id='line_1_26' title="bbox 1925 1349 3520 1422; baseline 0.004 -20"><span class='ocrx_word' id='word_1_180' title='bbox 1925 1349 2011 1403; x_wconf 92' lang='lat' dir='ltr'><strong>his</strong></span> <span class='ocrx_word' id='word_1_181' title='bbox 2037 1365 2167 1405; x_wconf 88' lang='lat' dir='ltr'><strong>vero</strong></span> <span class='ocrx_word' id='word_1_182' title='bbox 2195 1349 2343 1405; x_wconf 89' lang='lat' dir='ltr'><strong>velut</strong></span> <span class='ocrx_word' id='word_1_183' title='bbox 2370 1349 2640 1404; x_wconf 79' lang='lat' dir='ltr'><strong>inﬁrmius</strong></span> <span class='ocrx_word' id='word_1_184' title='bbox 2669 1350 2902 1419; x_wconf 89' lang='lat' dir='ltr'><strong>collata,</strong></span> <span class='ocrx_word' id='word_1_185' title='bbox 2960 1365 3023 1405; x_wconf 88' lang='lat' dir='ltr'><strong>ac</strong></span> <span class='ocrx_word' id='word_1_186' title='bbox 3052 1350 3264 1406; x_wconf 83' lang='lat' dir='ltr'><strong>facilius</strong></span> <span class='ocrx_word' id='word_1_187' title='bbox 3293 1352 3520 1422; x_wconf 78' lang='lat' dir='ltr'><strong>refrige-</strong></span> 
     </span>
    </p>
   </div>
   <div class='ocr_carea' id='block_1_27' title="bbox 1922 1443 3520 1516">
    <p class='ocr_par' dir='ltr' id='par_1_27' title="bbox 1922 1443 3520 1516">
     <span class='ocr_line' id='line_1_27' title="bbox 1922 1443 3520 1516; baseline 0.003 -19"><span class='ocrx_word' id='word_1_188' title='bbox 1922 1457 2118 1506; x_wconf 86' lang='lat' dir='ltr'><strong>scens,</strong></span> <span class='ocrx_word' id='word_1_189' title='bbox 2155 1444 2315 1498; x_wconf 90' lang='lat' dir='ltr'><strong>citius</strong></span> <span class='ocrx_word' id='word_1_190' title='bbox 2345 1443 2628 1514; x_wconf 90' lang='lat' dir='ltr'><strong>compellit</strong></span> <span class='ocrx_word' id='word_1_191' title='bbox 2662 1457 2759 1500; x_wconf 91' lang='lat' dir='ltr'><strong>eos</strong></span> <span class='ocrx_word' id='word_1_192' title='bbox 2807 1453 3152 1514; x_wconf 88' lang='lat' dir='ltr'><strong>peccatorum</strong></span> <span class='ocrx_word' id='word_1_193' title='bbox 3188 1446 3397 1516; x_wconf 88' lang='lat' dir='ltr'><strong>laqueis</strong></span> <span class='ocrx_word' id='word_1_194' title='bbox 3456 1461 3520 1502; x_wconf 92' lang='lat' dir='ltr'><strong>ac</strong></span> 
     </span>
    </p>
   </div>
   <div class='ocr_carea' id='block_1_28' title="bbox 1924 1537 3520 1607">
    <p class='ocr_par' dir='ltr' id='par_1_28' title="bbox 1924 1537 3520 1607">
     <span class='ocr_line' id='line_1_28' title="bbox 1924 1537 3520 1607; baseline 0.002 -16"><span class='ocrx_word' id='word_1_195' title='bbox 1924 1537 2125 1605; x_wconf 74' lang='lat' dir='ltr'><strong>saepius</strong></span> <span class='ocrx_word' id='word_1_196' title='bbox 2150 1537 2441 1607; x_wconf 89' lang='lat' dir='ltr'><strong>implicari.</strong></span> <span class='ocrx_word' id='word_1_197' title='bbox 2467 1537 2676 1604; x_wconf 86' lang='lat' dir='ltr'><strong>Quibus</strong></span> <span class='ocrx_word' id='word_1_198' title='bbox 2705 1537 2936 1603; x_wconf 87' lang='lat' dir='ltr'><strong>auditis,</strong></span> <span class='ocrx_word' id='word_1_199' title='bbox 2968 1537 3040 1592; x_wconf 92' lang='lat' dir='ltr'><strong>ita</strong></span> <span class='ocrx_word' id='word_1_200' title='bbox 3066 1553 3166 1594; x_wconf 89' lang='lat' dir='ltr'><strong>nos</strong></span> <span class='ocrx_word' id='word_1_201' title='bbox 3211 1539 3520 1594; x_wconf 89' lang='lat' dir='ltr'><strong>collationis</strong></span> 
     </span>
    </p>
   </div>
   <div class='ocr_carea' id='block_1_29' title="bbox 232 1625 3520 1702">
    <p class='ocr_par' dir='ltr' id='par_1_29' title="bbox 232 1625 3520 1702">
     <span class='ocr_line' id='line_1_29' title="bbox 232 1625 3520 1702; baseline 0.002 -22"><span class='ocrx_word' id='word_1_202' title='bbox 232 1625 474 1680; x_wconf 84' lang='lat' dir='ltr'><strong>diffusior</strong></span> <span class='ocrx_word' id='word_1_203' title='bbox 503 1625 821 1695; x_wconf 82' lang='lat' dir='ltr'><strong>praecedens</strong></span> <span class='ocrx_word' id='word_1_204' title='bbox 851 1625 1133 1681; x_wconf 89' lang='lat' dir='ltr'><strong>oculorum</strong></span> <span class='ocrx_word' id='word_1_205' title='bbox 1163 1626 1334 1681; x_wconf 88' lang='lat' dir='ltr'><strong>aciem</strong></span> <span class='ocrx_word' id='word_1_206' title='bbox 1366 1641 1585 1698; x_wconf 90' lang='lat' dir='ltr'><strong>semper</strong></span> <span class='ocrx_word' id='word_1_207' title='bbox 1609 1630 1821 1698; x_wconf 89' lang='lat' dir='ltr'><strong>aperie-</strong></span> <span class='ocrx_word' id='word_1_208' title='bbox 1925 1629 2086 1699; x_wconf 90' lang='lat' dir='ltr'><strong>hujus</strong></span> <span class='ocrx_word' id='word_1_209' title='bbox 2116 1646 2300 1687; x_wconf 88' lang='lat' dir='ltr'><strong>sermo</strong></span> <span class='ocrx_word' id='word_1_210' title='bbox 2346 1629 2742 1698; x_wconf 82' lang='lat' dir='ltr'><strong>inﬂammavit,</strong></span> <span class='ocrx_word' id='word_1_211' title='bbox 2786 1640 2846 1686; x_wconf 92' lang='lat' dir='ltr'><strong>ut</strong></span> <span class='ocrx_word' id='word_1_212' title='bbox 2893 1647 3018 1687; x_wconf 92' lang='lat' dir='ltr'><strong>cum</strong></span> <span class='ocrx_word' id='word_1_213' title='bbox 3071 1632 3277 1702; x_wconf 88' lang='lat' dir='ltr'><strong>majore</strong></span> <span class='ocrx_word' id='word_1_214' title='bbox 3324 1633 3520 1688; x_wconf 89' lang='lat' dir='ltr'><strong>mentis</strong></span> 
     </span>
    </p>
   </div>
   <div class='ocr_carea' id='block_1_30' title="bbox 232 1717 3515 1796">
    <p class='ocr_par' dir='ltr' id='par_1_30' title="bbox 232 1717 3515 1796">
     <span class='ocr_line' id='line_1_30' title="bbox 232 1717 3515 1796; baseline 0.002 -22"><span class='ocrx_word' id='word_1_215' title='bbox 232 1729 309 1774; x_wconf 88' lang='lat' dir='ltr'><strong>tur</strong></span> <span class='ocrx_word' id='word_1_216' title='bbox 336 1719 681 1774; x_wconf 88' lang='lat' dir='ltr'><strong>immensitas</strong></span> <span class='ocrx_word' id='word_1_217' title='bbox 705 1759 721 1784; x_wconf 91' lang='lat'><strong>,</strong></span> <span class='ocrx_word' id='word_1_218' title='bbox 747 1732 841 1784; x_wconf 89' lang='lat' dir='ltr'><strong>ac,</strong></span> <span class='ocrx_word' id='word_1_219' title='bbox 873 1717 1171 1774; x_wconf 88' lang='lat' dir='ltr'><strong>secundum</strong></span> <span class='ocrx_word' id='word_1_220' title='bbox 1221 1721 1547 1776; x_wconf 88' lang='lat' dir='ltr'><strong>sententiam</strong></span> <span class='ocrx_word' id='word_1_221' title='bbox 1573 1721 1822 1777; x_wconf 84' lang='lat' dir='ltr'><strong>Salomo-</strong></span> <span class='ocrx_word' id='word_1_222' title='bbox 1924 1725 2141 1791; x_wconf 86' lang='lat' dir='ltr'><strong>ardore,</strong></span> <span class='ocrx_word' id='word_1_223' title='bbox 2171 1727 2437 1782; x_wconf 90' lang='lat' dir='ltr'><strong>abeuntes</strong></span> <span class='ocrx_word' id='word_1_224' title='bbox 2467 1741 2497 1781; x_wconf 91' lang='lat' dir='ltr'><strong>a</strong></span> <span class='ocrx_word' id='word_1_225' title='bbox 2533 1726 2679 1781; x_wconf 90' lang='lat' dir='ltr'><strong>cella</strong></span> <span class='ocrx_word' id='word_1_226' title='bbox 2705 1725 2851 1782; x_wconf 88' lang='lat' dir='ltr'><strong>senis</strong></span> <span class='ocrx_word' id='word_1_227' title='bbox 2879 1740 3039 1796; x_wconf 90' lang='lat' dir='ltr'><strong>quam</strong></span> <span class='ocrx_word' id='word_1_228' title='bbox 3069 1735 3194 1784; x_wconf 88' lang='lat' dir='ltr'><strong>ante</strong></span> <span class='ocrx_word' id='word_1_229' title='bbox 3215 1727 3515 1794; x_wconf 91' lang='lat' dir='ltr'><strong>venientes,</strong></span> 
     </span>
    </p>
   </div>
   <div class='ocr_carea' id='block_1_31' title="bbox 232 1804 3061 1892">
    <p class='ocr_par' dir='ltr' id='par_1_31' title="bbox 232 1804 3061 1892">
     <span class='ocr_line' id='line_1_31' title="bbox 232 1804 3061 1892; baseline 0.001 -25"><span class='ocrx_word' id='word_1_230' title='bbox 232 1811 310 1867; x_wconf 89' lang='lat' dir='ltr'><strong>nis</strong></span> <span class='ocrx_word' id='word_1_231' title='bbox 335 1856 351 1880; x_wconf 91' lang='lat'><strong>,</strong></span> <span class='ocrx_word' id='word_1_232' title='bbox 384 1812 594 1883; x_wconf 80' lang='lat' dir='ltr'><strong>longius</strong></span> <span class='ocrx_word' id='word_1_233' title='bbox 627 1811 718 1867; x_wconf 84' lang='lat' dir='ltr'><strong>ﬁet</strong></span> <span class='ocrx_word' id='word_1_234' title='bbox 740 1826 768 1865; x_wconf 88' lang='lat' dir='ltr'><strong>a</strong></span> <span class='ocrx_word' id='word_1_235' title='bbox 798 1812 952 1866; x_wconf 90' lang='lat' dir='ltr'><strong>nobis</strong></span> <span class='ocrx_word' id='word_1_236' title='bbox 997 1812 1163 1881; x_wconf 86' lang='lat' dir='ltr'><strong>magis</strong></span> <span class='ocrx_word' id='word_1_237' title='bbox 1210 1827 1364 1880; x_wconf 82' lang='lat' dir='ltr'><strong>quam</strong></span> <span class='ocrx_word' id='word_1_238' title='bbox 1417 1823 1570 1876; x_wconf 85' lang='lat' dir='ltr'><strong>erat;</strong></span> <span class='ocrx_word' id='word_1_239' title='bbox 1600 1804 1662 1868; x_wconf 59' lang='lat' dir='ltr'><strong>&#39;et</strong></span> <span class='ocrx_word' id='word_1_240' title='bbox 1712 1815 1820 1867; x_wconf 86' lang='lat' dir='ltr'><strong>alta</strong></span> <span class='ocrx_word' id='word_1_241' title='bbox 1851 1832 1898 1892; x_wconf 76' lang='grc' dir='ltr'><strong>Β</strong></span> <span class='ocrx_word' id='word_1_242' title='bbox 1923 1817 2183 1874; x_wconf 72' lang='lat' dir='ltr'><strong>doctrinae</strong></span> <span class='ocrx_word' id='word_1_243' title='bbox 2204 1819 2322 1890; x_wconf 85' lang='lat' dir='ltr'><strong>ejus</strong></span> <span class='ocrx_word' id='word_1_244' title='bbox 2350 1819 2742 1890; x_wconf 81' lang='lat' dir='ltr'><strong>plenitudinem</strong></span> <span class='ocrx_word' id='word_1_245' title='bbox 2767 1819 3061 1876; x_wconf 83' lang='lat' dir='ltr'><strong>sitiremus.</strong></span> 
     </span>
    </p>
   </div>
   <div class='ocr_carea' id='block_1_32' title="bbox 233 1902 1819 1975">
    <p class='ocr_par' dir='ltr' id='par_1_32' title="bbox 233 1902 1819 1975">
     <span class='ocr_line' id='line_1_32' title="bbox 233 1902 1819 1975; baseline 0.003 -17"><span class='ocrx_word' id='word_1_246' title='bbox 233 1904 564 1974; x_wconf 76' lang='lat' dir='ltr'><strong>profunditas</strong></span> <span class='ocrx_word' id='word_1_247' title='bbox 585 1946 600 1972; x_wconf 92' lang='lat'><strong>,</strong></span> <span class='ocrx_word' id='word_1_248' title='bbox 628 1906 743 1973; x_wconf 87' lang='lat' dir='ltr'><strong>quis</strong></span> <span class='ocrx_word' id='word_1_249' title='bbox 773 1904 988 1958; x_wconf 85' lang='lat' dir='ltr'><strong>inveniet</strong></span> <span class='ocrx_word' id='word_1_250' title='bbox 1035 1920 1148 1958; x_wconf 86' lang='lat' dir='ltr'><strong>eam</strong></span> <span class='ocrx_word' id='word_1_251' title='bbox 1178 1902 1404 1972; x_wconf 83' lang='lat' dir='ltr'><strong>(Eccles.</strong></span> <span class='ocrx_word' id='word_1_252' title='bbox 1437 1905 1580 1975; x_wconf 87' lang='lat' dir='ltr'><strong>vn)?</strong></span> <span class='ocrx_word' id='word_1_253' title='bbox 1619 1906 1819 1973; x_wconf 90' lang='lat' dir='ltr'><strong>Quam-</strong></span> 
     </span>
    </p>
   </div>
   <div class='ocr_carea' id='block_1_33' title="bbox 1194 2106 2570 2230">
    <p class='ocr_par' dir='ltr' id='par_1_33' title="bbox 1194 2106 2570 2230">
     <span class='ocr_line' id='line_1_33' title="bbox 1194 2106 2570 2230; baseline 0.009 -15"><span class='ocrx_word' id='word_1_254' title='bbox 1194 2106 1704 2216; x_wconf 76' lang='grc' dir='ltr'>οοιιΑ</span> <span class='ocrx_word' id='word_1_255' title='bbox 1719 2109 1890 2216; x_wconf 86' lang='lat' dir='ltr'><em>TI</em></span> <span class='ocrx_word' id='word_1_256' title='bbox 1890 2114 1987 2217; x_wconf 88' lang='grc' dir='ltr'>Ο</span> <span class='ocrx_word' id='word_1_257' title='bbox 2064 2109 2174 2214; x_wconf 90' lang='grc' dir='ltr'><em>Ν</em></span> <span class='ocrx_word' id='word_1_258' title='bbox 2179 2110 2508 2217; x_wconf 74' lang='grc' dir='ltr'><strong>ΟΝΑ</strong></span> <span class='ocrx_word' id='word_1_259' title='bbox 2539 2189 2570 2230; x_wconf 81' lang='grc'><strong><em>,</em></strong></span> 
     </span>
    </p>
   </div>
   <div class='ocr_carea' id='block_1_34' title="bbox 1326 2295 2404 2374">
    <p class='ocr_par' dir='ltr' id='par_1_34' title="bbox 1326 2295 2404 2374">
     <span class='ocr_line' id='line_1_34' title="bbox 1326 2295 2404 2374; baseline 0.001 -17"><span class='ocrx_word' id='word_1_260' title='bbox 1326 2295 1480 2370; x_wconf 75' lang='lat' dir='ltr'><strong>Quin</strong></span> <span class='ocrx_word' id='word_1_261' title='bbox 1520 2301 1615 2358; x_wconf 90' lang='lat' dir='ltr'><strong>est</strong></span> <span class='ocrx_word' id='word_1_262' title='bbox 1660 2297 1869 2374; x_wconf 81' lang='lat' dir='ltr'><strong>prima</strong></span> <span class='ocrx_word' id='word_1_263' title='bbox 1912 2298 2160 2360; x_wconf 84' lang='lat' dir='ltr'><strong>abbatis</strong></span> <span class='ocrx_word' id='word_1_264' title='bbox 2207 2297 2404 2359; x_wconf 86' lang='lat' dir='ltr'><strong>Isaac.</strong></span> 
     </span>
    </p>
   </div>
   <div class='ocr_carea' id='block_1_35' title="bbox 1646 2437 2112 2491">
    <p class='ocr_par' dir='ltr' id='par_1_35' title="bbox 1646 2437 2112 2491">
     <span class='ocr_line' id='line_1_35' title="bbox 1646 2437 2112 2491; baseline 0 -4"><span class='ocrx_word' id='word_1_265' title='bbox 1646 2437 1732 2489; x_wconf 87' lang='lat' dir='ltr'><strong>DE</strong></span> <span class='ocrx_word' id='word_1_266' title='bbox 1774 2439 2112 2491; x_wconf 76' lang='lat' dir='ltr'><strong>ORATIONE.</strong></span> 
     </span>
    </p>
   </div>
   <div class='ocr_carea' id='block_1_36' title="bbox 755 2671 3520 2742">
    <p class='ocr_par' dir='ltr' id='par_1_36' title="bbox 755 2671 3520 2742">
     <span class='ocr_line' id='line_1_36' title="bbox 755 2671 3520 2742; baseline -0.003 -7"><span class='ocrx_word' id='word_1_267' title='bbox 755 2675 982 2735; x_wconf 83' lang='lat' dir='ltr'><strong>CAPUT</strong></span> <span class='ocrx_word' id='word_1_268' title='bbox 1024 2673 1314 2731; x_wconf 77' lang='lat' dir='ltr'><strong>PRIMUM.</strong></span> <span class='ocrx_word' id='word_1_269' title='bbox 1933 2671 2288 2742; x_wconf 86' lang='lat' dir='ltr'><strong>proferimus,</strong></span> <span class='ocrx_word' id='word_1_270' title='bbox 2339 2673 2392 2728; x_wconf 90' lang='lat' dir='ltr'><strong>id</strong></span> <span class='ocrx_word' id='word_1_271' title='bbox 2438 2683 2554 2739; x_wconf 90' lang='lat' dir='ltr'><strong>est,</strong></span> <span class='ocrx_word' id='word_1_272' title='bbox 2605 2671 2636 2712; x_wconf 69' lang='grc'><strong>1³</strong></span> <span class='ocrx_word' id='word_1_273' title='bbox 2681 2672 2893 2730; x_wconf 90' lang='lat' dir='ltr'><strong>abbatis</strong></span> <span class='ocrx_word' id='word_1_274' title='bbox 2946 2674 3115 2740; x_wconf 85' lang='lat' dir='ltr'><strong>Isaac,</strong></span> <span class='ocrx_word' id='word_1_275' title='bbox 3166 2673 3394 2729; x_wconf 91' lang='lat' dir='ltr'><strong>Domino</strong></span> <span class='ocrx_word' id='word_1_276' title='bbox 3438 2673 3520 2727; x_wconf 54' lang='lat' dir='ltr'><strong>fa-</strong></span> 
     </span>
    </p>
   </div>
   <div class='ocr_carea' id='block_1_37' title="bbox 302 2763 3524 2848">
    <p class='ocr_par' dir='ltr' id='par_1_37' title="bbox 302 2763 3524 2848">
     <span class='ocr_line' id='line_1_37' title="bbox 302 2763 3524 2848; baseline -0.005 -13"><span class='ocrx_word' id='word_1_277' title='bbox 302 2779 384 2835; x_wconf 83' lang='lat' dir='ltr'><strong>De</strong></span> <span class='ocrx_word' id='word_1_278' title='bbox 423 2782 684 2848; x_wconf 87' lang='lat' dir='ltr'><strong>perpetua</strong></span> <span class='ocrx_word' id='word_1_279' title='bbox 717 2769 981 2827; x_wconf 85' lang='lat' dir='ltr'><strong>orationis</strong></span> <span class='ocrx_word' id='word_1_280' title='bbox 1019 2775 1181 2838; x_wconf 89' lang='lat' dir='ltr'><strong>atque</strong></span> <span class='ocrx_word' id='word_1_281' title='bbox 1235 2764 1550 2822; x_wconf 90' lang='lat' dir='ltr'><strong>incessabili</strong></span> <span class='ocrx_word' id='word_1_282' title='bbox 1573 2763 1823 2833; x_wconf 90' lang='lat' dir='ltr'><strong>jugitate,</strong></span> <span class='ocrx_word' id='word_1_283' title='bbox 1934 2774 2131 2832; x_wconf 90' lang='lat' dir='ltr'><strong>vente,</strong></span> <span class='ocrx_word' id='word_1_284' title='bbox 2163 2766 2529 2836; x_wconf 72' lang='lat' dir='ltr'><strong>complebunt.</strong></span> <span class='ocrx_word' id='word_1_285' title='bbox 2563 2766 2772 2834; x_wconf 86' lang='lat' dir='ltr'><strong>Quibus</strong></span> <span class='ocrx_word' id='word_1_286' title='bbox 2807 2767 3109 2838; x_wconf 80' lang='lat' dir='ltr'><strong>explicatis,</strong></span> <span class='ocrx_word' id='word_1_287' title='bbox 3138 2776 3194 2822; x_wconf 93' lang='lat' dir='ltr'><strong>et</strong></span> <span class='ocrx_word' id='word_1_288' title='bbox 3237 2766 3524 2837; x_wconf 83' lang='lat' dir='ltr'><strong>praeceptis</strong></span> 
     </span>
    </p>
   </div>
   <div class='ocr_carea' id='block_1_38' title="bbox 238 2857 3525 2945">
    <p class='ocr_par' dir='ltr' id='par_1_38' title="bbox 238 2857 3525 2945">
     <span class='ocr_line' id='line_1_38' title="bbox 238 2857 3525 2945; baseline -0.006 -17"><span class='ocrx_word' id='word_1_289' title='bbox 238 2872 375 2945; x_wconf 85' lang='lat' dir='ltr'><strong>quod</strong></span> <span class='ocrx_word' id='word_1_290' title='bbox 409 2881 432 2908; x_wconf 77' lang='grc' dir='ltr'><strong>ι</strong></span> <span class='ocrx_word' id='word_1_291' title='bbox 471 2871 525 2924; x_wconf 92' lang='lat' dir='ltr'><strong>in</strong></span> <span class='ocrx_word' id='word_1_292' title='bbox 574 2867 814 2924; x_wconf 89' lang='lat' dir='ltr'><strong>secundo</strong></span> <span class='ocrx_word' id='word_1_293' title='bbox 867 2861 1273 2918; x_wconf 90' lang='lat' dir='ltr'><strong>lnstitutionum</strong></span> <span class='ocrx_word' id='word_1_294' title='bbox 1321 2860 1458 2916; x_wconf 89' lang='lat' dir='ltr'><strong>libro</strong></span> <span class='ocrx_word' id='word_1_295' title='bbox 1503 2859 1830 2930; x_wconf 90' lang='lat' dir='ltr'><strong>promissum</strong></span> <span class='ocrx_word' id='word_1_296' title='bbox 1933 2859 2263 2915; x_wconf 73' lang='lat' dir='ltr'><strong>beatissima:</strong></span> <span class='ocrx_word' id='word_1_297' title='bbox 2300 2860 2578 2915; x_wconf 69' lang='lat' dir='ltr'><strong>memoriae</strong></span> <span class='ocrx_word' id='word_1_298' title='bbox 2622 2875 2780 2930; x_wconf 75' lang='lat' dir='ltr'><strong>papa:</strong></span> <span class='ocrx_word' id='word_1_299' title='bbox 2825 2857 3100 2927; x_wconf 91' lang='lat' dir='ltr'><strong>Castoris,</strong></span> <span class='ocrx_word' id='word_1_300' title='bbox 3148 2868 3204 2916; x_wconf 91' lang='lat' dir='ltr'><strong>et</strong></span> <span class='ocrx_word' id='word_1_301' title='bbox 3249 2857 3525 2915; x_wconf 88' lang='lat' dir='ltr'><strong>desiderio</strong></span> 
     </span>
    </p>
   </div>
   <div class='ocr_carea' id='block_1_39' title="bbox 243 2950 3527 3031">
    <p class='ocr_par' dir='ltr' id='par_1_39' title="bbox 243 2950 3527 3031">
     <span class='ocr_line' id='line_1_39' title="bbox 243 2950 3527 3031; baseline -0.006 -8"><span class='ocrx_word' id='word_1_302' title='bbox 243 2976 353 3031; x_wconf 89' lang='lat' dir='ltr'><strong>est,</strong></span> <span class='ocrx_word' id='word_1_303' title='bbox 385 2961 715 3020; x_wconf 88' lang='lat' dir='ltr'><strong>collationes</strong></span> <span class='ocrx_word' id='word_1_304' title='bbox 764 2957 912 3015; x_wconf 91' lang='lat' dir='ltr'><strong>senis</strong></span> <span class='ocrx_word' id='word_1_305' title='bbox 939 2955 1100 3026; x_wconf 91' lang='lat' dir='ltr'><strong>bujus</strong></span> <span class='ocrx_word' id='word_1_306' title='bbox 1133 2969 1292 3026; x_wconf 89' lang='lat' dir='ltr'><strong>quem</strong></span> <span class='ocrx_word' id='word_1_307' title='bbox 1327 2969 1470 3010; x_wconf 93' lang='lat' dir='ltr'><strong>nunc</strong></span> <span class='ocrx_word' id='word_1_308' title='bbox 1508 2954 1560 3008; x_wconf 92' lang='lat' dir='ltr'><strong>in</strong></span> <span class='ocrx_word' id='word_1_309' title='bbox 1595 2952 1832 3008; x_wconf 89' lang='lat' dir='ltr'><strong>medium</strong></span> <span class='ocrx_word' id='word_1_310' title='bbox 1937 2961 2155 3017; x_wconf 87' lang='lat' dir='ltr'><strong>vestro,</strong></span> <span class='ocrx_word' id='word_1_311' title='bbox 2188 2963 2210 2992; x_wconf 77' lang='grc' dir='ltr'><strong><em>ο</em></strong></span> <span class='ocrx_word' id='word_1_312' title='bbox 2237 2967 2270 3007; x_wconf 97' lang='lat' dir='ltr'><strong>o</strong></span> <span class='ocrx_word' id='word_1_313' title='bbox 2298 2952 2617 3010; x_wconf 90' lang='lat' dir='ltr'><strong>beatissime</strong></span> <span class='ocrx_word' id='word_1_314' title='bbox 2655 2967 2796 3024; x_wconf 89' lang='lat' dir='ltr'><strong>papa</strong></span> <span class='ocrx_word' id='word_1_315' title='bbox 2836 2952 3050 3021; x_wconf 89' lang='lat' dir='ltr'><strong>Leonti,</strong></span> <span class='ocrx_word' id='word_1_316' title='bbox 3074 2958 3130 3008; x_wconf 92' lang='lat' dir='ltr'><strong>et</strong></span> <span class='ocrx_word' id='word_1_317' title='bbox 3150 2960 3336 3007; x_wconf 89' lang='lat' dir='ltr'><strong>sancte</strong></span> <span class='ocrx_word' id='word_1_318' title='bbox 3359 2950 3527 3004; x_wconf 87' lang='lat' dir='ltr'><strong>frater</strong></span> 
     </span>
    </p>
   </div>
   <div class='ocr_carea' id='block_1_40' title="bbox 1317 3087 2452 3147">
    <p class='ocr_par' dir='ltr' id='par_1_40' title="bbox 1317 3087 2452 3147">
     <span class='ocr_line' id='line_1_40' title="bbox 1317 3087 2452 3147; baseline -0.004 0"><span class='ocrx_word' id='word_1_319' title='bbox 1317 3089 1571 3147; x_wconf 82' lang='lat' dir='ltr'><strong>ALARDI</strong></span> <span class='ocrx_word' id='word_1_320' title='bbox 1611 3087 1845 3145; x_wconf 67' lang='lat' dir='ltr'><strong>GAZEI</strong></span> <span class='ocrx_word' id='word_1_321' title='bbox 1885 3087 2452 3144; x_wconf 83' lang='lat' dir='ltr'><strong>COMMENTARIUS.</strong></span> 
     </span>
    </p>
   </div>
   <div class='ocr_carea' id='block_1_41' title="bbox 316 3179 3527 3260">
    <p class='ocr_par' dir='ltr' id='par_1_41' title="bbox 316 3179 3527 3260">
     <span class='ocr_line' id='line_1_41' title="bbox 316 3179 3527 3260; baseline -0.005 -8"><span class='ocrx_word' id='word_1_322' title='bbox 316 3195 458 3252; x_wconf 62' lang='lat' dir='ltr'><strong>&#39;Sic</strong></span> <span class='ocrx_word' id='word_1_323' title='bbox 495 3193 639 3248; x_wconf 89' lang='lat' dir='ltr'><strong>enim</strong></span> <span class='ocrx_word' id='word_1_324' title='bbox 669 3193 788 3260; x_wconf 87' lang='lat' dir='ltr'><strong>ejus</strong></span> <span class='ocrx_word' id='word_1_325' title='bbox 818 3188 937 3243; x_wconf 92' lang='lat' dir='ltr'><strong>libri</strong></span> <span class='ocrx_word' id='word_1_326' title='bbox 967 3202 1090 3258; x_wconf 89' lang='lat' dir='ltr'><strong>cap.</strong></span> <span class='ocrx_word' id='word_1_327' title='bbox 1133 3187 1166 3240; x_wconf 90' lang='lat'><strong>9</strong></span> <span class='ocrx_word' id='word_1_328' title='bbox 1196 3202 1208 3238; x_wconf 92' lang='lat'><strong>:</strong></span> <span class='ocrx_word' id='word_1_329' title='bbox 1243 3185 1378 3250; x_wconf 84' lang='lat' dir='ltr'><strong>Quia</strong></span> <span class='ocrx_word' id='word_1_330' title='bbox 1418 3199 1512 3260; x_wconf 74' lang='lat' dir='ltr'><strong>nos</strong></span> <span class='ocrx_word' id='word_1_331' title='bbox 1546 3180 1612 3260; x_wconf 77' lang='lat' dir='ltr'><strong>ad</strong></span> <span class='ocrx_word' id='word_1_332' title='bbox 1645 3182 1839 3236; x_wconf 89' lang='lat' dir='ltr'><strong>oratio-</strong></span> <span class='ocrx_word' id='word_1_333' title='bbox 1866 3180 1913 3244; x_wconf 90' lang='lat' dir='ltr'><strong>C</strong></span> <span class='ocrx_word' id='word_1_334' title='bbox 1945 3183 2290 3260; x_wconf 78' lang='lat' dir='ltr'><strong>reperiuntur</strong></span> <span class='ocrx_word' id='word_1_335' title='bbox 2329 3181 2570 3260; x_wconf 71' lang='lat' dir='ltr'><strong>ejusdem</strong></span> <span class='ocrx_word' id='word_1_336' title='bbox 2629 3180 2866 3235; x_wconf 86' lang='lat' dir='ltr'><strong>nominis</strong></span> <span class='ocrx_word' id='word_1_337' title='bbox 2917 3179 3183 3260; x_wconf 85' lang='lat' dir='ltr'><strong>episcopi,</strong></span> <span class='ocrx_word' id='word_1_338' title='bbox 3236 3179 3380 3260; x_wconf 67' lang='lat' dir='ltr'><strong>iique</strong></span> <span class='ocrx_word' id='word_1_339' title='bbox 3406 3181 3527 3260; x_wconf 88' lang='lat' dir='ltr'><strong>_viri</strong></span> 
     </span>
    </p>
   </div>
   <div class='ocr_carea' id='block_1_42' title="bbox 245 3248 3529 3325">
    <p class='ocr_par' dir='ltr' id='par_1_42' title="bbox 245 3248 3529 3325">
     <span class='ocr_line' id='line_1_42' title="bbox 245 3248 3529 3325; baseline -0.006 -2"><span class='ocrx_word' id='word_1_340' title='bbox 245 3248 778 3323; x_wconf 12' lang='lat' dir='ltr'><strong>numivcanonicart&#39;tm</strong></span> <span class='ocrx_word' id='word_1_341' title='bbox 812 3248 1421 3325; x_wconf 53' lang='lat' dir='ltr'><strong>modum&#39;consequenter</strong></span> <span class='ocrx_word' id='word_1_342' title='bbox 1467 3253 1833 3308; x_wconf 88' lang='lat' dir='ltr'><strong>lnstitutorum</strong></span> <span class='ocrx_word' id='word_1_343' title='bbox 1947 3248 2218 3325; x_wconf 74' lang='lat' dir='ltr'><strong>praeclari,</strong></span> <span class='ocrx_word' id='word_1_344' title='bbox 2267 3263 2322 3307; x_wconf 90' lang='lat' dir='ltr'><strong>et</strong></span> <span class='ocrx_word' id='word_1_345' title='bbox 2351 3252 2453 3322; x_wconf 88' lang='lat' dir='ltr'><strong>ipsi</strong></span> <span class='ocrx_word' id='word_1_346' title='bbox 2487 3254 2626 3307; x_wconf 87' lang='lat' dir='ltr'><strong>inter</strong></span> <span class='ocrx_word' id='word_1_347' title='bbox 2669 3267 2728 3306; x_wconf 89' lang='lat' dir='ltr'><strong>se</strong></span> <span class='ocrx_word' id='word_1_348' title='bbox 2757 3261 2812 3306; x_wconf 90' lang='lat' dir='ltr'><strong>et</strong></span> <span class='ocrx_word' id='word_1_349' title='bbox 2845 3260 3035 3325; x_wconf 75' lang='lat' dir='ltr'><strong>nostro</strong></span> <span class='ocrx_word' id='word_1_350' title='bbox 3059 3248 3218 3325; x_wconf 78' lang='lat' dir='ltr'><strong>etiam</strong></span> <span class='ocrx_word' id='word_1_351' title='bbox 3264 3248 3529 3325; x_wconf 73' lang='lat' dir='ltr'><strong>Cassiano</strong></span> 
     </span>
    </p>
   </div>
   <div class='ocr_carea' id='block_1_43' title="bbox 248 3325 1840 3404">
    <p class='ocr_par' dir='ltr' id='par_1_43' title="bbox 248 3325 1840 3404">
     <span class='ocr_line' id='line_1_43' title="bbox 248 3325 1840 3404; baseline -0.011 -11"><span class='ocrx_word' id='word_1_352' title='bbox 248 3341 371 3393; x_wconf 87' lang='lat' dir='ltr'><strong>ordo</strong></span> <span class='ocrx_word' id='word_1_353' title='bbox 417 3335 683 3404; x_wconf 74' lang='lat' dir='ltr'><strong>provexit,</strong></span> <span class='ocrx_word' id='word_1_354' title='bbox 729 3347 946 3402; x_wconf 86' lang='lat' dir='ltr'><strong>quarum</strong></span> <span class='ocrx_word' id='word_1_355' title='bbox 995 3325 1752 3404; x_wconf 40' lang='lat' dir='ltr'><strong>pleniorenrtractatunrlicet.</strong></span> <span class='ocrx_word' id='word_1_356' title='bbox 1786 3325 1840 3376; x_wconf 88' lang='lat' dir='ltr'><strong>in</strong></span> 
     </span>
    </p>
   </div>
   <div class='ocr_carea' id='block_1_44' title="bbox 249 3395 1841 3467">
    <p class='ocr_par' dir='ltr' id='par_1_44' title="bbox 249 3395 1841 3467">
     <span class='ocr_line' id='line_1_44' title="bbox 249 3395 1841 3467; baseline -0.011 -4"><span class='ocrx_word' id='word_1_357' title='bbox 249 3395 558 3463; x_wconf 75' lang='lat' dir='ltr'><strong>collationes</strong></span> <span class='ocrx_word' id='word_1_358' title='bbox 599 3395 862 3458; x_wconf 76' lang='lat' dir='ltr'><strong>seniorum</strong></span> <span class='ocrx_word' id='word_1_359' title='bbox 891 3395 1222 3463; x_wconf 77' lang='lat' dir='ltr'><strong>reservemus,</strong></span> <span class='ocrx_word' id='word_1_360' title='bbox 1255 3397 1441 3451; x_wconf 84' lang='lat' dir='ltr'><strong>ibidem</strong></span> <span class='ocrx_word' id='word_1_361' title='bbox 1472 3396 1675 3467; x_wconf 75' lang='lat' dir='ltr'><strong>plenius</strong></span> <span class='ocrx_word' id='word_1_362' title='bbox 1700 3395 1841 3464; x_wconf 87' lang='lat' dir='ltr'><strong>dige-</strong></span> 
     </span>
    </p>
   </div>
   <div class='ocr_carea' id='block_1_45' title="bbox 250 3465 1841 3544">
    <p class='ocr_par' dir='ltr' id='par_1_45' title="bbox 250 3465 1841 3544">
     <span class='ocr_line' id='line_1_45' title="bbox 250 3465 1841 3544; baseline -0.012 -9"><span class='ocrx_word' id='word_1_363' title='bbox 250 3482 397 3544; x_wconf 84' lang='lat' dir='ltr'><strong>sturi,</strong></span> <span class='ocrx_word' id='word_1_364' title='bbox 451 3494 569 3532; x_wconf 84' lang='lat' dir='ltr'><strong>cum</strong></span> <span class='ocrx_word' id='word_1_365' title='bbox 604 3477 668 3529; x_wconf 89' lang='lat' dir='ltr'><strong>de</strong></span> <span class='ocrx_word' id='word_1_366' title='bbox 695 3491 869 3529; x_wconf 84' lang='lat' dir='ltr'><strong>eorum</strong></span> <span class='ocrx_word' id='word_1_367' title='bbox 899 3472 1148 3542; x_wconf 83' lang='lat' dir='ltr'><strong>qualitate</strong></span> <span class='ocrx_word' id='word_1_368' title='bbox 1178 3486 1276 3544; x_wconf 85' lang='lat' dir='ltr'><strong>_seu</strong></span> <span class='ocrx_word' id='word_1_369' title='bbox 1291 3465 1516 3544; x_wconf 71' lang='lat' dir='ltr'><strong>jugitate</strong></span> <span class='ocrx_word' id='word_1_370' title='bbox 1538 3465 1715 3544; x_wconf 84' lang='lat' dir='ltr'><strong>_uerbis</strong></span> <span class='ocrx_word' id='word_1_371' title='bbox 1755 3481 1841 3544; x_wconf 78' lang='lat' dir='ltr'><strong>eo-</strong></span> 
     </span>
    </p>
   </div>
   <div class='ocr_carea' id='block_1_46' title="bbox 249 3536 1841 3616">
    <p class='ocr_par' dir='ltr' id='par_1_46' title="bbox 249 3536 1841 3616">
     <span class='ocr_line' id='line_1_46' title="bbox 249 3536 1841 3616; baseline -0.009 -12"><span class='ocrx_word' id='word_1_372' title='bbox 249 3569 360 3606; x_wconf 82' lang='lat' dir='ltr'><strong>rum</strong></span> <span class='ocrx_word' id='word_1_373' title='bbox 383 3536 645 3603; x_wconf 68' lang='lat' dir='ltr'><strong>disserere</strong></span> <span class='ocrx_word' id='word_1_374' title='bbox 673 3536 999 3616; x_wconf 68' lang='lat' dir='ltr'><strong>coeperimus,</strong></span> <span class='ocrx_word' id='word_1_375' title='bbox 1041 3553 1144 3616; x_wconf 81' lang='lat' dir='ltr'><strong>etc.</strong></span> <span class='ocrx_word' id='word_1_376' title='bbox 1177 3536 1462 3616; x_wconf 9' lang='lat' dir='ltr'><strong>Porropbic</strong></span> <span class='ocrx_word' id='word_1_377' title='bbox 1489 3536 1734 3616; x_wconf 68' lang='lat' dir='ltr'><strong>advertat</strong></span> <span class='ocrx_word' id='word_1_378' title='bbox 1755 3536 1841 3616; x_wconf 65' lang='grc' dir='ltr'><strong>Ἰθ-</strong></span> 
     </span>
    </p>
   </div>
   <div class='ocr_carea' id='block_1_47' title="bbox 248 3607 1838 3690">
    <p class='ocr_par' dir='ltr' id='par_1_47' title="bbox 248 3607 1838 3690">
     <span class='ocr_line' id='line_1_47' title="bbox 248 3607 1838 3690; baseline -0.013 -13"><span class='ocrx_word' id='word_1_379' title='bbox 248 3633 384 3689; x_wconf 89' lang='lat' dir='ltr'><strong>ctor,</strong></span> <span class='ocrx_word' id='word_1_380' title='bbox 420 3619 569 3690; x_wconf 82' lang='lat' dir='ltr'><strong>quod</strong></span> <span class='ocrx_word' id='word_1_381' title='bbox 597 3607 760 3672; x_wconf 60' lang='lat' dir='ltr'><strong>initio&#39;</strong></span> <span class='ocrx_word' id='word_1_382' title='bbox 781 3616 938 3690; x_wconf 81' lang='lat' dir='ltr'><strong>hujus</strong></span> <span class='ocrx_word' id='word_1_383' title='bbox 960 3610 1507 3690; x_wconf 41' lang='grc' dir='ltr'><strong>(ψει-ῖς..ιιιοιιιιὶιιι-ιιε,⁸</strong></span> <span class='ocrx_word' id='word_1_384' title='bbox 1535 3607 1838 3690; x_wconf 72' lang='lat' dir='ltr'><strong>lnstitutio-</strong></span> 
     </span>
    </p>
   </div>
   <div class='ocr_carea' id='block_1_48' title="bbox 248 3678 1840 3750">
    <p class='ocr_par' dir='ltr' id='par_1_48' title="bbox 248 3678 1840 3750">
     <span class='ocr_line' id='line_1_48' title="bbox 248 3678 1840 3750; baseline -0.012 -1"><span class='ocrx_word' id='word_1_385' title='bbox 248 3678 582 3749; x_wconf 50' lang='lat' dir='ltr'><strong>num&#39;li&#39;bros</strong></span> <span class='ocrx_word' id='word_1_386' title='bbox 627 3678 898 3742; x_wconf 78' lang='lat' dir='ltr'><strong>communi</strong></span> <span class='ocrx_word' id='word_1_387' title='bbox 933 3678 1201 3739; x_wconf 71' lang='lat' dir='ltr'><strong>vocabulo</strong></span> <span class='ocrx_word' id='word_1_388' title='bbox 1249 3679 1510 3750; x_wconf 83' lang='lat' dir='ltr'><strong>appellari</strong></span> <span class='ocrx_word' id='word_1_389' title='bbox 1555 3678 1840 3732; x_wconf 88' lang='lat' dir='ltr'><strong>duodecim</strong></span> 
     </span>
    </p>
   </div>
   <div class='ocr_carea' id='block_1_49' title="bbox 249 3749 1842 3825">
    <p class='ocr_par' dir='ltr' id='par_1_49' title="bbox 249 3749 1842 3825">
     <span class='ocr_line' id='line_1_49' title="bbox 249 3749 1842 3825; baseline -0.012 -6"><span class='ocrx_word' id='word_1_390' title='bbox 249 3765 419 3819; x_wconf 87' lang='lat' dir='ltr'><strong>libros</strong></span> <span class='ocrx_word' id='word_1_391' title='bbox 445 3761 721 3822; x_wconf 88' lang='lat' dir='ltr'><strong>Cassiani,</strong></span> <span class='ocrx_word' id='word_1_392' title='bbox 765 3758 852 3825; x_wconf 85' lang='lat' dir='ltr'><strong>qui</strong></span> <span class='ocrx_word' id='word_1_393' title='bbox 899 3755 1230 3811; x_wconf 86' lang='lat' dir='ltr'><strong>Collationes</strong></span> <span class='ocrx_word' id='word_1_394' title='bbox 1278 3749 1626 3825; x_wconf 75' lang='lat' dir='ltr'><strong>antecedunt,</strong></span> <span class='ocrx_word' id='word_1_395' title='bbox 1669 3761 1842 3814; x_wconf 86' lang='lat' dir='ltr'><strong>eoque</strong></span> 
     </span>
    </p>
   </div>
   <div class='ocr_carea' id='block_1_50' title="bbox 253 3822 1842 3890">
    <p class='ocr_par' dir='ltr' id='par_1_50' title="bbox 253 3822 1842 3890">
     <span class='ocr_line' id='line_1_50' title="bbox 253 3822 1842 3890; baseline -0.011 0"><span class='ocrx_word' id='word_1_396' title='bbox 253 3837 410 3890; x_wconf 90' lang='lat' dir='ltr'><strong>titulo</strong></span> <span class='ocrx_word' id='word_1_397' title='bbox 447 3822 850 3887; x_wconf 84' lang='lat' dir='ltr'><strong>lnstitutionum</strong></span> <span class='ocrx_word' id='word_1_398' title='bbox 883 3828 1048 3881; x_wconf 90' lang='lat' dir='ltr'><strong>libros</strong></span> <span class='ocrx_word' id='word_1_399' title='bbox 1078 3841 1106 3878; x_wconf 91' lang='lat' dir='ltr'><strong>a</strong></span> <span class='ocrx_word' id='word_1_400' title='bbox 1134 3825 1286 3878; x_wconf 91' lang='lat' dir='ltr'><strong>libris</strong></span> <span class='ocrx_word' id='word_1_401' title='bbox 1310 3822 1668 3878; x_wconf 89' lang='lat' dir='ltr'><strong>Collationum</strong></span> <span class='ocrx_word' id='word_1_402' title='bbox 1695 3833 1842 3873; x_wconf 76' lang='lat' dir='ltr'><strong>rom-</strong></span> 
     </span>
    </p>
   </div>
   <div class='ocr_carea' id='block_1_51' title="bbox 249 3896 1842 3969">
    <p class='ocr_par' dir='ltr' id='par_1_51' title="bbox 249 3896 1842 3969">
     <span class='ocr_line' id='line_1_51' title="bbox 249 3896 1842 3969; baseline -0.011 -8"><span class='ocrx_word' id='word_1_403' title='bbox 249 3907 490 3961; x_wconf 86' lang='lat' dir='ltr'><strong>muniter</strong></span> <span class='ocrx_word' id='word_1_404' title='bbox 537 3902 815 3969; x_wconf 79' lang='lat' dir='ltr'><strong>distingui.</strong></span> <span class='ocrx_word' id='word_1_405' title='bbox 855 3896 1040 3965; x_wconf 83' lang='lat' dir='ltr'><strong>Quoad</strong></span> <span class='ocrx_word' id='word_1_406' title='bbox 1083 3911 1197 3969; x_wconf 71' lang='lat' dir='ltr'><strong>rem</strong></span> <span class='ocrx_word' id='word_1_407' title='bbox 1221 3909 1368 3969; x_wconf 79' lang='lat' dir='ltr'><strong>_vero</strong></span> <span class='ocrx_word' id='word_1_408' title='bbox 1405 3905 1460 3948; x_wconf 86' lang='lat' dir='ltr'><strong>et</strong></span> <span class='ocrx_word' id='word_1_409' title='bbox 1493 3903 1842 3969; x_wconf 78' lang='lat' dir='ltr'><strong>utrorumque</strong></span> 
     </span>
    </p>
   </div>
   <div class='ocr_carea' id='block_1_52' title="bbox 249 3962 1846 4044">
    <p class='ocr_par' dir='ltr' id='par_1_52' title="bbox 249 3962 1846 4044">
     <span class='ocr_line' id='line_1_52' title="bbox 249 3962 1846 4044; baseline -0.009 -14"><span class='ocrx_word' id='word_1_410' title='bbox 249 3979 561 4044; x_wconf 85' lang='lat' dir='ltr'><strong>subjectum</strong></span> <span class='ocrx_word' id='word_1_411' title='bbox 593 3988 656 4027; x_wconf 90' lang='lat' dir='ltr'><strong>ac</strong></span> <span class='ocrx_word' id='word_1_412' title='bbox 687 3962 1056 4044; x_wconf 30' lang='lat' dir='ltr'><strong>ﬁvnemgbanc</strong></span> <span class='ocrx_word' id='word_1_413' title='bbox 1079 3967 1376 4044; x_wconf 74' lang='lat' dir='ltr'><strong>Cassianus</strong></span> <span class='ocrx_word' id='word_1_414' title='bbox 1405 3981 1472 4044; x_wconf 74' lang='lat' dir='ltr'><strong>eo</strong></span> <span class='ocrx_word' id='word_1_415' title='bbox 1508 3962 1846 4044; x_wconf 63' lang='lat' dir='ltr'><strong>lociindicat</strong></span> 
     </span>
    </p>
   </div>
   <div class='ocr_carea' id='block_1_53' title="bbox 249 4031 1846 4108">
    <p class='ocr_par' dir='ltr' id='par_1_53' title="bbox 249 4031 1846 4108">
     <span class='ocr_line' id='line_1_53' title="bbox 249 4031 1846 4108; baseline -0.013 -5"><span class='ocrx_word' id='word_1_416' title='bbox 249 4031 620 4103; x_wconf 67' lang='lat' dir='ltr'><strong>diﬂ&#39;eret&#39;itiam</strong></span> <span class='ocrx_word' id='word_1_417' title='bbox 653 4063 666 4096; x_wconf 89' lang='lat'><strong>:</strong></span> <span class='ocrx_word' id='word_1_418' title='bbox 695 4041 982 4108; x_wconf 83' lang='lat' dir='ltr'><strong>Siquidem,</strong></span> <span class='ocrx_word' id='word_1_419' title='bbox 1014 4038 1208 4106; x_wconf 85' lang='lat' dir='ltr'><strong>inquit,</strong></span> <span class='ocrx_word' id='word_1_420' title='bbox 1234 4037 1285 4088; x_wconf 89' lang='lat' dir='ltr'><strong>hi</strong></span> <span class='ocrx_word' id='word_1_421' title='bbox 1310 4034 1466 4108; x_wconf 86' lang='lat' dir='ltr'><strong>libelli</strong></span> <span class='ocrx_word' id='word_1_422' title='bbox 1501 4035 1730 4108; x_wconf 85' lang='lat' dir='ltr'><strong>(scilicet</strong></span> <span class='ocrx_word' id='word_1_423' title='bbox 1761 4031 1846 4108; x_wconf 77' lang='lat' dir='ltr'><strong>ln-</strong></span> 
     </span>
    </p>
   </div>
   <div class='ocr_carea' id='block_1_54' title="bbox 249 4103 1846 4178">
    <p class='ocr_par' dir='ltr' id='par_1_54' title="bbox 249 4103 1846 4178">
     <span class='ocr_line' id='line_1_54' title="bbox 249 4103 1846 4178; baseline -0.011 -5"><span class='ocrx_word' id='word_1_424' title='bbox 249 4114 624 4178; x_wconf 83' lang='lat' dir='ltr'><strong>stitutionum)</strong></span> <span class='ocrx_word' id='word_1_425' title='bbox 651 4114 720 4168; x_wconf 87' lang='lat' dir='ltr'><strong>ad</strong></span> <span class='ocrx_word' id='word_1_426' title='bbox 743 4103 1010 4168; x_wconf 58' lang='lat' dir='ltr'><strong>deterioris</strong></span> <span class='ocrx_word' id='word_1_427' title='bbox 1031 4103 1253 4162; x_wconf 82' lang='lat' dir='ltr'><strong>hominis</strong></span> <span class='ocrx_word' id='word_1_428' title='bbox 1285 4106 1664 4159; x_wconf 83' lang='lat' dir='ltr'><strong>observantiam</strong></span> <span class='ocrx_word' id='word_1_429' title='bbox 1690 4112 1737 4158; x_wconf 92' lang='lat' dir='ltr'><strong>et</strong></span> <span class='ocrx_word' id='word_1_430' title='bbox 1764 4103 1846 4178; x_wconf 51' lang='lat' dir='ltr'><strong>in:</strong></span> 
     </span>
    </p>
   </div>
   <div class='ocr_carea' id='block_1_55' title="bbox 251 4173 1847 4250">
    <p class='ocr_par' dir='ltr' id='par_1_55' title="bbox 251 4173 1847 4250">
     <span class='ocr_line' id='line_1_55' title="bbox 251 4173 1847 4250; baseline -0.009 -7"><span class='ocrx_word' id='word_1_431' title='bbox 251 4191 573 4243; x_wconf 84' lang='lat' dir='ltr'><strong>stitutionem</strong></span> <span class='ocrx_word' id='word_1_432' title='bbox 603 4173 945 4240; x_wconf 70' lang='lat' dir='ltr'><strong>coenobiorum</strong></span> <span class='ocrx_word' id='word_1_433' title='bbox 986 4179 1730 4250; x_wconf 78' lang='lat' dir='ltr'><strong>competentinsaptabuntur;</strong></span> <span class='ocrx_word' id='word_1_434' title='bbox 1765 4173 1847 4250; x_wconf 76' lang='lat' dir='ltr'><strong>illi</strong></span> 
     </span>
    </p>
   </div>
   <div class='ocr_carea' id='block_1_56' title="bbox 249 4247 1844 4324">
    <p class='ocr_par' dir='ltr' id='par_1_56' title="bbox 249 4247 1844 4324">
     <span class='ocr_line' id='line_1_56' title="bbox 249 4247 1844 4324; baseline -0.01 -10"><span class='ocrx_word' id='word_1_435' title='bbox 249 4279 366 4315; x_wconf 54' lang='lat' dir='ltr'><strong>retro</strong></span> <span class='ocrx_word' id='word_1_436' title='bbox 394 4262 466 4313; x_wconf 88' lang='lat' dir='ltr'><strong>ad</strong></span> <span class='ocrx_word' id='word_1_437' title='bbox 495 4257 826 4324; x_wconf 82' lang='lat' dir='ltr'><strong>disciplinam</strong></span> <span class='ocrx_word' id='word_1_438' title='bbox 855 4247 1136 4313; x_wconf 78' lang='lat' dir='ltr'><strong>interioris,</strong></span> <span class='ocrx_word' id='word_1_439' title='bbox 1165 4266 1232 4324; x_wconf 88' lang='lat' dir='ltr'><strong>ac_</strong></span> <span class='ocrx_word' id='word_1_440' title='bbox 1255 4249 1625 4324; x_wconf 66' lang='lat' dir='ltr'><strong>perfectionem</strong></span> <span class='ocrx_word' id='word_1_441' title='bbox 1651 4247 1844 4309; x_wconf 88' lang='lat' dir='ltr'><strong>cordis,</strong></span> 
     </span>
    </p>
   </div>
   <div class='ocr_carea' id='block_1_57' title="bbox 250 4319 1844 4391">
    <p class='ocr_par' dir='ltr' id='par_1_57' title="bbox 250 4319 1844 4391">
     <span class='ocr_line' id='line_1_57' title="bbox 250 4319 1844 4391; baseline -0.01 -7"><span class='ocrx_word' id='word_1_442' title='bbox 250 4342 294 4384; x_wconf 89' lang='lat' dir='ltr'><strong>et</strong></span> <span class='ocrx_word' id='word_1_443' title='bbox 339 4319 780 4385; x_wconf 76' lang='lat' dir='ltr'><strong>anachoretarum</strong></span> <span class='ocrx_word' id='word_1_444' title='bbox 818 4327 972 4380; x_wconf 83' lang='lat' dir='ltr'><strong>vitam</strong></span> <span class='ocrx_word' id='word_1_445' title='bbox 1015 4331 1169 4391; x_wconf 85' lang='lat' dir='ltr'><strong>atque</strong></span> <span class='ocrx_word' id='word_1_446' title='bbox 1199 4320 1488 4374; x_wconf 87' lang='lat' dir='ltr'><strong>doctrinam</strong></span> <span class='ocrx_word' id='word_1_447' title='bbox 1519 4319 1688 4387; x_wconf 80' lang='lat' dir='ltr'><strong>potius</strong></span> <span class='ocrx_word' id='word_1_448' title='bbox 1733 4332 1844 4388; x_wconf 86' lang='lat' dir='ltr'><strong>per-</strong></span> 
     </span>
    </p>
   </div>
   <div class='ocr_carea' id='block_1_58' title="bbox 254 4399 798 4456">
    <p class='ocr_par' dir='ltr' id='par_1_58' title="bbox 254 4399 798 4456">
     <span class='ocr_line' id='line_1_58' title="bbox 254 4399 798 4456; baseline -0.009 -2"><span class='ocrx_word' id='word_1_449' title='bbox 254 4404 517 4456; x_wconf 80' lang='lat' dir='ltr'><strong>tinebunt.</strong></span> <span class='ocrx_word' id='word_1_450' title='bbox 551 4400 677 4454; x_wconf 68' lang='lat' dir='ltr'><strong>Ha‘c</strong></span> <span class='ocrx_word' id='word_1_451' title='bbox 706 4399 798 4451; x_wconf 88' lang='lat' dir='ltr'><strong>ibi.</strong></span> 
     </span>
    </p>
   </div>
   <div class='ocr_carea' id='block_1_59' title="bbox 322 4457 1850 4540">
    <p class='ocr_par' dir='ltr' id='par_1_59' title="bbox 322 4457 1850 4540">
     <span class='ocr_line' id='line_1_59' title="bbox 322 4457 1850 4540; baseline -0.012 -12"><span class='ocrx_word' id='word_1_452' title='bbox 322 4474 347 4511; x_wconf 65' lang='grc' dir='ltr'>ι’</span> <span class='ocrx_word' id='word_1_453' title='bbox 379 4475 507 4528; x_wconf 84' lang='lat' dir='ltr'><strong>Duo</strong></span> <span class='ocrx_word' id='word_1_454' title='bbox 541 4470 797 4540; x_wconf 64' lang='lat' dir='ltr'><strong>praecipui</strong></span> <span class='ocrx_word' id='word_1_455' title='bbox 840 4468 1090 4540; x_wconf 82' lang='lat' dir='ltr'><strong>leguntur</strong></span> <span class='ocrx_word' id='word_1_456' title='bbox 1137 4459 1576 4540; x_wconf 34' lang='lat' dir='ltr'><strong>hujus__no.minis</strong></span> <span class='ocrx_word' id='word_1_457' title='bbox 1615 4457 1850 4540; x_wconf 78' lang='lat' dir='ltr'><strong>anacho-</strong></span> 
     </span>
    </p>
   </div>
   <div class='ocr_carea' id='block_1_60' title="bbox 253 4528 1849 4600">
    <p class='ocr_par' dir='ltr' id='par_1_60' title="bbox 253 4528 1849 4600">
     <span class='ocr_line' id='line_1_60' title="bbox 253 4528 1849 4600; baseline -0.01 -2"><span class='ocrx_word' id='word_1_458' title='bbox 253 4555 386 4599; x_wconf 77' lang='lat' dir='ltr'><strong>reta:</strong></span> <span class='ocrx_word' id='word_1_459' title='bbox 422 4562 435 4596; x_wconf 90' lang='lat'><strong>:</strong></span> <span class='ocrx_word' id='word_1_460' title='bbox 472 4528 614 4596; x_wconf 64' lang='lat' dir='ltr'><strong>alt&#39;cr</strong></span> <span class='ocrx_word' id='word_1_461' title='bbox 668 4528 971 4600; x_wconf 62' lang='lat' dir='ltr'><strong>Thebaeus,</strong></span> <span class='ocrx_word' id='word_1_462' title='bbox 1024 4537 1136 4588; x_wconf 82' lang='lat' dir='ltr'><strong>sive</strong></span> <span class='ocrx_word' id='word_1_463' title='bbox 1186 4528 1239 4587; x_wconf 84' lang='lat' dir='ltr'><strong>in</strong></span> <span class='ocrx_word' id='word_1_464' title='bbox 1290 4531 1578 4587; x_wconf 84' lang='lat' dir='ltr'><strong>Thebaidis</strong></span> <span class='ocrx_word' id='word_1_465' title='bbox 1630 4528 1849 4598; x_wconf 78' lang='lat' dir='ltr'><strong>regione</strong></span> 
     </span>
    </p>
   </div>
   <div class='ocr_carea' id='block_1_61' title="bbox 254 4600 1848 4679">
    <p class='ocr_par' dir='ltr' id='par_1_61' title="bbox 254 4600 1848 4679">
     <span class='ocr_line' id='line_1_61' title="bbox 254 4600 1848 4679; baseline -0.009 -13"><span class='ocrx_word' id='word_1_466' title='bbox 254 4627 538 4677; x_wconf 86' lang='lat' dir='ltr'><strong>versatus,</strong></span> <span class='ocrx_word' id='word_1_467' title='bbox 584 4612 649 4666; x_wconf 84' lang='lat' dir='ltr'><strong>tle</strong></span> <span class='ocrx_word' id='word_1_468' title='bbox 685 4625 790 4679; x_wconf 85' lang='lat' dir='ltr'><strong>quo</strong></span> <span class='ocrx_word' id='word_1_469' title='bbox 827 4608 1080 4679; x_wconf 70' lang='lat' dir='ltr'><strong>frequens</strong></span> <span class='ocrx_word' id='word_1_470' title='bbox 1113 4605 1316 4679; x_wconf 66' lang='lat' dir='ltr'><strong>mentio</strong></span> <span class='ocrx_word' id='word_1_471' title='bbox 1345 4605 1404 4679; x_wconf 87' lang='lat' dir='ltr'><strong>_in_</strong></span> <span class='ocrx_word' id='word_1_472' title='bbox 1433 4601 1563 4679; x_wconf 78' lang='lat' dir='ltr'><strong>Vitis</strong></span> <span class='ocrx_word' id='word_1_473' title='bbox 1605 4600 1848 4679; x_wconf 65' lang='lat' dir='ltr'><strong>Patrum,</strong></span> 
     </span>
    </p>
   </div>
   <div class='ocr_carea' id='block_1_62' title="bbox 253 4670 1851 4753">
    <p class='ocr_par' dir='ltr' id='par_1_62' title="bbox 253 4670 1851 4753">
     <span class='ocr_line' id='line_1_62' title="bbox 253 4670 1851 4753; baseline -0.01 -14"><span class='ocrx_word' id='word_1_474' title='bbox 253 4699 306 4739; x_wconf 90' lang='lat' dir='ltr'><strong>et</strong></span> <span class='ocrx_word' id='word_1_475' title='bbox 352 4670 1010 4753; x_wconf 48' lang='lat' dir='ltr'><strong>apud&#39;Sonbronium&#39;in</strong></span> <span class='ocrx_word' id='word_1_476' title='bbox 1050 4675 1214 4753; x_wconf 83' lang='lat' dir='ltr'><strong>_Prato</strong></span> <span class='ocrx_word' id='word_1_477' title='bbox 1266 4673 1540 4753; x_wconf 72' lang='lat' dir='ltr'><strong>Spiriluali</strong></span> <span class='ocrx_word' id='word_1_478' title='bbox 1567 4686 1688 4753; x_wconf 58' lang='lat' dir='ltr'><strong>cap:</strong></span> <span class='ocrx_word' id='word_1_479' title='bbox 1719 4670 1851 4752; x_wconf 32' lang='lat' dir='ltr'><strong>l6lo;</strong></span> 
     </span>
    </p>
   </div>
   <div class='ocr_carea' id='block_1_63' title="bbox 255 4686 1856 4831">
    <p class='ocr_par' dir='ltr' id='par_1_63' title="bbox 255 4686 1856 4831">
     <span class='ocr_line' id='line_1_63' title="bbox 255 4686 1851 4794; baseline -0.01 -55"><span class='ocrx_word' id='word_1_480' title='bbox 255 4699 306 4739; x_wconf 91' lang='lat' dir='ltr'><strong>et</strong></span> <span class='ocrx_word' id='word_1_481' title='bbox 352 4686 504 4753; x_wconf 86' lang='lat' dir='ltr'><strong>apud</strong></span> <span class='ocrx_word' id='word_1_482' title='bbox 553 4686 917 4748; x_wconf 80' lang='lat' dir='ltr'><strong>Sonitronium</strong></span> <span class='ocrx_word' id='word_1_483' title='bbox 960 4686 1010 4731; x_wconf 92' lang='lat' dir='ltr'><strong>in</strong></span> <span class='ocrx_word' id='word_1_484' title='bbox 1052 4686 1214 4730; x_wconf 76' lang='lat' dir='ltr'><strong>Prato</strong></span> <span class='ocrx_word' id='word_1_485' title='bbox 1266 4686 1540 4743; x_wconf 78' lang='lat' dir='ltr'><strong>Spirituatt</strong></span> <span class='ocrx_word' id='word_1_486' title='bbox 1567 4686 1688 4794; x_wconf 59' lang='lat' dir='ltr'><strong>cap:</strong></span> <span class='ocrx_word' id='word_1_487' title='bbox 1719 4686 1851 4752; x_wconf 69' lang='lat' dir='ltr'><strong>tot;</strong></span> 
     </span>
     <span class='ocr_line' id='line_1_64' title="bbox 255 4746 1856 4831; baseline -0.009 -21"><span class='ocrx_word' id='word_1_488' title='bbox 255 4758 481 4831; x_wconf 85' lang='lat' dir='ltr'><strong>alter_i_n</strong></span> <span class='ocrx_word' id='word_1_489' title='bbox 512 4753 761 4831; x_wconf 56' lang='lat' dir='ltr'><strong>Scythica</strong></span> <span class='ocrx_word' id='word_1_490' title='bbox 792 4747 1387 4831; x_wconf 36' lang='lat' dir='ltr'><strong>regionetdemoratus,‘</strong></span> <span class='ocrx_word' id='word_1_491' title='bbox 1406 4746 1717 4831; x_wconf 29' lang='lat' dir='ltr'><strong>denquohtc</strong></span> <span class='ocrx_word' id='word_1_492' title='bbox 1743 4757 1856 4831; x_wconf 65' lang='lat' dir='ltr'><strong>agt:-</strong></span> 
     </span>
    </p>
   </div>
   <div class='ocr_carea' id='block_1_64' title="bbox 253 4812 1856 4888">
    <p class='ocr_par' dir='ltr' id='par_1_64' title="bbox 253 4812 1856 4888">
     <span class='ocr_line' id='line_1_65' title="bbox 253 4812 1856 4888; baseline -0.009 -7"><span class='ocrx_word' id='word_1_493' title='bbox 253 4837 359 4882; x_wconf 90' lang='lat' dir='ltr'><strong>tur.</strong></span> <span class='ocrx_word' id='word_1_494' title='bbox 396 4827 540 4882; x_wconf 77' lang='lat' dir='ltr'><strong>Nam</strong></span> <span class='ocrx_word' id='word_1_495' title='bbox 583 4812 770 4878; x_wconf 74' lang='lat' dir='ltr'><strong>decem</strong></span> <span class='ocrx_word' id='word_1_496' title='bbox 797 4812 982 4888; x_wconf 79' lang='lat' dir='ltr'><strong>primae</strong></span> <span class='ocrx_word' id='word_1_497' title='bbox 1012 4816 1347 4888; x_wconf 84' lang='lat' dir='ltr'><strong>Collationes</strong></span> <span class='ocrx_word' id='word_1_498' title='bbox 1377 4815 1428 4868; x_wconf 90' lang='lat' dir='ltr'><strong>in</strong></span> <span class='ocrx_word' id='word_1_499' title='bbox 1443 4812 1711 4888; x_wconf 77' lang='lat' dir='ltr'><strong>Scythica</strong></span> <span class='ocrx_word' id='word_1_500' title='bbox 1740 4813 1856 4867; x_wconf 85' lang='lat' dir='ltr'><strong>sive</strong></span> 
     </span>
    </p>
   </div>
   <div class='ocr_carea' id='block_1_65' title="bbox 257 4885 1858 4954">
    <p class='ocr_par' dir='ltr' id='par_1_65' title="bbox 257 4885 1858 4954">
     <span class='ocr_line' id='line_1_66' title="bbox 257 4885 1858 4954; baseline -0.011 1"><span class='ocrx_word' id='word_1_501' title='bbox 257 4899 478 4954; x_wconf 87' lang='lat' dir='ltr'><strong>Scetica</strong></span> <span class='ocrx_word' id='word_1_502' title='bbox 509 4909 694 4951; x_wconf 83' lang='lat' dir='ltr'><strong>eremo</strong></span> <span class='ocrx_word' id='word_1_503' title='bbox 728 4885 923 4947; x_wconf 71' lang='lat' dir='ltr'><strong>habita:</strong></span> <span class='ocrx_word' id='word_1_504' title='bbox 969 4898 1120 4953; x_wconf 90' lang='lat' dir='ltr'><strong>sunt,</strong></span> <span class='ocrx_word' id='word_1_505' title='bbox 1165 4898 1226 4942; x_wconf 90' lang='lat' dir='ltr'><strong>ut</strong></span> <span class='ocrx_word' id='word_1_506' title='bbox 1263 4887 1396 4940; x_wconf 88' lang='lat' dir='ltr'><strong>alias</strong></span> <span class='ocrx_word' id='word_1_507' title='bbox 1426 4885 1627 4939; x_wconf 91' lang='lat' dir='ltr'><strong>dictum</strong></span> <span class='ocrx_word' id='word_1_508' title='bbox 1667 4894 1770 4946; x_wconf 86' lang='lat' dir='ltr'><strong>est,</strong></span> <span class='ocrx_word' id='word_1_509' title='bbox 1802 4893 1858 4938; x_wconf 89' lang='lat' dir='ltr'><strong>et</strong></span> 
     </span>
    </p>
   </div>
   <div class='ocr_carea' id='block_1_66' title="bbox 255 4955 1860 5032">
    <p class='ocr_par' dir='ltr' id='par_1_66' title="bbox 255 4955 1860 5032">
     <span class='ocr_line' id='line_1_67' title="bbox 255 4955 1860 5032; baseline -0.01 -8"><span class='ocrx_word' id='word_1_510' title='bbox 255 4969 499 5024; x_wconf 86' lang='lat' dir='ltr'><strong>Leontio</strong></span> <span class='ocrx_word' id='word_1_511' title='bbox 539 4982 605 5022; x_wconf 88' lang='lat' dir='ltr'><strong>ac</strong></span> <span class='ocrx_word' id='word_1_512' title='bbox 627 4963 874 5020; x_wconf 85' lang='lat' dir='ltr'><strong>Helladio</strong></span> <span class='ocrx_word' id='word_1_513' title='bbox 900 4959 1171 5032; x_wconf 83' lang='lat' dir='ltr'><strong>episcopis</strong></span> <span class='ocrx_word' id='word_1_514' title='bbox 1218 4958 1303 5012; x_wconf 91' lang='lat' dir='ltr'><strong>hic</strong></span> <span class='ocrx_word' id='word_1_515' title='bbox 1342 4956 1632 5012; x_wconf 89' lang='lat' dir='ltr'><strong>nominatis</strong></span> <span class='ocrx_word' id='word_1_516' title='bbox 1660 4955 1860 5024; x_wconf 89' lang='lat' dir='ltr'><strong>pariter</strong></span> 
     </span>
    </p>
   </div>
   <div class='ocr_carea' id='block_1_67' title="bbox 254 5043 480 5096">
    <p class='ocr_par' dir='ltr' id='par_1_67' title="bbox 254 5043 480 5096">
     <span class='ocr_line' id='line_1_68' title="bbox 254 5043 480 5096; baseline -0.004 -2"><span class='ocrx_word' id='word_1_517' title='bbox 254 5043 480 5096; x_wconf 67' lang='lat' dir='ltr'><strong>dicatas.</strong></span> 
     </span>
    </p>
   </div>
   <div class='ocr_carea' id='block_1_68' title="bbox 330 5095 1858 5174">
    <p class='ocr_par' dir='ltr' id='par_1_68' title="bbox 330 5095 1858 5174">
     <span class='ocr_line' id='line_1_69' title="bbox 330 5095 1858 5174; baseline -0.012 -7"><span class='ocrx_word' id='word_1_518' title='bbox 330 5125 352 5150; x_wconf 73' lang='grc' dir='ltr'>ε</span> <span class='ocrx_word' id='word_1_519' title='bbox 385 5113 472 5166; x_wconf 83' lang='lat' dir='ltr'><strong>De</strong></span> <span class='ocrx_word' id='word_1_520' title='bbox 511 5106 914 5164; x_wconf 89' lang='lat' dir='ltr'><strong>nomenclatura</strong></span> <span class='ocrx_word' id='word_1_521' title='bbox 945 5119 1096 5174; x_wconf 77' lang='lat' dir='ltr'><strong>papae</strong></span> <span class='ocrx_word' id='word_1_522' title='bbox 1136 5112 1190 5158; x_wconf 89' lang='lat' dir='ltr'><strong>et</strong></span> <span class='ocrx_word' id='word_1_523' title='bbox 1217 5097 1516 5174; x_wconf 81' lang='lat' dir='ltr'><strong>beatissimi</strong></span> <span class='ocrx_word' id='word_1_524' title='bbox 1550 5095 1675 5174; x_wconf 73' lang='lat' dir='ltr'><strong>vide</strong></span> <span class='ocrx_word' id='word_1_525' title='bbox 1705 5104 1858 5150; x_wconf 86' lang='lat' dir='ltr'><strong>nota-</strong></span> 
     </span>
    </p>
   </div>
   <div class='ocr_carea' id='block_1_69' title="bbox 256 5168 1859 5249">
    <p class='ocr_par' dir='ltr' id='par_1_69' title="bbox 256 5168 1859 5249">
     <span class='ocr_line' id='line_1_70' title="bbox 256 5168 1859 5249; baseline -0.011 -13"><span class='ocrx_word' id='word_1_526' title='bbox 256 5183 470 5238; x_wconf 84' lang='lat' dir='ltr'><strong>tionem</strong></span> <span class='ocrx_word' id='word_1_527' title='bbox 503 5181 568 5234; x_wconf 90' lang='lat' dir='ltr'><strong>ad</strong></span> <span class='ocrx_word' id='word_1_528' title='bbox 601 5179 830 5249; x_wconf 89' lang='lat' dir='ltr'><strong>primam</strong></span> <span class='ocrx_word' id='word_1_529' title='bbox 860 5168 1235 5249; x_wconf 72' lang='lat' dir='ltr'><strong>praefationem</strong></span> <span class='ocrx_word' id='word_1_530' title='bbox 1265 5170 1521 5249; x_wconf 79' lang='lat' dir='ltr'><strong>Auctoris</strong></span> <span class='ocrx_word' id='word_1_531' title='bbox 1549 5168 1706 5249; x_wconf 78' lang='lat' dir='ltr'><strong>initio</strong></span> <span class='ocrx_word' id='word_1_532' title='bbox 1727 5181 1859 5235; x_wconf 87' lang='lat' dir='ltr'><strong>ope-</strong></span> 
     </span>
    </p>
   </div>
   <div class='ocr_carea' id='block_1_70' title="bbox 255 5241 1856 5308">
    <p class='ocr_par' dir='ltr' id='par_1_70' title="bbox 255 5241 1856 5308">
     <span class='ocr_line' id='line_1_71' title="bbox 255 5241 1856 5308; baseline -0.01 -1"><span class='ocrx_word' id='word_1_533' title='bbox 255 5256 357 5308; x_wconf 88' lang='lat' dir='ltr'><strong>ris.</strong></span> <span class='ocrx_word' id='word_1_534' title='bbox 399 5255 488 5308; x_wconf 86' lang='lat' dir='ltr'><strong>De</strong></span> <span class='ocrx_word' id='word_1_535' title='bbox 534 5241 760 5305; x_wconf 57' lang='lat' dir='ltr'><strong>Le&#39;outio</strong></span> <span class='ocrx_word' id='word_1_536' title='bbox 804 5241 1060 5302; x_wconf 82' lang='lat' dir='ltr'><strong>nonnulla</strong></span> <span class='ocrx_word' id='word_1_537' title='bbox 1091 5243 1499 5300; x_wconf 86' lang='lat' dir='ltr'><strong>subnotavimus</strong></span> <span class='ocrx_word' id='word_1_538' title='bbox 1528 5241 1594 5294; x_wconf 88' lang='lat' dir='ltr'><strong>ad</strong></span> <span class='ocrx_word' id='word_1_539' title='bbox 1627 5241 1856 5307; x_wconf 87' lang='lat' dir='ltr'><strong>primam</strong></span> 
     </span>
    </p>
   </div>
   <div class='ocr_carea' id='block_1_71' title="bbox 257 5309 1859 5392">
    <p class='ocr_par' dir='ltr' id='par_1_71' title="bbox 257 5309 1859 5392">
     <span class='ocr_line' id='line_1_72' title="bbox 257 5309 1859 5392; baseline -0.011 -13"><span class='ocrx_word' id='word_1_540' title='bbox 257 5325 650 5392; x_wconf 72' lang='lat' dir='ltr'><strong>praefationem</strong></span> <span class='ocrx_word' id='word_1_541' title='bbox 681 5320 1071 5392; x_wconf 84' lang='lat' dir='ltr'><strong>Collationum,</strong></span> <span class='ocrx_word' id='word_1_542' title='bbox 1099 5317 1191 5370; x_wconf 87' lang='lat' dir='ltr'><strong>ubi</strong></span> <span class='ocrx_word' id='word_1_543' title='bbox 1229 5313 1420 5392; x_wconf 74' lang='lat' dir='ltr'><strong>eodem</strong></span> <span class='ocrx_word' id='word_1_544' title='bbox 1452 5311 1676 5392; x_wconf 72' lang='lat' dir='ltr'><strong>honoris</strong></span> <span class='ocrx_word' id='word_1_545' title='bbox 1703 5309 1859 5392; x_wconf 85' lang='lat' dir='ltr'><strong>titulo</strong></span> 
     </span>
    </p>
   </div>
   <div class='ocr_carea' id='block_1_72' title="bbox 256 5381 1859 5457">
    <p class='ocr_par' dir='ltr' id='par_1_72' title="bbox 256 5381 1859 5457">
     <span class='ocr_line' id='line_1_73' title="bbox 256 5381 1859 5457; baseline -0.009 -8"><span class='ocrx_word' id='word_1_546' title='bbox 256 5381 382 5450; x_wconf 73' lang='lat' dir='ltr'><strong>eum</strong></span> <span class='ocrx_word' id='word_1_547' title='bbox 429 5402 667 5449; x_wconf 77' lang='lat' dir='ltr'><strong>exornat</strong></span> <span class='ocrx_word' id='word_1_548' title='bbox 697 5391 1009 5455; x_wconf 80' lang='lat' dir='ltr'><strong>Cassianus,</strong></span> <span class='ocrx_word' id='word_1_549' title='bbox 1041 5381 1586 5457; x_wconf 68' lang='lat' dir='ltr'><strong>quemadmodumet</strong></span> <span class='ocrx_word' id='word_1_550' title='bbox 1628 5381 1859 5457; x_wconf 36' lang='lat' dir='ltr'><strong>Fati-stus</strong></span> 
     </span>
    </p>
   </div>
   <div class='ocr_carea' id='block_1_73' title="bbox 255 5451 1862 5530">
    <p class='ocr_par' dir='ltr' id='par_1_73' title="bbox 255 5451 1862 5530">
     <span class='ocr_line' id='line_1_74' title="bbox 255 5451 1862 5530; baseline -0.01 -11"><span class='ocrx_word' id='word_1_551' title='bbox 255 5465 563 5520; x_wconf 66' lang='lat' dir='ltr'><strong>Blieiensis</strong></span> <span class='ocrx_word' id='word_1_552' title='bbox 612 5464 897 5530; x_wconf 88' lang='lat' dir='ltr'><strong>episc0pus</strong></span> <span class='ocrx_word' id='word_1_553' title='bbox 940 5451 1005 5513; x_wconf 83' lang='lat' dir='ltr'><strong>in</strong></span> <span class='ocrx_word' id='word_1_554' title='bbox 1037 5451 1366 5530; x_wconf 58' lang='grc' dir='ltr'><strong>ιὶιξωῐειιξοιιεξΔ</strong></span> <span class='ocrx_word' id='word_1_555' title='bbox 1403 5453 1526 5530; x_wconf 77' lang='lat' dir='ltr'><strong>libri</strong></span> <span class='ocrx_word' id='word_1_556' title='bbox 1557 5454 1623 5530; x_wconf 80' lang='lat' dir='ltr'><strong>de</strong></span> <span class='ocrx_word' id='word_1_557' title='bbox 1665 5451 1862 5530; x_wconf 84' lang='lat' dir='ltr'><strong>Libero</strong></span> 
     </span>
    </p>
   </div>
   <div class='ocr_carea' id='block_1_74' title="bbox 257 5524 1862 5598">
    <p class='ocr_par' dir='ltr' id='par_1_74' title="bbox 257 5524 1862 5598">
     <span class='ocr_line' id='line_1_75' title="bbox 257 5524 1862 5598; baseline -0.011 -7"><span class='ocrx_word' id='word_1_558' title='bbox 257 5536 539 5598; x_wconf 78' lang='lat' dir='ltr'><strong>Arbitrio,</strong></span> <span class='ocrx_word' id='word_1_559' title='bbox 585 5524 672 5590; x_wconf 78' lang='lat' dir='ltr'><strong>ubi</strong></span> <span class='ocrx_word' id='word_1_560' title='bbox 707 5524 822 5586; x_wconf 59' lang='lat' dir='ltr'><strong>haec</strong></span> <span class='ocrx_word' id='word_1_561' title='bbox 861 5524 1142 5597; x_wconf 82' lang='lat' dir='ltr'><strong>inscriptio</strong></span> <span class='ocrx_word' id='word_1_562' title='bbox 1168 5526 1436 5598; x_wconf 69' lang='lat' dir='ltr'><strong>:pomino</strong></span> <span class='ocrx_word' id='word_1_563' title='bbox 1479 5524 1776 5598; x_wconf 79' lang='lat' dir='ltr'><strong>beatissimo</strong></span> <span class='ocrx_word' id='word_1_564' title='bbox 1802 5537 1862 5598; x_wconf 76' lang='lat' dir='ltr'><strong>ac</strong></span> 
     </span>
    </p>
   </div>
   <div class='ocr_carea' id='block_1_75' title="bbox 254 5593 1864 5669">
    <p class='ocr_par' dir='ltr' id='par_1_75' title="bbox 254 5593 1864 5669">
     <span class='ocr_line' id='line_1_76' title="bbox 254 5593 1864 5669; baseline -0.009 -10"><span class='ocrx_word' id='word_1_565' title='bbox 254 5593 695 5662; x_wconf 72' lang='lat' dir='ltr'><strong>recm-ndissimo</strong></span> <span class='ocrx_word' id='word_1_566' title='bbox 725 5602 942 5656; x_wconf 82' lang='lat' dir='ltr'><strong>Leontio</strong></span> <span class='ocrx_word' id='word_1_567' title='bbox 980 5593 1150 5669; x_wconf 66' lang='lat' dir='ltr'><strong>papae,</strong></span> <span class='ocrx_word' id='word_1_568' title='bbox 1189 5597 1534 5669; x_wconf 15' lang='lat' dir='ltr'><strong>Faustusgret</strong></span> <span class='ocrx_word' id='word_1_569' title='bbox 1555 5595 1724 5669; x_wconf 74' lang='lat' dir='ltr'><strong>initio</strong></span> <span class='ocrx_word' id='word_1_570' title='bbox 1749 5593 1864 5660; x_wconf 87' lang='lat' dir='ltr'><strong>epi-</strong></span> 
     </span>
    </p>
   </div>
   <div class='ocr_carea' id='block_1_76' title="bbox 257 5665 1864 5743">
    <p class='ocr_par' dir='ltr' id='par_1_76' title="bbox 257 5665 1864 5743">
     <span class='ocr_line' id='line_1_77' title="bbox 257 5665 1864 5743; baseline -0.011 -11"><span class='ocrx_word' id='word_1_571' title='bbox 257 5679 461 5733; x_wconf 68' lang='lat' dir='ltr'><strong>stolae:</strong></span> <span class='ocrx_word' id='word_1_572' title='bbox 506 5675 656 5741; x_wconf 83' lang='lat' dir='ltr'><strong>Quod</strong></span> <span class='ocrx_word' id='word_1_573' title='bbox 701 5691 794 5743; x_wconf 85' lang='lat' dir='ltr'><strong>pro</strong></span> <span class='ocrx_word' id='word_1_574' title='bbox 835 5665 1181 5728; x_wconf 79' lang='lat' dir='ltr'><strong>sollicitudine</strong></span> <span class='ocrx_word' id='word_1_575' title='bbox 1222 5665 1494 5743; x_wconf 74' lang='lat' dir='ltr'><strong>pastorali,</strong></span> <span class='ocrx_word' id='word_1_576' title='bbox 1548 5665 1684 5719; x_wconf 80' lang='lat' dir='ltr'><strong>beate</strong></span> <span class='ocrx_word' id='word_1_577' title='bbox 1728 5679 1864 5743; x_wconf 72' lang='lat' dir='ltr'><strong>papa</strong></span> 
     </span>
    </p>
   </div>
   <div class='ocr_carea' id='block_1_77' title="bbox 257 5735 1867 5813">
    <p class='ocr_par' dir='ltr' id='par_1_77' title="bbox 257 5735 1867 5813">
     <span class='ocr_line' id='line_1_78' title="bbox 257 5735 1867 5813; baseline -0.01 -9"><span class='ocrx_word' id='word_1_578' title='bbox 257 5749 490 5811; x_wconf 85' lang='lat' dir='ltr'><strong>Leonti,</strong></span> <span class='ocrx_word' id='word_1_579' title='bbox 513 5735 628 5802; x_wconf 59' lang='grc' dir='ltr'><strong>ξιξ.</strong></span> <span class='ocrx_word' id='word_1_580' title='bbox 664 5735 860 5799; x_wconf 72' lang='lat' dir='ltr'><strong>Verum</strong></span> <span class='ocrx_word' id='word_1_581' title='bbox 893 5757 1082 5813; x_wconf 90' lang='lat' dir='ltr'><strong>magna</strong></span> <span class='ocrx_word' id='word_1_582' title='bbox 1130 5735 1458 5813; x_wconf 80' lang='lat' dir='ltr'><strong>ambiguitas</strong></span> <span class='ocrx_word' id='word_1_583' title='bbox 1479 5746 1594 5813; x_wconf 53' lang='lat' dir='ltr'><strong>est,</strong></span> <span class='ocrx_word' id='word_1_584' title='bbox 1609 5746 1664 5790; x_wconf 91' lang='lat' dir='ltr'><strong>et</strong></span> <span class='ocrx_word' id='word_1_585' title='bbox 1688 5735 1867 5813; x_wconf 83' lang='lat' dir='ltr'><strong>expli-</strong></span> 
     </span>
    </p>
   </div>
   <div class='ocr_carea' id='block_1_78' title="bbox 260 5805 1866 5892">
    <p class='ocr_par' dir='ltr' id='par_1_78' title="bbox 260 5805 1866 5892">
     <span class='ocr_line' id='line_1_79' title="bbox 260 5805 1866 5892; baseline -0.01 -14"><span class='ocrx_word' id='word_1_586' title='bbox 260 5831 391 5888; x_wconf 82' lang='lat' dir='ltr'><strong>catu</strong></span> <span class='ocrx_word' id='word_1_587' title='bbox 409 5805 681 5886; x_wconf 76' lang='lat' dir='ltr'><strong>dil‘ftcilis,</strong></span> <span class='ocrx_word' id='word_1_588' title='bbox 705 5815 772 5873; x_wconf 81' lang='lat' dir='ltr'><strong>de</strong></span> <span class='ocrx_word' id='word_1_589' title='bbox 799 5830 903 5892; x_wconf 79' lang='lat' dir='ltr'><strong>quo</strong></span> <span class='ocrx_word' id='word_1_590' title='bbox 939 5805 1024 5872; x_wconf 69' lang='lat' dir='ltr'><strong>hic</strong></span> <span class='ocrx_word' id='word_1_591' title='bbox 1053 5821 1242 5888; x_wconf 83' lang='lat' dir='ltr'><strong>agatur</strong></span> <span class='ocrx_word' id='word_1_592' title='bbox 1269 5805 1524 5872; x_wconf 78' lang='lat' dir='ltr'><strong>Leontio.</strong></span> <span class='ocrx_word' id='word_1_593' title='bbox 1553 5809 1690 5868; x_wconf 86' lang='lat' dir='ltr'><strong>Tres</strong></span> <span class='ocrx_word' id='word_1_594' title='bbox 1720 5805 1866 5872; x_wconf 79' lang='lat' dir='ltr'><strong>enim</strong></span> 
     </span>
    </p>
   </div>
   <div class='ocr_carea' id='block_1_79' title="bbox 1946 3321 3529 3387">
    <p class='ocr_par' dir='ltr' id='par_1_79' title="bbox 1946 3321 3529 3387">
     <span class='ocr_line' id='line_1_80' title="bbox 1946 3321 3529 3387; baseline -0.001 -11"><span class='ocrx_word' id='word_1_595' title='bbox 1946 3323 2059 3378; x_wconf 89' lang='lat' dir='ltr'><strong>fere</strong></span> <span class='ocrx_word' id='word_1_596' title='bbox 2095 3321 2385 3387; x_wconf 69' lang='lat' dir='ltr'><strong>coaetanei,</strong></span> <span class='ocrx_word' id='word_1_597' title='bbox 2422 3333 2514 3376; x_wconf 88' lang='lat' dir='ltr'><strong>aut</strong></span> <span class='ocrx_word' id='word_1_598' title='bbox 2558 3332 2716 3377; x_wconf 71' lang='lat' dir='ltr'><strong>aetate</strong></span> <span class='ocrx_word' id='word_1_599' title='bbox 2759 3331 2906 3376; x_wconf 89' lang='lat' dir='ltr'><strong>certe</strong></span> <span class='ocrx_word' id='word_1_600' title='bbox 2937 3321 3116 3383; x_wconf 91' lang='lat' dir='ltr'><strong>vicini,</strong></span> <span class='ocrx_word' id='word_1_601' title='bbox 3165 3331 3220 3375; x_wconf 90' lang='lat' dir='ltr'><strong>et</strong></span> <span class='ocrx_word' id='word_1_602' title='bbox 3265 3321 3529 3376; x_wconf 87' lang='lat' dir='ltr'><strong>Gallicani</strong></span> 
     </span>
    </p>
   </div>
   <div class='ocr_carea' id='block_1_80' title="bbox 1945 3392 3526 3462">
    <p class='ocr_par' dir='ltr' id='par_1_80' title="bbox 1945 3392 3526 3462">
     <span class='ocr_line' id='line_1_81' title="bbox 1945 3392 3526 3462; baseline -0.001 -15"><span class='ocrx_word' id='word_1_603' title='bbox 1945 3409 2157 3456; x_wconf 86' lang='lat' dir='ltr'><strong>omnes,</strong></span> <span class='ocrx_word' id='word_1_604' title='bbox 2190 3395 2543 3458; x_wconf 82' lang='lat' dir='ltr'><strong>Arelatensis,</strong></span> <span class='ocrx_word' id='word_1_605' title='bbox 2579 3392 3048 3462; x_wconf 79' lang='lat' dir='ltr'><strong>Forojuliacensis,</strong></span> <span class='ocrx_word' id='word_1_606' title='bbox 3092 3392 3526 3459; x_wconf 77' lang='lat' dir='ltr'><strong>Burdegalensis.</strong></span> 
     </span>
    </p>
   </div>
   <div class='ocr_carea' id='block_1_81' title="bbox 1945 3461 3526 3532">
    <p class='ocr_par' dir='ltr' id='par_1_81' title="bbox 1945 3461 3526 3532">
     <span class='ocr_line' id='line_1_82' title="bbox 1945 3461 3526 3532; baseline -0.003 -12"><span class='ocrx_word' id='word_1_607' title='bbox 1945 3464 2173 3520; x_wconf 88' lang='lat' dir='ltr'><strong>Leontio</strong></span> <span class='ocrx_word' id='word_1_608' title='bbox 2220 3465 2521 3518; x_wconf 77' lang='lat' dir='ltr'><strong>Arelatensi</strong></span> <span class='ocrx_word' id='word_1_609' title='bbox 2567 3461 2823 3532; x_wconf 80' lang='lat' dir='ltr'><strong>scriptam</strong></span> <span class='ocrx_word' id='word_1_610' title='bbox 2877 3477 2907 3516; x_wconf 91' lang='lat' dir='ltr'><strong>a</strong></span> <span class='ocrx_word' id='word_1_611' title='bbox 2956 3461 3181 3517; x_wconf 83' lang='lat' dir='ltr'><strong>Sidonio</strong></span> <span class='ocrx_word' id='word_1_612' title='bbox 3230 3462 3526 3528; x_wconf 83' lang='lat' dir='ltr'><strong>Apollinari</strong></span> 
     </span>
    </p>
   </div>
   <div class='ocr_carea' id='block_1_82' title="bbox 1944 3532 3533 3604">
    <p class='ocr_par' dir='ltr' id='par_1_82' title="bbox 1944 3532 3533 3604">
     <span class='ocr_line' id='line_1_83' title="bbox 1944 3532 3533 3604; baseline -0.003 -14"><span class='ocrx_word' id='word_1_613' title='bbox 1944 3535 2228 3604; x_wconf 86' lang='lat' dir='ltr'><strong>epistolam</strong></span> <span class='ocrx_word' id='word_1_614' title='bbox 2264 3535 2474 3590; x_wconf 85' lang='lat' dir='ltr'><strong>tertiam</strong></span> <span class='ocrx_word' id='word_1_615' title='bbox 2501 3533 2621 3588; x_wconf 88' lang='lat' dir='ltr'><strong>libri</strong></span> <span class='ocrx_word' id='word_1_616' title='bbox 2666 3535 2802 3588; x_wconf 80' lang='lat' dir='ltr'><strong>sexti</strong></span> <span class='ocrx_word' id='word_1_617' title='bbox 2824 3534 3033 3604; x_wconf 83' lang='lat' dir='ltr'><strong>asserit</strong></span> <span class='ocrx_word' id='word_1_618' title='bbox 3061 3532 3173 3604; x_wconf 78' lang='lat' dir='ltr'><strong>Jac.</strong></span> <span class='ocrx_word' id='word_1_619' title='bbox 3211 3533 3533 3604; x_wconf 82' lang='lat' dir='ltr'><strong>Sirmondus</strong></span> 
     </span>
    </p>
   </div>
   <div class='ocr_carea' id='block_1_83' title="bbox 1945 3603 3526 3674">
    <p class='ocr_par' dir='ltr' id='par_1_83' title="bbox 1945 3603 3526 3674">
     <span class='ocr_line' id='line_1_84' title="bbox 1945 3603 3526 3674; baseline -0.003 -14"><span class='ocrx_word' id='word_1_620' title='bbox 1945 3603 1992 3660; x_wconf 17' lang='lat' dir='ltr'><strong>ei</strong></span> <span class='ocrx_word' id='word_1_621' title='bbox 2019 3606 2292 3660; x_wconf 63' lang='lat' dir='ltr'><strong>Sot&#39;ietate</strong></span> <span class='ocrx_word' id='word_1_622' title='bbox 2325 3605 2449 3658; x_wconf 85' lang='lat' dir='ltr'><strong>Jesu</strong></span> <span class='ocrx_word' id='word_1_623' title='bbox 2489 3605 2773 3674; x_wconf 76' lang='lat' dir='ltr'><strong>theologus</strong></span> <span class='ocrx_word' id='word_1_624' title='bbox 2819 3603 2874 3658; x_wconf 91' lang='lat' dir='ltr'><strong>in</strong></span> <span class='ocrx_word' id='word_1_625' title='bbox 2923 3603 3064 3657; x_wconf 90' lang='lat' dir='ltr'><strong>notis</strong></span> <span class='ocrx_word' id='word_1_626' title='bbox 3108 3603 3174 3657; x_wconf 89' lang='lat' dir='ltr'><strong>ad</strong></span> <span class='ocrx_word' id='word_1_627' title='bbox 3225 3603 3526 3667; x_wconf 87' lang='lat' dir='ltr'><strong>Sidonium,</strong></span> 
     </span>
    </p>
   </div>
   <div class='ocr_carea' id='block_1_84' title="bbox 1945 3674 3532 3742">
    <p class='ocr_par' dir='ltr' id='par_1_84' title="bbox 1945 3674 3532 3742">
     <span class='ocr_line' id='line_1_85' title="bbox 1945 3674 3532 3742; baseline -0.002 -11"><span class='ocrx_word' id='word_1_628' title='bbox 1945 3688 2130 3731; x_wconf 90' lang='lat' dir='ltr'><strong>contra</strong></span> <span class='ocrx_word' id='word_1_629' title='bbox 2155 3677 2345 3731; x_wconf 87' lang='lat' dir='ltr'><strong>Savari</strong></span> <span class='ocrx_word' id='word_1_630' title='bbox 2375 3675 2709 3740; x_wconf 83' lang='lat' dir='ltr'><strong>Opinionem.</strong></span> <span class='ocrx_word' id='word_1_631' title='bbox 2740 3675 2924 3740; x_wconf 83' lang='lat' dir='ltr'><strong>Multa,</strong></span> <span class='ocrx_word' id='word_1_632' title='bbox 2956 3675 3151 3742; x_wconf 86' lang='lat' dir='ltr'><strong>inquit,</strong></span> <span class='ocrx_word' id='word_1_633' title='bbox 3183 3681 3309 3727; x_wconf 88' lang='lat' dir='ltr'><strong>sunt</strong></span> <span class='ocrx_word' id='word_1_634' title='bbox 3331 3674 3382 3725; x_wconf 93' lang='lat' dir='ltr'><strong>in</strong></span> <span class='ocrx_word' id='word_1_635' title='bbox 3408 3689 3532 3728; x_wconf 82' lang='lat' dir='ltr'><strong>ver-</strong></span> 
     </span>
    </p>
   </div>
   <div class='ocr_carea' id='block_1_85' title="bbox 1947 3744 3534 3816">
    <p class='ocr_par' dir='ltr' id='par_1_85' title="bbox 1947 3744 3534 3816">
     <span class='ocr_line' id='line_1_86' title="bbox 1947 3744 3534 3816; baseline -0.004 -13"><span class='ocrx_word' id='word_1_636' title='bbox 1947 3748 2030 3803; x_wconf 91' lang='lat' dir='ltr'><strong>bis</strong></span> <span class='ocrx_word' id='word_1_637' title='bbox 2063 3747 2293 3810; x_wconf 79' lang='lat' dir='ltr'><strong>Sidonii,</strong></span> <span class='ocrx_word' id='word_1_638' title='bbox 2325 3761 2447 3816; x_wconf 69' lang='lat' dir='ltr'><strong>qute</strong></span> <span class='ocrx_word' id='word_1_639' title='bbox 2493 3745 2804 3800; x_wconf 90' lang='lat' dir='ltr'><strong>Arelatens.</strong></span> <span class='ocrx_word' id='word_1_640' title='bbox 2838 3744 3140 3816; x_wconf 80' lang='lat' dir='ltr'><strong>designent,</strong></span> <span class='ocrx_word' id='word_1_641' title='bbox 3173 3753 3228 3797; x_wconf 87' lang='lat' dir='ltr'><strong>ut</strong></span> <span class='ocrx_word' id='word_1_642' title='bbox 3273 3745 3411 3816; x_wconf 86' lang='lat' dir='ltr'><strong>quod</strong></span> <span class='ocrx_word' id='word_1_643' title='bbox 3455 3746 3534 3798; x_wconf 89' lang='lat' dir='ltr'><strong>ait</strong></span> 
     </span>
    </p>
   </div>
   <div class='ocr_carea' id='block_1_86' title="bbox 1946 3815 3528 3888">
    <p class='ocr_par' dir='ltr' id='par_1_86' title="bbox 1946 3815 3528 3888">
     <span class='ocr_line' id='line_1_87' title="bbox 1946 3815 3528 3888; baseline -0.003 -15"><span class='ocrx_word' id='word_1_644' title='bbox 1946 3820 2013 3874; x_wconf 90' lang='lat' dir='ltr'><strong>de</strong></span> <span class='ocrx_word' id='word_1_645' title='bbox 2055 3815 2351 3888; x_wconf 86' lang='lat' dir='ltr'><strong>privilegio</strong></span> <span class='ocrx_word' id='word_1_646' title='bbox 2385 3817 2513 3882; x_wconf 92' lang='lat' dir='ltr'><strong>loci,</strong></span> <span class='ocrx_word' id='word_1_647' title='bbox 2564 3825 2618 3870; x_wconf 78' lang='lat' dir='ltr'><strong>et</strong></span> <span class='ocrx_word' id='word_1_648' title='bbox 2644 3817 2711 3870; x_wconf 93' lang='lat' dir='ltr'><strong>de</strong></span> <span class='ocrx_word' id='word_1_649' title='bbox 2739 3815 2934 3888; x_wconf 84' lang='lat' dir='ltr'><strong>togatis</strong></span> <span class='ocrx_word' id='word_1_650' title='bbox 2962 3816 3071 3868; x_wconf 89' lang='lat' dir='ltr'><strong>illic</strong></span> <span class='ocrx_word' id='word_1_651' title='bbox 3109 3815 3528 3888; x_wconf 80' lang='lat' dir='ltr'><strong>perorantibus;</strong></span> 
     </span>
    </p>
   </div>
   <div class='ocr_carea' id='block_1_87' title="bbox 1949 3885 3534 3956">
    <p class='ocr_par' dir='ltr' id='par_1_87' title="bbox 1949 3885 3534 3956">
     <span class='ocr_line' id='line_1_88' title="bbox 1949 3885 3534 3956; baseline -0.003 -12"><span class='ocrx_word' id='word_1_652' title='bbox 1949 3885 2343 3944; x_wconf 82' lang='lat' dir='ltr'><strong>Arelatensium</strong></span> <span class='ocrx_word' id='word_1_653' title='bbox 2367 3897 2544 3943; x_wconf 90' lang='lat' dir='ltr'><strong>autem</strong></span> <span class='ocrx_word' id='word_1_654' title='bbox 2568 3885 2880 3956; x_wconf 87' lang='lat' dir='ltr'><strong>episcopum</strong></span> <span class='ocrx_word' id='word_1_655' title='bbox 2900 3886 2983 3940; x_wconf 89' lang='lat' dir='ltr'><strong>his</strong></span> <span class='ocrx_word' id='word_1_656' title='bbox 3003 3886 3337 3956; x_wconf 82' lang='lat' dir='ltr'><strong>temporibus</strong></span> <span class='ocrx_word' id='word_1_657' title='bbox 3360 3885 3534 3940; x_wconf 87' lang='lat' dir='ltr'><strong>fuisse</strong></span> 
     </span>
    </p>
   </div>
   <div class='ocr_carea' id='block_1_88' title="bbox 1949 3957 3536 4026">
    <p class='ocr_par' dir='ltr' id='par_1_88' title="bbox 1949 3957 3536 4026">
     <span class='ocr_line' id='line_1_89' title="bbox 1949 3957 3536 4026; baseline -0.003 -11"><span class='ocrx_word' id='word_1_658' title='bbox 1949 3961 2254 4026; x_wconf 88' lang='lat' dir='ltr'><strong>Leontium,</strong></span> <span class='ocrx_word' id='word_1_659' title='bbox 2287 3960 2430 4014; x_wconf 85' lang='lat' dir='ltr'><strong>nulla</strong></span> <span class='ocrx_word' id='word_1_660' title='bbox 2471 3968 2558 4014; x_wconf 90' lang='lat' dir='ltr'><strong>est</strong></span> <span class='ocrx_word' id='word_1_661' title='bbox 2583 3957 2874 4013; x_wconf 83' lang='lat' dir='ltr'><strong>dubitatio.</strong></span> <span class='ocrx_word' id='word_1_662' title='bbox 2926 3957 3038 4012; x_wconf 85' lang='lat' dir='ltr'><strong>Hoc</strong></span> <span class='ocrx_word' id='word_1_663' title='bbox 3073 3959 3215 4010; x_wconf 86' lang='lat' dir='ltr'><strong>enim</strong></span> <span class='ocrx_word' id='word_1_664' title='bbox 3247 3957 3536 4010; x_wconf 87' lang='lat' dir='ltr'><strong>ostendunt</strong></span> 
     </span>
    </p>
   </div>
   <div class='ocr_carea' id='block_1_89' title="bbox 1950 4029 3536 4101">
    <p class='ocr_par' dir='ltr' id='par_1_89' title="bbox 1950 4029 3536 4101">
     <span class='ocr_line' id='line_1_90' title="bbox 1950 4029 3536 4101; baseline -0.003 -15"><span class='ocrx_word' id='word_1_665' title='bbox 1950 4032 2114 4086; x_wconf 85' lang='lat' dir='ltr'><strong>Hilari</strong></span> <span class='ocrx_word' id='word_1_666' title='bbox 2169 4047 2317 4101; x_wconf 82' lang='lat' dir='ltr'><strong>papae</strong></span> <span class='ocrx_word' id='word_1_667' title='bbox 2365 4031 2638 4099; x_wconf 65' lang='lat' dir='ltr'><strong>epistolae,</strong></span> <span class='ocrx_word' id='word_1_668' title='bbox 2692 4045 2757 4084; x_wconf 84' lang='lat' dir='ltr'><strong>ex</strong></span> <span class='ocrx_word' id='word_1_669' title='bbox 2818 4030 3012 4101; x_wconf 77' lang='lat' dir='ltr'><strong>quibus</strong></span> <span class='ocrx_word' id='word_1_670' title='bbox 3066 4030 3227 4082; x_wconf 88' lang='lat' dir='ltr'><strong>etiam</strong></span> <span class='ocrx_word' id='word_1_671' title='bbox 3276 4029 3536 4101; x_wconf 84' lang='lat' dir='ltr'><strong>docemur</strong></span> 
     </span>
    </p>
   </div>
   <div class='ocr_carea' id='block_1_90' title="bbox 1951 4098 3535 4167">
    <p class='ocr_par' dir='ltr' id='par_1_90' title="bbox 1951 4098 3535 4167">
     <span class='ocr_line' id='line_1_91' title="bbox 1951 4098 3535 4167; baseline -0.004 -9"><span class='ocrx_word' id='word_1_672' title='bbox 1951 4098 2250 4158; x_wconf 77' lang='lat' dir='ltr'><strong>Leontium</strong></span> <span class='ocrx_word' id='word_1_673' title='bbox 2280 4098 2462 4157; x_wconf 88' lang='lat' dir='ltr'><strong>sedem</strong></span> <span class='ocrx_word' id='word_1_674' title='bbox 2504 4103 2687 4156; x_wconf 90' lang='lat' dir='ltr'><strong>iniisse</strong></span> <span class='ocrx_word' id='word_1_675' title='bbox 2730 4098 2870 4154; x_wconf 86' lang='lat' dir='ltr'><strong>anno</strong></span> <span class='ocrx_word' id='word_1_676' title='bbox 2908 4098 3032 4167; x_wconf 65' lang='grc'><strong>662,</strong></span> <span class='ocrx_word' id='word_1_677' title='bbox 3067 4101 3166 4152; x_wconf 92' lang='lat' dir='ltr'><strong>hoc</strong></span> <span class='ocrx_word' id='word_1_678' title='bbox 3211 4108 3311 4163; x_wconf 88' lang='lat' dir='ltr'><strong>est,</strong></span> <span class='ocrx_word' id='word_1_679' title='bbox 3347 4099 3535 4153; x_wconf 82' lang='lat' dir='ltr'><strong>decem</strong></span> 
     </span>
    </p>
   </div>
   <div class='ocr_carea' id='block_1_91' title="bbox 1951 4169 3533 4244">
    <p class='ocr_par' dir='ltr' id='par_1_91' title="bbox 1951 4169 3533 4244">
     <span class='ocr_line' id='line_1_92' title="bbox 1951 4169 3533 4244; baseline -0.003 -16"><span class='ocrx_word' id='word_1_680' title='bbox 1951 4175 2068 4244; x_wconf 89' lang='lat' dir='ltr'><strong>plus</strong></span> <span class='ocrx_word' id='word_1_681' title='bbox 2093 4175 2270 4228; x_wconf 91' lang='lat' dir='ltr'><strong>minus</strong></span> <span class='ocrx_word' id='word_1_682' title='bbox 2295 4174 2452 4227; x_wconf 87' lang='lat' dir='ltr'><strong>annis</strong></span> <span class='ocrx_word' id='word_1_683' title='bbox 2479 4183 2604 4227; x_wconf 90' lang='lat' dir='ltr'><strong>ante</strong></span> <span class='ocrx_word' id='word_1_684' title='bbox 2634 4173 2952 4244; x_wconf 71' lang='lat' dir='ltr'><strong>Sidonium;</strong></span> <span class='ocrx_word' id='word_1_685' title='bbox 2999 4169 3234 4244; x_wconf 71' lang='lat' dir='ltr'><strong>synodus</strong></span> <span class='ocrx_word' id='word_1_686' title='bbox 3267 4181 3533 4244; x_wconf 58' lang='lat' dir='ltr'><strong>prieterea</strong></span> 
     </span>
    </p>
   </div>
   <div class='ocr_carea' id='block_1_92' title="bbox 1952 4240 3532 4312">
    <p class='ocr_par' dir='ltr' id='par_1_92' title="bbox 1952 4240 3532 4312">
     <span class='ocr_line' id='line_1_93' title="bbox 1952 4240 3532 4312; baseline -0.004 -12"><span class='ocrx_word' id='word_1_687' title='bbox 1952 4240 2307 4309; x_wconf 69' lang='lat' dir='ltr'><strong>Arelatensis,</strong></span> <span class='ocrx_word' id='word_1_688' title='bbox 2327 4245 2478 4312; x_wconf 89' lang='lat' dir='ltr'><strong>cujus</strong></span> <span class='ocrx_word' id='word_1_689' title='bbox 2505 4245 2748 4298; x_wconf 89' lang='lat' dir='ltr'><strong>tneminit</strong></span> <span class='ocrx_word' id='word_1_690' title='bbox 2773 4243 3020 4307; x_wconf 71' lang='lat' dir='ltr'><strong>Fattslm,</strong></span> <span class='ocrx_word' id='word_1_691' title='bbox 3044 4241 3129 4296; x_wconf 92' lang='lat' dir='ltr'><strong>cui</strong></span> <span class='ocrx_word' id='word_1_692' title='bbox 3154 4240 3368 4310; x_wconf 70' lang='lat' dir='ltr'><strong>prmfuit</strong></span> <span class='ocrx_word' id='word_1_693' title='bbox 3391 4241 3532 4294; x_wconf 80' lang='lat' dir='ltr'><strong>idem</strong></span> 
     </span>
    </p>
   </div>
   <div class='ocr_carea' id='block_1_93' title="bbox 1952 4312 3536 4384">
    <p class='ocr_par' dir='ltr' id='par_1_93' title="bbox 1952 4312 3536 4384">
     <span class='ocr_line' id='line_1_94' title="bbox 1952 4312 3536 4384; baseline -0.005 -14"><span class='ocrx_word' id='word_1_694' title='bbox 1952 4316 2230 4381; x_wconf 90' lang='lat' dir='ltr'><strong>Leontius,</strong></span> <span class='ocrx_word' id='word_1_695' title='bbox 2265 4325 2317 4369; x_wconf 91' lang='lat' dir='ltr'><strong>et</strong></span> <span class='ocrx_word' id='word_1_696' title='bbox 2345 4315 2548 4370; x_wconf 81' lang='lat' dir='ltr'><strong>Ruricii</strong></span> <span class='ocrx_word' id='word_1_697' title='bbox 2595 4314 2820 4384; x_wconf 88' lang='lat' dir='ltr'><strong>epistola</strong></span> <span class='ocrx_word' id='word_1_698' title='bbox 2856 4313 2922 4367; x_wconf 79' lang='grc'><strong>15</strong></span> <span class='ocrx_word' id='word_1_699' title='bbox 2967 4315 3031 4367; x_wconf 90' lang='lat' dir='ltr'><strong>ad</strong></span> <span class='ocrx_word' id='word_1_700' title='bbox 3063 4312 3316 4367; x_wconf 65' lang='lat' dir='ltr'><strong>Ennium</strong></span> <span class='ocrx_word' id='word_1_701' title='bbox 3353 4312 3536 4384; x_wconf 83' lang='lat' dir='ltr'><strong>inqua</strong></span> 
     </span>
    </p>
   </div>
   <div class='ocr_carea' id='block_1_94' title="bbox 1953 4382 3538 4451">
    <p class='ocr_par' dir='ltr' id='par_1_94' title="bbox 1953 4382 3538 4451">
     <span class='ocr_line' id='line_1_95' title="bbox 1953 4382 3538 4451; baseline -0.006 -9"><span class='ocrx_word' id='word_1_702' title='bbox 1953 4387 2181 4442; x_wconf 90' lang='lat' dir='ltr'><strong>Leontio</strong></span> <span class='ocrx_word' id='word_1_703' title='bbox 2216 4402 2354 4441; x_wconf 93' lang='lat' dir='ltr'><strong>nunc</strong></span> <span class='ocrx_word' id='word_1_704' title='bbox 2389 4388 2493 4439; x_wconf 89' lang='lat' dir='ltr'><strong>vita</strong></span> <span class='ocrx_word' id='word_1_705' title='bbox 2525 4382 2706 4439; x_wconf 80' lang='lat' dir='ltr'><strong>functo</strong></span> <span class='ocrx_word' id='word_1_706' title='bbox 2739 4386 2989 4438; x_wconf 67' lang='lat' dir='ltr'><strong>Aionium</strong></span> <span class='ocrx_word' id='word_1_707' title='bbox 3017 4385 3345 4438; x_wconf 78' lang='lat' dir='ltr'><strong>successisse</strong></span> <span class='ocrx_word' id='word_1_708' title='bbox 3374 4382 3538 4451; x_wconf 84' lang='lat' dir='ltr'><strong>signi-</strong></span> 
     </span>
    </p>
   </div>
   <div class='ocr_carea' id='block_1_95' title="bbox 1955 4452 3539 4518">
    <p class='ocr_par' dir='ltr' id='par_1_95' title="bbox 1955 4452 3539 4518">
     <span class='ocr_line' id='line_1_96' title="bbox 1955 4452 3539 4518; baseline -0.004 -6"><span class='ocrx_word' id='word_1_709' title='bbox 1955 4460 2099 4512; x_wconf 82' lang='lat' dir='ltr'><strong>ficat.</strong></span> <span class='ocrx_word' id='word_1_710' title='bbox 2155 4458 2227 4512; x_wconf 91' lang='lat' dir='ltr'><strong>Ita</strong></span> <span class='ocrx_word' id='word_1_711' title='bbox 2270 4456 2612 4518; x_wconf 90' lang='lat' dir='ltr'><strong>Sirmondus,</strong></span> <span class='ocrx_word' id='word_1_712' title='bbox 2637 4469 2789 4508; x_wconf 90' lang='lat' dir='ltr'><strong>suam</strong></span> <span class='ocrx_word' id='word_1_713' title='bbox 2837 4456 3160 4508; x_wconf 83' lang='lat' dir='ltr'><strong>sententiam</strong></span> <span class='ocrx_word' id='word_1_714' title='bbox 3211 4453 3277 4506; x_wconf 87' lang='lat' dir='ltr'><strong>de</strong></span> <span class='ocrx_word' id='word_1_715' title='bbox 3311 4452 3539 4506; x_wconf 88' lang='lat' dir='ltr'><strong>Leontio</strong></span> 
     </span>
    </p>
   </div>
   <div class='ocr_carea' id='block_1_96' title="bbox 1958 4523 3539 4588">
    <p class='ocr_par' dir='ltr' id='par_1_96' title="bbox 1958 4523 3539 4588">
     <span class='ocr_line' id='line_1_97' title="bbox 1958 4523 3539 4588; baseline -0.004 -5"><span class='ocrx_word' id='word_1_716' title='bbox 1958 4529 2257 4583; x_wconf 85' lang='lat' dir='ltr'><strong>Arelatensi</strong></span> <span class='ocrx_word' id='word_1_717' title='bbox 2310 4526 2448 4580; x_wconf 89' lang='lat' dir='ltr'><strong>haud</strong></span> <span class='ocrx_word' id='word_1_718' title='bbox 2487 4525 2918 4588; x_wconf 87' lang='lat' dir='ltr'><strong>improbabiliter</strong></span> <span class='ocrx_word' id='word_1_719' title='bbox 2956 4525 3302 4578; x_wconf 73' lang='lat' dir='ltr'><strong>confirmans.</strong></span> <span class='ocrx_word' id='word_1_720' title='bbox 3338 4523 3539 4578; x_wconf 82' lang='lat' dir='ltr'><strong>Verum</strong></span> 
     </span>
    </p>
   </div>
   <div class='ocr_carea' id='block_1_97' title="bbox 1877 4567 3540 4661">
    <p class='ocr_par' dir='ltr' id='par_1_97' title="bbox 1877 4567 3540 4661">
     <span class='ocr_line' id='line_1_98' title="bbox 1877 4567 3540 4661; baseline -0.006 -6"><span class='ocrx_word' id='word_1_721' title='bbox 1877 4567 1929 4655; x_wconf 81' lang='lat' dir='ltr'><strong>.D</strong></span> <span class='ocrx_word' id='word_1_722' title='bbox 1955 4600 2004 4654; x_wconf 88' lang='lat' dir='ltr'><strong>ei</strong></span> <span class='ocrx_word' id='word_1_723' title='bbox 2035 4599 2355 4653; x_wconf 85' lang='lat' dir='ltr'><strong>adversatur</strong></span> <span class='ocrx_word' id='word_1_724' title='bbox 2385 4567 2671 4650; x_wconf 74' lang='lat' dir='ltr'><strong>Annalium</strong></span> <span class='ocrx_word' id='word_1_725' title='bbox 2709 4595 2940 4661; x_wconf 89' lang='lat' dir='ltr'><strong>scriptor</strong></span> <span class='ocrx_word' id='word_1_726' title='bbox 2973 4596 3410 4647; x_wconf 82' lang='lat' dir='ltr'><strong>accuratissimus</strong></span> <span class='ocrx_word' id='word_1_727' title='bbox 3441 4594 3540 4646; x_wconf 81' lang='lat' dir='ltr'><strong>Ba-</strong></span> 
     </span>
    </p>
   </div>
   <div class='ocr_carea' id='block_1_98' title="bbox 1957 4663 3539 4732">
    <p class='ocr_par' dir='ltr' id='par_1_98' title="bbox 1957 4663 3539 4732">
     <span class='ocr_line' id='line_1_99' title="bbox 1957 4663 3539 4732; baseline -0.005 -8"><span class='ocrx_word' id='word_1_728' title='bbox 1957 4670 2165 4730; x_wconf 83' lang='lat' dir='ltr'><strong>ronius,</strong></span> <span class='ocrx_word' id='word_1_729' title='bbox 2217 4668 2427 4721; x_wconf 88' lang='lat' dir='ltr'><strong>duobus</strong></span> <span class='ocrx_word' id='word_1_730' title='bbox 2481 4669 2533 4720; x_wconf 91' lang='lat' dir='ltr'><strong>in</strong></span> <span class='ocrx_word' id='word_1_731' title='bbox 2582 4666 2733 4732; x_wconf 87' lang='lat' dir='ltr'><strong>locis,</strong></span> <span class='ocrx_word' id='word_1_732' title='bbox 2790 4666 2876 4718; x_wconf 91' lang='lat' dir='ltr'><strong>ubi</strong></span> <span class='ocrx_word' id='word_1_733' title='bbox 2925 4663 3064 4718; x_wconf 92' lang='lat' dir='ltr'><strong>hunc</strong></span> <span class='ocrx_word' id='word_1_734' title='bbox 3116 4664 3422 4726; x_wconf 87' lang='lat' dir='ltr'><strong>Leontium,</strong></span> <span class='ocrx_word' id='word_1_735' title='bbox 3473 4664 3539 4716; x_wconf 83' lang='lat' dir='ltr'><strong>ad</strong></span> 
     </span>
    </p>
   </div>
   <div class='ocr_carea' id='block_1_99' title="bbox 1961 4733 3541 4808">
    <p class='ocr_par' dir='ltr' id='par_1_99' title="bbox 1961 4733 3541 4808">
     <span class='ocr_line' id='line_1_100' title="bbox 1961 4733 3541 4808; baseline -0.005 -15"><span class='ocrx_word' id='word_1_736' title='bbox 1961 4756 2120 4808; x_wconf 88' lang='lat' dir='ltr'><strong>quem</strong></span> <span class='ocrx_word' id='word_1_737' title='bbox 2151 4738 2402 4793; x_wconf 85' lang='lat' dir='ltr'><strong>Sidonius</strong></span> <span class='ocrx_word' id='word_1_738' title='bbox 2437 4737 2646 4802; x_wconf 88' lang='lat' dir='ltr'><strong>scribit,</strong></span> <span class='ocrx_word' id='word_1_739' title='bbox 2691 4749 2794 4789; x_wconf 89' lang='lat' dir='ltr'><strong>non</strong></span> <span class='ocrx_word' id='word_1_740' title='bbox 2826 4734 3222 4808; x_wconf 75' lang='lat' dir='ltr'><strong>Arelatensem,</strong></span> <span class='ocrx_word' id='word_1_741' title='bbox 3252 4734 3344 4808; x_wconf 85' lang='lat' dir='ltr'><strong>sed</strong></span> <span class='ocrx_word' id='word_1_742' title='bbox 3377 4733 3541 4808; x_wconf 82' lang='lat' dir='ltr'><strong>Foro-</strong></span> 
     </span>
    </p>
   </div>
   <div class='ocr_carea' id='block_1_100' title="bbox 1955 4805 3540 4880">
    <p class='ocr_par' dir='ltr' id='par_1_100' title="bbox 1955 4805 3540 4880">
     <span class='ocr_line' id='line_1_101' title="bbox 1955 4805 3540 4880; baseline -0.007 -16"><span class='ocrx_word' id='word_1_743' title='bbox 1955 4805 2242 4880; x_wconf 75' lang='lat' dir='ltr'><strong>jitlietisem</strong></span> <span class='ocrx_word' id='word_1_744' title='bbox 2303 4810 2616 4880; x_wconf 77' lang='lat' dir='ltr'><strong>episcopum</strong></span> <span class='ocrx_word' id='word_1_745' title='bbox 2674 4805 2890 4880; x_wconf 38' lang='lat' dir='ltr'><strong>astruit:</strong></span> <span class='ocrx_word' id='word_1_746' title='bbox 2941 4805 3174 4859; x_wconf 87' lang='lat' dir='ltr'><strong>Primum</strong></span> <span class='ocrx_word' id='word_1_747' title='bbox 3240 4806 3382 4858; x_wconf 87' lang='lat' dir='ltr'><strong>enim</strong></span> <span class='ocrx_word' id='word_1_748' title='bbox 3439 4805 3540 4857; x_wconf 90' lang='lat' dir='ltr'><strong>sub</strong></span> 
     </span>
    </p>
   </div>
   <div class='ocr_carea' id='block_1_101' title="bbox 1959 4877 3540 4942">
    <p class='ocr_par' dir='ltr' id='par_1_101' title="bbox 1959 4877 3540 4942">
     <span class='ocr_line' id='line_1_102' title="bbox 1959 4877 3540 4942; baseline -0.006 -6"><span class='ocrx_word' id='word_1_749' title='bbox 1959 4877 2459 4936; x_wconf 30' lang='lat' dir='ltr'><strong>anuoChristi’MS</strong></span> <span class='ocrx_word' id='word_1_750' title='bbox 2487 4877 2924 4932; x_wconf 86' lang='lat' dir='ltr'><strong>commemoratis</strong></span> <span class='ocrx_word' id='word_1_751' title='bbox 2964 4886 3019 4931; x_wconf 89' lang='lat' dir='ltr'><strong>et</strong></span> <span class='ocrx_word' id='word_1_752' title='bbox 3049 4890 3236 4942; x_wconf 77' lang='lat' dir='ltr'><strong>magna</strong></span> <span class='ocrx_word' id='word_1_753' title='bbox 3285 4890 3348 4928; x_wconf 79' lang='lat' dir='ltr'><strong>ex</strong></span> <span class='ocrx_word' id='word_1_754' title='bbox 3383 4885 3540 4942; x_wconf 77' lang='lat' dir='ltr'><strong>parte</strong></span> 
     </span>
    </p>
   </div>
   <div class='ocr_carea' id='block_1_102' title="bbox 1962 4945 3541 5017">
    <p class='ocr_par' dir='ltr' id='par_1_102' title="bbox 1962 4945 3541 5017">
     <span class='ocr_line' id='line_1_103' title="bbox 1962 4945 3541 5017; baseline -0.008 -10"><span class='ocrx_word' id='word_1_755' title='bbox 1962 4952 2204 5007; x_wconf 88' lang='lat' dir='ltr'><strong>recitatis</strong></span> <span class='ocrx_word' id='word_1_756' title='bbox 2233 4950 2430 5004; x_wconf 90' lang='lat' dir='ltr'><strong>litteris</strong></span> <span class='ocrx_word' id='word_1_757' title='bbox 2456 4949 2650 5003; x_wconf 83' lang='lat' dir='ltr'><strong>Leonis</strong></span> <span class='ocrx_word' id='word_1_758' title='bbox 2689 4963 2837 5017; x_wconf 79' lang='lat' dir='ltr'><strong>papae</strong></span> <span class='ocrx_word' id='word_1_759' title='bbox 2861 4949 3118 5002; x_wconf 86' lang='lat' dir='ltr'><strong>adversus</strong></span> <span class='ocrx_word' id='word_1_760' title='bbox 3141 4945 3408 5017; x_wconf 18' lang='lat' dir='ltr'><strong>,l-lilarium</strong></span> <span class='ocrx_word' id='word_1_761' title='bbox 3432 4945 3541 5017; x_wconf 78' lang='lat' dir='ltr'><strong>_d:l-</strong></span> 
     </span>
    </p>
   </div>
   <div class='ocr_carea' id='block_1_103' title="bbox 1964 5015 3541 5090">
    <p class='ocr_par' dir='ltr' id='par_1_103' title="bbox 1964 5015 3541 5090">
     <span class='ocr_line' id='line_1_104' title="bbox 1964 5015 3541 5090; baseline -0.006 -13"><span class='ocrx_word' id='word_1_762' title='bbox 1964 5025 2031 5077; x_wconf 87' lang='lat' dir='ltr'><strong>tis</strong></span> <span class='ocrx_word' id='word_1_763' title='bbox 2074 5023 2138 5076; x_wconf 88' lang='lat' dir='ltr'><strong>ad</strong></span> <span class='ocrx_word' id='word_1_764' title='bbox 2189 5021 2474 5090; x_wconf 88' lang='lat' dir='ltr'><strong>episcopos</strong></span> <span class='ocrx_word' id='word_1_765' title='bbox 2519 5015 2705 5073; x_wconf 71' lang='lat' dir='ltr'><strong>Gallia:</strong></span> <span class='ocrx_word' id='word_1_766' title='bbox 2755 5015 3069 5090; x_wconf 73' lang='lat' dir='ltr'><strong>Viennensis</strong></span> <span class='ocrx_word' id='word_1_767' title='bbox 3104 5016 3251 5090; x_wconf 78' lang='lat' dir='ltr'><strong>(Leo,</strong></span> <span class='ocrx_word' id='word_1_768' title='bbox 3287 5032 3379 5090; x_wconf 14' lang='lat' dir='ltr'><strong>‘ep.</strong></span> <span class='ocrx_word' id='word_1_769' title='bbox 3421 5015 3541 5090; x_wconf 64' lang='lat'><strong>90),</strong></span> 
     </span>
    </p>
   </div>
   <div class='ocr_carea' id='block_1_104' title="bbox 1963 5086 3541 5162">
    <p class='ocr_par' dir='ltr' id='par_1_104' title="bbox 1963 5086 3541 5162">
     <span class='ocr_line' id='line_1_105' title="bbox 1963 5086 3541 5162; baseline -0.006 -14"><span class='ocrx_word' id='word_1_770' title='bbox 1963 5094 2178 5162; x_wconf 86' lang='lat' dir='ltr'><strong>subjicit</strong></span> <span class='ocrx_word' id='word_1_771' title='bbox 2207 5086 2324 5146; x_wconf 63' lang='lat' dir='ltr'><strong>haec</strong></span> <span class='ocrx_word' id='word_1_772' title='bbox 2351 5091 2613 5144; x_wconf 82' lang='lat' dir='ltr'><strong>Baronius</strong></span> <span class='ocrx_word' id='word_1_773' title='bbox 2641 5109 2653 5142; x_wconf 93' lang='lat'>:</span> <span class='ocrx_word' id='word_1_774' title='bbox 2686 5090 2841 5143; x_wconf 79' lang='lat' dir='ltr'><strong>Addit</strong></span> <span class='ocrx_word' id='word_1_775' title='bbox 2866 5088 2948 5142; x_wconf 86' lang='lat' dir='ltr'><strong>his</strong></span> <span class='ocrx_word' id='word_1_776' title='bbox 2970 5088 3203 5162; x_wconf 69' lang='lat' dir='ltr'><strong>pontifex</strong></span> <span class='ocrx_word' id='word_1_777' title='bbox 3227 5086 3541 5139; x_wconf 86' lang='lat' dir='ltr'><strong>admonitio-</strong></span> 
     </span>
    </p>
   </div>
   <div class='ocr_carea' id='block_1_105' title="bbox 1964 5160 3545 5232">
    <p class='ocr_par' dir='ltr' id='par_1_105' title="bbox 1964 5160 3545 5232">
     <span class='ocr_line' id='line_1_106' title="bbox 1964 5160 3545 5232; baseline -0.005 -13"><span class='ocrx_word' id='word_1_778' title='bbox 1964 5160 2078 5219; x_wconf 77' lang='lat' dir='ltr'><strong>nem</strong></span> <span class='ocrx_word' id='word_1_779' title='bbox 2107 5166 2175 5217; x_wconf 89' lang='lat' dir='ltr'><strong>ad</strong></span> <span class='ocrx_word' id='word_1_780' title='bbox 2221 5163 2423 5218; x_wconf 86' lang='lat' dir='ltr'><strong>eosdem</strong></span> <span class='ocrx_word' id='word_1_781' title='bbox 2455 5163 2738 5232; x_wconf 81' lang='lat' dir='ltr'><strong>episc0pos,</strong></span> <span class='ocrx_word' id='word_1_782' title='bbox 2783 5178 2844 5214; x_wconf 86' lang='lat' dir='ltr'><strong>ne</strong></span> <span class='ocrx_word' id='word_1_783' title='bbox 2883 5176 2976 5230; x_wconf 85' lang='lat' dir='ltr'><strong>pro</strong></span> <span class='ocrx_word' id='word_1_784' title='bbox 3016 5160 3109 5211; x_wconf 79' lang='lat' dir='ltr'><strong>levi</strong></span> <span class='ocrx_word' id='word_1_785' title='bbox 3155 5174 3312 5232; x_wconf 77' lang='lat' dir='ltr'><strong>causa</strong></span> <span class='ocrx_word' id='word_1_786' title='bbox 3343 5165 3545 5232; x_wconf 69' lang='lat' dir='ltr'><strong>sentcn-</strong></span> 
     </span>
    </p>
   </div>
   <div class='ocr_carea' id='block_1_106' title="bbox 1964 5225 3547 5300">
    <p class='ocr_par' dir='ltr' id='par_1_106' title="bbox 1964 5225 3547 5300">
     <span class='ocr_line' id='line_1_107' title="bbox 1964 5225 3547 5300; baseline -0.005 -12"><span class='ocrx_word' id='word_1_787' title='bbox 1964 5238 2090 5289; x_wconf 89' lang='lat' dir='ltr'><strong>tiam</strong></span> <span class='ocrx_word' id='word_1_788' title='bbox 2127 5235 2352 5300; x_wconf 78' lang='lat' dir='ltr'><strong>inferant</strong></span> <span class='ocrx_word' id='word_1_789' title='bbox 2391 5225 2978 5295; x_wconf 75' lang='lat' dir='ltr'><strong>excommunicationis;</strong></span> <span class='ocrx_word' id='word_1_790' title='bbox 3021 5229 3351 5300; x_wconf 76' lang='lat' dir='ltr'><strong>prmfecitque</strong></span> <span class='ocrx_word' id='word_1_791' title='bbox 3379 5225 3547 5300; x_wconf 70' lang='lat' dir='ltr'><strong>Leon-</strong></span> 
     </span>
    </p>
   </div>
   <div class='ocr_carea' id='block_1_107' title="bbox 1965 5298 3547 5375">
    <p class='ocr_par' dir='ltr' id='par_1_107' title="bbox 1965 5298 3547 5375">
     <span class='ocr_line' id='line_1_108' title="bbox 1965 5298 3547 5375; baseline -0.006 -15"><span class='ocrx_word' id='word_1_792' title='bbox 1965 5309 2089 5360; x_wconf 87' lang='lat' dir='ltr'><strong>tium</strong></span> <span class='ocrx_word' id='word_1_793' title='bbox 2120 5298 2432 5375; x_wconf 78' lang='lat' dir='ltr'><strong>episcopum,</strong></span> <span class='ocrx_word' id='word_1_794' title='bbox 2465 5313 2522 5356; x_wconf 83' lang='lat' dir='ltr'><strong>nt</strong></span> <span class='ocrx_word' id='word_1_795' title='bbox 2550 5307 2661 5375; x_wconf 61' lang='lat' dir='ltr'><strong>ejus</strong></span> <span class='ocrx_word' id='word_1_796' title='bbox 2703 5318 2953 5375; x_wconf 79' lang='lat' dir='ltr'><strong>consensu</strong></span> <span class='ocrx_word' id='word_1_797' title='bbox 2977 5298 3166 5375; x_wconf 11' lang='lat' dir='ltr'><strong>fultura:</strong></span> <span class='ocrx_word' id='word_1_798' title='bbox 3195 5300 3377 5375; x_wconf 75' lang='lat' dir='ltr'><strong>synodi</strong></span> <span class='ocrx_word' id='word_1_799' title='bbox 3405 5298 3547 5375; x_wconf 33' lang='grc' dir='ltr'><strong>ἕπε-θα</strong></span> 
     </span>
    </p>
   </div>
   <div class='ocr_carea' id='block_1_108' title="bbox 1964 5367 3548 5449">
    <p class='ocr_par' dir='ltr' id='par_1_108' title="bbox 1964 5367 3548 5449">
     <span class='ocr_line' id='line_1_109' title="bbox 1964 5367 3548 5449; baseline -0.007 -18"><span class='ocrx_word' id='word_1_800' title='bbox 1964 5367 2224 5449; x_wconf 57' lang='lat' dir='ltr'><strong>provincia</strong></span> <span class='ocrx_word' id='word_1_801' title='bbox 2253 5367 2588 5449; x_wconf 46' lang='lat' dir='ltr'><strong>celebrentur:</strong></span> <span class='ocrx_word' id='word_1_802' title='bbox 2615 5371 2745 5449; x_wconf 66' lang='lat' dir='ltr'><strong>Erat</strong></span> <span class='ocrx_word' id='word_1_803' title='bbox 2774 5367 3126 5449; x_wconf 68' lang='lat' dir='ltr'><strong>Leontiusille</strong></span> <span class='ocrx_word' id='word_1_804' title='bbox 3155 5367 3424 5449; x_wconf 70' lang='lat' dir='ltr'><strong>episcopus</strong></span> <span class='ocrx_word' id='word_1_805' title='bbox 3448 5367 3548 5449; x_wconf 51' lang='lat' dir='ltr'><strong>F0:</strong></span> 
     </span>
    </p>
   </div>
   <div class='ocr_carea' id='block_1_109' title="bbox 1969 5439 3548 5520">
    <p class='ocr_par' dir='ltr' id='par_1_109' title="bbox 1969 5439 3548 5520">
     <span class='ocr_line' id='line_1_110' title="bbox 1969 5439 3548 5520; baseline -0.008 -18"><span class='ocrx_word' id='word_1_806' title='bbox 1969 5439 2144 5520; x_wconf 72' lang='lat' dir='ltr'><strong>rojulii</strong></span> <span class='ocrx_word' id='word_1_807' title='bbox 2186 5448 2239 5500; x_wconf 94' lang='lat' dir='ltr'><strong>in</strong></span> <span class='ocrx_word' id='word_1_808' title='bbox 2285 5444 2460 5520; x_wconf 72' lang='lat' dir='ltr'><strong>Gallia</strong></span> <span class='ocrx_word' id='word_1_809' title='bbox 2512 5443 2881 5520; x_wconf 58' lang='lat' dir='ltr'><strong>Narbone_nsi,_</strong></span> <span class='ocrx_word' id='word_1_810' title='bbox 2909 5443 3132 5520; x_wconf 56' lang='lat' dir='ltr'><strong>celebris</strong></span> <span class='ocrx_word' id='word_1_811' title='bbox 3155 5444 3296 5510; x_wconf 79' lang='lat' dir='ltr'><strong>fama</strong></span> <span class='ocrx_word' id='word_1_812' title='bbox 3341 5441 3436 5520; x_wconf 80' lang='lat' dir='ltr'><strong>vir,</strong></span> <span class='ocrx_word' id='word_1_813' title='bbox 3479 5439 3548 5490; x_wconf 90' lang='lat' dir='ltr'><strong>ad</strong></span> 
     </span>
    </p>
   </div>
   <div class='ocr_carea' id='block_1_110' title="bbox 1968 5510 3549 5586">
    <p class='ocr_par' dir='ltr' id='par_1_110' title="bbox 1968 5510 3549 5586">
     <span class='ocr_line' id='line_1_111' title="bbox 1968 5510 3549 5586; baseline -0.006 -14"><span class='ocrx_word' id='word_1_814' title='bbox 1968 5510 2115 5586; x_wconf 70' lang='lat' dir='ltr'><strong>adem</strong></span> <span class='ocrx_word' id='word_1_815' title='bbox 2144 5527 2312 5572; x_wconf 76' lang='lat' dir='ltr'><strong>ea&#39;stat</strong></span> <span class='ocrx_word' id='word_1_816' title='bbox 2355 5516 2561 5572; x_wconf 87' lang='lat' dir='ltr'><strong>Sidonii</strong></span> <span class='ocrx_word' id='word_1_817' title='bbox 2591 5515 2907 5586; x_wconf 65' lang='lat' dir='ltr'><strong>Apollinaris</strong></span> <span class='ocrx_word' id='word_1_818' title='bbox 2951 5510 3188 5586; x_wconf 74' lang='lat' dir='ltr'><strong>epistola,</strong></span> <span class='ocrx_word' id='word_1_819' title='bbox 3234 5527 3333 5579; x_wconf 88' lang='lat' dir='ltr'><strong>qua</strong></span> <span class='ocrx_word' id='word_1_820' title='bbox 3380 5511 3549 5586; x_wconf 65' lang='lat' dir='ltr'><strong>ipsum</strong></span> 
     </span>
    </p>
   </div>
   <div class='ocr_carea' id='block_1_111' title="bbox 1971 5583 3548 5646">
    <p class='ocr_par' dir='ltr' id='par_1_111' title="bbox 1971 5583 3548 5646">
     <span class='ocr_line' id='line_1_112' title="bbox 1971 5583 3548 5646; baseline -0.006 -3"><span class='ocrx_word' id='word_1_821' title='bbox 1971 5583 2050 5643; x_wconf 83' lang='lat' dir='ltr'><strong>his</strong></span> <span class='ocrx_word' id='word_1_822' title='bbox 2099 5591 2339 5642; x_wconf 86' lang='lat' dir='ltr'><strong>laudibus</strong></span> <span class='ocrx_word' id='word_1_823' title='bbox 2375 5598 2526 5640; x_wconf 90' lang='lat' dir='ltr'><strong>ornat</strong></span> <span class='ocrx_word' id='word_1_824' title='bbox 2559 5602 2577 5640; x_wconf 90' lang='lat'><strong><em>:</em></strong></span> <span class='ocrx_word' id='word_1_825' title='bbox 2608 5585 2802 5638; x_wconf 84' lang='lat' dir='ltr'><strong>Nostra</strong></span> <span class='ocrx_word' id='word_1_826' title='bbox 2853 5583 3179 5636; x_wconf 86' lang='lat' dir='ltr'><strong>mediocritas</strong></span> <span class='ocrx_word' id='word_1_827' title='bbox 3228 5590 3378 5635; x_wconf 72' lang='lat' dir='ltr'><strong>(etate</strong></span> <span class='ocrx_word' id='word_1_828' title='bbox 3411 5583 3548 5646; x_wconf 67' lang='lat' dir='ltr'><strong>uitta,</strong></span> 
     </span>
    </p>
   </div>
   <div class='ocr_carea' id='block_1_112' title="bbox 1972 5652 3546 5732">
    <p class='ocr_par' dir='ltr' id='par_1_112' title="bbox 1972 5652 3546 5732">
     <span class='ocr_line' id='line_1_113' title="bbox 1972 5652 3546 5732; baseline -0.006 -18"><span class='ocrx_word' id='word_1_829' title='bbox 1972 5657 2202 5730; x_wconf 57' lang='lat' dir='ltr'><strong>tempore</strong></span> <span class='ocrx_word' id='word_1_830' title='bbox 2255 5659 2539 5732; x_wconf 83' lang='lat' dir='ltr'><strong>dignitatis,</strong></span> <span class='ocrx_word' id='word_1_831' title='bbox 2600 5656 2866 5732; x_wconf 74' lang='lat' dir='ltr'><strong>privilegio</strong></span> <span class='ocrx_word' id='word_1_832' title='bbox 2918 5655 3038 5732; x_wconf 83' lang='lat' dir='ltr'><strong>loci,</strong></span> <span class='ocrx_word' id='word_1_833' title='bbox 3089 5653 3241 5706; x_wconf 87' lang='lat' dir='ltr'><strong>laude</strong></span> <span class='ocrx_word' id='word_1_834' title='bbox 3303 5652 3546 5732; x_wconf 64' lang='lat' dir='ltr'><strong>scientias,</strong></span> 
     </span>
    </p>
   </div>
   <div class='ocr_carea' id='block_1_113' title="bbox 1972 5723 3550 5794">
    <p class='ocr_par' dir='ltr' id='par_1_113' title="bbox 1972 5723 3550 5794">
     <span class='ocr_line' id='line_1_114' title="bbox 1972 5723 3550 5794; baseline -0.006 -9"><span class='ocrx_word' id='word_1_835' title='bbox 1972 5723 2108 5785; x_wconf 79' lang='lat' dir='ltr'><strong>dono</strong></span> <span class='ocrx_word' id='word_1_836' title='bbox 2155 5723 2480 5793; x_wconf 65' lang='lat' dir='ltr'><strong>conscientia</strong></span> <span class='ocrx_word' id='word_1_837' title='bbox 2517 5723 2692 5782; x_wconf 69' lang='lat' dir='ltr'><strong>vestrae</strong></span> <span class='ocrx_word' id='word_1_838' title='bbox 2719 5723 2869 5794; x_wconf 68' lang='lat' dir='ltr'><strong>facile</strong></span> <span class='ocrx_word' id='word_1_839' title='bbox 2911 5725 3162 5788; x_wconf 81' lang='lat' dir='ltr'><strong>uincatur,</strong></span> <span class='ocrx_word' id='word_1_840' title='bbox 3207 5735 3298 5777; x_wconf 85' lang='lat' dir='ltr'><strong>etc.</strong></span> <span class='ocrx_word' id='word_1_841' title='bbox 3334 5723 3460 5777; x_wconf 72' lang='lat' dir='ltr'><strong>ﬂare</strong></span> <span class='ocrx_word' id='word_1_842' title='bbox 3485 5723 3550 5776; x_wconf 84' lang='lat' dir='ltr'><strong>ad</strong></span> 
     </span>
    </p>
   </div>
   <div class='ocr_carea' id='block_1_114' title="bbox 1973 5797 3554 5872">
    <p class='ocr_par' dir='ltr' id='par_1_114' title="bbox 1973 5797 3554 5872">
     <span class='ocr_line' id='line_1_115' title="bbox 1973 5797 3554 5872; baseline -0.011 -10"><span class='ocrx_word' id='word_1_843' title='bbox 1973 5802 2249 5862; x_wconf 84' lang='lat' dir='ltr'><strong>Leontium</strong></span> <span class='ocrx_word' id='word_1_844' title='bbox 2278 5801 2548 5862; x_wconf 81' lang='lat' dir='ltr'><strong>Sidonius.</strong></span> <span class='ocrx_word' id='word_1_845' title='bbox 2579 5815 2695 5854; x_wconf 85' lang='lat' dir='ltr'><strong>cum</strong></span> <span class='ocrx_word' id='word_1_846' title='bbox 2707 5801 2821 5872; x_wconf 87' lang='lat' dir='ltr'><strong>jam</strong></span> <span class='ocrx_word' id='word_1_847' title='bbox 2847 5803 2976 5855; x_wconf 86' lang='lat' dir='ltr'><strong>esset</strong></span> <span class='ocrx_word' id='word_1_848' title='bbox 2998 5797 3264 5870; x_wconf 78' lang='lat' dir='ltr'><strong>episcopus</strong></span> <span class='ocrx_word' id='word_1_849' title='bbox 3299 5797 3554 5853; x_wconf 61' lang='lat' dir='ltr'><strong>Avermn.</strong></span> 
     </span>
    </p>
   </div>
  </div>
