4012 6336
263 265 360 324 ’175

1355 259 1695 322 (εοιιιΑτιο
1735 255 1832 319 IX.
1854 286 1930 306 —
1949 259 2038 318 DE
2076 259 2440 319 ORATIONE.

3424 263 3524 322 774

262 389 286 418 ι
303 385 479 450 egesta
505 379 661 445 prius
682 391 828 432 omni
856 384 1237 448 repurgattone
1266 375 1543 445 vitiorum,
1574 387 1628 432 et
1658 373 1844 432 eﬂ'usis
1868 377 1920 439 Α
1947 371 2162 428 catione
2193 371 2903 444 fermatur,eorumdemque
2923 381 3136 430 actuum
3169 376 3528 445 procumben-

257 470 509 528 succitliis
539 469 880 539 tnortuisque
920 468 1208 524 ruderibus
1235 470 1569 538 passionum,
1601 472 1842 540 vlvaalut

256 559 425 631 aiunt)
479 575 544 616 ac
591 559 782 614 solidze
830 569 988 616 terra
1041 559 1277 628 pectoris
1324 562 1519 629 nostri,
1549 562 1714 618 immo
1764 562 1842 618 illi

259 653 589 722 evangelicae
609 662 791 723 petra
824 653 1131 722 superiecta
1168 651 1367 708 fuerint
1387 653 1758 723 simplicitatis
1789 661 1845 709 et

256 733 577 800 humilitatis
604 742 916 799 ﬁrmissima
937 744 1317 813 fundamenta,
1341 745 1542 813 quibus
1565 745 1690 800 huic
1729 753 1845 800 tur-

253 839 326 893 ris
354 836 686 908 spiritalium
719 839 982 892 virtutum
1028 836 1397 891 molitionibus
1425 836 1752 891 exstruenda
1789 844 1846 892 et

255 929 613 985 immobiliter
639 930 818 985 valeat
856 929 1118 996 stabiliri,
1151 937 1205 985 et
1241 930 1307 984 ad
1343 944 1553 984 summa
1583 930 1844 984 cmlorum

257 1021 471 1092 fastigia
517 1021 847 1078 conﬁdentia
897 1021 1131 1092 propriae
1176 1021 1444 1076 ﬁrmitatis
1470 1023 1661 1078 attolli.
1703 1023 1844 1077 Fun-

257 1114 530 1170 damenlis
551 1117 753 1169 etenim
777 1115 977 1170 talibus
1002 1114 1344 1181 innitentem,
1367 1116 1612 1185 quamvis
1635 1116 1846 1185 passio-

262 1224 388 1262 num
438 1207 644 1263 imbres
697 1206 990 1277 largissimi
1039 1206 1459 1276 prol‘undantur,
1516 1207 1759 1278 quamvis
1795 1208 1847 1263 ei

259 1299 705 1369 persecutionum
750 1298 974 1353 violenti
998 1306 1276 1353 torrentes
1325 1299 1496 1353 instar
1524 1299 1706 1353 arietis
1737 1299 1846 1354 illi-

259 1392 479 1454 dantur,
525 1392 773 1462 quamvis
801 1391 972 1446 irruat
1016 1401 1071 1446 et
1101 1391 1377 1447 incumbat
1416 1390 1848 1448 adversariorum

262 1486 549 1555 spirituum
605 1500 747 1538 serva
793 1491 1111 1554 tempestas,
1164 1497 1270 1539 non
1314 1484 1490 1538 solum
1534 1484 1691 1538 ruina
1741 1499 1850 1538 non

263 1578 458 1643 diruet,
494 1575 591 1631 sed
622 1589 723 1630 nec
741 1576 865 1646 ipsa
889 1577 1228 1646 aliquatenus
1257 1577 1476 1632 vexabit
1502 1576 1779 1647 impulsio.

879 1669 1109 1725 CAPUT
1142 1669 1226 1723 IH.

365 1741 822 1810 Quemadmodum
851 1752 1062 1810 paretur
1093 1757 1224 1810 pura
1249 1748 1298 1796 et
1319 1741 1521 1795 sincero
1539 1741 1744 1794 oratio.

333 1833 636 1890 Etidcirco
665 1843 721 1888 ut
762 1847 827 1888 eo
866 1832 1080 1887 fervore
1126 1847 1190 1887 ac
1234 1833 1488 1902 puritate,
1529 1847 1638 1902 qua
1665 1831 1844 1897 debet,

261 1927 440 1983 emitti
487 1926 662 1994 possit
710 1925 903 1990 oratio,
946 1924 1061 1979 haec
1110 1933 1237 1981 sunt
1276 1923 1601 1979 omnimodis
1658 1924 1846 1979 obser—

267 2021 466 2077 vanda.
489 2020 735 2076 :Primum
761 2018 1064 2074 sollicitudo
1088 2033 1267 2074 rerum
1291 2018 1589 2074 carnalium
1616 2032 1847 2086 genera-

261 2112 388 2167 liter
419 2109 790 2167 abscindenda
835 2119 947 2176 est;
997 2109 1196 2165 deinde
1227 2109 1433 2165 nullius
1475 2109 1678 2178 negotii
1718 2124 1847 2164 cau-

259 2215 409 2257 save
439 2216 544 2256 non
573 2201 748 2256 solum
769 2215 928 2264 cura,
957 2199 1054 2255 sed
1089 2215 1156 2256 ne
1195 2199 1458 2256 memoria
1499 2199 1715 2268 quidem
1758 2215 1849 2268 pe-

257 2295 414 2351 nitus
461 2293 819 2362 admittenda,
873 2292 1341 2356 detractationes.
1394 2292 1698 2363 vaniloquia
1750 2307 1850 2348 seu

260 2388 647 2460 multiloqnia,
698 2387 1056 2443 scurrilitates
1102 2400 1318 2456 quoque
1366 2385 1614 2440 similiter
1657 2400 1849 2452 ampu-

264 2480 449 2544 tanda,
495 2478 591 2534 ire
624 2495 734 2547 pra:
775 2477 1038 2532 omnibus
1077 2477 1194 2532 sive
1233 2477 1468 2531 tristitia:
1511 2475 1852 2546 perturbatio

263 2572 512 2627 fmditus
550 2569 808 2637 eruenda,
853 2568 1308 2638 concupiscentia:
1347 2568 1582 2623 carnalis
1631 2583 1692 2622 ac
1726 2568 1846 2636 phi-

264 2665 518 2738 largyrite
559 2664 748 2720 noxius
775 2663 949 2718 fomes
997 2661 1261 2718 radicitus
1306 2661 1641 2727 evellendus,
1688 2671 1743 2716 et
1775 2663 1847 2718 ita

265 2759 348 2814 bis
373 2774 438 2814 ac
476 2757 748 2814 similibus
777 2757 926 2812 vitiis
953 2758 1195 2812 extrusis
1216 2756 1438 2826 penitus
1479 2767 1533 2812 et
1573 2756 1846 2826 abscissis,

264 2868 384 2922 qua:
428 2851 708 2905 hominum
738 2864 952 2920 quoque
984 2857 1210 2919 possunt
1234 2857 1417 2918 patere
1448 2849 1846 2917 etinspectibus,

267 2943 492 3013 talique,
546 2951 604 2997 ut
654 2942 929 3005 diximus.
971 2941 1208 3012 repurgii
1261 2939 1655 2997 emundatione
1714 2955 1852 3008 pra:-

265 3037 451 3100 miisa,
485 3050 604 3104 qua:
644 3034 1000 3103 simplicitatis
1031 3042 1086 3089 et
1115 3035 1436 3090 innocentia:
1471 3034 1704 3104 puritate
1731 3049 1853 3103 per-

1948 465 2088 522 tibus
2139 464 2296 520 nobis
2327 463 2407 520 ad
2439 480 2646 535 pacem,
2693 465 2984 522 verborum
3017 482 3229 538 quoque
3265 467 3353 522 vel
3397 481 3525 522 scn-

1953 573 2113 613 suum
2144 567 2270 614 ante
2305 559 2491 614 oculos
2535 560 2708 628 imago
2739 559 3067 630 praeludens,
3098 568 3193 614 aut
3230 559 3388 614 irasci
3433 573 3531 614 nos

1947 649 2238 706 sectandum
2275 650 2663 720 praecedentem
2709 651 3024 720 qualitatem
3070 650 3249 717 faciet,
3287 659 3383 704 aut
3430 649 3565 724 tri-o

1953 744 2106 810 stari,
2135 753 2225 798 aut
2252 744 2714 811 concupiscentias
2741 744 3328 813 causasvepratteritas
3345 753 3531 798 .retra-

1952 843 2132 899 ctare;
2174 843 2264 888 aut
2289 834 2402 888 risu
2433 832 2599 900 fatuo,
2625 834 2775 904 quod
2804 836 2968 890 etiam
3002 835 3166 905 pudet
3206 836 3410 901 dicere,
3441 851 3535 888 cu-

1947 927 2199 997 jusquam
2240 926 2452 980 surrilis
2495 926 2624 981 dicti
2667 927 2751 982 vel
2791 927 2919 982 lacti
2965 927 3276 982 titillatione
3309 926 3530 992 pulsari,

1950 1029 2043 1074 aut
2075 1019 2140 1073 ad
2179 1019 2393 1086 priores
2431 1017 2592 1074 laoiet
2631 1020 2859 1076 volitare
2886 1019 3186 1076 discursus.
3235 1020 3301 1074 Et
3330 1019 3533 1074 idcirco

1953 1110 2209 1182 quidquid
2239 1110 2519 1165 orantibus
2562 1111 2717 1166 nobis
2746 1111 2994 1168 nolumus
3034 1121 3091 1168 ut
3135 1112 3355 1181 irrepat,
3400 1119 3528 1165 ante

1952 1205 2258 1258 orationem
2288 1203 2356 1258 de
2379 1203 2578 1257 abditts
2605 1203 2776 1258 nostri
2808 1204 3039 1272 pectoris
3059 1203 3350 1258 extrudere
3383 1201 3533 1256 festi-

1952 1308 2165 1362 nemus,
2209 1305 2268 1348 ut
2300 1293 2430 1348 illud
2473 1294 2715 1364 Apostoli
2756 1296 3025 1364 possimus
3057 1296 3282 1365 implere
3314 1313 3326 1347 :
3358 1305 3379 1333 ο
3411 1294 3537 1349 Sine

1951 1386 2328 1441 intermissione
2350 1387 2566 1454 orate“
2594 1385 2774 1440 Thess.
2806 1387 2860 1454 v)
2889 1405 2899 1440 :
2933 1387 3022 1450 Et,
3054 1385 3121 1440 In
3159 1387 3292 1440 omni
3325 1387 3438 1440 loco
3464 1385 3537 1440 le-

1947 1488 2127 1534 vantes
2165 1495 2324 1549 puras
2351 1496 2532 1533 manus
2575 1481 2684 1534 sine
2701 1480 2787 1532 ira
2827 1488 2877 1533 et
2914 1481 3283 1550 disceptatione
3323 1477 3369 1551 (l
3399 1478 3533 1532 Tim.

1953 1569 2042 1640 ιιι).
2075 1571 2223 1626 Alias
2246 1584 2478 1640 namque
2497 1570 2816 1625 mandatum
2849 1570 2988 1625 istud
3023 1571 3282 1640 perlicere
3311 1585 3419 1626 non
3444 1584 3537 1625 va—

1962 1667 2214 1732 lebimus,
2243 1669 2343 1722 nisi
2377 1683 2532 1723 mens
2563 1678 2743 1724 nostra
2783 1669 2850 1723 ab
2889 1672 3034 1724 omni
3065 1671 3312 1725 vitiorum
3345 1669 3535 1740 puriﬁ-

1882 1769 1930 1830 B
1960 1769 2076 1815 cata
2117 1762 2387 1830 centagio,
2429 1762 2721 1816 virtutibus
2757 1771 2968 1816 tantum
3014 1761 3161 1816 velut
3209 1762 3540 1817 naturalibus

1954 1854 2112 1910 bonis
2141 1853 2360 1919 dedita,
2384 1852 2496 1923 jugi
2527 1855 2917 1924 omnipotentis
2959 1855 3054 1910 Dei
3083 1853 3540 1924 conternplatioue

1959 1957 2232 2016 pascatur.

2563 2037 2790 2094 CAPUT
2837 2040 2926 2094 IV.

1951 2131 2030 2186 De
2057 2132 2336 2186 mobilitate
2382 2133 2570 2186 animo:
2589 2173 2604 2197 ,
2635 2133 2828 2199 pluma:
2865 2142 2941 2185 uel
2971 2132 3214 2202 permulta
3244 2141 3544 2202 comparata

2506 2202 2612 2276 [ΑΙ.
2644 2203 2992 2272 comparule

2023 2296 2234 2352 Eteaitn
2261 2306 2288 2333 ο
2314 2303 2546 2366 quantas
2592 2294 2784 2349 anima:
2817 2310 2923 2348 non
2973 2295 3148 2363 inepte
3178 2295 3544 2350 subtilissimae

1945 2388 2146 2458 plum
2170 2403 2268 2443 seu
2302 2403 2489 2458 penna:
2521 2387 2800 2442 levissimze
2823 2396 3186 2456 comparatur,
3218 2403 3336 2458 quae
3367 2389 3411 2442 si
3446 2389 3544 2442 hu-

1952 2483 2118 2536 moris
2155 2482 2454 2552 cuiuspiam
2501 2483 2835 2536 extrinsecus
2871 2481 3163 2536 accidentis
3193 2482 3539 2551 corruptione

1952 2573 2133 2627 vitiata
2164 2587 2267 2628 non
2291 2572 2458 2628 fuerit
2506 2573 2589 2627 vel
2622 2572 2794 2627 infusa
2823 2612 2838 2638 ,
2888 2572 3183 2628 mobilitate
3229 2573 3544 2631 substantia:

1959 2679 2091 2730 sum,
2127 2664 2424 2718 tenuissimi
2455 2664 2677 2733 spiritus
2698 2664 3030 2734 adiumento,
3061 2665 3203 2720 velut
3227 2665 3544 2721 naturaliter

1957 2756 2024 2811 ad
2057 2757 2307 2812 sublimia
2335 2756 2685 2824 cmlestiaque
2707 2757 3033 2812 sustollitur.
3067 2756 3160 2812 Sin
3194 2773 3321 2812 vero
3349 2758 3541 2814 humo—

1957 2851 2036 2904 ris
2065 2849 2376 2918 cujusquam
2404 2848 2686 2919 aspergine
2710 2849 2793 2902 vel
2825 2849 3093 2904 inlusione
3128 2849 3287 2904 fuerit
3313 2865 3546 2920 praegra-

1954 2951 2071 2996 vata
2097 2983 2114 3008 ,
2157 2958 2265 2996 non
2315 2941 2475 2996 modo
2520 2940 2576 2995 in
2621 2941 2798 2996 nullos
2823 2955 3012 2998 aereos
3063 2942 3270 2998 volatus
3315 2943 3547 3000 naturali

1957 3036 2256 3089 mobilitate
2296 3036 2613 3106 raptabitur,
2637 3034 2731 3089 sed
2755 3034 2914 3089 etiam
2943 3035 3010 3089 ad
3041 3035 3144 3090 ima
3170 3045 3326 3092 terrae
3349 3053 3547 3094 conce-

273 3128 467 3190 ftcitur,
496 3126 742 3193 jacicnda
773 3137 896 3180 sunt
944 3126 1175 3195 primum
1211 3125 1484 3196 profunda:
1531 3125 1850 3181 humilitatis
1879 3154 1924 3218 ο
1958 3125 2031 3196 pti
2079 3127 2321 3180 humoris
2362 3127 2599 3194 pondere
2645 3126 2991 3194 deprimetur.
3027 3126 3101 3180 Ita
3134 3143 3284 3182 mens
3331 3143 3548 3199 quoque

269 3220 590 3273 inconcussa
624 3216 987 3282 fundamenta,
1035 3233 1153 3288 quae
1201 3217 1412 3274 scilicet
1441 3218 1634 3272 turrim
1683 3219 1852 3271 intra-

273 3320 447 3365 turam
470 3310 639 3365 ccelos
654 3310 867 3364 valeant
887 3311 1158 3365 suStinere
1182 3328 1195 3363 :
1221 3309 1417 3364 deinde
1435 3309 1852 3379 superponenda

270 3402 528 3456 virtutum
558 3401 880 3471 spiritalium
906 3403 1227 3467 exstructio,
1259 3411 1314 3456 et
1339 3401 1406 3456 ab
1435 3401 1581 3456 omni
1603 3401 1852 3456 discursu

271 3505 430 3566 atque
461 3495 777 3564 evagatione
808 3495 1012 3550 lubrica
1064 3496 1275 3549 animus
1307 3493 1652 3558 inbibendus,
1695 3502 1755 3548 ut
1781 3495 1851 3549 ita

270 3588 530 3660 paulatim
555 3587 620 3642 ad
646 3587 1157 3657 contemplationem
1183 3587 1278 3642 Dei
1306 3601 1367 3640 ac
1396 3586 1662 3654 Spiritalis
1693 3588 1855 3642 intui-

265 3689 356 3736 tus
381 3680 607 3750 incipiat
635 3680 933 3736 sublimari.
957 3681 984 3720 δ
1007 3681 1048 3746 (⁵
1093 3680 1276 3752 idquid
1307 3682 1452 3736 enim
1483 3691 1608 3737 ante
1636 3683 1851 3736 oratio-

269 3773 353 3828 nis
383 3773 574 3827 boram
609 3774 782 3827 anima
819 3783 1000 3828 nostra
1047 3775 1376 3842 conceperit,
1412 3786 1634 3844 necesse
1672 3782 1755 3827 est
1796 3781 1856 3827 ut

273 3866 554 3921 orantibus
596 3866 752 3920 nobis
797 3882 893 3936 per
933 3866 1289 3935 ingestionem
1337 3866 1732 3922 recordationis
1766 3881 1857 3922 oc-

271 3968 478 4014 currat.
511 3958 877 4027 Quamobrem
923 3959 1111 4029 quales
1161 3968 1376 4014 orantes
1417 3960 1664 4014 volumus
1710 3960 1859 4016 inve-

276 4051 399 4115 niri,
425 4051 568 4106 tales
598 4066 698 4107 nos
722 4059 848 4106 ante
876 4051 1134 4106 orationis
1163 4060 1376 4120 tempus
1407 4065 1717 4120 praeparare
1762 4051 1859 4107 de-

277 4142 490 4200 bemus.
534 4143 616 4198 Ex
661 4141 984 4212 prmcedeuti
1015 4143 1156 4198 enim
1189 4151 1331 4196 statu
1371 4157 1524 4198 mens
1563 4144 1616 4197 in
1662 4143 1859 4215 suppli-

1957 3231 2166 3285 noslra,
2199 3221 2242 3274 si
2272 3220 2650 3275 accedentibus
2675 3219 2823 3273 vitiis
2850 3219 3104 3289 curisque
3132 3221 3415 3275 mundanis
3454 3237 3548 3292 ag-

1959 3321 2176 3384 gravata
2202 3329 2306 3366 non
2340 3313 2519 3375 fuerit,
2552 3313 2796 3366 noxiatve
2823 3311 3058 3366 libidinis
3099 3313 3322 3368 humore
3353 3329 3544 3368 corru-

1962 3415 2072 3475 pta.
2107 3405 2254 3460 velut
2291 3404 2520 3458 naturali
2547 3405 2793 3473 puritatis
2821 3419 2933 3458 sua:
2958 3405 3218 3460 beneﬁcio
3245 3406 3543 3476 snblevata,

1962 3497 2238 3551 levissimo
2264 3495 2517 3562 Spiritalis
2548 3496 2912 3549 meditationis
2939 3494 3122 3550 afllatu
3169 3496 3545 3555 sublintabitur

1961 3587 2027 3642 ad
2076 3586 2411 3656 supernaget
2459 3587 2679 3640 humilia
2709 3586 2965 3640 deserens
2995 3596 3152 3656 atque
3195 3597 3407 3644 terrena
3431 3630 3444 3656 ,
3475 3590 3544 3646 ad

1959 3679 2203 3736 omlestia
2225 3689 2279 3734 et
2302 3678 2582 3732 invisibilia
2605 3678 2972 3734 transferetur.
2999 3677 3151 3735 Unde
3179 3683 3542 3750 protiriesatis

1961 3773 2248 3841 praeceptis
2273 3766 2953 3826 Dominicis'admonemtsr
2984 3789 2997 3825 :
3043 3771 3224 3827 Videte
3270 3775 3542 3844 nequando

1959 3873 2231 3936 graventur
2258 3862 2418 3915 corda
2447 3871 2612 3914 vestra
2644 3862 2696 3914 in
2736 3863 2952 3934 crapula
2982 3873 3028 3917 et
3056 3863 3294 3918 ebrietate
3319 3873 3367 3918 et
3406 3867 3540 3920 curis

1959 3956 2294 4013 swcularibus
2325 3954 2504 4025 (Luce
2525 3952 2660 4022 xxi).
2687 3953 2754 4008 Et
2777 3956 2976 4010 idcirco
3002 3957 3044 4011 si
3072 3957 3320 4012 volumus
3342 3959 3513 4014 oratio
3537 3984 3544 3995 ·

1960 4066 2056 4107 nes
2089 4060 2304 4104 nostras
2349 4064 2455 4104 non
2501 4049 2676 4104 solum
2707 4050 2870 4104 celos
2899 4051 2990 4105 sed
3021 4051 3180 4105 etiam
3223 4067 3344 4120 quae
3377 4066 3543 4122 super

1960 4144 2127 4199 cmlos
2149 4151 2274 4196 sunt
2303 4151 2586 4212 penetrare
2607 4183 2621 4209 ,
2656 4157 2905 4195 curemus
2935 4151 3168 4198 mentem
3195 4143 3264 4199 ab
3291 4144 3543 4209 omnibus

1347 4253 1607 4308 ALABDI
1646 4254 1877 4310 GAZEI
1914 4253 2480 4312 COMMENTARIUS.

352 4345 684 4402 ‘Ciaconius
711 4361 741 4401 e
768 4347 1143 4416 manuscriptis
1168 4347 1298 4417 legit
1332 4365 1344 4401 :
1380 4346 1569 4417 Egesta
1593 4349 1733 4401 omni
1759 4365 1843 4402 re-

281 4417 465 4488 purgio
493 4417 754 4483 vitiorum,
796 4427 841 4471 et
877 4417 1076 4486 effossis
1105 4419 1362 4472 succiduis
1405 4419 1719 4486 mortuisque
1755 4435 1844 4472 ru-

280 4489 488 4543 deribus
529 4489 839 4556 passionum,
869 4499 974 4544 etc.
1006 4492 1134 4552 Qua:
1176 4499 1323 4544 certe
1353 4488 1510 4542 lectio
1539 4491 1846 4558 germanior

1953 4348 2273 4416 explicatur.
2303 4349 2475 4420 Porro
2509 4363 2818 4415 repurgtum
2850 4363 2947 4418 pro
2981 4360 3360 4418 repurgaltone
3389 4368 3540 4420 pom-

1951 4426 2066 4474 tum
2120 4434 2284 4500 nemo
2307 4433 2412 4473 non
2455 4418 2726 4486 intelligit,
2763 4433 2866 4488 qua
2901 4434 3031 4475 voce
3073 4425 3233 4476 etiam
3265 4418 3430 4477 utitur
3457 4439 3544 4481 se-

1960 4499 2144 4559 quenti
2167 4499 2368 4557 capite.

281 4568 338 4613 ut
366 4569 419 4614 et
444 4564 785 4613 communior
811 4561 938 4613 mihi
983 4560 1214 4613 videtur.
1247 4560 1511 4626 Quorsum
1557 4562 1699 4613 enim
1729 4576 1848 4629 spe-
1875 4570 1929 4630 ι)
2025 4559 2054 4599 δ
2083 4559 2159 4613 Ita
2193 4560 2355 4613 etiam
2387 4560 2543 4615 divus
2564 4559 2855 4627 Gregorius
2880 4575 2910 4612 κ
2944 4561 3131 4615 Moral.
3155 4577 3254 4629 cap
3283 4564 3543 4618 l6.Sem-

278 4639 470 4693 ctaret,
503 4640 594 4683 aut
633 4647 790 4697 quem
820 4645 1031 4684 sensum
1065 4631 1287 4685 haberet
1316 4630 1655 4698 illud,e/fusis
1686 4632 1852 4686 succi-

280 4701 406 4763 diis,
447 4715 570 4754 cum
602 4701 861 4766 sttccirlia,
893 4703 976 4755 vel
999 4701 1314 4765 succidiutn,
1350 4701 1576 4755 Varroni
1622 4702 1850 4770 aliisque

279 4772 597 4826 auctoribus
627 4772 758 4826 nihil
785 4772 927 4826 aliud
961 4773 1213 4841 sitquam
1249 4788 1421 4826 massa
1463 4773 1640 4826 carnis
1668 4775 1848 4842 porci-

280 4858 364 4896 na:
395 4842 575 4910 salita,
610 4843 737 4896 etin
762 4842 1122 4898 necessarium
1156 4858 1310 4896 usum
1340 4854 1590 4902 servata:
1625 4855 1677 4898 et
1709 4845 1790 4897 vel
1817 4858 1849 4898 a

279 4911 638 4977 succidenda,
683 4913 823 4981 quod
863 4914 1072 4982 quoties
1113 4928 1247 4975 opus
1287 4921 1372 4968 est
1401 4914 1726 4976 succidatur,
1763 4914 1849 4970 vel

279 4986 460 5052 potius
492 4997 532 5052 ra
566 4983 753 5036 suibus
799 4984 1068 5038 medendis
1109 4983 1292 5036 dicta?
1325 4983 1475 5039 Unde
1508 4986 1645 5039 idem
1677 4985 1847 5039 Varro

280 5051 349 5108 de
376 5054 454 5107 ﬂe
475 5051 692 5106 Rustica
719 5055 810 5108 lib.
843 5070 879 5109 ll
900 5056 1074 5123 capite
1094 5055 1126 5108 ὦ
1155 5054 1286 5107 dicit
1310 5056 1557 5120 ignavum
1587 5065 1674 5109 aut
1704 5069 1850 5108 sum-

281 5133 533 5195 ptuosum
566 5138 686 5179 esse
732 5126 1019 5195 agricolam
1051 5126 1139 5194 qui
1181 5127 1469 5179 succidiam
1508 5125 1853 5194 suspenderit

281 5193 333 5266 in
391 5195 642 5266 carnario
693 5193 1028 5250 ab'laniario
1072 5193 1253 5265 potius
1306 5211 1462 5264 quam
1516 5193 1852 5266 cx’proprio

280 5265 467 5320 fundo.
511 5263 724 5320 Rudera
764 5276 939 5321 autem
981 5263 1237 5322 vocantur
1273 5263 1504 5333 lapidum
1553 5263 1852 5336 fragmenta

281 5337 485 5404 passim
515 5350 614 5407 per
641 5350 799 5407 agros
830 5352 1032 5405 sparsa,
1069 5348 1159 5391 aut
1199 5347 1356 5392 terra:
1385 5340 1648 5407 permixta
1676 5354 1689 5402 ;
1735 5354 1854 5406 qua:

280 5417 336 5460 et
363 5406 618 5461 succidua
648 5406 918 5470 dicuntur,
960 5409 1082 5477 quia
1120 5408 1185 5462 ad
1226 5409 1524 5462 cadendum
1569 5423 1732 5474 prona
1760 5425 1774 5473 ;
1801 5417 1858 5465 et

280 5488 517 5550 mortua,
557 5479 680 5550 quia
711 5480 839 5532 nulli
867 5481 982 5534 usui
1019 5490 1174 5548 apta;
1215 5479 1444 5548 idvoqne
1487 5479 1642 5533 ell'otli
1678 5487 1732 5534 et
1761 5495 1856 5534 ex-

279 5549 514 5621 purgari
543 5550 727 5617 solita,
759 5565 925 5621 usque
955 5551 1019 5604 ad
1064 5561 1260 5605 terram
1304 5554 1474 5604 vivam
1505 5559 1558 5604 et
1593 5551 1851 5619 solidam,

279 5630 340 5673 ut
369 5617 459 5674 liic
489 5620 707 5686 dicitur,
742 5629 799 5675 ut
835 5617 950 5676 tuto
987 5621 1329 5677 fundamenta
1369 5623 1654 5690 jaciantur.
1704 5617 1856 5678 Unde

283 5689 511 5760 pulchra
533 5690 768 5746 sumitur
786 5691 1100 5762 metaphora
1124 5694 1189 5746 ad
1215 5689 1506 5761 spiritua'i’ts
1525 5693 1856 5748 fundamenti

281 5763 611 5830 positionem
649 5762 916 5832 adaptata,
971 5778 1091 5832 quae
1144 5763 1388 5832 sequenti
1437 5764 1615 5830 capite
1657 5762 1857 5820 clarius

1958 4643 2209 4714 perante
2236 4633 2497 4714 orationis
2529 4641 2770 4714 tempora
2811 4631 2972 4714 debet
3020 4632 3541 4714 stilliciteicottspici
3590 4681 3612 4714 ι,

1955 4701 2209 4770 quidquid
2234 4710 2413 4770 potest
2437 4707 2487 4756 in
2513 4701 2756 4757 oratione
2777 4702 3072 4767 reprobari.
3093 4702 3248 4770 Saepe
3266 4701 3541 4761 immunda

1955 4777 2037 4827 vel
2088 4772 2272 4825 illicita
2319 4775 2564 4841 quaedam
2599 4774 2648 4824 in
2683 4773 2862 4824 animo
2900 4787 3212 4837 versamus,
3270 4774 3480 4838 quoties
3512 4790 3544 4830 a

1954 4845 2204 4912 precibus
2232 4858 2500 4898 vacamus.
2528 4843 2632 4899 Sed
2654 4857 2775 4896 cum
2802 4857 2862 4897 se
2890 4857 3039 4897 mens
3061 4845 3126 4897 ad
3159 4843 3395 4898 studium
3425 4861 3543 4900 ora-

1955 4916 2117 4968 tionis
2144 4916 2419 4980 erexerit,
2463 4931 2648 4970 earum
2680 4929 2858 4966 rerum
2907 4915 3168 4983 imagines
3198 4915 3542 4970 reverberata

1956 4987 2178 5054 patitur,
2210 4986 2403 5055 quibus
2439 4987 2669 5040 libenter
2700 4986 2846 5050 prius
2874 4987 3044 5038 otiosa
3077 4988 3439 5050 premebatur.
3473 4988 3542 5041 Et

1956 5056 2121 5109 infra:
2161 5056 2314 5124 Saerie
2337 5061 2481 5110 curis
2508 5056 2688 5111 mundi
2710 5056 2935 5110 libenter
2957 5071 3299 5126 occupamur,
3317 5072 3547 5124 cumque

1956 5139 2075 5195 post
2100 5128 2213 5180 htec
2237 5127 2412 5181 studio
2448 5129 2704 5182 orationis
2736 5129 3084 5193 intendimtis,
3118 5143 3446 5197 nequaquam
3479 5143 3540 5183 se

1957 5214 2110 5252 mens
2135 5199 2198 5251 ad
2225 5200 2463 5254 caelestia
2492 5201 2680 5267 erigit,
2731 5203 2851 5267 quia
2889 5199 3097 5263 pondus
3143 5199 3277 5253 hanc
3307 5208 3540 5254 terrena:

1959 5268 2338 5322 sollicitudinis
2369 5269 2420 5321 in
2451 5269 2770 5338 profundum
2797 5271 3002 5324 mersit.

2035 5349 2056 5376 ο
2093 5339 2146 5392 In
2179 5339 2258 5392 his
2290 5339 2499 5394 duabus
2526 5341 2808 5394 sententiis
2829 5341 3086 5394 fundatur
3111 5355 3350 5409 sequens
3378 5340 3544 5394 colla-

1959 5411 2052 5475 tio,
2084 5426 2202 5478 quae
2245 5418 2329 5463 est
2369 5411 2600 5464 secunda
2633 5411 2839 5465 abbatis
2877 5413 3051 5477 Isaac;
3085 5411 3227 5465 unde
3268 5422 3541 5479 sumptum

1959 5480 2078 5548 ejus
2105 5491 2502 5550 argumentum,
2537 5481 2612 5535 De
2642 5483 2886 5535 orationis
2908 5483 3132 5552 jngimte
3167 5483 3271 5536 sive
3323 5482 3545 5536 assidui-

1963 5561 2089 5617 tate,
2247 5553 2467 5621 proinde
2499 5554 2564 5609 de
2594 5555 2676 5608 liis
2705 5555 3036 5607 commodius
3067 5563 3253 5622 agetur
3274 5553 3485 5626 (Count.
3510 5569 3544 5612 ι

1963 5639 2078 5693 cap.
2217 5662 2228 5675 .

1963 5639 2078 5690 cap.
2115 5639 2228 5690 η).

2034 5692 2061 5729 ⁴
2085 5692 2264 5748 Aliam
2296 5694 2699 5748 similitudinem
2735 5708 2829 5748 seu
2858 5697 3316 5764 comparationem
3349 5695 3545 5752 animae

1962 5779 2086 5820 cum
2117 5765 2256 5820 mola
2285 5766 2502 5835 aquaria
2526 5765 2648 5822 vitle
2675 5768 2859 5823 collat.
2892 5766 2918 5820 l
2950 5782 3048 5838 cap
3081 5768 3162 5826 l8.

2323 5882 2380 5893 μ’..
2573 5877 2590 5890 ο

2631 5876 2762 5899 ’ἑκκιο
2775 5881 2791 5893 ε
2810 5880 2834 5888 ..-
