4078 6332
530 399 636 461 775
1582 395 1862 456 JOANNIS
1899 386 2207 454 cassum
2242 378 2733 452 COLLATIONES.
3704 386 3804 450 776

534 517 763 576 terrenis
791 517 939 574 vitiis
968 524 1313 589 espurgatam
1342 512 1658 586 cunctisque
1686 512 1995 570 mundatam
2018 511 2117 567 fai-
2143 515 2199 575 Α
2222 511 2520 583 prepbeta:
2550 509 2579 549 δ
2609 508 3062 583 Expergiscimini,
3089 509 3290 580 inquit,
3329 526 3411 580 qu.
3445 513 3563 568 estis
3582 512 3730 581 ebrii,
3760 522 3809 569 et

534 611 686 667 cibus
732 611 1045 681 passionum
1070 608 1136 664 ad
1163 606 1543 663 sublimitatem
1576 605 1875 676 perducere
1902 614 2122 660 natura-
2221 621 2328 661 non
2347 620 2379 658 a
2401 604 2521 659 vino
2551 600 2736 675 (Joelis
2774 600 2837 673 ι).
2878 601 3030 658 Alius
3074 616 3289 672 quoque
3314 621 3343 701 εΔ
3374 601 3727 672 Obstupescite
3761 595 3848 701 et!

534 702 664 768 lem,
700 709 759 757 ut
784 702 858 758 ita
883 701 951 757 ad
987 701 1153 756 Deum
1181 699 1353 755 oratio
1382 698 1501 770 ejus
1540 697 1690 754 nullo
1713 697 1964 754 vitiorum
1995 710 2124 767 pon-
2224 699 2575 767 admirantim‘,
2606 699 2855 768 ﬂuctuatc
2879 706 2928 752 et
2953 695 3218 761 vacillate,
3240 694 3566 769 inebriamini
3586 737 3601 763 ,
3628 706 3678 751 et
3707 694 3839 785 non;

534 796 664 852 dere
689 802 1019 866 praegravata
1039 789 1388 849 conscendat.
2223 807 2257 846 a
2276 793 2428 855 sino;
2452 789 2807 855 movemini,et
2826 804 2930 843 non
2953 788 3017 842 ab
3043 788 3279 843 ebrietate
3301 786 3482 861 (Isaiae
3502 786 3685 860 xxxx).
3701 786 3839 869 Ωιι-ξ

1159 904 1338 962 οΑΡυ
1352 904 1396 961 Τ
1436 903 1500 960 v,
2221 885 2312 955 jus
2332 882 2609 940 ebrietatis
2632 890 2691 937 et
2712 880 2946 951 crapula:
2968 881 3146 935 vinum
3170 892 3563 952 consequenter
3588 895 3841 967 necesse.

711 980 790 1035 De
818 979 989 1034 causis
1026 976 1210 1050 quibus
1239 993 1385 1032 mens
1410 985 1590 1031 nostra
1613 981 1946 1047 aggravetur.

605 1069 912 1125 Notandum
937 1077 1119 1124 tamen
1140 1067 1336 1138 quibus
1355 1080 1426 1123 ex
1448 1065 1634 1122 causis
1656 1064 1870 1134 gravari
1888 1071 2123 1119 mentem

536 1161 797 1217 Dominus
816 1160 1201 1231 designaverit.
1216 1158 1334 1214 Non
1350 1158 1496 1214 enim
1523 1154 1808 1222 adulteria,
1826 1170 1934 1210 non
1960 1154 2129 1210 forni-

536 1253 800 1315 cationes,
824 1267 931 1307 non
962 1250 1271 1318 homicidia,
1300 1264 1408 1306 non
1438 1247 1823 1318 blasphemias,
1847 1261 1953 1302 non
1980 1247 2127 1318 rapi-

538 1358 658 1410 nas,
688 1359 808 1415 qua:
831 1342 1079 1398 mortalia
1102 1355 1224 1398 esse
1253 1349 1308 1397 et
1334 1339 1662 1395 damnabilia
1684 1338 1862 1394 nullus
1887 1336 2121 1409 ignorat,

537 1435 634 1491 sed
667 1436 941 1505 crapulam
971 1433 1150 1504 posuit
1177 1443 1231 1490 et
1257 1432 1594 1499 ebrietatem,
1626 1441 1682 1486 et
1699 1444 1860 1486 curas
1887 1430 2002 1485 sive
2019 1430 2128 1485 sol-

538 1526 843 1583 licitudines
863 1525 1148 1581 saeculares
1167 1524 1321 1597 (Luc.
1345 1523 1487 1593 ut);
1511 1522 1641 1591 Quae
1662 1523 1717 1577 in
1743 1530 1950 1577 tantum
1970 1535 2128 1577 nemo

546 1621 826 1676 hominum
857 1620 1041 1676 mundi
1065 1619 1224 1689 hujus
1250 1628 1408 1674 cavet
1432 1625 1527 1672 aut
1547 1615 1875 1672 damnabilia
1898 1614 2125 1685 judicat,

540 1725 595 1770 ut
625 1716 786 1770 etiam
832 1712 1110 1778 nonnulli,
1161 1710 1306 1781 quod
1337 1709 1503 1779 pudet
1530 1708 1713 1764 dicere
1738 1750 1754 1775 ,
1806 1706 2127 1778 semetipsos

538 1805 833 1862 monachos
880 1809 1251 1873 nuncupantes
1303 1802 1491 1856 iisdem
1536 1799 1669 1869 ipsis
1713 1797 2127 1854 distentionibus

2227 986 2313 1034 est
2360 986 2423 1033 ut
2457 975 2753 1034 secundum
2808 974 3122 1045 prophetam
3173 973 3322 1029 furor
3373 973 3671 1029 draconum
3721 975 3811 1027 sit.

2225 1068 2515 1140 Ipsumque
2542 1070 2730 1124 vinum
2775 1067 2844 1123 de
2887 1081 2990 1137 qua
3039 1066 3219 1122 radice
3264 1065 3521 1135 procaiat
3566 1066 3812 1121 adverte.

2228 1158 2315 1216 Ea:
2338 1161 2485 1216 vinea
2512 1160 2656 1216 enim
2686 1158 3032 1215 Sodomorum
3056 1158 3175 1211 vitis
3197 1171 3395 1223 eorum,
3426 1165 3474 1211 et
3491 1167 3813 1211 sarmentum

2227 1268 2405 1308 eorum
2431 1267 2498 1306 ea:
2535 1248 2849 1307 Gomorrba.
2896 1247 2988 1303 Vis
3029 1248 3189 1303 etiam
3222 1249 3452 1303 fructum
3486 1249 3606 1304 vitis
3660 1249 3815 1303 istius

2229 1354 2391 1415 atque
2437 1343 2699 1399 sementi
2725 1356 2945 1411 germen
2997 1340 3479 1411 agnosceret‘Uva
3516 1357 3696 1396 eorum
3719 1357 3815 1395 uva

2237 1433 2398 1507 fellis,
2430 1433 2606 1489 botrus
2632 1432 2994 1488 amaritudinis
3022 1433 3078 1487 in
3103 1432 3228 1502 ipsis
3256 1431 3436 1504 (Deut.
3459 1429 3655 1503 xxx").
3681 1433 3817 1498 Quae

2231 1525 2435 1591 omnia,
2464 1524 2567 1580 nisi
2597 1524 2859 1580 fuerimus
2888 1525 3097 1579 cunctis
3130 1523 3276 1578 vitiis
3303 1525 3614 1594 expurgati,
3665 1531 3721 1578 et
3748 1524 3818 1578 ab

2230 1621 2478 1676 omnium
2507 1618 2817 1689 passionum
2855 1618 3072 1687 crapula
3097 1617 3291 1682 sobrii,
3321 1617 3523 1688 absque
3552 1617 3819 1673 ebrietate

2228 1712 2337 1768 vini
2356 1711 2744 1782 epularumque
2764 1711 3005 1765 omnium
3025 1708 3321 1776 afﬂuentia,
3337 1711 3441 1765 erit
3461 1725 3556 1765 cor
3569 1719 3817 1765 nostrum
3846 1760 3859 1767 .

2229 1803 2494 1860 ebrietate
2523 1813 2578 1858 et
2608 1803 2828 1872 crapula
2858 1803 3028 1873 magis
3054 1802 3213 1857 noxia
3243 1814 3654 1873 praegravatum.
3677 1802 3815 1858 Nam

539 1899 688 1954 velut
718 1896 950 1952 innoxiis
977 1904 1033 1951 et
1052 1894 1270 1950 utilibus
1282 1894 1352 1947 im
1364 1894 1650 1961 plicentur.
1677 1890 1851 1959 “Quae
1871 1889 1970 1945 tria
1997 1889 2126 1946 licet
2155 1899 2199 1957 Β
2225 1896 2348 1967 quia
2379 1896 2672 1952 saculares
2698 1909 2845 1951 cura
2870 1896 3034 1951 etiam
3063 1896 3115 1950 in
3149 1911 3269 1963 nos,
3295 1898 3384 1965 qui
3414 1896 3573 1951 nullis
3601 1896 3816 1952 actibus

539 1990 836 2047 secundum
883 1989 1117 2044 litteram
1162 1993 1466 2056 perpetrata
1518 1988 1809 2054 aggravent
1852 1981 2122 2047 animam,

539 2091 700 2151 atque
729 2098 757 2136 a
788 2081 902 2136 Deo
926 2088 1180 2149 separent
1208 2092 1271 2133 ac
1311 2076 1618 2147 deprimant
1641 2075 1710 2130 ad
1750 2084 1961 2130 terrena
1980 2113 1995 2138 ,
2043 2080 2127 2128 est

550 2183 731 2230 tamen
761 2187 945 2229 eorum
972 2170 1146 2226 facilis
1169 2170 1480 2235 declinatio,
1513 2176 1569 2223 ct
1596 2166 1834 2223 maxime
1854 2164 2008 2220 nobis
2035 2162 2128 2235 qui

543 2276 652 2321 tam
684 2266 841 2335 longa
875 2265 1176 2320 remotione
1203 2263 1271 2319 ab
1299 2263 1445 2317 omni
1490 2259 1672 2317 saeculi
1706 2258 1866 2329 hujus
1903 2270 2130 2314 conver-

542 2358 755 2413 satione
801 2355 1181 2426 disjungimur,
1212 2363 1267 2410 et
1302 2354 1418 2408 istis
1448 2350 1752 2407 visibilibbs
1780 2350 1926 2405 curis
1970 2356 2131 2418 atque

540 2450 894 2507 ebrietatibus
916 2458 967 2505 et
1002 2448 1236 2518 crapulis
1265 2447 1480 2517 penitus
1532 2445 1676 2501 nulla
1707 2444 1990 2500 occasione
2018 2442 2127 2497 mi-

541 2556 778 2597 scemur.
809 2539 1007 2596 Verum
1060 2547 1143 2594 est
1188 2538 1292 2594 alia
1321 2552 1537 2610 quoque
1562 2536 1780 2606 crapula
1806 2544 1862 2592 et
1895 2535 2129 2591 ebrietas

539 2632 804 2704 Spiritalis
830 2631 1105 2687 difficilius
1135 2631 1409 2697 evitanda,
1439 2644 1569 2685 cura
1597 2643 1810 2700 quoque
1837 2642 1901 2684 ac
1928 2626 2133 2683 sollici-

540 2725 671 2781 tudo
695 2724 995 2791 saecularis,
1025 2739 1147 2794 quae
1173 2739 1272 2779 nos
1301 2724 1463 2778 etiam
1494 2732 1615 2792 post
1644 2722 1881 2777 omnium
1916 2721 2133 2776 faculta-

542 2825 658 2871 tum
705 2825 1008 2871 nostrarum
1069 2816 1359 2885 perfectam
1415 2815 1869 2871 renuntiationem
1919 2823 1975 2869 et
2020 2814 2129 2869 vini

544 2907 932 2979 epularumque
958 2908 1348 2963 continentiam
1380 2916 1717 2973 cunctarum,
1746 2917 1802 2963 et
1838 2907 2050 2978 quidem
2074 2907 2129 2961 in

543 3000 831 3058 solitudine
858 3002 1182 3057 constitutos
1227 3002 1534 3072 frequenter
1565 3001 1809 3068 involvit,
1841 3000 1909 3057 de
1938 3001 2130 3070 quibus

2227 1988 2411 2043 mundi
2442 1988 2595 2043 istius
2633 1987 3013 2054 admiscemur,
3045 1986 3242 2042 cadere
3270 2001 3672 2058 nonnumquam
3694 2003 3818 2058 pos-

2226 2078 2334 2134 sint
2352 2119 2368 2145 ,
2402 2077 2688 2134 manifesta
2715 2078 2926 2134 ratione
2966 2086 3300 2134 monstratur
3324 2080 3617 2135 secundum
3644 2096 3816 2152 regu-

2230 2172 2339 2228 lam
2370 2172 2664 2238 seniorum,
2686 2172 2775 2243 qui
2794 2170 3051 2242 quidquid
3079 2173 3455 2228 necessitatem
3485 2173 3658 2230 victus
3682 2189 3823 2245 quo-

2230 2267 2418 2323 tidiani
2446 2275 2500 2322 et
2520 2266 2890 2324 inevitabilem
2914 2281 3069 2321 usum
3090 2267 3268 2321 carnis
3290 2267 3522 2334 excedit,
3553 2268 3621 2323 ad
3642 2283 3823 2324 stecn-

2231 2360 2398 2416 larem
2419 2358 2747 2415 deﬁnierunt
2772 2371 2956 2414 curam
2980 2366 3038 2413 et
3061 2357 3478 2415 sollicitudinem
3505 2359 3821 2430 pertinere;

2236 2461 2312 2518 ut,
2346 2453 2496 2508 verbi
2525 2453 2730 2523 gratia,
2758 2452 2804 2507 si
2829 2466 2952 2507 cum
2984 2451 3157 2521 possit
3185 2454 3429 2522 operatio
3454 2454 3615 2509 unius
3652 2453 3821 2509 solidi

2234 2543 2610 2600 necessitatem
2668 2544 2838 2599 nostri
2893 2544 3138 2613 corporis
3175 2543 3456 2614 expedire,
3489 2544 3556 2599 ad
3585 2544 3825 2600 duorum

2231 2636 2320 2690 vel
2348 2634 2507 2689 trium
2531 2633 2825 2689 solidorum
2864 2634 3271 2703 acquisitionem
3301 2635 3658 2704 nosmetipsos
3688 2650 3827 2705 pro-

2234 2728 2485 2798 pensiore
2533 2726 2763 2782 velimus
2816 2740 2982 2797 opere
3030 2740 3094 2781 ac
3142 2725 3325 2782 labore
3366 2725 3711 2795 distendere;
3771 2737 3827 2785 et

2240 2829 2265 2859 α
2291 2833 2413 2874 cum
2441 2817 2668 2873 duarum
2693 2817 2943 2874 velamen
2970 2816 3204 2872 sufﬁciat
3232 2820 3553 2885 tunicarum,
3572 2818 3638 2872 ad
3663 2834 3827 2874 usum

2235 2910 2446 2966 scilicet
2469 2910 2643 2966 noctis
2661 2924 2725 2965 ac
2742 2909 2869 2973 diei,
2892 2906 2919 2946 ἀ
2936 2909 3136 2964 domini
3159 2910 3316 2964 trium
3337 2910 3421 2964 vel
3443 2918 3675 2979 quatuor
3703 2911 3827 2968 fieri

2240 3018 2620 3073 procuremus;
2660 3017 2894 3074 cumque
2938 3001 3097 3059 unius
3127 3003 3240 3059 sive
3281 3003 3505 3058 duarum
3560 3004 3828 3062 habitatio

1630 3133 1887 3190 ALARDI
1926 3132 2174 3190 GAZIEI-
2190 3133 2750 3192 COMMENTARIUS.

618 3261 645 3289 °
672 3250 892 3309 Scilicet
912 3249 1155 3321 crapula.
1187 3247 1462 3321 ebrietas._
1486 3254 1545 3303 et
1562 3262 1708 3321 cura;
1735 3248 1849 3321 sive
1875 3247 2132 3321 sollicitu-
2161 3250 2207 3313 C
2239 3257 2539 3321 mentorum
2586 3248 2794 3318 copiam
2838 3261 2901 3302 ac
2929 3247 3321 3321 supellectilem
3367 3262 3711 3317 comparant,
3771 3266 3827 3310 et

546 3324 703 3379 dines
722 3317 1034 3385 saeculares,
1048 3319 1242 3390 quibus
1256 3318 1503 3375 monachi
1519 3318 1745 3390 subinde
1766 3317 2128 3388 implicantur.

614 3393 644 3433 ιι
696 3393 753 3448 In
800 3392 990 3447 Bibliis
1042 3389 1206 3460 regiis
1257 3391 1406 3460 locus
1456 3389 1541 3443 hic
1584 3389 1770 3460 Greece
1804 3393 1874 3443 ita
1902 3389 2128 3459 legitur:

545 3464 798 3547 ιξνήψαςτι.
820 3465 865 3518 oi
904 3459 1253 3547 macerata
1282 3459 1416 3541 oiuou
1438 3462 1605 3547 miram
1622 3501 1636 3524 ,
1670 3459 1770 3513 hoc
1788 3471 1872 3547 est
1890 3500 1913 3547 ζ
1948 3477 2136 3547 Ξφρεν-
2163 3502 2171 3510 .

544 3531 822 3608 giscimini,
847 3531 1093 3608 quiuebrii
1122 3534 1243 3608 estis
1273 3547 1336 3585 eo:
1358 3533 1667 3608 vinonvestro
1683 3531 1827 3608 ;vel,
1862 3540 1920 3584 ut
1944 3531 2135 3608 Hiero-

546 3601 742 3676 nymus
767 3601 1029 3660 reddidit:
1053 3606 1109 3676 in
1126 3604 1245 3676 vino
1268 3612 1454 3676 vestro.
1472 3602 1740 3676 (itinerum
1766 3602 1965 3657 fatetur
1989 3601 2132 3658 idem

549 3670 907 3747 Hieronymus
935 3675 1075 3747 apud
1119 3674 1470 3747 Septuaginta
1501 3672 1640 3747 legi;
1675 3670 1745 3726 Et
1784 3689 1887 3747 non
1926 3689 1958 3726 a
1987 3676 2128 3747 vino.

548 3747 677 3816 Ejus
703 3743 867 3802 verba
893 3756 1018 3801 sunt
1046 3746 1099 3801 in
1119 3759 1251 3816 cap.
1278 3744 1504 3816 tJoelis,
1532 3744 1729 3816 quibus
1754 3743 1932 3816 varias
1958 3743 2134 3800 ebrie-

547 3814 672 3872 tatis
719 3817 1052 3887 spiritualis,
1099 3814 1167 3887 de
1204 3830 1309 3887 qua
1353 3814 1442 3887 hic
1469 3815 1683 3887 agitur,
1705 3814 1913 3884 species
1944 3815 2012 3887 ita
2046 3831 2133 3871 re-

545 3884 768 3943 censet}
824 3885 992 3940 Nulla
1028 3902 1109 3940 res
1146 3884 1233 3939 ita
1273 3884 1490 3939 inebriat
1517 3894 1573 3940 ut
1599 3886 1757 3939 animi
1794 3886 2127 3951 perturbatio.

546 3957 640 4012 Est
688 3959 900 4012 ebrietas
928 3972 1045 4012 autc
1083 3956 1226 4009 ducit
1261 3956 1329 4009 ad
1366 3964 1596 4008 mortem.
1636 3953 1760 4009 Hazc
1785 3954 2131 4010 abominanda

549 4030 767 4082 ebrietas
794 4037 885 4081 est.
916 4023 1005 4081 Est
1030 4028 1109 4080 ira
1136 4042 1249 4095 qua:
1264 4026 1527 4096 justitiam
1548 4023 1646 4078 Dei
1676 4042 1777 4097 non
1801 4036 2058 4097 operatur,
2082 4036 2131 4081 cl

548 4100 711 4169 furori
741 4099 981 4169 proxima
1006 4100 1191 4169 mentis
1220 4112 1327 4150 suae
1369 4096 1614 4164 impotem
1658 4096 1780 4169 facit
1799 4096 1901 4162 ,‘in
1930 4108 2129 4151 tantum

547 4166 601 4223 ut
636 4166 770 4224 labia
797 4177 1035 4234 tremant,
1062 4168 1236 4222 dentes
1256 4177 1583 4234 concrepent,
1605 4166 1773 4220 vultus
1796 4169 1992 4235 pallore
2011 4183 2128 4221 mu-

549 4249 703 4293 tetur.
734 4238 871 4306 Quid
893 4239 1114 4306 referam
1143 4239 1204 4291 de
1234 4238 1422 4307 gaudio
1449 4246 1495 4289 et
1519 4237 1799 4305 voluptate,
1832 4247 1878 4292 et
1907 4239 2131 4295 maxime

546 4325 740 4375 amore,
760 4309 846 4377 qui
875 4319 1091 4363 exerceat
1120 4309 1292 4362 cordis
1320 4307 1515 4374 oculos,
1546 4316 1596 4362 et
1621 4307 1753 4362 nihil
1774 4308 1917 4361 aliud
1941 4325 2125 4362 antan-

546 4388 666 4443 tem,
696 4380 796 4433 nisi
843 4378 897 4431 id
922 4379 1061 4449 quod
1084 4388 1224 4432 amat
1270 4379 1496 4449 cogitare
1521 4378 1769 4445 permittit
1794 4380 1819 4434 7
1846 4378 2033 4433 Annon
2055 4389 2129 4435 est

545 4450 763 4505 (licenda
793 4450 1030 4518 ebrietas,
1060 4466 1174 4503 cum
1211 4457 1419 4521 propter
1448 4449 1546 4521 vile
1581 4458 1803 4504 scortum
1835 4451 2128 4521 etignomi-

546 4523 743 4574 niosam
764 4521 993 4588 corporis
1016 4519 1219 4591 partem
1234 4519 1423 4573 animo:
1447 4519 1654 4573 libertas
1678 4522 1736 4573 in
1757 4520 1960 4575 serviles
1982 4521 2128 4575 blan-

545 4591 702 4644 ditias
746 4593 1025 4645 inclinatur
1045 4632 1061 4656 ,
1104 4607 1218 4644 cum
1248 4594 1405 4663 furto,
1439 4591 1624 4663 scelere
1644 4631 1658 4656 ,
1689 4600 1838 4662 atque
1886 4593 2127 4663 perjuriis

545 4678 666 4724 apes
697 4662 898 4730 futuras
920 4672 1179 4731 praeparat
1226 4661 1510 4730 voluptati;
1555 4670 1601 4715 et
1637 4677 1753 4715 cum
1802 4661 2034 4716 videatur
2061 4664 2125 4717 ab

544 4733 803 4795 omnibus,
820 4749 874 4786 se
894 4735 1113 4787 aestimat
1132 4748 1234 4785 non
1257 4733 1460 4786 videri?
1479 4733 1586 4787 Sed
1607 4741 1655 4785 et
1671 4734 1887 4785 avaritia
1907 4743 2126 4788 exccecat

544 4804 773 4856 animum
804 4806 947 4875 ejus,
979 4804 1059 4856 cui
1107 4801 1237 4856 nihil
1265 4804 1429 4875 satis;
1478 4813 1525 4875 et
1570 4803 1827 4875 muliebris
1861 4804 2041 4875 timor,
2073 4812 2122 4858 et

544 4875 771 4955 dulcium
796 4870 985 4955 cupido
1006 4874 1277 4955 pitiorum:
1299 4872 1449 4955 (inde
1477 4873 1666 4955 dicitur
1701 4874 1769 4926 ad
1799 4890 1912 4927 eos:
1945 4870 2124 4955 Evigi-

543 4946 645 4999 lale
665 4954 713 4998 et
736 4944 1167 5013 expergiscimini,
1190 4944 1277 5013 qui
1301 4944 1425 4998 ebrii
1451 4945 1590 5011 estis,
1618 4960 1936 5013 nequaquam
1954 4960 1984 4996 a
2007 4944 2120 4999 vino

546 5015 705 5089 (utin
736 5014 857 5089 solis
884 5013 1414 5089 L¥X__c_ontinetur),
1456 5014 1544 5089 s_ed
1581 5016 1717 5089 omni
1744 5015 2122 5089 perturbatione

540 5078 803 5140 vitiorum.
829 5078 908 5140 Ita
936 5086 1000 5139 Ι).
1024 5078 1409 5155 Hieronymus.
1456 5084 1600 5155 Ergo
1632 5078 1767 5140 hanc
1792 5085 2112 5153 Cassianus,

543 5168 599 5210 ut
629 5171 937 5226 germanam
970 5154 1112 5211 LXX
1142 5154 1439 5226 lectionem;
1478 5154 1578 5210 huc
1608 5156 1725 5209 loco
1749 5164 1967 5212 secutus
1993 5168 2076 5211 est
2099 5195 2117 5223 ,

547 5224 768 5295 Vulgata
804 5236 982 5297 autem
1029 5227 1189 5281 lectio
1234 5235 1317 5281 est
1341 5244 1367 5297 εξ
1394 5224 1840 5297 Expergiscimini,
1866 5225 2024 5292 ebrii,
2073 5235 2123 5282 et

538 5283 679 5368 ﬁcte:
707 5306 755 5351 et
780 5283 1002 5364 ululate,
1028 5314 1203 5352 omnes
1237 5299 1326 5367 qui
1351 5283 1517 5353 bibitis
1543 5283 1716 5353 vinum
1745 5300 1796 5353 in
1817 5283 2117 5363 dulcedine,

539 5368 782 5437 quoniam
804 5370 955 5440 periit
976 5370 1039 5422 ab
1057 5384 1157 5440 rore
1183 5377 1367 5422 vestro.

617 5451 640 5480 ε
675 5438 849 5495 Locus
872 5439 1097 5510 insignis
1123 5440 1190 5494 de
1223 5438 1547 5504 parcimonia
1576 5447 1632 5495 et
1658 5438 1960 5510 frugalitate
2002 5453 2119 5494 mo-

540 5511 728 5565 nachis
758 5509 1012 5567 sectanda
1035 5551 1052 5577 ,
1096 5520 1152 5567 et
1180 5509 1398 5563 vitando
1423 5512 1549 5566 luxu
1574 5550 1589 5574 ,
1622 5525 1685 5565 ac
1716 5509 2114 5580 superfluitate,

539 5587 650 5651 tum
679 5585 731 5635 in
761 5582 1090 5651 quotidianis
1112 5582 1434 5650 sumptibus,
1464 5590 1576 5636 tum
1617 5581 1671 5635 in
1698 5581 1969 5645 vestibus,
2004 5592 2113 5636 tum

539 5649 596 5705 in
627 5649 820 5721 cellis,
861 5654 973 5708 sive
1022 5649 1312 5721 cubiculis,
1342 5663 1433 5707 aut
1463 5651 1771 5707 domiciliis.
1811 5651 1877 5706 Et
1901 5651 2115 5719 quidem

534 5720 679 5789 quod
709 5722 774 5774 ad
799 5732 977 5777 vestes
1005 5725 1231 5788 attinet,
1280 5720 1605 5792 magnopere
1636 5722 1736 5776 hac
1756 5724 1811 5774 in
1840 5730 1994 5790 parte
2021 5722 2114 5777 de-

539 5792 789 5864 linquunt
813 5794 1052 5848 nonnulli
1083 5793 1364 5859 monachi,
1392 5796 1482 5864 qui
1506 5833 1521 5859 ,
1568 5808 1674 5847 uno
1701 5801 1793 5847 aut
1815 5793 1992 5847 altero
2017 5792 2113 5847 ha-

538 5862 651 5927 bitu
701 5863 928 5920 honesto
960 5864 1182 5922 minime
1207 5862 1444 5922 contenti
1473 5906 1489 5934 ,
1542 5879 1790 5936 magnam
1821 5863 1923 5923 sibi
1950 5865 2115 5923 vesti-

2154 4634 2205 4695 D

2238 3317 2989 3402 undequ'aquecoacervant;
3032 3317 3340 3400 necanimo
3369 3321 3645 3402 quiescere
3692 3339 3827 3392 pos-

2239 3400 2386 3455 sunt,
2410 3389 2513 3462 nisi
2534 3391 2767 3459 quinque
2794 3400 2885 3462 aut
2910 3403 3007 3443 sex
3033 3389 3262 3455 tunicas,
3282 3391 3506 3462 totidem
3536 3389 3713 3462 togas;
3742 3406 3827 3450 tet

2234 3460 2579 3530 chlamydes,
2630 3470 2709 3514 tot
2754 3459 2990 3530 reliquas
3020 3469 3200 3515 vestes
3249 3461 3352 3514 sibi
3400 3459 3614 3530 quoquo
3653 3466 3826 3520 modo

2238 3541 2551 3603 procurent;
2582 3540 2637 3584 ut
2660 3531 2895 3603 habeant
2921 3530 2974 3584 in
3000 3531 3239 3599 singulas
3267 3546 3407 3603 pene
3429 3532 3824 3603 hebdomadas,

2235 3616 2304 3656 ne
2332 3601 2507 3656 dicam
2537 3604 2589 3656 in
2618 3601 2758 3663 dies,
2789 3616 2924 3655 nova
2953 3617 3168 3668 semper
3196 3612 3251 3656 et
3284 3602 3494 3657 diversa
3528 3601 3825 3662 mutatnria

2236 3672 2714 3736 vestimentorum,
2749 3686 2975 3743 quorum
3008 3688 3170 3725 unum
3210 3684 3302 3743 aut
3343 3673 3571 3727 alterum
3595 3675 3825 3735 abunde

2235 3743 2524 3815 sufﬁceret.
2557 3743 2669 3809 Qua
2702 3742 2773 3815 in
2804 3758 2863 3796 re
2908 3757 3155 3812 magnam
3197 3742 3314 3815 sive
3358 3744 3575 3813 Regula:
3597 3754 3656 3801 et
3685 3764 3824 3815 pro-

2233 3812 2484 3869 fessionis
2537 3814 2910 3878 oblivionem,
2966 3823 3060 3868 aut
3106 3812 3514 3882 neglectum,si
3545 3831 3655 3871 non
3682 3812 3825 3875 eon-

2236 3892 2495 3956 temptum
2525 3900 2634 3953 prae
2666 3900 2725 3956 se
2754 3885 2933 3939 ferunt
2959 3902 2971 3936 :
2999 3884 3218 3954 Regulae
3246 3885 3460 3954 quidem
3480 3927 3493 3951 ,
3525 3901 3647 3956 quae
3675 3888 3818 3946 dicit

2232 3954 2457 4030 s‘uﬁic‘ere
2487 3954 2892 4030 monacho-duas
2913 3956 3131 4030 tunicas,
3159 3965 3206 4008 et
3224 3956 3363 4030 duas
3389 3954 3620 4030 cucullos
3648 3957 3819 4030 (Reg.

2233 4022 2529 4080 DIBcned.
2566 4042 2683 4095 cap.
2732 4024 2854 4096 55);
2907 4033 2955 4078 et
3000 4026 3057 4096 in
3096 4026 3330 4080 omnibus
3381 4022 3821 4085 considerandam

2232 4095 2379 4169 illam
2396 4097 2697 4169 sententiam
2729 4095 2946 4169 Acluum
2971 4095 3371 4165 Apostolorum:
3399 4098 3522 4169 quia
3547 4100 3822 4156 divideba-

2233 4176 2319 4238 tur
2337 4168 2579 4238 singulis,
2613 4175 2763 4233 prout
2792 4167 2968 4235 cuique
2996 4183 3124 4233 apus
3148 4178 3254 4221 erat
3282 4167 3421 4238 (Act.
3463 4178 3537 4238 ν),
3571 4185 3677 4224 non
3703 4187 3821 4229 am-

2231 4236 2390 4306 plius.
2423 4236 2783 4293 Professionis
2804 4277 2819 4302 ,
2850 4252 2953 4305 qua
2987 4236 3351 4308 paupertatem
3398 4236 3770 4308 evahgelicam
3799 4283 3817 4308 ,

2230 4322 2352 4362 cum
2381 4323 2484 4378 qua
2526 4309 2682 4363 luxus
2730 4308 2818 4361 ille
2847 4318 2899 4378 et
2927 4307 3367 4378 vestimentorum
3400 4307 3555 4377 copia
3591 4325 3656 4364 ex
3692 4312 3820 4368 dia-

2231 4376 2411 4434 metro
2437 4389 2653 4449 pugnat,
2684 4376 2953 4449 complexi
2974 4389 3173 4449 suntet
3198 4376 3507 4435 servaturos
3535 4395 3594 4435 se
3619 4391 3817 4439 sancte

2232 4447 2621 4516 promiserunt.
2654 4447 2805 4504 Unde
2834 4447 2891 4501 in
2921 4447 3149 4503 concilio
3178 4449 3496 4503 Tridentino
3530 4451 3700 4517 (Sess.
3740 4454 3817 4511 25

2229 4534 2347 4592 cap.
2378 4521 2413 4592 2
2440 4523 2501 4573 de
2540 4518 2813 4592 Regular.)
2842 4519 3081 4592 graviter
3108 4522 3359 4592 statuitur
3379 4530 3438 4573 ut
3464 4519 3818 4591 Regularibus

2231 4590 2492 4644 mobilium
2522 4588 2671 4644 usuin
2716 4588 2801 4655 (in
2837 4588 3028 4655 quibus
3056 4589 3193 4643 haud
3228 4590 3389 4645 dubie
3418 4588 3594 4646 vestes
3622 4597 3815 4660 preci.

2230 4675 2395 4729 puum
2429 4664 2602 4715 locum
2640 4661 2910 4729 obtinent)
2940 4660 3014 4713 ita
3048 4661 3336 4727 superiores
3381 4663 3708 4730 permittant,
3756 4677 3817 4720 ut

2229 4746 2406 4784 eorum
2427 4731 2847 4803 supellexrstatui
2875 4733 3207 4803 paupertatis,
3239 4748 3392 4801 quam
3420 4735 3636 4803 professi
3664 4747 3813 4801 sunt,

2230 4803 2528 4867 conveniat;
2548 4802 2776 4873 nihilque
2796 4804 3047 4873 superﬂui
3071 4802 3124 4853 in
3146 4819 3204 4873 ea
3223 4804 3305 4865 sit,
3336 4802 3464 4855 nihil
3490 4802 3644 4857 etiam
3669 4810 3817 4873 quod

2228 4873 2297 4925 sit
2331 4875 2673 4927 necessarium
2694 4872 2769 4926 eis
2799 4872 3097 4943 denegelur.
3126 4872 3275 4937 Quod
3290 4874 3334 4925 si
3348 4875 3462 4942 quis
3483 4875 3632 4928 aliter
3656 4872 3818 4944 quid-

2228 4958 2379 5015 quam
2406 4952 2574 4997 tenere
2613 4943 2955 5015 deprehensus
2994 4945 3179 5013 fuerit,
3220 4944 3264 4996 is
3301 4945 3501 4998 biennio
3548 4943 3719 4999 activa
3764 4960 3815 5003 et

2227 5014 2431 5087 passiva
2450 5030 2570 5087 voce
2589 5013 2816 5087 privatus
2841 5013 2927 5075 sit,
2942 5023 3092 5083 atque
3110 5017 3264 5087 etiam
3278 5015 3431 5082 juxta
3459 5031 3567 5070 suae
3594 5015 3818 5087 Regula:

2227 5082 2275 5137 et
2303 5084 2499 5154 ordinis
2520 5082 2901 5138 constitutiones
2930 5082 3174 5154 puniatur
3200 5082 3295 5151 (In
3315 5101 3433 5153 cap.
3464 5086 3494 5139 7
3523 5096 3569 5140 et
3601 5082 3813 5144 557(c—

2223 5153 2433 5227 gulae)L
2446 5154 2552 5211 Sed
2577 5157 2644 5211 de
2673 5156 2898 5211 vatium
2928 5153 3101 5227 abusu
3137 5166 3193 5210 et
3219 5172 3446 5211 excessu
3496 5157 3616 5212 vide
3647 5161 3810 5227 plura

2226 5226 2366 5293 apud
2396 5225 2861 5282 Turrecrematum
2883 5232 2941 5279 et
2958 5224 3335 5281 Trithemium.

2296 5293 2323 5333 ἀ
2352 5295 2671 5369 Observavit
2691 5293 3383 5369 Cuychiusinquibnsdant
3408 5297 3685 5353 codicibus
3706 5316 3812 5369 pro

2225 5365 2437 5421 Domini
2469 5367 2572 5437 legi
2598 5365 2785 5439 nobis,
2811 5366 2863 5421 in
2895 5368 3015 5422 aliis
3045 5368 3289 5433 Demum,
3339 5370 3394 5423 in
3439 5370 3559 5425 aliis
3596 5365 3812 5439 aliquot

2223 5452 2352 5493 mss.
2385 5436 2703 5494 vocabulum
2752 5436 2965 5493 Domini
3016 5451 3343 5508 expunctum
3386 5453 3535 5505 esse,
3589 5451 3648 5494 at
3690 5436 3808 5498 itan

2222 5520 2392 5565 reete.
2428 5508 2552 5565 Vult
2582 5512 2725 5565 enim
2753 5510 2936 5565 dicere
2961 5509 3126 5563 abbas
3167 5508 3339 5576 Isaac,
3369 5511 3510 5581 quod
3542 5512 3642 5566 etsi
3666 5509 3810 5581 dua-

2221 5595 2340 5633 rum
2373 5584 2674 5635 tunicarum
2699 5582 2816 5637 sive
2846 5590 3087 5651 togarum
3120 5582 3363 5636 velamen
3396 5580 3663 5645 sufﬁciat,
3711 5580 3811 5638 his

2221 5658 2402 5706 tamen
2433 5668 2540 5707 non
2570 5654 2842 5723 contenti,
2871 5666 3224 5723 procuremus
3275 5652 3434 5708 trium
3464 5653 3544 5707 vel
3569 5659 3811 5723 quatuor

2220 5724 2523 5805 tunicarum
2553 5722 2759 5779 domini
2796 5722 2890 5780 seti
2916 5736 3262 5793 possessores
3291 5723 3430 5793 lteri,
3461 5730 3521 5779 ut
3544 5722 3810 5797 superius

2220 5806 2522 5863 exposuum
2550 5805 2654 5852 est.
