4078 6332
296 359 405 423 777

1386 347 1725 419 COLLA'I'IO
1763 359 1856 418 IX.
1887 390 1961 406 —
1986 355 2074 416 DE
2112 350 2482 419 ORATIONE.

3467 366 3581 434 778

295 478 531 538 sufficiat
569 477 854 544 cellarum,
883 477 1181 534 ambitione
1215 478 1460 534 saeculari
1500 488 1661 550 atque
1697 477 1890 548 ampli-
1916 481 1971 541 Α
1994 477 2142 532 solus
2162 492 2302 545 eras,
2332 493 2455 532 cum
2490 475 2619 533 illud
2647 477 2921 546 caederes,
2952 479 3047 535 sed
3079 479 3177 536 fuit
3215 481 3357 540 alius
3381 490 3585 558 tecum,

296 572 481 628 tudine
528 571 806 634 delectati.
837 580 1069 642 quatuor
1098 585 1196 627 seu
1234 572 1467 642 quinque
1492 573 1678 637 cellas,
1709 580 1762 628 et
1793 573 1888 627 has

296 665 514 721 easdem
565 666 819 737 exquisiti
845 675 1070 721 ornatus
1110 675 1166 721 et
1213 667 1526 736 capaciores
1552 682 1714 737 quam
1761 679 1889 722 usus

296 756 605 825 desiderat,
639 765 986 814 exstruamus
1007 799 1022 825 ,
1053 767 1079 796 ι
1106 759 1416 830 passionem
1461 760 1699 817 libidinis
1737 775 1890 815 mun-

298 850 455 907 dialis
483 851 537 906 in
566 852 760 923 quibus
788 867 1076 924 possumus
1117 851 1492 923 praeferentes.

911 965 1141 1022 CAPUT
1188 965 1276 1021 Vl.

303 1057 378 1114 De
403 1060 597 1115 visione
619 1059 893 1133 cujusdam
914 1061 1067 1123 senis,
1101 1076 1256 1130 quam
1274 1075 1428 1132 super
1454 1059 1634 1132 fratris
1661 1060 1891 1131 inquieta

795 1133 1089 1200 Operatione
1121 1133 1399 1203 prospexit.

367 1221 521 1290 Quod
553 1237 662 1277 non
706 1223 827 1278 sine
872 1222 1128 1277 instinctu
1165 1223 1470 1277 demonum
1501 1222 1617 1278 fieri
1658 1223 1889 1280 manife-

302 1315 538 1371 stissima
588 1331 688 1371 nos
717 1317 1090 1387 experimenta
1137 1316 1456 1374 docuerunt.
1507 1319 1638 1375 Nam
1669 1320 1887 1390 quidam
1924 1353 1930 1358 -

303 1406 713 1476 probatissimus
763 1408 1038 1462 seniorum
1085 1423 1206 1464 cum
1239 1409 1494 1465 transiret
1514 1410 1666 1480 juxta
1697 1411 1888 1466 cellam

302 1497 481 1552 lratris
512 1498 817 1566 cujusdam,
855 1499 955 1555 hac
980 1499 1166 1566 animi,
1199 1515 1358 1571 quam
1381 1501 1636 1568 diximus,
1667 1504 1888 1573 aegritu-

303 1590 424 1646 dine
451 1591 776 1655 laborantis,
822 1601 1010 1662 utpote
1049 1594 1140 1663 qui
1169 1593 1222 1648 in
1254 1595 1598 1651 exstruendis
1626 1611 1888 1666 reparan-

303 1685 492 1756 disque
514 1685 800 1756 superﬂuis
823 1686 1098 1756 inquietus
1122 1688 1452 1758 quotidianis
1471 1689 1890 1747 distentionibus

302 1779 620 1844 desudaret;
643 1791 698 1834 et
726 1780 937 1835 eminus
966 1782 1342 1851 conspexisset
1367 1797 1490 1838 eum
1519 1783 1667 1852 gravi
1692 1783 1890 1838 malleo

1991 586 2149 642 quem
2184 587 2290 626 non
2321 571 2520 638 vidisti,
2551 571 2641 640 qui
2677 572 2773 627 tibi
2804 572 2856 626 in
2889 575 2990 628 hoc
3019 589 3182 643 opere
3214 592 3318 632 non
3351 589 3459 633 tam
3485 579 3588 635 ad-

1987 662 2134 733 jutor
2163 678 2322 734 quam
2349 663 2780 721 violentissimus
2809 664 3076 736 impulsor
3107 669 3342 725 astabat.
3391 669 3461 725 Et
3505 671 3590 725 id-

1991 754 2135 812 circo
2172 755 2422 811 morbum
2463 756 2702 813 ambitus
2745 758 3022 814 saacularis
3073 759 3271 815 nostris
3313 761 3586 817 mentibus

1997 856 2019 886 ε
2047 861 2152 902 non
2177 849 2377 913 inesse,
2412 862 2518 904 non
2551 849 2733 921 utique
2781 865 2971 905 eorum
3005 861 3210 906 tantum
3245 853 3589 922 negotiorum

1992 940 2315 996 abstinentia
2343 942 2742 1012 comprobabit,
2772 959 2913 1014 quae,
2954 944 3170 999 etiamsi
3199 945 3452 1010 velimus,
3486 960 3590 1002 ex-

1993 1045 2183 1107 petere
2217 1035 2301 1091 vel
2326 1035 2546 1105 explere
2577 1052 2683 1091 non
2714 1051 3027 1106 possumus;
3058 1053 3236 1108 neque
3261 1038 3474 1095 illarum
3502 1054 3593 1096 re-

1992 1144 2112 1184 rum
2146 1128 2471 1198 despectus,
2521 1144 2658 1200 quas
2690 1131 2735 1184 si
2785 1129 3252 1199 aﬂ‘ectaverimus,
3294 1142 3403 1188 tam
3446 1133 3592 1206 apud

1993 1221 2306 1292 spirituales
2326 1221 2473 1276 viros
2494 1235 2654 1292 quam
2677 1222 2819 1292 apud
2845 1223 3030 1278 saeculi
3050 1225 3299 1280 homines
3321 1225 3592 1281 notabiles

1995 1313 2166 1384 prima
2197 1313 2376 1371 fronte
2404 1313 2726 1381 reddemur;
2760 1315 2855 1372 sed
2883 1331 3006 1372 cum
3035 1317 3195 1373 etiam
3217 1318 3304 1374 illa
3335 1334 3455 1388 quae
3491 1333 3592 1375 no-

1993 1417 2122 1462 strte
2178 1419 2476 1478 suppetunt
2523 1409 2814 1478 potestati,
2857 1419 2912 1466 et
2942 1411 3226 1467 honestate
3257 1411 3482 1482 quadam
3515 1412 3593 1468 vi—

1994 1499 2190 1557 dentur
2215 1501 2442 1567 obnubi,
2463 1501 2640 1572 rigida
2664 1504 2859 1558 mentis
2887 1504 3230 1560 districtione
3259 1506 3589 1574 respuimus.

1995 1595 2061 1649 Et
2087 1611 2277 1651 revera
2329 1610 2436 1651 non
2487 1595 2662 1651 minus
2695 1597 2809 1652 hinc
2856 1612 2978 1668 quae
3025 1613 3187 1668 parva
3244 1598 3500 1654 videntur
3537 1606 3595 1656 et

1994 1689 2235 1755 minima,
2264 1704 2491 1760 quaeque
2515 1689 2690 1744 abhis
2717 1689 2808 1760 qui
2832 1699 3030 1745 nostra:
3056 1690 3411 1761 professionis
3441 1699 3592 1759 sunt,

1993 1781 2269 1837 cernimus
2299 1781 2675 1838 indiderenter
2703 1781 2936 1849 admitti,
2975 1797 3073 1852 pro
3093 1783 3353 1854 qualitate
3375 1800 3468 1840 sua
3498 1799 3594 1856 ag-

302 1886 485 1926 saxutn
509 1873 857 1928 durissimum
880 1883 1272 1940 conterentem,
1293 1875 1668 1947 vidissetqueh
1686 1875 1892 1933 Ethio-
1920 1873 1968 1933 B
1995 1881 2224 1942 gravant
2259 1883 2525 1944 mentem,
2557 1889 2718 1944 quam
2768 1874 2856 1929 illa
2903 1874 3105 1944 majora
3135 1891 3256 1946 quae
3295 1876 3596 1932 secundum

306 1983 420 2036 pem
445 1968 735 2038 quemdam
767 1978 1033 2024 astantem
1064 1970 1161 2037 illi,
1190 1980 1246 2025 et
1272 1985 1377 2025 una
1395 1985 1516 2025 cum
1540 1969 1730 2026 eodem
1756 1971 1894 2027 ictus

303 2061 479 2115 mallei
505 2060 711 2131 junctis
736 2065 1113 2132 consertisque
1137 2063 1388 2117 manibus
1411 2062 1712 2118 illidentem
1741 2078 1894 2119 eum-

303 2169 405 2222 que
431 2154 499 2208 ad
529 2155 713 2224 operis
761 2155 908 2210 illius
934 2155 1244 2210 instantiam
1276 2155 1458 2226 ignitis
1507 2155 1709 2211 facibus
1740 2156 1893 2212 insti-

300 2255 517 2314 gantem
545 2287 561 2312 ,
593 2245 895 2302 diutissime
914 2247 1170 2312 substitit,
1197 2248 1280 2304 vel
1311 2247 1718 2316 impressionem
1743 2248 1896 2305 diris-

300 2337 423 2392 simi
443 2337 732 2404 daemonis,
756 2339 838 2393 vel
864 2338 1110 2398 fraudem
1131 2349 1294 2394 tanta:
1313 2340 1576 2396 illusionis
1596 2341 1892 2398 admirans.

299 2428 433 2484 Cum
462 2432 607 2486 enim
641 2431 804 2486 nimia
832 2432 1149 2489 lassitudine
1175 2432 1428 2504 fatigatus
1456 2433 1643 2498 frater,
1674 2435 1892 2505 requie-

298 2535 453 2576 scere
475 2521 700 2593 jamque
727 2522 889 2579 tinem
929 2525 1082 2596 operi
1114 2525 1373 2582 voluisset
1401 2527 1704 2597 imponere,
1736 2527 1893 2583 insti-

299 2613 517 2683 gatione
573 2615 796 2684 spiritus
847 2613 990 2671 illius
1035 2617 1310 2673 animatus
1367 2619 1562 2674 iterum
1617 2634 1896 2675 resumere

299 2706 554 2762 malleum
581 2749 597 2773 ,
642 2723 743 2763 nec
792 2707 1045 2764 desinere
1070 2710 1139 2764 ab
1171 2709 1470 2766 intentione
1515 2713 1676 2780 coepti
1715 2712 1896 2781 operis

299 2801 623 2872 urgebatur,
659 2802 732 2857 ita
758 2813 814 2858 ut
841 2802 1031 2859 iisdem
1062 2803 1178 2874 ejus
1205 2805 1566 2860 incitamentis
1586 2804 1896 2875 infatigabi-

300 2892 426 2949 liter
451 2903 791 2952 sustentatus
821 2896 952 2950 tanti
996 2896 1196 2951 laboris
1223 2912 1330 2952 non
1361 2897 1591 2952 sentiret
1620 2897 1894 2967 injuriam.

301 2987 544 3044 Tandem
566 2989 730 3058 igitur
751 3003 920 3045 senex
952 2998 1059 3043 tam
1092 2989 1211 3043 dira
1238 2989 1502 3044 daemonis
1532 2989 1898 3047 ludificatione

302 3090 617 3152 permotus,
670 3082 736 3137 ad
784 3083 974 3139 cellam
1029 3082 1210 3139 fratris
1239 3083 1501 3150 divertit,
1549 3084 1898 3154 salutansqne

303 3188 451 3240 eum,
475 3175 638 3243 Quid,
665 3176 858 3246 inquit,
887 3185 992 3245 est,
1025 3177 1210 3244 frater,
1247 3178 1388 3233 istud
1421 3192 1556 3247 opus
1581 3178 1722 3248 quod
1751 3179 1898 3248 agis?

1998 1983 2158 2023 suum
2187 1975 2388 2022 statum
2418 1967 2760 2022 saecularium
2787 1981 2978 2023 sensus
3007 1967 3276 2023 inebriare
3301 1983 3596 2025 consueve-

1999 2069 2156 2128 runt,
2191 2074 2300 2116 non
2331 2061 2572 2116 sinentes
2603 2058 2708 2132 [AL
2754 2075 2853 2116 nec
2885 2060 3090 2132 sinunt]
3113 2104 3126 2126 ,
3160 2061 3407 2132 deposita
3463 2064 3598 2118 face

1999 2162 2214 2210 terrena
2239 2197 2253 2221 ,
2289 2153 2357 2209 ad
2388 2153 2558 2209 Deum
2593 2155 2644 2208 in
2672 2169 2778 2224 quo
2807 2169 3024 2224 semper
3063 2153 3241 2209 deﬁxa
3281 2169 3403 2210 esse
3433 2154 3598 2211 debet

1999 2248 2228 2303 intentio
2251 2289 2268 2316 ,
2303 2246 2629 2304 monachum
2675 2249 2945 2318 respirare
2970 2287 2985 2312 ,
3027 2247 3109 2302 cui
3139 2248 3207 2302 ab
3253 2248 3344 2302 illo
3381 2262 3596 2304 summo

2000 2338 2146 2395 bono
2177 2339 2262 2395 vel
2291 2353 2455 2410 parva
2483 2339 2774 2408 separatio,
2799 2353 2944 2394 mors
2965 2353 3203 2409 praesens
3229 2353 3293 2394 ac
3325 2341 3596 2408 pernicio-

1997 2433 2246 2489 sissimus
2276 2433 2528 2489 interitus
2565 2441 2649 2488 est
2675 2431 2996 2488 credendus.
3025 2431 3268 2500 Cumque
3315 2447 3467 2488 mens
3501 2433 3596 2488 tali

2001 2525 2160 2580 fuerit
2190 2524 2584 2596 tranquillitate
2631 2525 2845 2579 fundata
2865 2567 2878 2590 ,
2909 2523 2997 2579 vel
3033 2524 3102 2580 ab
3132 2525 3375 2580 omnium
3406 2539 3596 2580 carna-

2001 2617 2130 2672 lium
2160 2617 2471 2688 passionum
2501 2617 2732 2673 nexibus
2760 2615 3026 2682 absoluta,
3053 2626 3107 2672 et
3135 2617 3214 2671 illi
3240 2617 3332 2671 uni
3359 2631 3597 2672 summo-

2000 2726 2104 2780 que
2129 2713 2272 2766 bono
2299 2712 2643 2767 tenacissima
2663 2710 2953 2766 adhaeserit
2981 2710 3160 2765 cordis
3182 2711 3428 2777 intentio,
3450 2712 3598 2781 Apo-

2001 2805 2250 2860 stolicum
2312 2805 2442 2860 illud
2499 2804 2784 2874 implebit,
2844 2803 2972 2858 Sine
3025 2805 3399 2858 intermissione
3455 2813 3600 2858 orate

2004 2898 2045 2968 (I
2087 2897 2263 2953 Thess.
2291 2898 2370 2968 v).
2401 2896 2490 2961 Et,
2525 2896 2590 2951 In
2618 2898 2758 2951 omni
2797 2895 2912 2950 loco
2941 2895 3172 2950 levantes
3196 2911 3352 2966 puras
3380 2911 3598 2960 manus,

2001 2997 2112 3048 sine
2140 2995 2220 3047 ira
2249 3002 2295 3048 et
2317 2992 2696 3061 disceptatione
2717 2991 2758 3059 (Ι
2793 2989 2925 3043 Tim.
2959 2990 3038 3058 ιι).
3077 2990 3188 3044 llac
3216 2989 3362 3044 enim
3396 2990 3600 3054 purita-

2004 3094 2080 3152 te,
2107 3085 2270 3140 sidici
2298 3093 2494 3154 potest,
2521 3098 2683 3138 sensu
2717 3082 2910 3137 mentis
2925 3081 3184 3151 absorpto
3200 3095 3263 3136 ac
3290 3083 3357 3136 de
3378 3091 3600 3137 terreno

2004 3179 2112 3234 situ
2155 3179 2222 3233 ad
2279 3177 2575 3248 spiritalem
2633 3184 2794 3247 atque
2843 3175 3144 3245 angelicam
3189 3174 3600 3230 similitudinem

304 3267 373 3322 At
405 3267 534 3323 ille:
565 3267 934 3336 Laboramus,
981 3268 1090 3336 ait,
1133 3278 1322 3324 contra
1357 3270 1501 3324 istud
1550 3271 1897 3327 durissimum
1929 3269 1974 3332 C
2007 3273 2335 3336 reformato,
2387 3269 2644 3340 quidquid
2675 3269 2728 3323 in
2753 3283 2812 3322 se
2842 3267 3141 3337 receperit,
3177 3265 3439 3338 quidquid
3492 3276 3601 3319 traa

306 3372 491 3414 saxum
518 3401 533 3425 ,
565 3361 761 3429 vixque
808 3361 937 3414 illud
971 3361 1242 3430 potuimus
1274 3359 1564 3432 aliquando
1592 3371 1895 3417 conterere.

307 3452 384 3506 Ad
413 3452 531 3508 haec
551 3468 743 3510 senex:
770 3453 915 3510 Bene
942 3453 1146 3520 dixisti,
1167 3454 1252 3508 vix
1287 3454 1590 3525 potuimus;
1616 3469 1725 3509 non
1755 3454 1898 3511 enim

2007 3365 2265 3426 ctaverit,
2295 3361 2555 3433 quidquid
2585 3360 2777 3433 egerit,
2824 3359 3112 3431 purissima
3139 3375 3203 3414 ae
3231 3358 3599 3415 sincerissima

2006 3456 2108 3512 erit
2137 3455 2332 3511 oratio.

1395 3610 1650 3666 ALARDI
1691 3609 1927 3667 (ἶΑΖᾸΞΙ
1965 3607 2536 3668 COMMENTARIUS.

377 3760 402 3788 ι
436 3749 490 3804 ld
516 3759 620 3814 est,
652 3748 1000 3805 ambitionem
1026 3748 1378 3816 mundanam,
1401 3756 1461 3803 ut
1493 3747 1778 3819 Dionysius
1804 3763 1895 3805 ex-

343 3833 512 3876 OSllll.

309 3839 758 3946 pozuliiemonem
789 3892 843 3946 in
878 3890 1046 3945 forma
1078 3889 1352 3960 Ethiopis
1378 3891 1694 3962 plerumque
1728 3906 1893 3961 appa-

308 3979 430 4019 rere
467 3963 689 4018 solitum
733 3963 984 4032 superius
1031 3964 1212 4017 multis
1254 3963 1519 4032 exemplis
1558 3963 1895 4018 05tendimus

309 4034 479 4107 (Coll.
513 4034 550 4086 2
576 4051 626 4087 c.
662 4035 768 4104 13)
796 4077 832 4107 ,Α
863 4035 1057 4103 quibus
1088 4036 1189 4087 alia
1227 4034 1455 4102 plurima
1487 4034 1610 4088 addi
1640 4044 1888 4107 possent.

380 4118 404 4145 ε
448 4106 741 4176 Perperam
784 4105 870 4160 hic
922 4114 978 4159 et
1011 4120 1198 4175 magna
1247 4107 1562 4176 typograplti
1612 4106 1896 4161 oscitantia

309 4180 511 4232 omissa
547 4177 645 4231 fuit
682 4178 733 4230 in
779 4182 957 4245 priore
999 4187 1181 4230 nostra
1232 4177 1470 4231 editione
1531 4178 1744 4241 vocula,
1794 4194 1897 4231 non

311 4253 328 4320 (
359 4248 502 4319 quod
553 4258 733 4302 tamen
765 4248 950 4302 vitium
983 4252 1142 4320 etiam
1176 4247 1229 4320 in
1264 4248 1536 4302 nonnullis
1579 4249 1899 4316 antiquiori-

311 4319 414 4375 bus
445 4321 849 4389 exemplaribus
877 4319 1232 4386 deprehendit
1257 4320 1548 4388 Cuycliius,
1583 4327 1642 4372 ut
1686 4321 1738 4373 in
1782 4322 1900 4388 ejus

313 4393 458 4446 notis
497 4391 859 4460 castigatoriis
895 4391 1079 4444 videre
1119 4398 1202 4444 est
1237 4391 1274 4457 ),
1330 4405 1436 4460 qua
1465 4391 1674 4445 sublata
1704 4405 1900 4445 eonse-
1952 4436 1960 4446 .

313 4478 488 4532 quens
546 4474 631 4518 est
671 4478 889 4516 sensum
947 4461 1100 4514 reddi
1153 4461 1374 4516 omnino
1399 4462 1730 4514 contrarium
1756 4502 1770 4526 ,
1803 4476 1903 4517 nec

312 4531 496 4588 minus
527 4549 557 4587 a
588 4536 814 4588 veritate
857 4548 1015 4600 quam
1049 4547 1076 4585 a
1109 4539 1288 4586 mente
1329 4531 1579 4586 Auctoris
1626 4533 1857 4586 alienum
1885 4574 1901 4598 ,

314 4617 372 4658 ut
402 4613 554 4674 patet
595 4605 921 4658 attendenti.
973 4604 1179 4658 Sensus
1208 4604 1364 4674 enim
1397 4618 1562 4657 verus
1607 4611 1712 4663 est,
1742 4618 1902 4674 quem

321 4673 613 4747 Dionysius
639 4675 889 4730 Carthus.
923 4691 1014 4730 sua
1037 4673 1347 4743 paraphrasi
1374 4676 1457 4747 vel
1481 4675 1661 4744 potius
1677 4673 1906 4729 clariore

314 4746 564 4816 synta’xi,
615 4758 669 4801 et
710 4748 956 4801 ordinata
1002 4749 1288 4799 verborum
1319 4746 1481 4812 serie,
1531 4760 1628 4800 seu
1659 4753 1908 4800 constru-

312 4819 538 4886 ctione,
602 4827 661 4872 ut
711 4827 932 4884 vocant,
993 4816 1284 4870 elueidavit
1337 4817 1480 4870 hunc
1530 4816 1582 4870 in
1640 4817 1904 4871 modum:

315 4889 641 4942 Abstinentia
662 4931 676 4952 ,
710 4906 796 4942 seu
826 4889 1042 4942 cessatio
1070 4888 1256 4941 abillis
1287 4889 1506 4960 negotiis
1531 4903 1644 4956 qua:
1672 4903 1911 4942 exercere

315 4976 416 5012 non
451 4977 758 5026 possumus,
811 4961 1009 5013 etiamsi
1051 4960 1280 5026 velimus,
1341 4971 1387 5013 et
1435 4960 1691 5024 despectio
1737 4974 1909 5012 rerum

314 5031 528 5084 illarum
569 5047 790 5100 quarum
813 5032 1058 5102 appetitio
1094 5031 1282 5099 faceret
1313 5047 1406 5083 nos
1438 5031 1605 5097 prima
1632 5034 1806 5099 fronte
1828 5046 1906 5083 re-

314 5102 685 5173 prehensibiles
735 5111 839 5154 tam
891 5103 1034 5170 apud
1079 5103 1515 5173 spiritalesrviros
1560 5118 1713 5170 quam
1765 5102 1906 5169 apud

315 5174 594 5226 sa’culares
622 5175 871 5236 homines,
904 5190 1006 5226 non
1037 5174 1158 5226 satis
1187 5172 1459 5226 ostendunt
1484 5173 1663 5224 uitium
1691 5173 1907 5225 sarcula-

312 5244 388 5296 ris
415 5243 712 5297 ambitionis
743 5244 933 5297 nostris
976 5243 1229 5296 mentibus
1260 5258 1362 5296 non
1389 5243 1554 5296 inesse
1603 5259 1621 5297 :
1652 5244 1740 5295 sed
1782 5245 1907 5296 dum

313 5317 475 5366 etiam
521 5316 692 5384 rigida
732 5316 915 5369 mentis
967 5315 1282 5368 districtione
1319 5315 1606 5385 respuimus
1659 5313 1751 5385 illa
1795 5329 1909 5382 qua:

314 5396 508 5438 nostra
551 5383 830 5454 suppetunt
873 5390 1140 5452 potestati,
1171 5394 1352 5438 etcum
1399 5383 1623 5455 quadam
1651 5383 1910 5438 honestate

313 5458 558 5509 videntur
588 5473 735 5526 posse
762 5457 958 5511 haberi.
989 5455 1077 5511 Sic
1109 5457 1410 5526 Dionysius.
1436 5455 1530 5509 Cui
1562 5456 1763 5524 optimc
1780 5469 1910 5508 con-

311 5538 480 5579 sonat
524 5532 714 5581 harum
761 5526 1124 5582 Collationum
1157 5527 1358 5582 Gallica
1388 5531 1404 5550 ⁶
1439 5527 1619 5581 versio
1649 5542 1677 5579 a
1705 5526 1914 5581 Joanne

314 5597 630 5650 Lavardino
683 5598 825 5654 edita
886 5615 992 5652 una
1057 5613 1178 5652 cum
1246 5599 1687 5652 annotationibus
1750 5598 1908 5652 Dom.

310 5667 763 5739 CuycbiiGallice
785 5669 970 5726 itidem
999 5669 1292 5736 translatis,
1316 5670 1459 5724 nulla
1490 5680 1667 5724 tamen
1689 5669 1825 5738 ejus,
1856 5677 1914 5723 ut

383 5820 584 5882 ‘llujus
621 5830 787 5872 tamen
829 5823 1070 5874 versionis
1108 5837 1205 5873 non
1248 5824 1474 5877 meminit
1521 5824 1822 5878 Possevinus
1860 5827 1911 5878 in

311 5892 563 5950 apparatu
592 5884 726 5934 inter
749 5898 899 5950 oper,
922 5883 1196 5938 Lavardinl.

525 5971 808 6040 Panos.
848 5960 1083 6038 XLIX.

1996 3747 2156 3818 primi
2187 3746 2449 3818 Auctoris
2469 3746 2603 3818 facta
2653 3745 2944 3818 mentione.
2991 3741 3079 3818 S_ic
3135 3742 3296 3812 igitur
3333 3744 3427 3799 ille
3457 3745 3599 3802 hunc

1996 3812 2171 3875 locum
2197 3818 2414 3888 pr0prio
2439 3817 2694 3872 idiomate
2722 3815 2987 3871 reddidit:
3009 3812 3152 3888 Pour
3172 3825 3302 3868 cesle
3324 3832 3476 3871 cause
3499 3835 3600 3874 non

1996 3887 2274 3945 seuleiitent
2305 3888 2633 3942 l’abstinence
2655 3931 2668 3954 ,
2720 3904 2785 3941 ou
2823 3888 2976 3956 delay
3006 3887 3070 3938 de
3103 3903 3190 3957 cesi
3212 3903 3421 3957 negoces
3447 3931 3462 3954 ,
3506 3907 3601 3954 quc

1999 3979 2127 4016 nous
2151 3977 2213 4014 ne
2240 3976 2468 4030 pouvons
2497 3976 2721 4027 exercer,
2760 3975 2870 4013 ores
2893 3974 2991 4030 que
3016 3973 3155 4030 nousr
3169 3956 3218 4030 le
3241 3956 3470 4030 voulions
3487 3977 3505 4023 ;
3537 3979 3602 4016 ne

2001 4035 2048 4087 le
2074 4027 2311 4102 mespris,
2335 4043 2382 4084 et
2412 4032 2532 4084 reiet
2554 4031 2617 4084 de
2646 4047 2724 4084 ces
2751 4027 2947 4090 cltoses,
2967 4027 3230 4102 lesquelles
3251 4029 3295 4081 si
3316 4045 3448 4102 nous
3472 4031 3601 4098 a/fe-

2001 4101 2248 4168 ctons,et
2274 4103 2568 4157 convoitons
2589 4147 2603 4170 ,
2631 4119 2760 4155 nous
2784 4103 3002 4155 rendent
3027 4101 3243 4153 soudain
3282 4101 3601 4170 reprehensi-

2002 4175 2105 4230 bles
2135 4183 2246 4228 tant
2272 4191 2331 4231 en
2362 4174 2412 4226 la
2442 4188 2681 4244 presence
2705 4173 2792 4226 des
2831 4170 3369 4244 Itommesspiiituels,
3401 4189 3496 4240 que
3521 4191 3602 4228 se-

2002 4248 2208 4309 culiers,
2242 4261 2306 4300 ne
2351 4242 2633 4298 monstrent
2666 4261 2756 4308 pas
2786 4261 2926 4298 asses
2967 4242 3370 4312 sumsamment,
3417 4260 3515 4312 que
3557 4245 3602 4299 le

2004 4318 2160 4389 peclté
2181 4319 2243 4371 de
2266 4316 2548 4389 t'ambitiOtt
2571 4315 2813 4389 seculiere
2839 4332 2899 4367 ne
2921 4330 3097 4384 repose
3121 4314 3264 4389 point
3287 4314 3480 4389 dedens
3504 4332 3602 4389 nos

2004 4383 2184 4460 esprits
2208 4404 2226 4442 :
2253 4389 2380 4440 mais
2405 4387 2536 4450 bien,
2570 4385 2743 4454 quand
2770 4401 2890 4437 avet:
2916 4401 3014 4438 une
3045 4387 3271 4460 esti-‘oitte
3298 4383 3507 4460 rigueur
3535 4387 3602 4441 de

2008 4457 2173 4513 nostre
2220 4475 2351 4523 ante,
2389 4474 2514 4510 nous
2545 4461 2785 4510 reiettons
2832 4464 2941 4508 lout
2981 4473 3037 4508 ce
3065 4457 3152 4524 qui
3182 4465 3255 4509 cst
3275 4457 3400 4506 snbz
3429 4468 3602 4512 nostra

2007 4531 2298 4600 puissance,
2327 4540 2374 4600 et
2400 4527 2484 4595 qui
2502 4528 2696 4600 _semble
2724 4527 2939 4600 poueoir
2959 4534 3092 4580 estre
3120 4537 3316 4600 retenti,
3344 4542 3409 4578 ou
3427 4544 3601 4595 posse-

2007 4596 2070 4654 δέ
2099 4615 2218 4654 avec
2247 4599 2464 4668 qttelqtte
2492 4596 2806 4651 Itonnesteté.
2842 4597 3111 4652 llactenus
3145 4596 3384 4651 Gallicus
3425 4599 3598 4652 inter-

2010 4686 2154 4740 pres.
2187 4669 2525 4723 Manifestum
2553 4678 2732 4721 autem
2756 4675 2841 4740 est
2864 4678 3106 4720 nostrum
3148 4669 3464 4740 collatorem
3512 4670 3601 4724 hic

2011 4737 2276 4810 respicere
2313 4749 2587 4810 postrema
2620 4740 2708 4792 illa
2734 4739 2898 4810 verba
2927 4737 3289 4810 prwcedentis
3303 4752 3422 4810 cap.
3445 4779 3459 4802 ,
3483 4741 3602 4808 qui-

2009 4808 2112 4866 bus
2130 4808 2712 4864 Vitium—ambitionisin
2735 4809 3053 4880 quibusdam
3079 4808 3361 4863 monachis
3381 4811 3451 4862 ita
3478 4827 3607 4878 per-

2015 4883 2308 4937 strinxerat
2334 4881 2600 4952 :|Cumque
2631 4882 2780 4933 unius
2811 4883 2913 4935 sire
2933 4880 3155 4933 duarum
3187 4880 3431 4952 habitatio
3457 4881 3601 4950 suni-

2011 4956 2111 5008 ciat
2143 4951 2451 5006 eellularum
2471 4994 2482 5013 ,
2508 4953 2786 5005 ambitione
2802 4953 3044 5006 stcculari
3078 4963 3228 5022 atque
3257 4951 3607 5022 amplitudine

2015 5024 2249 5078 delectati
2271 5066 2284 5088 ,
2333 5036 2553 5091 quatuor
2599 5040 2687 5076 seu
2729 5024 2950 5092 quinque
2979 5020 3154 5089 cellas,
3183 5035 3230 5076 et
3266 5020 3358 5074 ltas
3395 5024 3606 5077 easdem

2012 5096 2312 5166 exquisitius
2342 5104 2571 5157 ornatas,
2607 5105 2650 5147 et
2674 5096 2963 5164 capaciores
2989 5109 3293 5166 quantusus
3319 5093 3605 5166 desiderat,

2012 5163 2331 5223 exstruamus
2353 5207 2367 5231 ,
2399 5168 2683 5233 passionem
2719 5163 2949 5236 libidinis
2983 5163 3258 5219 mundialis
3279 5205 3292 5223 ,
3322 5165 3374 5218 in
3417 5165 3610 5236 quibus

2013 5255 2306 5311 possumus,
2336 5234 2800 5311 prteferentes.__Cui
2829 5238 2956 5311 vitio
2997 5236 3310 5311 ambitionis
3333 5234 3437 5291 seu
3479 5236 3606 5311 libi-

2017 5307 2160 5364 dinis
2189 5309 2476 5362 mundialis
2505 5309 2744 5361 ostendit
2777 5308 2935 5361 tnodo
2963 5307 3246 5375 suhjaccre
3276 5322 3382 5360 non
3426 5307 3604 5362 solum

2016 5383 2106 5451 qui
2134 5380 2236 5435 sibi
2268 5378 2616 5449 impossibilia
2645 5420 2660 5445 ,
2704 5388 2795 5451 aut
2820 5394 2849 5431 a
2881 5392 2986 5451 suo,
3009 5387 3149 5432 statu
3189 5387 3244 5432 et
3289 5376 3604 5451 conditione

2019 5449 2191 5506 aliena
2221 5460 2518 5514 sectantur,
2553 5459 2640 5502 aut
2673 5450 2762 5516 qui
2789 5465 2947 5514 nova,
2978 5450 3219 5515 insolita,
3249 5456 3338 5501 aut
3366 5449 3605 5517 singula-

2018 5525 2121 5587 ria,
2152 5524 2232 5576 vel
2264 5538 2477 5592 quoque
2498 5521 2658 5592 modo
2687 5521 2870 5574 illicita
2900 5532 2951 5573 et
2975 5520 3241 5588 prohibita
3274 5518 3528 5574 affectant
3551 5529 3605 5574 et

2015 5591 2436 5662 concupisCunt;
2469 5591 2561 5644 sed
2601 5592 2770 5662 etqni
2813 5592 3078 5659 SttpcrlltIn
3113 5602 3164 5644 et
3199 5592 3413 5644 curiosa
3442 5605 3605 5660 appe-

2016 5674 2130 5720 tunt
2153 5708 2166 5731 ,
2199 5661 2337 5734 puta
2374 5667 2558 5731 plures
2589 5661 2836 5734 cellulas,
2870 5663 2954 5734 vel
2998 5662 3303 5734 ornatiores
3333 5662 3416 5716 vel
3448 5676 3605 5734 capa-

2016 5736 2191 5791 ciores
2217 5732 2376 5804 quam
2411 5732 2704 5788 necessitas
2734 5733 2990 5801 requirat,
3023 5733 3234 5788 etiamsi
3267 5747 3451 5804 eorum
3476 5733 3603 5784 sub-

2017 5809 2125 5862 sint
2152 5803 2428 5876 potestati,
2459 5814 2514 5858 et
2543 5805 2771 5859 honesto
2800 5805 2980 5874 aliquo
3012 5815 3280 5874 przetextu
3322 5803 3602 5864 videantut

2017 5895 2176 5956 posse
2205 5891 2471 5934 excusari.
