4078 6332
337 264 441 322 785

1409 275 1749 336 COLLATIO
1783 277 1880 335 1X.
1910 309 1982 324 —
2006 282 2098 340 DE
2137 284 2509 346 ORATIONE.

3508 277 3627 360 786

331 397 434 440 nos
470 383 820 454 purissimam
849 387 1096 457 corporis
1115 387 1418 446 castitatem
1445 405 1544 446 seu
1581 393 1916 450 immobilem
1946 401 2002 464 Α
2023 397 2190 454 simas
2211 401 2516 472 saepissime
2537 403 2790 459 novimus
2819 417 3012 474 preces
3039 405 3342 478 ignitasque
3369 407 3615 480 prodire,

331 475 646 546 patientiam
693 481 1028 536 exhibituros
1065 496 1186 538 esse
1217 493 1504 554 perpetuo,
1551 486 1636 541 vel
1679 501 1801 542 cum
1853 487 1922 546 de

328 569 492 624 corde
521 579 715 626 nostro
741 572 953 628 radices
984 575 1079 628 irte
1105 575 1218 630 sive
1263 576 1495 632 tristitiae
1525 589 1756 634 mortem
1787 595 1921 652 ope-

325 662 494 716 rantis
525 677 784 720 vovemus
805 664 1046 720 funditus
1073 669 1365 736 eruendas,
1398 685 1520 740 quze
1557 687 1680 728 cum
1709 673 1916 730 desidia

325 753 550 808 resoluti
571 763 736 826 atque
757 757 822 812 ad
849 759 1068 830 antiqua
1117 760 1246 815 vitia
1292 771 1662 832 recurrentes,
1691 765 1917 824 minime

325 845 636 914 fecerimus,
670 850 876 904 erimus
901 852 1204 907 orationum
1236 861 1546 910 nostrarum
1577 871 1643 912 ac
1663 867 1914 916 votorum

323 937 426 1004 rei,
451 938 772 1012 diceturque
795 943 990 998 nobis:
1024 943 1214 1000 Melius
1253 957 1330 1002 est
1377 965 1478 1002 non
1519 963 1712 1016 uouere,
1759 969 1912 1024 quam

321 1045 522 1095 novere,
551 1041 598 1084 et
642 1049 744 1086 non
791 1035 1004 1090 reddere
1062 1035 1232 1104 (Eccl.
1283 1037 1361 1109 v).
1413 1039 1566 1106 Quod
1611 1044 1910 1100 secundum

321 1119 570 1176 Graecum
601 1121 710 1178 dici
739 1135 960 1194 potest:
997 1135 1022 1164 λ
1051 1127 1243 1184 Melius
1285 1139 1360 1184 est
1409 1147 1514 1186 non
1551 1148 1720 1203 orare,
1757 1153 1912 1206 quam

322 1229 470 1268 orare
499 1226 546 1270 et
567 1232 672 1270 non
701 1217 938 1274 reddere.

919 1337 1154 1396 CAPUT
1191 1341 1334 1398 XIII.

889 1438 970 1494 De
997 1441 1360 1512 postulatione.

385 1533 412 1572 δ
441 1533 630 1593 Tertio
689 1539 810 1594 loco
847 1551 1121 1610 ponuntur
1155 1545 1579 1614 postulationes,
1623 1563 1756 1620 quas
1805 1565 1903 1622 pro

319 1625 430 1681 aliis
450 1643 692 1700 quoque,
724 1629 849 1686 dum
894 1647 1080 1688 sumus
1129 1635 1182 1689 in
1213 1637 1426 1692 fervore
1451 1641 1674 1708 spiritus
1703 1643 1904 1698 consti-

319 1719 432 1786 tuti,
465 1721 708 1778 solemus
741 1725 1018 1792 emittere;
1059 1729 1142 1784 vel
1183 1745 1282 1799 pro
1323 1732 1503 1788 charis
1553 1735 1758 1791 scilicet
1805 1753 1902 1792 no-

2030 493 2102 546 ita
2135 501 2191 547 ut
2217 503 2434 550 constet
2465 511 2654 551 omnes
2691 496 2786 552 has
2825 513 2962 568 quas
2989 499 3340 568 praediximus
3376 501 3609 570 species,

2026 587 2274 642 omnibus
2300 589 2457 644 utiles
2483 605 2546 644 ac
2602 595 2938 647 necessarias
2985 591 3236 660 inveniri,
3289 603 3348 648 ut
3392 593 3446 649 in
3505 611 3614 654 uno
3708 671 3714 676 ι

2023 679 2324 752 eodemque
2349 683 2468 738 viro
2509 699 2650 739 nunc
2691 685 2910 754 quidem
2956 686 3426 757 obsecrationum,
3471 703 3617 746 nunc

2021 784 2202 830 autem
2256 776 2588 842 orationum,
2647 792 2790 832 nunc
2837 777 3286 846 postulationum,
3343 794 3506 848 puras
3549 793 3616 836 ac

2019 865 2450 924 ferventissimus
2490 869 2912 938 supplicationes
2957 869 3199 926 variatus
3238 871 3452 926 emittat
3476 870 3612 928 alle-

2019 971 2168 1026 ctus;
2197 971 2374 1016 tamen
2397 961 2568 1030 prima
2593 961 2660 1016 ad
2689 961 3014 1032 incipientes
3039 963 3252 1018 videtur
3277 951 3608 1032 peculiarius

2017 1056 2312 1125 pertinere,
2345 1053 2436 1126 qui
2483 1057 2665 1112 adhuc
2711 1053 2961 1111 vitiorum
3019 1073 3240 1112 suorum
3291 1057 3496 1114 aculeis
3541 1072 3608 1116 ac

2013 1151 2276 1206 memoria
2305 1151 2705 1216 remordentur,
2744 1150 2980 1206 secunda
3009 1151 3076 1206 ad
3105 1152 3228 1206 illos
3269 1151 3362 1222 qui
3393 1153 3446 1206 in
3474 1167 3606 1222 pro-
3691 1159 3708 1196 οῖ

2011 1243 2158 1298 fectu
2185 1243 2295 1313 jam
2351 1243 2618 1313 spirituali
2664 1245 3012 1314 appetituque
3058 1245 3316 1300 virtutum
3370 1247 3602 1316 quadam

2011 1336 2208 1390 mentis
2237 1335 2572 1392 sublimitate
2597 1336 2922 1402 consistunt,
2951 1338 3108 1392 tertia
3141 1339 3206 1394 ad
3229 1353 3324 1394 eos
3351 1339 3442 1410 qui
3477 1355 3598 1409 pert-

2008 1423 2296 1484 fectiunem
2327 1437 2574 1484 votorum
2605 1444 2822 1484 suorum
2845 1429 3104 1498 Operibus
3125 1428 3486 1502 adimplentes
3515 1431 3600 1488 inv

2009 1521 2288 1576 tercedere
2327 1536 2426 1590 pro
2467 1521 2586 1576 aliis
2637 1535 2850 1592 quoque
2900 1507 3360 1578 consideratione'
3388 1522 3600 1592 fragili.-

2007 1615 2134 1668 tatis
2161 1629 2344 1669 eorum
2376 1623 2430 1668 et
2482 1612 2760 1668 charitatis
2790 1612 2968 1668 studio
3001 1621 3382 1682 provocantur,
3406 1621 3595 1684 quarta

2005 1706 2072 1760 ad
2105 1707 2226 1760 illos
2255 1707 2344 1776 qui
2371 1705 2484 1775 jam
2518 1705 2712 1774 ptenali
2743 1705 3089 1760 conscientia:
3123 1707 3275 1774 spina
3300 1705 3368 1760 de
3407 1705 3593 1760 cordi-

316 1811 457 1876 stris,
484 1813 572 1867 vel
628 1829 728 1884 ριιο
761 1817 922 1872 totius
965 1820 1149 1875 mundi
1193 1837 1326 1890 pace
1368 1835 1673 1894 poscentes,
1723 1839 1798 1894 et,
1843 1841 1901 1885 ιη
1929 1813 1980 1873 Β
2005 1801 2105 1856 bus
2135 1801 2320 1856 evulsa
2350 1801 2660 1894 securijam
2681 1800 3076 1894 munificentias
3103 1801 3315 1894 Domini
3338 1815 3402 1894 ac
3432 1801 3596 1866 miser

315 1901 475 1970 ipsius
506 1905 752 1974 Apostoli
784 1909 962 1964 verbis
993 1911 1242 1982 eloquar,
1275 1931 1396 1970 cum
1429 1935 1524 1988 pro
1546 1920 1777 1976 omnibus
1805 1923 1900 1976 lto-

313 1995 545 2058 ntinibus,
577 2015 674 2068 pro
697 2001 900 2071 regibus
919 2011 968 2056 et
992 2005 1224 2060 omnibus
1245 2009 1332 2076 qui
1359 2009 1411 2062 in
1440 2009 1752 2066 sublimitate
1779 2024 1898 2068 sunt

315 2087 356 2158 (l
379 2087 513 2144 Tim.
543 2091 626 2163 tt),
657 2095 1044 2166 supplicamus.

883 2209 1114 2267 CAPUT
1152 2212 1292 2270 XIV.

775 2305 855 2364 De
879 2312 1164 2380 gratiarum
1187 2315 1404 2371 actione.

375 2412 398 2441 ο
421 2401 626 2470 Quarto
647 2405 846 2463 deinde
874 2408 994 2466 loco
1015 2414 1310 2482 gratiarum
1329 2419 1570 2476 actiones
1592 2433 1886 2493 ponuntur,

302 2487 430 2564 t'juas
457 2512 636 2566 mens,
671 2500 756 2556 vel
782 2517 904 2556 cum
937 2509 1212 2574 praeterita
1253 2511 1343 2564 Dei
1372 2513 1564 2568 recolit
1601 2515 1884 2584 beneficia,

299 2588 382 2644 vel
409 2603 532 2644 cum
561 2598 852 2661 praesentia
883 2603 1284 2672 contemplatur
1303 2619 1446 2668 ,-seu
1472 2623 1592 2664 cum
1625 2611 1680 2665 in
1733 2611 1882 2668 futu-

297 2695 412 2734 rum
439 2697 560 2752 qua
589 2695 642 2738 et
671 2697 868 2755 quanta
899 2696 1286 2760 prmparaverit
1315 2697 1459 2753 Deus
1491 2701 1576 2754 his
1619 2703 1707 2772 qui
1756 2705 1884 2760 dili-

293 2780 424 2838 gunt
461 2789 588 2828 eum
641 2778 918 2847 prospicit,
985 2797 1080 2851 per
1133 2784 1430 2844 ineffabiles
1469 2805 1726 2850 excessus
1772 2797 1881 2853 Deo

291 2863 480 2920 refert.
531 2867 645 2936 Qua
679 2871 840 2926 etiam
883 2873 1186 2934 intentione
1231 2895 1637 2954 nonnumquam
1687 2903 1880 2958 preces

293 2955 578 3014 ulteriores
607 2961 784 3016 emitti
805 2963 1004 3032 solent,
1038 2966 1166 3024 dum
1197 2970 1290 3026 illa
1321 2988 1442 3042 quae
1479 2955 1720 3046 reposita
1749 2993 1878 3038 sunt

291 3046 342 3098 in
369 3046 550 3102 futuro
597 3061 908 3108 sanctorum
954 3061 1172 3125 praemia
1221 3065 1528 3132 purissimis
1573 3071 1746 3128 oculis
1793 3074 1876 3130 in-

2003 1895 2268 1962 rationes,
2302 1909 2434 1963 quas
2463 1893 2546 1948 vel
2579 1893 2632 1948 in
2683 1893 2960 1962 praeterito
2993 1893 3197 1958 tribuit,
3233 1893 3322 1946 vel
3371 1893 3424 1946 in
3456 1907 3592 1962 prte-

2001 1987 2142 2040 senti
2177 1986 2426 2056 largitur,
2457 1987 2540 2040 vel
2575 1995 2846 2055 prtcparat
2875 1987 2927 2038 in
2975 1985 3177 2050 futuro,
3211 1994 3393 2040 mente
3417 1984 3593 2054 puris-

1997 2079 2132 2132 sima
2163 2087 2478 2142 tractantes,
2513 2079 2576 2132 ad
2607 2079 2754 2132 illam
2781 2078 3026 2148 ignitam,
3051 2085 3108 2132 et
3135 2092 3254 2147 quae
3282 2091 3378 2132 ore
3419 2076 3593 2132 homi-

1997 2189 2126 2226 num
2157 2187 2256 2226 nec
2281 2171 2666 2240 comprehendi
2693 2185 2790 2226 nec
2809 2170 3038 2241 exprimi
3061 2179 3258 2240 potest,
3283 2169 3590 2226 orationem

1997 2263 2114 2336 [AL
2144 2265 2436 2336 exstasim}
2465 2265 2860 2322 ferventissimo
2889 2263 3052 2318 corde
3093 2269 3398 2332 raptantur.
3445 2261 3592 2321 Non-

1994 2373 2284 2428 numquam
2319 2367 2494 2413 tamen
2528 2373 2682 2412 mens
2703 2373 2824 2425 qua:
2851 2357 2904 2411 in
2929 2357 3076 2410 illum
3106 2370 3297 2410 verum
3332 2355 3585 2424 puritatis

1992 2451 2214 2522 proﬁcit
2239 2451 2513 2520 affectum,
2548 2459 2710 2520 atque
2741 2451 2792 2504 in
2831 2464 2898 2504 eo
2923 2447 3034 2518 jam
3061 2447 3290 2517 coeperit
3321 2446 3580 2514 radicari,

1989 2543 2136 2598 solet
2158 2543 2272 2598 haec
2297 2544 2478 2596 omnia
2509 2541 2672 2596 simul
2701 2541 3006 2610 pariterque
3033 2539 3373 2608 concipiens,
3416 2549 3578 2608 atque

1989 2635 2042 2688 in
2069 2635 2286 2690 modum
2311 2633 2590 2704 cujusdam
2623 2630 3198 2702 incomprehensibilis
3243 2645 3308 2686 ac
3339 2629 3576 2698 rapacis-

1986 2727 2138 2780 sima:
2167 2725 2604 2780 flamma-cuncta
2633 2723 2968 2794 pervolitans
2999 2721 3302 2776 ineffabiles
3327 2720 3392 2774 ad
3414 2721 3582 2784 Deum

1986 2835 2176 2888 preces
2223 2817 2496 2888 purissimi
2551 2817 2752 2887 vigoris
2795 2815 3095 2880 effundere,
3140 2827 3272 2882 quas
3301 2813 3416 2882 ipse
3458 2811 3584 2884 Sui:

1983 2915 2116 2969 ritus
2147 2912 2498 2984 interpellans
2523 2907 2837 2982 gemitibus
2879 2907 3338 2966 inenarrabilibus
3363 2947 3377 2971 ,
3427 2907 3578 2975 igno-

1980 3006 2228 3062 rantibus
2255 3005 2434 3067 nobis,
2464 3003 2666 3058 emittit
2693 3003 2757 3057 ad
2785 3003 2976 3066 Deum,
3009 3009 3158 3054 tanta
3190 3000 3400 3056 scilicet
3429 2997 3578 3054 illius

1979 3099 2132 3154 horae
2155 3107 2432 3154 momento
2463 3095 2806 3166 concipiens,
2835 3105 2890 3149 et
2917 3093 3260 3148 ineffabiliter
3291 3093 3342 3146 in
3373 3089 3583 3160 suppli.

543 3141 554 3152 -
747 3145 758 3154 .
1979 3138 2132 3154 .........
2155 3138 2432 3154 ...............
2464 3138 2618 3152 wn...
2667 3138 2806 3160 .ν..υ,
2837 3138 2890 3149 ν.
2917 3138 3250 3148 ...νη-νηην-
3373 3138 3576 3160 --ηηη

287 3138 510 3260 ult-"To.
539 3141 844 3247 inuam!“
869 3145 984 3252 eo
1013 3153 1212 3260 gratias
1235 3169 1366 3260 ,cum
1391 3157 1656 3218 immenso
1677 3165 1872 3233 gaudio
1897 3195 1948 3260 (ζ
1979 3193 2194 3246 catione
2223 3189 2557 3260 profundens
2576 3231 2590 3255 ,
2619 3138 2816 3259 quanta
2861 3201 2966 3242 non
2995 3187 3172 3240 dicam
3215 3201 3310 3240 ore
3343 3198 3576 3254 percur-

287 3231 506 3300 spiritus
533 3245 724 3292 noster
755 3238 1040 3310 instigatur
1069 3243 1364 3304 effundere.

882 3363 1112 3422 CAPUT
1153 3369 1271 3424 XV.

287 3450 476 3538 Utrum.
497 3465 718 3540 quatuor
754 3463 1042 3540 orationum
1079 3472 1274 3534 species
1321 3475 1474 3530 simul
1503 3487 1552 3532 et
1596 3483 1834 3540 omnibus

347 3542 416 3579 an
428 3527 700 3597 sigillatim
729 3541 778 3584 et
803 3535 1028 3590 vicissim
1047 3526 1834 3612 unicuiquenni'nébeiéliiii'
1849 3526 1866 3554 ’

345 3627 424 3728 βπ
455 3631 653 3700 quibus
683 3643 918 3704 quatuor
970 3643 1254 3710 speciebus
1295 3647 1421 3703 licet
1467 3667 1868 3728 nonnumquam

277 3719 484 3775 soleant
539 3725 852 3782 occasiones
877 3729 904 3763 τι
932 3733 1382 3802 supplicationum
1411 3740 1682 3812 pinguium
1708 3719 1868 3819 gene-

277 3811 404 3879 rari,
427 3827 552 3868 nam
579 3824 636 3870 et
669 3817 738 3872 de
775 3819 1168 3880 obsecrationis
1197 3829 1404 3897 specie,
1447 3811 1567 3903 qua“:
1609 3837 1678 3893 de
1709 3811 1871 3896 eom—

277 3908 564 3974 punctione
589 3911 828 3968 nascitur
853 3927 1218 3990 peccatorum,
1244 3933 1294 3978 et
1322 3924 1390 3980 de
1421 3931 1679 3986 orationis
1702 3941 1865 4002 statu,

274 4015 390 4066 qua:
409 3999 476 4055 de
505 4002 698 4060 fiducia
721 4008 1052 4066 oblationum
1093 4021 1148 4068 et
1200 4023 1663 4080 consummatione
1707 3999 1859 4084 voto-

275 4105 388 4146 rum
414 4107 516 4162 pro
541 4098 888 4154 conscientia:
919 4103 1140 4171 profluit
1173 4109 1426 4177 puritate,
1453 4115 1592 4170 etde
1619 4121 1858 4186 pustula-

271 4183 438 4250 tione,
467 4201 587 4253 quae
603 4187 672 4242 de
691 4189 970 4247 citaritatis
995 4195 1191 4252 ardore
1219 4203 1485 4270 procedit,
1515 4183 1645 4261 etde
1658 4211 1860 4278 gratia-

271 4287 387 4327 rum
423 4278 658 4346 actione,
682 4295 800 4350 quae
839 4281 1228 4344 beneficiorum
1259 4291 1358 4348 Dei
1388 4305 1443 4349 et
1469 4299 1855 4366 magnitudinis

269 4379 330 4420 ac
357 4365 582 4436 pietatis
611 4371 726 4441 ejus
755 4375 1198 4436 consideratione
1225 4395 1536 4454 generatur,
1562 4365 1858 4448 ferventis-

1977 3299 2121 3350 rere,
2155 3285 2248 3338 sed
2281 3299 2349 3338 ne
2379 3283 2492 3352 ipsa
2521 3283 2738 3351 quidem
2773 3291 2954 3334 mente
2977 3279 3154 3332 valeat
3189 3278 3294 3334 alio
3323 3285 3576 3347 tempore

1973 3375 2270 3430 recordari.
2305 3375 2370 3429 Et
2399 3373 2538 3443 quod
2570 3375 2622 3427 in
2651 3373 3158 3443 qualibetmensura
3189 3371 3310 3440 quis
3339 3370 3569 3438 positus,

1977 3483 2380 3535 nonnumquam
2429 3481 2591 3536 puras
2651 3467 2998 3534 intentasque
3057 3477 3248 3532 preces
3297 3461 3574 3516 invenitur

1979 3563 2252 3626 emittere,
2289 3560 2412 3628 quia
2437 3569 2490 3613 et
2515 3559 2584 3612 de
2613 3558 2706 3612 illo
2739 3557 2915 3626 primo
2945 3565 3000 3612 et
3035 3555 3228 3610 humili
3256 3553 3448 3610 ordine
3477 3554 3572 3624 qui

1978 3661 2061 3706 est
2089 3665 2253 3719 super
2283 3649 2660 3704 recordatione
2707 3648 2872 3702 futuri
2908 3647 3122 3716 judicii,
3177 3649 3221 3699 is
3270 3646 3358 3714 qui
3391 3643 3571 3700 adhuc

1975 3745 2078 3796 sub
2111 3745 2334 3798 terroris
2363 3756 2520 3812 paena
2547 3755 2608 3796 ac
2637 3751 2786 3796 metu
2817 3739 3080 3794 examinis
3105 3738 3430 3793 constitutus
3460 3745 3566 3804 est,

1975 3835 2048 3888 ita
2075 3833 2142 3886 ad
2171 3833 2360 3888 horam
2395 3835 2799 3902 cumpungilur,
2848 3841 2906 3886 ut
2947 3847 3054 3885 non
3095 3831 3304 3884 minore
3343 3828 3568 3898 spiritus

1974 3928 2252 3982 alacritate
2309 3927 2374 3982 de
2426 3927 2822 3981 obsecrationis
2873 3927 3198 3996 pinguedine
3251 3925 3566 3994 repleatur,

1973 4037 2134 4092 quam
2161 4022 2248 4076 ille
2275 4021 2366 4092 qui
2399 4037 2492 4091 per
2523 4021 2812 4090 puritatem
2841 4019 3020 4075 cordis
3052 4022 3132 4074 sui
3164 4019 3568 4074 muttificetttias

1973 4113 2067 4168 Dei
2094 4113 2432 4184 perlustrans
2465 4121 2626 4184 atque
2665 4128 3008 4182 percurrens,
3057 4111 3316 4168 ineffabili
3364 4111 3566 4182 gaudio

1966 4209 2264 4279 lmtitiaque
2293 4209 2615 4272 resolvitur;
2643 4207 2830 4277 incipit
2853 4209 2994 4263 enim
3019 4207 3324 4262 secundum
3347 4215 3564 4262 senten-

1965 4302 2094 4356 tiam
2143 4300 2357 4356 Domini
2411 4301 2534 4370 plus
2572 4299 2819 4370 diligere,
2861 4299 2987 4370 quia
3030 4299 3249 4356 sibimet
3297 4298 3562 4369 ampliora

1964 4395 2248 4464 cognoscit
2273 4393 2494 4448 indulta.

1333 4497 1590 4556 ALABDI
1627 4501 1864 4560 GAZrEI
1904 4503 2468 4562 COMMENTARIUS.

337 4583 364 4612 ει
387 4577 460 4630 At
487 4575 546 4630 D.
579 4577 940 4652 Hieronymus
969 4589 1186 4663 vertit_:
1221 4587 1389 4644 Multo
1438 4594 1620 4648 melius
1648 4608 1718 4649 est
1749 4615 1852 4652 non
1877 4603 1934 4663 D

267 4663 462 4734 apti-ere,
489 4663 772 4734 quant‘pou
800 4663 970 4708 votum
991 4660 1244 4726 promissa
1266 4677 1370 4714 non
1398 4664 1632 4734 reddere.
1669 4667 1760 4722 Vel
1786 4684 1854 4722 ex

268 4717 524 4842 "(22:20:
557 4717 744 4778 Melius
789 4733 864 4778 est
893 4717 1001 4780 non
1037 4744 1232 4794 vovere,
1261 4748 1418 4800 quam
1465 4717 1638 4790 uouere
1675 4717 1854 4794 alii);

268 4805 316 4842 re
392 4806 500 4842 ere.

265 4805 500 4844 reddere.

335 4859 358 4898 δ
393 4861 454 4942 ll:
487 4863 816 4942 Augustinus
833 4868 974 4942 legit
1001 4868 1486 4942 interpellationes,
1519 4875 1744 4932 Paulino
1783 4881 1856 4936 ita

336 4883 358 4898 ν
393 4883 454 4913 υ.
487 4883 816 4930 nugusttnus
843 4883 892 4922 te
935 4883 974 4924 tt
1001 4883 1486 4942 interpellationes,
1521 4883 1744 4932 Paulino
1783 4883 1854 4936 ita

263 4932 587 5019 rescribens.
607 4932 804 5019 (.Epjst.
829 4883 928 5010 59g
951 4957 964 4992 :
997 4939 1104 5019 Pro
1129 4943 1624 5019 interpellationibus
1654 4959 1854 5019 autem,

261 5003 400 5088 quod
421 5004 587 5088 nostri
630 5005 836 5088 habent,
863 5003 1150 5088 secundum
1183 5003 1404 5088 codices,
1437 5019 1614 5083 credo,
1641 5003 1852 5088 uestros:

261 5073 634 5161 pastulat‘io'nes
654 5080 895 5161 posuisti:
923 5081 1062 5161 ⁵Ηίείς
1092 5085 1294 5161 interim
1331 5073 1466 5161 duo,
1511 5088 1564 5141 id
1594 5073 1854 5161 533:,an

259 5143 345 5194 alii
375 5143 768 5227 postulatio—nes,
801 5151 892 5227 alii
915 5153 1346 5224 interpellationes
1374 5143 1849 5227 interpretati

259 5215 645 5298 inlinit-terim!!!
671 5223 952 5298 transferre
983 5215 1274 5298 uoluerunt,
1305 5231 1444 5298 quod
1466 5215 1678 5284 G'rtecus
1709 5215 1854 5288 Italici

259 5285 528 5362 ξπεύξᾳς.
572 5285 642 5341 Et
673 5285 901 5360 profecto
951 5297 1194 5350 advertis.
1245 5285 1350 5352 Sed
1379 5301 1514 5354 nosti
1553 5303 1702 5356 aliud
1730 5285 1853 5358 esse

259 5357 610 5440 interpellare,
635 5357 790 5440 aliud"
809 5363 1098 5440 post_ulare._
1117 5365 1242 5440 Non
1262 5372 1394 5423 enim
1419 5373 1640 5426 solemus
1662 5357 1852 5440 dicere,

259 5426 526 5509 postulant
555 5426 949 5509 interpellatum,
1007 5437 1098 5490 sed
1143 5435 1484 5506 Interpellattt
1518 5426 1847 5509 postulaturi:

269 5497 628 5585 Uerumtamen
658 5497 725 5584 eis
750 5497 1010 5585 vicinitate
1039 5511 1242 5585 uerbum
1274 5497 1591 5582 usurpatum,
1621 5519 1702 5566 cui
1726 5531 1848 5585 pro-

255 5571 519 5644 pinquitas
566 5573 678 5640 ipsa
707 5574 942 5644 impetrat
968 5579 1298 5644 intellectura,
1329 5571 1428 5636 non
1459 5593 1530 5636 est
1563 5571 1696 5638 uelut
1726 5571 1850 5639 con-

253 5641 390 5720 s'oria
421 5641 1078 5720 notationeculpandum.
1130 5641 1340 5706 Nuntiet
1371 5655 1432 5708 de
1467 5655 1582 5720 ipso
1631 5656 1850 5710 Domino

253 5706 380 5794 {tam
414 5706 992 5794 Cltristondictut'rtuest
1021 5724 1157 5794 quotl
1213 5706 1502 5788 interpellal
1533 5706 1652 5794 ἀπὸ

258 5775 437 5845 (lium.
459 5781 597 5850 τιιι).
621 5775 1214 5859 Numquidittlet'lpcllat,
1235 5775 1280 5848 et
1296 5775 1850 5866 ubi;

1961 4598 2128 4670 Immo
2156 4615 2272 4653 varo
2299 4599 2422 4668 quia
2470 4599 2709 4666 pastu/st,
2739 4615 2832 4668 prs
2859 4615 2915 4652 es
2945 4599 3166 4669 positum
3191 4607 3283 4667 est,
3311 4601 3560 4670 interpel-

1965 4669 2062 4724 lat.
2096 4682 2202 4724 etc.

2039 4711 2062 4779 ἑ
2297 4741 2610 4815 εὖχαρξστίία
2639 4755 2666 4794 a
2695 4739 2862 4815 verbo
2893 4742 3242 4815 εὐχαριᾳτέω,
3273 4741 3426 4815 (μιοἀ
3449 4750 3560 4815 tam

1961 4813 2131 4865 sacris
2157 4827 2316 4881 quam
2351 4809 2590 4878 profanis
2620 4809 3167 4881 auctoribus’gt'ittias
3195 4809 3356 4881 agere
3387 4814 3562 4878 signi-

1961 4883 2108 4936 ficat.
2141 4881 2294 4952 Unde
2323 4881 2732 4936 Sacramentutn
2763 4885 2950 4936 altaris
2982 4881 3305 4936 eucbariStia
3337 4883 3552 4952 dicitur,

1961 4953 2095 5006 alias
2147 4951 2554 5007 Sacramentum
2602 4956 2897 5023 gratiarum
2945 4952 3210 5016 actionis;
3265 4953 3410 5022 quod
3462 4969 3558 5022 per

1959 5023 2078 5093 ejus
2102 5023 2433 5078 oblationem
2464 5033 2516 5076 et
2551 5027 2915 5094 sutnptinnem
2947 5023 3284 5094 Deogratias
3335 5039 3558 5094 agamus
3607 5055 3620 5088 ~_

1957 5107 2058 5162 pro
2083 5095 2351 5148 univorsis
2378 5094 2496 5162 ejus
2527 5110 2652 5163 erga
2677 5093 2786 5150 nos
2825 5093 3124 5158 beneficiis,
3150 5093 3400 5164 atquein
3449 5096 3558 5164 pri-
3619 5105 3625 5110 ‘

1959 5167 2063 5234 mis
2097 5179 2193 5234 pro
2219 5165 2316 5218 hoc
2343 5165 2460 5232 ipso
2501 5167 2856 5222 Sacramenta
2881 5165 3104 5234 ejusque
3137 5163 3334 5220 fructu.

2030 5233 2056 5271 ά
2097 5233 2152 5288 id
2180 5244 2284 5302 est,
2319 5234 2637 5290 devotarum
2671 5233 3166 5305 orationutn,’quas
3207 5235 3348 5290 infra
3397 5247 3558 5293 vocat.

1958 5304 2387 5378 ferventissimas
2454 5322 2644 5375 preces
2703 5304 3320 5378 ignitasquejﬂespicit
3375 5318 3554 5362 autem

1953 5376 2084 5430 illud
2117 5377 2308 5445 psalmi
2343 5393 2490 5432 Lm:
2532 5379 2680 5448 Sicut
2720 5376 2875 5448 adipe
2911 5387 2956 5432 et
3001 5377 3312 5448 pinguedine
3351 5380 3554 5442 replea-

1957 5457 2042 5499 tur
2091 5451 2264 5500 anima
2316 5465 2457 5512 mea,
2514 5459 2560 5500 ct
2604 5447 2754 5502 labiis
2801 5447 3162 5502 exsultationis
3213 5448 3448 5500 laudabit
3499 5469 3554 5504 os

1960 5534 2156 5592 meum.
2199 5517 2294 5572 Ubi
2336 5521 2469 5592 scite
2505 5519 2928 5574 Genebrardus:
2961 5520 3156 5592 Atlans,
3181 5530 3228 5574 et
3263 5523 3547 5592 pinguedo,

1958 5587 2189 5657 symbola
2230 5591 2411 5656 gratia:
2459 5598 2505 5642 et
2549 5593 2954 5644 consolatiomtm
3003 5587 3316 5646 diuinarum.
3356 5587 3552 5648 Cralia

1958 5669 2044 5712 tua
2073 5661 2292 5712 satietur
2319 5663 2489 5712 animo
2513 5677 2646 5724 mea,
2675 5671 2720 5712 et
2753 5671 2870 5714 tunc
2903 5673 2948 5716 te
2977 5659 3106 5714 lictis
3133 5665 3280 5716 labiis
3302 5680 3357 5717 os
3383 5681 3550 5720 nteant

1959 5730 2226 5810 celebrabit
2253 5745 2269 5782 :
2294 5731 2599 5810 qualia-Dei
2631 5734 2993 5802 pinguissimus
3021 5745 3194 5800 pastus
3220 5737 3510 5790 uitiatarum
3521 5755 3548 5810 ;

1958 5801 2263 5866 consolatio,
2293 5801 2706 5856 drlicatissimus.
