4078 6332
430 200 528 260 791

1491 193 1774 256 JOANNIS
1806 192 2122 255 CASSIANI
2160 194 2657 255 COLLATIONES.

3617 198 3720 259 713

431 317 596 379 vellet
627 332 689 376 se
718 317 1034 376 mendacem
1076 316 1216 384 fieri,
1247 325 1302 373 et
1339 315 1409 371 ab
1452 312 1813 385 inspiratione
1850 314 2024 370 sancti
2050 320 2106 382 Α
2127 322 2216 372 cet
2241 328 2351 384 quo
2375 312 2618 385 quotidie
2641 310 2893 369 Christus
2917 321 3108 386 regnat
3127 314 3185 370 in
3207 314 3435 381 sanctis,
3466 316 3616 387 quod
3647 317 3719 374 ita

430 408 675 481 Spiritus
707 411 971 479 alienum,
1003 408 1296 466 dummodo
1329 408 1518 480 plagas
1547 405 1670 462 illas
1714 412 1773 462 et
1799 406 2033 476 captivi-

429 503 558 559 tatis
588 503 754 560 exitia
784 519 906 575 qua:
931 517 1030 559 sua
1076 500 1462 556 vaticinatione
1504 498 1851 570 praedixerat,
1880 496 2033 569 plebs

429 596 672 654 Iudaicae
712 596 951 653 nationis
985 594 1221 651 evadat:
1255 593 1492 660 Utinam,
1525 592 1796 663 inquiens,
1824 608 1927 646 non
1953 607 2033 645 es-

430 706 537 745 sem
569 690 646 744 vir
674 687 866 744 habens
889 688 1149 757 spiritum,
1176 693 1226 740 et
1255 684 1576 740 mendacium
1602 684 1773 753 potius
1798 683 2033 755 loquerer

372 772 375 773 ⁷
432 781 681 855 (Hieme.
724 781 825 854 tt).
873 780 945 838 Ut
991 780 1478 852 praetermittamus
1522 779 1674 834 illum
1705 777 2034 848 legislatoris

432 873 708 943 affectum,
739 872 832 944 qui
855 888 977 930 cum
1009 871 1266 927 fratribus
1299 869 1415 927 suis
1440 868 1604 926 etiam
1639 868 1893 939 perituris
1921 882 2032 923 non

430 966 618 1022 renuit
652 965 901 1030 interire,
944 964 1131 1021 dicens
1171 981 1184 1017 :
1232 962 1474 1028 Obsecro,
1522 959 1762 1027 Domine,
1810 959 2034 1031 peccauit

431 1056 662 1129 papulus
703 1058 800 1112 iste
836 1066 1098 1127 peccatum
1136 1069 1423 1129 magnum;
1450 1061 1542 1109 aut
1573 1052 1772 1107 dimitte
1798 1052 1873 1107 eis
1903 1052 2035 1105 hanc

433 1166 646 1215 noxam,
690 1156 782 1203 aut
825 1149 873 1203 si
908 1165 1012 1203 non
1041 1149 1193 1219 facis,
1223 1146 1338 1201 dele
1368 1162 1446 1201 me
1476 1146 1540 1200 de
1576 1144 1706 1200 libro
1756 1153 1845 1198 tuo
1882 1159 2034 1216 quem

434 1242 691 1314 scripsisti
716 1239 918 1314 (Exod.
947 1239 1141 1312 nm).
1170 1244 1193 1274 ⁸
1218 1240 1405 1295 Potest
1428 1248 1608 1294 autem
1636 1252 1876 1309 congrue
1899 1237 2034 1294 satis

435 1336 570 1392 illud
601 1335 744 1405 quod
774 1335 993 1400 dicitur,
1040 1333 1395 1403 sancti/icetur
1442 1348 1625 1387 nomen
1672 1340 1836 1397 tuum,
1871 1332 2032 1401 etiam

435 1428 623 1484 taliter
650 1427 825 1498 accipi
851 1446 864 1481 :
898 1426 1267 1483 Sanctificatio
1296 1424 1394 1480 Dei
1425 1432 1605 1479 nostra
1635 1421 1898 1494 perfectio
1928 1428 2031 1476 est.

437 1521 625 1591 Itaque
668 1521 912 1578 dicentes
948 1520 1022 1588 ei,
1062 1518 1432 1589 Sanctiﬁcetur
1479 1532 1663 1571 nomen
1702 1524 1871 1581 tuum,
1915 1512 2034 1570 aliis

438 1615 621 1671 verbis
650 1615 754 1670 hoc
791 1614 1025 1671 dicimus
1050 1631 1064 1669 :
1092 1611 1252 1669 Tales
1280 1625 1380 1666 nos
1402 1611 1585 1677 facito,
1621 1609 1800 1676 Pater,
1829 1616 1891 1664 ut
1913 1623 2035 1663 san-

2134 409 2195 465 fit
2219 424 2346 465 cum
2379 408 2581 464 diaboli
2609 408 2839 480 imperio
2861 423 2959 478 per
2980 409 3393 466 exstinctionem
3433 409 3719 467 fetentium

2134 503 2391 559 vitiorum
2421 501 2490 558 de
2516 502 2718 558 nostris
2762 502 3025 559 cordibus
3059 504 3237 575 pulso,
3277 503 3424 561 Deus
3463 506 3518 561 in
3561 506 3721 563 nobis

2135 612 2233 669 per
2259 597 2523 653 virtutum
2553 596 2755 653 bonam
2784 598 3137 667 fragrantiam
3167 601 3403 670 coeperit
3422 599 3716 670 dominari,

2135 699 2191 746 et
2217 690 2431 747 devicta
2454 690 2818 747 fornicatione
2831 690 3345 764 castitas,superato
3370 692 3557 750 furore
3582 703 3721 751 trau-

2135 781 2397 854 quillitas,
2431 782 2638 838 calcata
2669 783 2923 853 superbia
2956 784 3256 853 humilitas,
3282 785 3337 842 in
3366 796 3549 843 nostra
3569 804 3722 845 men-

2137 882 2192 930 te
2231 873 2544 945 regnaverit
2570 890 2587 930 :
2611 875 2695 931 vel
2727 886 2879 932 certe
2908 875 3039 932 illud
3072 878 3215 948 quod
3251 880 3552 949 prastituto
3580 891 3719 937 tem-

2137 982 2270 1038 pore
2309 969 2567 1024 omnibus
2611 978 2697 1026 est
2725 972 3076 1040 perfectisac
3104 973 3196 1029 Dei
3239 973 3365 1028 filiis
3391 976 3721 1045 generaliter

2135 1064 2554 1133 repromissum,
2584 1062 2640 1119 in
2669 1077 2777 1135 quo
2819 1066 2900 1120 eis
2930 1065 3141 1121 dicetur
3175 1080 3205 1121 a
3243 1066 3481 1136 Christo,
3514 1067 3718 1137 Venite,

2138 1152 2392 1211 benedicti
2414 1154 2591 1210 Patris
2632 1157 2753 1223 mei,
2782 1159 3040 1218 possidete
3070 1164 3314 1228 paratum
3346 1158 3488 1213 vobis
3502 1175 3722 1231 regnum

2139 1248 2561 1303 aconstitutione
2609 1248 2789 1302 mundi
2843 1247 3061 1319 (Matth.
3117 1246 3267 1322 xxv),
3318 1249 3540 1305 intentis
3594 1250 3723 1307 illuc

2137 1338 2537 1410 quodammodo
2567 1338 2846 1398 obtutibus
2876 1355 2940 1395 ac
2977 1339 3171 1396 deﬁxis
3220 1340 3504 1396 desideriis
3529 1356 3725 1412 exspe-

2138 1440 2293 1487 ctans
2321 1431 2620 1503 dicensque
2650 1432 2717 1487 ad
2754 1447 2876 1489 eum
2910 1450 2923 1486 :
2955 1432 3143 1487 Veniat
3173 1449 3389 1505 regnum
3418 1443 3586 1489 tuum.
3615 1434 3726 1491 No-

2141 1525 2213 1580 vit
2237 1526 2381 1581 enim
2414 1525 2726 1581 testimonio
2754 1524 3103 1582 conscientia:
3135 1540 3270 1592 suae,
3295 1541 3418 1581 cum
3457 1542 3726 1597 apparue-

2138 1618 2232 1683 rit,
2266 1631 2393 1673 mox
2418 1620 2536 1685 ejus
2566 1632 2627 1673 se
2656 1618 2892 1673 futurum
2918 1632 3042 1674 esse
3070 1627 3403 1675 consortem.
3429 1619 3555 1675 Haec
3579 1619 3726 1676 enim

441 1710 827 1766 ctiﬁcationem
858 1718 1008 1765 tuam
1034 1708 1120 1765 vel
1163 1707 1464 1777 intelligere
1485 1713 1687 1777 quanta
1712 1702 1803 1773 sit,
1841 1704 1927 1760 vel
1946 1718 2037 1761 ca-
2064 1710 2112 1770 B
2138 1708 2321 1765 dicere
2379 1710 2462 1765 vel
2512 1718 2701 1779 optare
2773 1712 3195 1767 criminosorum
3249 1711 3429 1767 nullus
3482 1711 3725 1783 audebit,

446 1818 581 1878 pere
603 1818 939 1868 mereamur,
962 1801 1048 1858 vel
1070 1811 1239 1868 certe,
1264 1810 1325 1856 ut
1351 1800 1402 1855 in
1428 1808 1609 1854 nostra
1626 1799 2041 1856 conversatione
2140 1800 2265 1871 quia
2306 1816 2406 1858 nec
2447 1800 2633 1858 videre
2665 1802 2899 1858 tribunal
2927 1802 3129 1872 judicis
3155 1803 3318 1869 volet,
3347 1802 3595 1874 quisquis
3623 1801 3728 1859 sub

441 1894 675 1965 spiritali
705 1906 925 1949 sanctus
954 1908 1239 1965 appareas.
1270 1891 1425 1959 Quod
1450 1898 1580 1947 tunc
1605 1890 1896 1947 efficaciter
1935 1888 2037 1945 im-

2142 1894 2380 1951 adventu
2414 1896 2533 1965 ejus
2561 1912 2667 1952 non
2698 1898 2931 1967 palmam
2968 1912 3068 1953 nec
3098 1897 3315 1967 praemia
3345 1897 3459 1953 suis
3494 1897 3725 1965 meritis,

443 1986 623 2057 pietur
648 1986 701 2041 in
734 1986 915 2053 nobis,
948 1985 1164 2055 quando
1205 1984 1379 2039 vident
1405 1982 1639 2037 homines
1670 1997 1828 2052 opera
1863 1990 2040 2037 nostra
2141 1987 2238 2044 sed
2271 2003 2486 2060 poenam
2511 1990 2661 2044 novit
2685 1989 2928 2061 protinus
2952 1989 3366 2057 repensandam.

443 2079 598 2146 bona,
631 2086 681 2133 et
708 2078 1002 2151 gloriﬁcent
1040 2077 1251 2133 Patrem
1294 2084 1529 2132 nostrum
1567 2075 1657 2143 qui
1697 2075 1752 2129 in
1789 2074 1930 2130 caelis
1965 2083 2040 2130 est

444 2171 661 2244 (Matth.
693 2171 773 2243 v).

1047 2262 1279 2321 CAPUT
1316 2261 1460 2319 XIX.

624 2356 705 2411 De
732 2373 792 2412 eo
814 2356 953 2429 quod
973 2356 1123 2423 dicit,
1155 2356 1408 2410 Adueniat
1437 2370 1659 2427 regnum
1688 2350 1865 2410 tuumi

2757 2079 2985 2138 CAPUT
3007 2080 3128 2136 XX.

2395 2190 2474 2228 be
2502 2189 2563 2229 eo
2583 2173 2720 2244 quod
2744 2173 2868 2227 dicit
2901 2189 2921 2227 :
2949 2170 3077 2226 Fiat
3098 2173 3338 2227 uoluntas
3369 2180 3478 2226 tua.

2213 2265 2395 2321 Tertia
2417 2264 2445 2303 ἀ
2467 2265 2790 2337 supplicatio
2813 2263 3047 2320 filiorum
3076 2273 3181 2333 est,
3201 2259 3322 2318 Fiat
3346 2262 3584 2317 voluntas
3614 2274 3727 2331 tua,

2036 2418 2041 2423 ,
2141 2357 2272 2415 sicut
2298 2357 2352 2411 in
2381 2357 2508 2412 caelo
2546 2366 2593 2411 et
2620 2357 2675 2411 in
2716 2365 2874 2411 terra.
2909 2354 3026 2410 Non
3054 2364 3229 2425 potest
3257 2369 3380 2410 esse
3407 2354 3517 2422 jam
3557 2355 3734 2423 major

516 2447 548 2487 ιι
577 2448 824 2505 Secunda
859 2450 1048 2520 petitio
1079 2450 1280 2506 mentis
1303 2447 1606 2518 purissima:
1635 2446 1898 2503 advenire
1922 2445 2035 2517 jam
2138 2449 2337 2517 oratio,
2365 2464 2527 2519 quam
2550 2458 2742 2521 optare
2764 2460 2822 2504 ut
2848 2458 3060 2506 terrena
3088 2456 3399 2504 mereantur
3414 2446 3735 2503 caelestibus

449 2542 668 2614 jamque
693 2559 919 2614 regnum
953 2543 1037 2600 sui
1063 2542 1244 2598 Patris
1272 2550 1513 2613 exoptat,
1550 2553 1572 2582 ε
1602 2542 1689 2597 vel
1713 2540 1844 2597 illud
1880 2540 2034 2597 scili-

2141 2543 2436 2614 comquari.
2464 2541 2599 2598 Nam
2644 2542 2776 2614 quid
2803 2541 3055 2599 estaliud
3100 2541 3430 2612 dicere,ﬁat
3481 2541 3725 2596 voluntas

1541 2722 1798 2780 ALARDI
1835 2723 2069 2785 GAZEI
2106 2722 2667 2784 COMMENTARIUS.

452 2891 528 2948 Ita
557 2890 668 2946 div.
694 2889 1060 2962 Hieronymus
1090 2886 1336 2962 exponit,
1368 2895 1428 2962 e_t_
1450 2883 2023 2962 verbis_Apostoli_i_ti-

452 2964 578 3017 dem
607 2962 865 3027 illustrat,
893 2955 1046 3031 quasi
1092 2955 1353 3031 propheta
1379 2957 1585 3031 diceret
1622 2955 1824 3011 Judaeis
1852 2974 1867 3031 ς
1905 2955 2032 3011 Νοη

454 3050 537 3086 me
620 3034 772 3087 utetis
819 3027 1281 3098 voletttent'loq’ui,
1309 3036 1355 3083 et
1394 3028 1676 3098 prtrdtcare
1720 3027 2034 3099 gaudentem

454 3052 886 3157 uuofventurum
928 3103 1073 3156 video
1101 3113 1370 3157 :ontarent
1412 3111 1460 3153 et
1498 3099 1610 3157 ipse
1631 3097 1905 3152 anathema
1927 3114 2034 3154 esse

469 3121 555 3173 luo

2211 2895 2235 2927 ο
2266 2885 2346 2943 Ita
2377 2884 2623 2940 nonnulli
2642 2882 2785 2938 bant.
2810 2882 3131 2955 petitionem
3159 2888 3440 2955 exponunt
3468 2881 3537 2937 de
3554 2897 3740 2955 regno

2136 2957 2254 3021 Dei.
2284 2957 2427 3027 quod
2456 2956 2655 3011 dicitur
2685 2953 2912 3025 regnum
2951 2957 3163 3025 gratiae,
3197 2969 3304 3024 quo
3345 2953 3492 3009 Deus
3535 2953 3742 3012 dicitur

2141 3029 2197 3085 in
2228 3028 2490 3084 cordibus
2520 3044 2585 3083 ac
2616 3027 2891 3082 mentibus
2910 3027 3183 3096 justorum
3214 3041 3444 3095 regnare
3475 3040 3574 3096 per
3604 3027 3742 3082 cha-

616 3114 886 3158 venturunt
928 3103 1073 3156 viden
1101 3096 1370 3173 :optarent
1394 3096 1460 3173 et
1498 3099 1619 3173 ipse
1626 3096 1905 3173 anathema
1927 3114 2036 3154 esse
2138 3101 2355 3173 tjtatem
2386 3111 2438 3156 et
2464 3100 2729 3173 gratiam),
2750 3098 3099 3173 juxtahillud
3122 3098 3281 3173 Lucae
3320 3112 3422 3152 xvu
3452 3115 3465 3149 :
3498 3096 3742 3173 Regnum

455 3168 554 3244 pro
577 3174 823 3244 fratribus
855 3176 1000 3238 meis,
1024 3173 1111 3241 qui
1135 3168 1255 3226 sunt
1282 3168 1552 3244 Israelitat.
1594 3168 1802 3244 Utinam
1840 3170 1903 3224 de
1926 3185 2035 3225 meo

458 3239 612 3300 sensu
642 3246 894 3317 loquerer.
926 3252 975 3299 et
1017 3239 1150 3317 inter
1170 3239 1645 3315 pseudopmphetas
1692 3242 1862 3312 potius
1899 3257 2034 3317 corn-

461 3299 672 3388 putatus
705 3299 1231 3387 'solus'perirem,'et
1281 3299 1381 3368 non
1435 3299 1601 3366 essent
1644 3299 1765 3366 vera
1814 3328 1926 3382 qua:
1952 3311 2037 3366 di-
2066 3299 2113 3362 C

462 3404 524 3441 co
548 3388 569 3441 !
589 3396 693 3443 etc.

536 3460 565 3490 ⁸
593 3458 726 3513 Tres
773 3457 826 3513 in
860 3458 966 3512 hoc
1005 3457 1182 3527 capite
1228 3455 1405 3510 atl'ert‘
1430 3453 2048 3527 expositiones_prima3

463 3530 612 3585 illius
640 3529 913 3599 petitionis
938 3545 953 3584 :
977 3524 1350 3593 Satictiﬁcetur
1384 3536 1780 3599 nomenAtuum.
1810 3524 2049 3599 Quarum

465 3596 653 3670 prima
673 3599 909 3656 refertur
937 3600 1001 3654 ad
1035 3600 1263 3670 gloriam
1294 3597 1534 3670 nominis
1570 3596 1685 3658 Dei.
1716 3610 1877 3670 quam
1909 3598 2049 3670 peti-

466 3667 588 3726 inus
610 3673 996 3736 inclarescere,
1018 3667 1298 3740 ampliari,
1324 3676 1381 3724 et
1407 3668 1667 3740 illustrari
1697 3667 1769 3740 ab
1797 3667 2048 3740 omnibus

469 3751 525 3798 et
555 3745 694 3813 apud
722 3756 933 3797 omnes.
967 3743 1045 3797 De
1074 3736 1178 3811 qua
1209 3738 1655 3813 superiusgdicitj
1688 3736 1939 3813 Nostrum
1960 3737 2052 3792 de-

469 3807 749 3880 siderium,
784 3824 1016 3867 nostrum
1043 3807 1325 3883 gaudiumI,
1345 3811 1566 3883 gloriam
1612 3807 1788 3883 Patris
1828 3823 1940 3883 esse
1976 3817 2052 3862 te-

470 3893 681 3941 stantes.
707 3886 876 3951 Quem
900 3880 1120 3939 sensum
1149 3880 1368 3940 secutus
1397 3881 1508 3936 div.
1538 3881 1871 3950 Augustinus
1890 3880 1981 3935 lib.
2012 3895 2049 3935 ιι

472 3955 541 4009 tle
567 3955 744 4011 Serm.
770 3955 983 4009 Domini
1019 3973 1030 4007 :
1062 3953 1185 4008 Non
1220 3954 1314 4018 sic,
1349 3952 1542 4022 inquit,
1577 3953 1789 4019 petitur,
1818 3951 2049 4022 sanctiﬁ-

473 4033 615 4078 cetur
642 4042 824 4079 nomen
850 4036 1014 4090 tuum,
1045 4026 1192 4095 quasi
1219 4040 1321 4095 non
1351 4024 1415 4076 sit
1427 4020 1670 4095 sanctum
1689 4038 1881 4095 nomen
1930 4020 2048 4095 Dei,

474 4095 566 4150 sed
587 4108 642 4150 ut
665 4105 901 4151 sanctum
928 4091 1178 4150 habeatur
1204 4094 1268 4147 ab
1300 4092 1612 4161 hominibus,
1644 4091 1699 4145 id
1724 4101 1822 4157 est,
1850 4093 1923 4145 ita
1943 4093 2049 4146 illis

474 4170 773 4233 innotescat,
804 4176 861 4221 ut
907 4185 1012 4221 non
1062 4168 1352 4221 existiment
1371 4164 1574 4235 aliquid
1609 4176 1864 4227 sanctum,
1911 4163 2052 4234 quod

476 4239 642 4312 magis
671 4238 934 4312 offendere
972 4240 1205 4312 timeant.
1235 4236 1417 4312 Altera
1446 4234 1737 4312 expositio,
1760 4245 1831 4312 ,ιιι
1852 4235 2052 4312 sancti-

478 4305 672 4364 ficétur
702 4305 755 4365 in
787 4310 965 4374 nobis,
1002 4309 1053 4363 id
1085 4317 1191 4373 est,
1215 4307 1386 4362 sancti
1414 4306 1606 4374 simus,
1640 4306 1726 4360 vel
1760 4306 1810 4358 in
1854 4305 2054 4359 sancti-

476 4389 588 4433 tate
638 4396 1047 4449 perseveremus
1080 4396 1093 4432 :
1123 4382 1272 4449 quia,
1318 4379 1511 4447 inquit.
1558 4377 1904 4449 sanctiﬁcatio
1958 4374 2053 4430 Dei

476 4446 652 4521 nostra
681 4452 928 4521 perfectio
955 4463 1048 4506 est.
1070 4446 1153 4505 Ita
1173 4449 1536 4521 Tertullianus
1558 4458 1613 4521 _th
1639 4448 1696 4504 S.
1728 4446 2051 4521 Cyprianus2

478 4516 692 4576 Verum'
708 4516 820 4576 huic
840 4523 1107 4591 expositio
1134 4520 1311 4575 minus
1334 4519 1627 4589 probabilis
1648 4516 1893 4587 apparet,
1909 4516 2052 4587 quod

478 4592 774 4648 secundum
822 4608 943 4646 eant
990 4592 1107 4647 haec
1159 4591 1345 4661 petitio
1392 4591 1581 4661 eadem
1625 4591 1898 4661 videretur
1932 4601 2055 4643 esse

476 4677 600 4716 cum
634 4666 812 4729 tertia,
844 4663 1057 4735 dicente
1098 4658 1359 4735 Apostolo
1381 4661 1400 4735 (
1425 4662 1441 4715 Ι
1481 4660 1675 4735 Thess;
1697 4658 1791 4735 IV):
1823 4658 1953 4713 Haec
1978 4666 2054 4735 est

475 4734 612 4787 enim
641 4736 876 4789 voluntas
910 4734 1003 4789 Dei
1035 4729 1604 4802 sanctiﬁcatio'vestra.
1633 4729 1814 4802 Tertia
1840 4729 2059 4802 exposi-

479 4805 574 4869 tio,
602 4816 660 4859 ut
688 4821 751 4860 ex
788 4815 972 4860 nostra
1001 4807 1140 4860 bona
1167 4800 1583 4859 conversatione
1616 4814 1669 4858 et
1693 4801 1849 4856 bonis
1874 4800 2059 4870 operi-

476 4878 581 4947 bus
610 4876 978 4931 sanctiflcetur
998 4888 1050 4931 et
1077 4874 1412 4947 glorificetur
1439 4888 1636 4947 nomen
1669 4872 1764 4947 Dei
1784 4871 2059 4947 abomni-

481 4946 603 5018 bus,
639 4948 780 5018 quod
828 4947 951 5002 aliis
992 4942 1172 5002 verbis
1202 4944 1416 5018 monuit
1444 4944 1690 5018 Christus
1719 4942 1951 5018 Matthtei
1981 4959 2013 4996 v
2043 4958 2058 4996 :

489 5016 573 5070 Sic
628 5014 797 5072 luceat
844 5021 937 5073 lux
985 5027 1151 5072 vestra
1187 5032 1362 5071 coram
1398 5016 1722 5081 hominibus,
1769 5022 1823 5067 ut
1856 5014 2061 5068 videant

477 5104 636 5160 opera
661 5098 829 5144 uestra
859 5090 1014 5157 bona,
1047 5098 1093 5142 et
1124 5088 1418 5160 glorificent
1461 5084 1939 5160 Ratreinvestrum,
1970 5083 2059 5154 qui

476 5158 529 5210 in
551 5160 689 5213 cortis
706 5169 799 5214 est.
818 5160 883 5213 Et
910 5160 1104 5214 Petrus
1125 5156 1404 5228 apostolus
1427 5156 1625 5224 prioris
1651 5157 1819 5228 Epist.
1841 5169 1961 5228 cap.
1979 5169 2050 5210 tt:

380 5291 385 5295 ο
478 5227 923 5284 Conversationem
954 5225 1178 5284 uestram
1202 5230 1338 5300 inter
1376 5227 1821 5300 genteshabentes
1845 5225 2049 5300 bonum,

374 5324 381 5337 ι
479 5303 607 5354 utin
644 5317 703 5355 eo
744 5302 881 5372 quod
904 5301 1188 5354 detrectant
1209 5299 1277 5372 de
1307 5297 1467 5365 vobis,
1503 5308 1761 5372 tamquam
1790 5299 1855 5350 de
1893 5297 2052 5372 ntale-

385 5406 390 5436 ς
478 5366 780 5441 factoribus,
812 5388 876 5425 ex
904 5372 1047 5424 bonis
1076 5370 1318 5441 operibus
1348 5369 1859 5441 voshconsiderantes
1890 5366 2055 5439 glori-

370 5466 393 5479 -ν
478 5438 631 5507 ﬁcent
662 5443 822 5496 Deum
851 5446 903 5495 in
931 5442 1015 5495 die
1058 5440 1388 5494 uisitationis.
1434 5439 1545 5493 Hoc
1580 5438 1739 5492 modo
1778 5438 2054 5505 exponunt

472 5509 709 5639 ﬁyqillllus.
755 5512 1026 5568 catechesi
1082 5510 1116 5565 5
1167 5519 1224 5566 et
1247 5511 1669 5581 Chrysostomus
1726 5510 1780 5563 in
1838 5521 1959 5577 cap.
2002 5522 2053 5562 vr

530 5596 557 5632 a
627 5596 732 5634 ian.

530 5581 732 5634 attltmi.

548 5649 576 5729 ἓ
609 5651 740 5729 )Iide
773 5655 1188 5729 Annotntionem
1214 5653 1439 5728 Cuychii
1468 5651 1532 5708 ad
1561 5665 1681 5723 cap.
1701 5650 1767 5708 i9
1790 5647 1974 5707 Collat.
1998 5649 2053 5729 9,

474 5722 764 5801 sub-dinem
792 5726 991 5793 operis.

2079 4684 2133 4745 D

2140 3169 2244 3225 Dei
2264 3173 2401 3226 intra
2432 3168 2518 3226 vos
2545 3180 2616 3225 est
2651 3169 2851 3237 (Ambr.
2879 3169 2971 3223 lib.
3004 3186 3035 3223 v
3065 3170 3127 3223 de
3148 3168 3391 3223 Sacram.
3428 3184 3474 3223 c.
3516 3168 3588 3233 tv,
3627 3169 3743 3223 Ru-

2143 3251 2277 3315 pert.
2310 3245 2365 3297 in
2394 3258 2510 3313 cap.
2544 3240 2856 3315 v1Matth.).
2887 3241 2993 3315 Sed
3025 3241 3160 3295 hanc
3188 3239 3590 3315 expositionem
3610 3239 3739 3315 Δἰιιι-

2148 3310 2345 3384 probat
2387 3310 2467 3369 et'
2495 3314 2677 3367 multis
2726 3310 3028 3368 rationibus
3072 3311 3315 3367 confutat
3366 3310 3739 3384 Bellarmiutts

2153 3382 2237 3457 (ϐ.
2267 3387 2322 3456 6,
2354 3385 2556 3457 supra),
2587 3384 2682 3441 sed
2712 3399 2772 3440 ea
2800 3384 3092 3457 praecipue,
3121 3384 3521 3457 quodreguum
3547 3382 3745 3457 gratiae

2154 3453 2260 3512 non
2300 3453 2372 3512 Sit
2413 3453 2558 3511 aliud
2605 3471 2766 3525 quam
2798 3453 3104 3511 obedientia
3134 3463 3188 3509 et
3233 3453 3545 3508 observatio
3598 3453 3742 3524 legis

2153 3528 2271 3593 Dei,
2306 3543 2401 3584 seu
2432 3527 2711 3583 exsecutio
2752 3526 2949 3582 divina)
2989 3525 3278 3581 voluntatis
3313 3542 3328 3580 :
3358 3525 3583 3594 proinde
3603 3541 3746 3581 con-

2153 3598 2469 3655 funderetur
2507 3600 2620 3653 ltu'c
2649 3599 2840 3669 petitio
2869 3614 2991 3653 cum
3022 3598 3201 3669 tertia.
3227 3596 3415 3669 Melius
3446 3598 3624 3665 itaque
3653 3595 3743 3651 in-

2152 3672 2407 3741 teil:gitur
2448 3671 2518 3726 de
2559 3667 2727 3740 regno
2776 3671 2986 3740 gloriae,
3043 3684 3156 3741 seu;
3185 3667 3442 3724 felicitate
3468 3677 3733 3741 _teterna,

2152 3737 2312 3812 quam
2343 3742 2573 3810 petimus
2616 3737 3074 3812 uoliis'advenire,
3107 3738 3159 3795 id
3186 3748 3291 3804 est,
3318 3745 3441 3807 post
3468 3737 3610 3812 hanc
3649 3739 3742 3812 vi.

2154 3809 2260 3867 tam
2288 3809 2639 3881 contingere;
2674 3811 2948 3881 quomodo
2979 3813 3228 3866 Salvator
3258 3811 3591 3881 praecepitut
3620 3809 3745 3881 pri-

2153 3899 2293 3955 munt
2319 3880 2982 3955 quteramusregnumADci.
3007 3881 3161 3955 Unde
3187 3891 3240 3936 et
3254 3880 3376 3955 _div_.
3395 3880 3745 3955 AAllguStilllIS

2154 3956 2219 4009 ad
2270 3951 2502 4009 Probum
2530 3955 2549 4024 (
2575 3951 2743 4021 Epist.
2802 3952 2870 4007 12
2915 3970 3031 4023 cap.
3059 3952 3164 4024 11)
3198 3969 3212 4006 :
3246 3951 3587 4014 Desiderium,
3637 3951 3740 4024 ait,

2154 4034 2391 4081 nostrum
2442 4027 2511 4077 ad
2544 4023 2687 4078 illud
2723 4040 2937 4097 regnum
2983 4023 3284 4097 excitamus,
3321 4034 3377 4097 t_tt
3413 4024 3553 4097 illud
3591 4023 3743 4078 nobis

2154 4100 2319 4152 ueniat
2351 4107 2503 4167 atque
2530 4097 2582 4150 in
2607 4112 2667 4169 eo
2694 4094 2986 4169 regitemus.
3027 4094 3300 4169 Quod_et_
3319 4094 3593 4169 διξάιιιίιιξ⁸
3613 4109 3742 4159 pre-

2155 4164 3249 4312 :lzyteqac'poetahisce‘versibusegregie
3270 4164 3734 4237 depinxit(Carnt.

2180 4258 2192 4293 ι
2233 4280 2246 4295 .
2278 4255 2315 4295 ιι
2372 4257 2385 4294 :

2180 4255 2246 4295 ω.
2278 4255 2337 4295 lli
2372 4257 2385 4294 ζ

2248 4356 2491 4407 Adveniat
2510 4367 2719 4416 regnum
2733 4354 2926 4417 jamjam
2941 4365 3140 4417 quoque
3157 4351 3346 4417 scilicet
3367 4352 3488 4402 illud

2251 4420 2409 4469 Morte
2433 4414 2625 4475 vacans,
2654 4424 2706 4467 et
2731 4414 3038 4477 llaecarens,
3063 4414 3142 4465 cui
3168 4414 3298 4465 nulla
3325 4428 3414 4476 per
3436 4426 3593 4464 aevum

2249 4481 2492 4542 Tempora
2513 4479 2805 4539 succedunt,
2823 4480 2935 4542 quia
2960 4479 3118 4542 nescit
3138 4487 3331 4542 tempus
3353 4477 3563 4542 habere,

2248 4539 2516 4594 Continuus
2536 4544 2645 4590 sine
2670 4549 2813 4589 nocte
2837 4539 2969 4601 dies;
2995 4541 3097 4598 ubi,
3123 4541 3344 4602 principe
3363 4539 3573 4599 Christo,

2248 4604 2428 4667 Nobile
2452 4610 2697 4667 perpetua
2716 4611 2860 4665 caput
2880 4602 3209 4667 amplectente
3225 4614 3430 4667 corona,

2247 4666 2414 4717 Victor
2431 4663 2588 4729 opima
2612 4663 2787 4715 ferens
2805 4663 3038 4726 gaudebit
3062 4665 3267 4726 ‘prtemia
3290 4663 3450 4713 miles.

2230 4792 2260 4832 τι
2287 4792 2523 4848 Tertiam
2546 4790 2865 4851 petitionem
2896 4789 3159 4845 orationis
3180 4787 3476 4843 Dominicze
3502 4785 3742 4851 duplici-

2161 4874 2246 4921 ter
2273 4864 2515 4930 exponit.
2548 4858 2737 4917 Primo
2775 4870 2833 4914 ut
2863 4871 3105 4926 petamus
3130 4859 3245 4914 ﬁeri
3282 4860 3376 4913 Dei
3403 4858 3742 4914 voluntatem

2161 4938 2216 4993 in
2249 4936 2431 5001 terris,
2479 4933 2617 4989 sicut
2665 4935 2718 4988 in
2757 4931 2896 4989 ctelo
2920 4949 2945 5000 ;.
2971 4931 3021 4985 id
3061 4940 3164 4995 est,
3209 4939 3269 4984 ut
3306 4930 3442 4984 sicut
3482 4931 3544 5001 in
3593 4930 3741 4991 coelo

2163 5007 2339 5075 angeli
2365 4999 2534 5060 sancti
2566 5006 2674 5059 Deo
2707 5015 2978 5075 prompte,
3009 5012 3063 5056 ct
3099 5003 3363 5075 perfecte,
3394 4999 3531 5075 etin
3565 5002 3742 5075 omni-

2164 5071 2267 5134 bus
2297 5077 2577 5143 obediunt,
2602 5076 2672 5130 ita
2708 5071 2762 5131 et
2799 5074 3047 5129 homines
3082 5073 3148 5143 in
3188 5082 3336 5143 terra
3390 5071 3467 5126 illi
3500 5071 3743 5143 perfecte

2163 5149 2423 5207 obcdiant
2450 5140 2707 5218 (August.
2750 5145 2840 5200 lib.
2865 5160 2909 5218 ιι
2956 5146 3020 5198 de
3055 5142 3235 5218 _Serm_.
3263 5140 3415 5218 Dom.
3448 5159 3578 5218 cap:
3600 5141 3674 5218 ιι
3698 5152 3745 5218 et

2156 5223 2301 5290 epist.
2336 5219 2433 5275 l2!
2459 5213 2535 5272 ad
2564 5213 2831 5290 Probum).
2859 5214 3504 5290 secundoutimpleatur
3526 5213 3614 5290 illa
3646 5214 3743 5290 Dei
3794 5260 3803 5270 .

2158 5282 2426 5353 voluntas.
2442 5306 2548 5359 qua
2579 5282 2875 5359 secundum
2899 5286 3215 5359 Apostolum
3238 5282 3347 5359 uult
3374 5301 3554 5359 omnes
3570 5282 3739 5359 Itami-

2156 5380 2246 5419 nes
2272 5351 2439 5416 salvos
2462 5351 2655 5430 )ieri,et
2669 5361 2737 5414 ad
2755 5351 3315 5430 agnitionem'verittttis
3344 5356 3511 5410 uenire
3537 5354 3577 5425 (l
3598 5352 3736 5411 Tun.

2155 5434 2239 5506 tt).
2273 5427 2493 5490 Scilicet
2520 5427 2805 5506 quantum:
2830 5430 2883 5483 in
2914 5445 2973 5484 se
2993 5436 3098 5506 _est,
3132 5436 3185 5481 et
3212 5427 3511 5506 Volunt-ate,
3554 5436 3611 5506 ut
3637 5440 3740 5479 vo-

2157 5497 2302 5569 cant,
2336 5497 2714 5560 antecedente.
2749 5501 2946 5556 Verum
2993 5499 3109 5555 hac
3154 5498 3423 5569 expositio
3460 5497 3619 5551 nimis
3652 5513 3742 5569 re-

2161 5565 2347 5633 stricta
2386 5586 2439 5631 et
2471 5575 2814 5645 particularis
2855 5582 2957 5645 est.
2991 5572 3137 5645 A_lias
3190 5565 3560 5645 espositioncs
3614 5565 3743 5645 vide

2158 5636 2717 5725 apud_l}ellarminum
2739 5653 2794 5725 et
2823 5643 2960 5699 alios
2985 5636 3316 5720 (Damascen.
3340 5640 3425 5695 lib.
3458 5654 3496 5694 ιι
3523 5638 3588 5707 de
3607 5636 3743 5709 Fide

2154 5718 2270 5799 cap.
2301 5718 2410 5793 l9).
