4078 6332
269 315 368 376 795

1358 309 1700 368 COLLATIO
1739 309 1830 368 IX.
1863 341 1934 353 --
1963 311 2052 367 DE
2090 310 2458 372 ORATIONE.

3439 323 3538 378 τοι

267 446 354 490 tua
389 433 524 486 sicut
553 447 610 485 in
649 427 776 484 cielo
813 437 860 484 et
889 427 944 482 in
982 437 1140 494 terra,
1170 441 1332 498 quam
1379 437 1436 482 ut
1465 430 1574 482 sint
1601 427 1848 484 homines
1875 435 1930 493 Α
1951 429 2262 499 agnitionem
2290 431 2520 486 veritatis
2551 433 2722 486 uenire
2752 432 2798 503 (ι
2831 433 2964 497 Tim.
3000 433 3086 506 It).
3129 435 3202 492 De
3235 451 3338 508 qua
3381 439 3542 490 etiam

269 525 474 582 similes
519 521 760 594 angelis;
799 527 856 576 et
891 520 1034 576 sicut
1073 519 1320 574 voluntas
1355 519 1454 574 Dei
1483 519 1552 574 ab
1595 519 1702 574 illis
1749 518 1852 572 im-

273 618 452 688 pletur
479 616 536 671 in
565 615 729 682 cmlo,
751 613 822 668 ita
869 613 1034 670 etiam
1085 611 1140 666 hi
1178 609 1272 682 qui
1311 613 1364 666 in
1399 621 1542 666 terra
1569 621 1714 676 sunt,
1743 627 1852 667 non

269 725 446 776 suam,
477 706 576 762 sed
605 707 722 778 ejus
763 705 1078 760 universam
1111 703 1310 758 iaciant
1338 701 1711 758 voluntatem?
1742 701 1858 758 Hoc

265 816 488 874 quoque
528 813 689 856 nemo
731 813 800 854 ex
847 795 1042 852 atl'ectu
1087 795 1270 852 dicere
1306 795 1640 866 praevalebit,
1674 795 1776 850 nisi
1807 795 1854 852 is

265 897 420 950 solus
447 893 540 963 qui
565 891 740 946 Deum
773 889 946 946 credit
977 889 1160 944 omnia
1195 903 1318 958 quas
1361 886 1616 942 videnlur
1641 887 1724 942 vel
1753 887 1854 942 ad-

263 1001 428 1044 versa
471 987 558 1040 vel
587 998 848 1056 prospera
891 996 988 1052 pro
1027 979 1228 1036 nostris
1266 979 1592 1036 utilitatibus
1634 980 1854 1050 dispen-

263 1096 416 1146 sare,
448 1080 732 1150 magisque
763 1093 886 1132 eum
915 1091 1014 1146 pro
1038 1090 1259 1130 suorum
1281 1075 1454 1130 salute
1473 1083 1528 1130 et
1551 1075 1855 1132 commodis

263 1173 556 1244 providum
585 1185 748 1242 atque
776 1169 1094 1234 sollicitum,
1120 1184 1279 1238 quam
1305 1185 1404 1224 nos
1435 1169 1582 1239 ipsos
1611 1183 1732 1225 esse
1757 1185 1854 1238 pro

263 1269 446 1324 nobis.
481 1267 582 1322 γοι
628 1273 778 1322 certe
805 1264 966 1320 aliter
1009 1262 1384 1332 accipiendum
1420 1281 1432 1314 :
1467 1263 1727 1318 Voluntas
1756 1264 1854 1320 Dei

262 1363 416 1418 salus
443 1361 690 1416 omnium
719 1367 824 1426 est,
854 1357 1156 1414 secundum
1185 1357 1336 1412 illam
1367 1357 1512 1412 beati
1539 1358 1692 1414 Pauli
1723 1373 1852 1414 sen-

262 1454 520 1523 tentiam,
559 1453 662 1520 Qui
685 1467 862 1508 omnes
900 1451 1130 1506 homines
1169 1449 1276 1506 uult
1321 1449 1490 1506 salvos
1531 1451 1668 1520 ﬁeri,
1701 1463 1748 1505 et
1783 1451 1854 1506 ad

1955 521 2236 578 voluntate
2265 521 2428 579 Isaias
2459 533 2717 596 propheta
2749 542 2814 582 ex
2846 543 3075 598 persona
3105 529 3200 586 Dei
3238 529 3407 588 Patris
3428 574 3442 596 ,
3477 531 3543 586 Et

1957 623 1984 652 ⁸
2012 615 2177 671 omnis
2198 660 2212 684 ,
2241 617 2442 686 inquit,
2473 619 2708 674 voluntas
2749 637 2862 675 mea
2905 622 2990 690 ﬁet
3023 620 3203 694 (Isaia:
3241 623 3408 691 xsvt).
3455 624 3538 678 Di-

1957 719 2146 766 centes
2169 725 2300 780 ergo
2337 713 2387 766 ei
2423 729 2436 766 :
2471 711 2590 767 Fiat
2627 713 2862 768 voluntas
2891 723 2980 768 tua
3019 717 3148 768 sicut
3173 717 3226 768 in
3256 717 3384 770 cmlo
3414 725 3462 770 et
3489 718 3544 771 in

1960 813 2118 870 terra,
2146 803 2249 860 hoc
2275 819 2396 859 eum
2426 805 2546 860 aliis
2567 821 2784 864 oramus
2803 810 3004 877 verbis,
3031 819 3089 864 ut
3111 811 3249 864 sicut
3275 809 3330 866 hi
3358 812 3450 882 qui
3485 812 3542 868 in

1959 895 2099 950 cmlo
2139 905 2284 962 sunt,
2319 897 2388 950 ita
2425 913 2617 954 omnes
2657 899 2748 967 qui
2793 903 2844 956 in
2877 909 3020 958 terra
3056 903 3382 970 consistunt,
3417 913 3527 972 tua,

1961 987 2140 1056 Pater,
2168 991 2442 1060 agnitione
2468 991 2763 1046 salventur.

2565 1083 2792 1141 CAPUT
2825 1085 2969 1142 XXI.

2125 1176 2203 1231 De
2225 1193 2355 1248 pane
2378 1178 2883 1248 supersubstantiali,
2916 1182 3019 1234 sive
3041 1182 3367 1252 quotidiana.

2033 1269 2235 1326 Deinde
2267 1269 2293 1308 ι’
2327 1287 2512 1341 panem
2563 1281 2797 1326 nostrum
2832 1275 3110 1342 ἐπιούσιον,
3142 1275 3194 1330 id
3233 1285 3337 1342 est,
3363 1291 3543 1346 super-

1957 1361 2352 1416 substantialem
2379 1361 2448 1416 da
2480 1363 2624 1418 nobis
2655 1365 2808 1418 hodie
2853 1363 3067 1436 (Matth.
3099 1367 3195 1437 v1).
3221 1367 3374 1434 Quod
3403 1369 3542 1424 alius

1955 1455 2282 1526 evangelista
2309 1455 2668 1526 quotidianum
2697 1456 2828 1510 dixit
2851 1456 3028 1514 (Lacte
3045 1461 3142 1527 xi).
3175 1460 3323 1516 Illam
3347 1461 3541 1518 nobili-

1363 1609 1614 1668 ALARDI
1653 1611 1886 1668 GAZEI
1923 1613 2485 1673 COMMENTARIUS.

334 1743 364 1772 ι
415 1731 778 1802 Distinguitur
816 1745 846 1784 a
871 1729 1146 1802 theologis
1190 1727 1409 1802 dnpl_ex_
1435 1727 1687 1802 volynias
1727 1727 1848 1793 Dei,

263 1805 438 1860 altera
467 1798 716 1858 voluntas
747 1801 904 1870 signi,
935 1798 1098 1856 altera
1133 1799 1456 1870 beneplaciti
1479 1798 1566 1870 (S.
1600 1799 1785 1854 Thom.
1815 1815 1850 1854 ιι

263 1895 344 1948 ρ.,
375 1893 434 1944 q.
467 1877 632 1948 “La.
675 1872 1082 1948 II)._Volunt:ts
1130 1873 1266 1948 signi
1299 1871 1552 1948 dii-untur
1581 1879 1851 1948 praecepta

265 1941 756 2016 et'probibitiOnes
801 1943 1062 2016 Dei,_sive
1109 1941 1389 2016 quidquid
1421 1943 1560 2016 Deus
1607 1943 1854 2010 praecipit

263 2013 365 2072 aut
391 2017 646 2084 prohibet
676 2033 690 2067 :
723 2016 862 2068 sicut
909 2014 1122 2068 litteras
1153 2015 1296 2084 regis
1341 2013 1574 2067 dicimus
1601 2027 1724 2084 esse
1763 2027 1856 2067 vo-

269 2083 540 2144 luntatem
561 2088 722 2157 regis,
755 2100 876 2140 cum
905 2087 1080 2154 potius
1104 2085 1222 2157 ejus
1245 2083 1568 2157 signumsit.
1597 2083 1856 2157 Voluntas

1954 1737 2010 1784 et
2037 1729 2194 1784 Joan.
2233 1745 2286 1804 vt
2319 1748 2330 1782 :
2362 1731 2668 1804 operamini
2692 1731 2992 1804 nonicibum
3016 1733 3108 1800 qui
3147 1733 3300 1804 perit,
3333 1736 3422 1788 sed
3453 1737 3540 1804 qui

1955 1811 2214 1870 permanet
2243 1803 2294 1854 in
2325 1803 2480 1854 vitam
2507 1813 2772 1856 cateruam.
2801 1803 2876 1856 Ita
2927 1803 2985 1856 D.
3018 1803 3348 1870 Augustinus
3377 1803 3472 1861 lib.
3501 1821 3538 1860 ιι

1955 1872 2022 1945 de
2045 1871 2219 1945 Serm.
2249 1872 2404 1945 Dom.
2435 1873 2474 1945 Ε
2501 1873 2719 1945 diverso
2741 1884 2923 1928 autem
2958 1877 3192 1945 suntqui
3223 1876 3540 1932 existiment

1959 1940 2060 2014 hoc
2091 1943 2212 1996 loco
2235 1944 2368 1996 nihil
2403 1943 2546 1998 aliud
2589 1945 2694 2014 peti
2737 1947 2838 1998 nisi
2869 1961 3060 2012 panem
3087 1940 3448 2014 corporalem,
3481 1957 3538 2002 ut

1956 2011 2391 2092 (ihrysostonius
2409 2015 2462 2068 in
2486 2011 2606 2085 cap}
2641 2031 2700 2092 vt_
2725 2011 2980 2092 Iilattliaai.
3015 2017 3127 2092 Sed
3165 2011 3406 2092 omnium
3437 2011 3538 2092 op-

1963 2085 2089 2136 tima
2121 2093 2176 2138 et
2205 2085 2484 2139 verissima
2515 2086 2784 2154 esposilio
2815 2100 2896 2141 est
2925 2098 2982 2142 ut
3011 2088 3163 2154 panis
3211 2091 3428 2144 nomine
3459 2085 3542 2144 iit-

268 2145 730 2224 beneplacitivest
767 2157 881 2228 ipsa
905 2145 1048 2228 'vera
1095 2145 1388 2228 etiintcifna
1423 2153 1540 2222 ejus
1573 2155 1820 2228 voluntas
1841 2195 1856 2220 ,
1889 2145 1937 2204 B
1967 2155 2548 2228 telligaturtam‘cibus
2569 2145 2864 2224 spiritualis
2890 2145 3048 2228 quam
3089 2161 3407 2228 corporalis,
3441 2159 3543 2215 hoc

267 2247 375 2301 qua
411 2229 556 2301 Deus
575 2229 690 2284 vult
711 2227 958 2301 absolute
979 2226 1184 2301 aliquid
1205 2227 1340 2301 ﬁeri.
1373 2241 1491 2301 quin
1513 2239 1728 2301 semper
1761 2227 1863 2278 im-

269 2297 482 2372 pletur.
521 2300 596 2356 De
625 2315 730 2372 qua
755 2299 843 2352 hic
871 2300 1043 2372 locus
1087 2297 1238 2352 Isaia:
1269 2297 1626 2372 intelligiturL
1643 2298 1778 2372 sicut
1807 2305 1862 2350 et

273 2366 413 2427 illud
443 2366 826 2442 psalmicxiu:
859 2369 1045 2442 Omnia
1063 2384 1386 2442 quiscumque
1405 2367 1570 2442 voluii
1585 2366 1858 2442 Dominus,

275 2443 408 2514 {ecit
439 2437 494 2495 in
525 2441 648 2495 caelo
675 2451 722 2514 et
749 2443 800 2494 in
825 2451 980 2514 terra.
1030 2437 1320 2514 Et_E_stlier
1353 2453 1446 2514 _!lII
1475 2455 1488 2490 :
1517 2437 1640 2514 1_Von
1676 2447 1750 2492 est
1776 2439 1863 2508 qui

277 2509 384 2568 tute
407 2513 564 2582 possit
591 2513 823 2565 resistere
853 2511 1124 2582 volttntati.
1157 2511 1323 2564 Porro
1353 2509 1495 2564 inter
1519 2509 1707 2582 Patres
1734 2525 1864 2564 cou—

283 2581 460 2648 venit,
487 2583 544 2636 in
579 2583 666 2636 illa
705 2583 856 2638 tertia
885 2581 1166 2650 petitione,
1193 2597 1299 2636 non
1333 2583 1666 2635 voluntatem
1697 2581 1864 2635 bene-

279 2655 492 2726 placitiﬁ,
515 2653 609 2726 sed
631 2655 966 2726 voluntatem
984 2653 1132 2726 signi
1157 2652 1374 2726 proprie
1395 2652 1703 2726 significari.
1727 2652 1861 2726 llinc

279 2721 398 2780 div.
449 2725 750 2794 Cyprianus
781 2723 925 2794 (Lib.
958 2724 1020 2778 de
1049 2721 1350 2794 Oratione):
1383 2722 1634 2790 Dicimus,
1671 2723 1861 2794 inquit,

281 2795 410 2850 Fiat
435 2791 670 2850 uoluntas
695 2791 802 2862 tua,
827 2795 958 2848 sicut
981 2795 1033 2848 in
1061 2796 1182 2849 ctelo
1211 2802 1256 2849 et
1281 2791 1332 2847 in
1354 2802 1512 2858 terra,
1535 2809 1636 2846 non
1658 2801 1710 2846 ut
1729 2791 1864 2862 Deus

281 2869 444 2938 faciat
465 2873 604 2938 quod
627 2867 756 2938 fult,
784 2868 874 2920 sed
903 2877 956 2920 ut
983 2883 1074 2920 nos
1101 2867 1264 2934 facere
1292 2865 1542 2938 possimus
1567 2861 1866 2938 quodVDeus

281 2935 414 2992 ruit.
449 2935 592 3008 Nam
619 2935 726 2990 Deo
770 2939 886 3008 quis
913 2938 1136 3002 obsistit,
1169 2937 1441 3008 quominus
1479 2935 1616 3008 quod
1643 2935 1868 3008 ναίει-[α-

281 3011 424 3064 ciat?
455 3009 523 3064 Et
549 3006 878 3078 AuguStiiius
903 3008 1098 3080 (Epist.
1126 3009 1278 3080 71%|):
1314 3006 1442 3062 Cum
1473 3007 1707 3080 dicimus,
1743 3006 1866 3080 Fiat

281 3083 528 3134 voluntas
558 3091 664 3146 tua,
697 3088 816 3142 etc.,
847 3078 995 3132 nobis
1026 3080 1085 3132 ab
1116 3079 1208 3132 illo
1243 3094 1513 3149 precamur
1557 3078 1722 3146 ipsum
1747 3079 1868 3149 obc-

281 3155 556 3214 dientiam,
592 3161 644 3204 ut
673 3153 744 3204 sic
771 3168 801 3204 a
833 3151 972 3203 nobis
995 3151 1086 3216 fiat
1116 3148 1352 3204 voluntas
1381 3153 1510 3218 ejus,
1535 3148 1866 3216 quemadmo-

279 3225 404 3294 dum
429 3225 489 3292 ﬁt
517 3223 570 3274 in
597 3223 878 3276 ctelestibus
900 3225 960 3274 ab
983 3222 1177 3294 angelis
1197 3225 1330 3289 eius.
1361 3219 1655 3294 Fatendum
1687 3227 1864 3294 tamen

281 3291 437 3348 hanc
469 3295 780 3362 petitioinem
833 3293 994 3346 etiam
1041 3291 1107 3346 ad
1156 3297 1488 3347 voluntatem
1540 3291 1863 3360 beneplaciti

279 3365 454 3418 divini
487 3363 666 3433 aliquo
699 3363 858 3418 modo
890 3363 1098 3428 referri,
1134 3373 1398 3432 quatenus
1421 3363 1674 3415 nimirum
1702 3362 1866 3416 debe-

279 3451 406 3490 mus
450 3437 506 3489 in
554 3435 806 3490 omnibus
833 3433 993 3488 rebus
1017 3437 1348 3488 voluntatem
1374 3443 1634 3496 nostram,
1667 3441 1720 3486 et
1749 3448 1863 3486 om-

284 3505 654 3586 nes_aﬂ‘ectus
707 3517 922 3559 nostros
969 3507 1230 3586 vo_lunt_ati
1272 3505 1468 3586 divinae
1512 3503 1778 3586 subjicere
1809 3513 1862 3558 et
1891 3523 1936 3586 ρ

279 3579 648 3640 conl'ormare,
681 3591 971 3646 numquam
1018 3577 1084 3631 de
1119 3576 1238 3646 ejus
1278 3575 1616 3644 beneplacito
1643 3573 1863 3646 obmur-

281 3665 531 3712 murare,
559 3657 654 3700 aut
683 3647 814 3720 illud
833 3645 1305 3720 ’Areprehendere;
1333 3647 1428 3702 sed
1483 3645 1748 3720 quidquid
1797 3647 1865 3720 de

277 3722 442 3775 nobis
477 3717 750 3782 statuerit,
782 3718 1042 3788 quidquid
1074 3719 1415 3782 calamitatis,
1452 3716 1712 3786 quidquid
1737 3716 1860 3770 boni

277 3793 364 3845 vel
395 3791 528 3845 mali
561 3790 716 3844 nobis
749 3791 1022 3856 immittat,
1061 3793 1324 3859 patienter
1347 3797 1401 3844 et
1435 3789 1668 3842 libenter
1699 3788 1864 3842 susti-

279 3877 414 3917 nere
449 3878 516 3916 ac
547 3861 728 3916 dicere
757 3876 878 3916 cum
915 3859 1136 3916 Christo
1168 3879 1180 3914 :
1213 3859 1334 3915 Non
1372 3875 1514 3926 mea,
1539 3859 1626 3912 sed
1659 3867 1746 3912 tua
1779 3875 1864 3912 vo-

277 3934 457 3988 luntas
487 3933 580 4000 ﬁat
612 3931 825 4000 (Matth.
869 3933 1042 4000 xxvr).
1075 3933 1141 3988 Et
1180 3947 1302 3986 cum
1334 3931 1392 3986 Β.
1437 3931 1538 3986 Job
1573 3946 1586 3982 :
1615 3929 1864 3983 Dominus

277 4005 442 4072 dedit,
477 3999 734 4058 Dominus
756 4003 980 4056 abstulit.
1003 3999 1164 4058 Sicut
1197 4003 1413 4056 Domino
1441 4003 1656 4072 placuit,
1689 4001 1760 4054 ita
1785 3999 1864 4070 fac

277 4071 522 4130 ctum’est
551 4077 655 4132 :sit
703 4089 884 4128 nomen
917 4073 1127 4129 Domini
1167 4074 1486 4128 benedictum
1515 4071 1657 4142 (Job.
1687 4073 1750 4141 ι).
1781 4073 1864 4126 ln-

277 4147 430 4202 dicat
473 4146 618 4200 hunc
659 4161 876 4199 sensum
929 4145 1296 4200 Tertullianus
1348 4144 1440 4198 ubi
1483 4159 1644 4212 supra
1682 4161 1694 4196 :
1748 4143 1866 4197 Hoc

279 4219 436 4283 dicto,
463 4218 656 4288 inquit,
687 4215 755 4268 ad
807 4215 1158 4283 sit/Terentiam
1193 4217 1528 4286 nosmetipsos
1576 4230 1864 4284 praemone-

277 4305 418 4358 mus,
445 4301 552 4344 etc.

351 4355 624 4416 b'Panem
673 4369 942 4424 nostrum,
999 4359 1056 4414 in
1101 4359 1204 4414 hac
1235 4355 1520 4428 petitione,
1548 4356 1736 4428 (voluit
1775 4356 1864 4412 hic

277 4431 486 4487 Auctor
544 4431 808 4502 intelligi,
880 4447 985 4485 non
1049 4427 1693 4502 panem’_corporalett_i,
1767 4429 1864 4502 sed

277 4503 648 4571 spiritualem,
685 4498 743 4556 id
788 4512 891 4570 est,
924 4498 1122 4571 corpus
1168 4499 1400 4566 Christi;
1438 4509 1507 4571 ut_
1544 4498 1678 4552 satis
1707 4499 1862 4571 colli-

277 4568 426 4644 gitur
475 4583 588 4629 tum
630 4589 698 4630 ex
739 4584 850 4628 toto
879 4568 1142 4644 decursu,
1177 4572 1306 4644 licet
1355 4568 1712 4632 subobscuro.
1767 4570 1867 4644 liu-

277 4641 370 4714 ius
401 4649 620 4715 capitis,
657 4656 768 4699 tum
799 4661 866 4698 ex
914 4659 1036 4713 cap.
1065 4643 1156 4700 24.
1193 4643 1312 4710 Quo
1349 4645 1509 4715 etiam
1538 4654 1718 4715 sensu_
1747 4641 1862 4715 p_le-

279 4709 440 4782 i‘ique
471 4709 704 4770 'vete’res
751 4709 1000 4770 auctores
1033 4715 1120 4786 pie
1162 4709 1233 4771 eti
1253 4713 1505 4784 religiose
1526 4753 1541 4779 ,
1573 4719 1628 4766 et
1654 4711 1720 4766 ad
1763 4709 1866 4765 Ec-

277 4791 464 4842 clesia:
510 4803 664 4842 usum
718 4787 1158 4852 accommodate,
1211 4786 1465 4840 dixerunt
1521 4797 1713 4851 partem
1764 4797 1860 4836 no-

1966 2235 2069 2290 est,
2106 2225 2286 2280 omnia
2317 2226 2552 2280 subsidia
2583 2235 2884 2282 necessaria
2909 2225 2976 2282 ad
3001 2231 3162 2284 vitam
3189 2225 3312 2284 cum
3344 2232 3540 2286 animus

1965 2305 2078 2350 tum
2105 2298 2348 2370 corporis
2371 2299 2790 2370 conservandam
2821 2299 3136 2370 (Maldonat.
3169 2300 3416 2355 Bellarm.
3454 2303 3541 2354 ubi

1964 2383 2143 2438 supra,
2179 2367 2394 2442 [ξίφιον.
2421 2368 2565 2423 Less.
2597 2371 2660 2422 de
2688 2367 2915 2442 Instituit.
2953 2370 3038 2422 lib.
3074 2386 3110 2424 ιι
3139 2387 3256 2442 cap.
3287 2373 3398 2440 57).
3433 2372 3538 2428 Sed

1963 2443 2088 2506 quia
2136 2440 2373 2493 subsidia
2413 2442 2538 2494 vitae
2581 2441 2900 2510 spiritualis,
2933 2451 3118 2510 utpme
3171 2440 3535 2506 sacramenta.

1965 2511 2433 2582 prmsertim‘verg
2455 2522 2852 2582 sacramentum
2884 2513 3128 2582 corporis
3160 2513 3384 2578 Christi,
3415 2529 3542 2568 nec-

1965 2595 2076 2634 non
2119 2579 2359 2654 doctrina
2391 2579 2720 2648 Christiana,
2760 2594 2813 2638 et
2845 2582 2896 2636 id
2923 2579 3091 2654 genus
3123 2585 3248 2648 alia,
3279 2585 3540 2640 nobiliora

1965 2659 2092 2725 sunt
2119 2660 2173 2706 et
2195 2651 2366 2720 magis
2395 2655 2697 2708 necessaria
2725 2669 2884 2724 quam
2921 2651 3162 2725 subsidia
3195 2656 3317 2710 vitae
3343 2671 3539 2725 corpo-

1965 2723 2114 2796 ralis,
2165 2735 2588 2780 consentaneum
2636 2723 2820 2796 estut
2868 2724 2934 2778 ad
2963 2739 3154 2796 panem
3201 2723 3539 2796 spiritualem

1965 2794 2140 2862 primo
2159 2803 2210 2848 et
2227 2797 2496 2864 praecipue
2527 2795 2708 2850 tendat
2735 2797 2946 2850 aninms
2965 2794 3030 2850 et
3055 2794 3284 2852 intentio
3309 2797 3536 2862 orantis,

1967 2873 2020 2918 et
2050 2863 2116 2918 ad
2139 2863 2474 2933 corporalem
2500 2865 2842 2920 secundario.
2869 2867 3058 2932 Porro,
3088 2869 3232 2937 quod
3261 2869 3328 2922 ad
3355 2883 3542 2924 vocem

1967 2937 2224 3007 ἐπιούσιον
2255 2939 2468 2998 attinet.
2501 2941 2646 2992 varie
2689 2947 2964 3007 exponuitt
2997 2937 3342 3004 interpretes.
3375 2939 3542 2994 Divus

1969 3003 2328 3081 literOnytnus
2353 3009 2426 3081 ita
2465 3007 2593 3081 legit
2622 3003 2855 3081 :fanem
2901 3003 3542 3081 nostrum’supersubstan-

1967 3075 2144 3130 tialem
2171 3081 2236 3130 da
2267 3079 2409 3132 nobis
2438 3075 2608 3132 hodie.
2643 3079 2708 3134 Et
2750 3095 2845 3134 cur
2896 3081 2964 3134 itu
2993 3075 3239 3144 verterit,
3275 3083 3539 3136 rationem

1968 3148 2226 3221 subdens,
2259 3149 2836 3220 Supersubstantialem,
2867 3151 3062 3220 inquit,
3090 3153 3448 3221 expressimus.
3477 3149 3544 3206 In

1968 3215 2146 3272 Crteco
2170 3215 2380 3274 habetur
2403 3223 2654 3278 ἐπιούσιον
2681 3239 2694 3286 ;
2723 3215 2857 3290 quod
2885 3215 3088 3276 verbum
3119 3215 3267 3276 LXX
3293 3221 3546 3290 Interpre-

1969 3299 2040 3342 tes
2065 3293 2796 3366 mprobewuﬁequentissime
2819 3299 3156 3364 transferunt.
3188 3293 3543 3346 Considi-raui-

1969 3376 2081 3412 mus
2104 3361 2224 3433 ergo
2245 3364 2298 3415 in
2331 3361 2570 3440 Ilebrieo,
2600 3375 2644 3440 et
2671 3361 2973 3440 ubicumque
3017 3367 3094 3418 illi
3136 3367 3430 3440 περιούσιον
3457 3381 3547 3440 ea:-

1969 3443 2284 3500 presserunt.
2331 3449 2420 3488 nos
2468 3435 2750 3488 invenimus
2773 3437 2990 3504 segutla,
3037 3441 3176 3500 quod
3203 3435 3546 3504 Symmachus

1971 3504 2242 3578 ᾆξαίρετον,
2275 3505 2450 3578 idest,
2483 3507 2798 3578 pra’cipuum
2822 3505 2902 3578 uel
2941 3507 3220 3578 egregium,
3261 3507 3545 3578 transtulit,

1957 3574 2086 3647 licet
2137 3577 2189 3628 in
2240 3575 2461 3647 quodam
2515 3577 2625 3628 loco
2685 3574 2990 3644 peculiarem
3045 3574 3400 3647 interpretatus
3455 3577 3543 3631 sit.

1970 3643 2191 3707 Quando
2214 3643 2334 3714 ergo
2356 3646 2572 3714 petimus
2601 3656 2652 3698 ut
2681 3649 2991 3714 peculiarem
3013 3645 3088 3700 rel
3117 3643 3432 3714 pra'cipuum
3455 3664 3546 3700 no—

1967 3713 2040 3768 bis
2073 3715 2211 3770 Deus
2239 3713 2424 3768 tribuat
2453 3733 2655 3782 panem,
2682 3713 2836 3770 illum
2867 3719 3083 3780 petimus
3105 3713 3194 3787 qui
3224 3713 3344 3787 dicit
3377 3733 3394 3771 :
3427 3713 3541 3787 Ego

1965 3801 2078 3840 sum
2107 3788 2255 3858 punis
2303 3789 2442 3840 rivus
2470 3788 2559 3856 qui
2602 3789 2664 3840 de
2695 3789 2820 3842 creto
2850 3785 3209 3842 descendnln
3259 3785 3547 3856 Evangelia

1965 3859 2104 3930 quod
2130 3857 2421 3930 appellatur
2446 3859 2671 3912 secunda
2683 3878 2727 3912 ιιι
2751 3859 3020 3922 Ilebrteos,
3037 3875 3128 3928 pro
3155 3860 3546 3930 supersubstan-

1967 3927 2079 3982 tiali
2105 3927 2234 4000 pane
2263 3931 2432 3998 reperi
2461 3931 2688 3996 machar,
2717 3931 2854 3998 quod
2884 3927 3072 3983 dicitur
3127 3929 3430 3994 crastinum,
3489 3937 3546 3982 ut

1967 4001 2032 4052 sit
2057 4016 2471 4070 sensus:punem
2494 4012 2719 4056 nostrum
2747 4003 3050 4068 crastinum,
3083 4002 3136 4054 id
3165 4011 3258 4066 est,
3289 4003 3544 4070 futurum,

1968 4071 2034 4124 da
2066 4072 2208 4126 trabis
2249 4073 2421 4126 hodie.
2452 4070 2736 4128 Possumus
2769 4073 3310 4140 supersubstantialem
3361 4089 3548 4140 panem

1966 4153 2012 4196 et
2042 4143 2194 4198 aliter
2215 4142 2518 4216 intelligere.
2551 4146 2636 4214 qui
2667 4161 2816 4216 super
2841 4161 3012 4216 euntes
3034 4144 3351 4198 substantias
3383 4144 3468 4210 sit,
3499 4153 3549 4198 et

1968 4217 2236 4268 universas
2263 4215 2464 4286 superet
2488 4225 2768 4271 creaturas.
2801 4215 2874 4270 Ita
2917 4215 3001 4286 Ss
3031 4216 3389 4286 llierOnymus
3439 4227 3548 4269 tres

1969 4297 2162 4340 sensus
2185 4285 2335 4341 illius
2359 4287 2632 4354 petitionis
2661 4302 2962 4356 exponens.
2991 4285 3336 4341 Postmodnm
3363 4296 3545 4340 tamen

1967 4357 2266 4412 secundum
2296 4357 2442 4410 illum
2471 4373 2712 4422 sensum,
2741 4355 2850 4428 quo
2871 4355 3130 4414 ἐπιούσιον
3163 4359 3546 4428 interpretatur

1968 4429 2284 4494 crastinum,
2319 4429 2520 4482 refutat
2549 4447 2564 4486 :
2600 4426 2980 4498 Quia,'inquit,
3004 4429 3288 4482 secundum
3316 4426 3546 4498 Apostoli

1967 4513 2248 4552 sermonem
2279 4499 2492 4552 dicentis
2520 4514 2538 4552 :
2569 4497 2816 4552 Habentes
2863 4499 3054 4552 eiciunt
3098 4511 3144 4553 et
3171 4497 3432 4567 amictum,
3467 4499 3547 4552 his

1969 4577 2188 4621 contenti
2219 4569 2394 4634 simus,
2427 4571 2489 4622 de
2522 4569 2760 4640 pra’senti
2791 4578 2986 4622 tantum
3034 4571 3144 4622 cibo
3171 4571 3340 4623 stmcti
3369 4585 3546 4640 curam

1967 4647 2187 4708 gerunt:
2213 4643 2344 4692 unde
2363 4649 2410 4692 et
2433 4643 2483 4692 in
2507 4637 2872 4710 posterioribus
2896 4641 2960 4692 sit
3001 4651 3346 4710 percptunt.’
3369 4637 3549 4692 Nolite

1969 4711 2200 4778 cogitare
2224 4711 2286 4762 de
2317 4713 2560 4764 crastino.
2587 4709 2796 4780 itaque
2826 4711 3118 4780 secundum
3170 4709 3240 4762 Β.
3283 4709 3541 4780 llierony-

1969 4777 2114 4833 mum
2141 4797 2242 4834 vox
2273 4781 2528 4842 ἐπιούσιος
2553 4777 2819 4851 significat
2851 4779 2930 4834 vel
2948 4777 3542 4851 supersubstantialem,

277 4869 452 4912 strum
479 4859 855 4928 quotidianum
881 4857 1081 4912 Christi
1115 4849 1316 4928 corpus
1339 4849 1862 4928 appellaiiﬂ'ertull.
1889 4870 1941 4928 ἦ
1969 4851 2059 4928 vel
2101 4863 2264 4928 certe
2313 4849 2974 4921 eximium,'peculiarem,
3005 4850 3384 4928 excellentem.
3437 4849 3543 4928 Alii

275 4940 326 4982 et
357 4923 606 5000 Cyprian.
636 4931 699 4984 de
716 4927 982 5000 Oratione,
1013 4923 1248 5000 Ambrog'.
1275 4923 1427 5000 lib.:v
1446 4925 1510 4978 de
1533 4923 1858 5000 Sacrament.

276 4993 484 5068 capf-b.
518 5000 733 5054 Hieron.
771 5001 822 5052 in
849 4993 1310 5066 Comment.,-Pet.
1345 4993 1580 5066 Chrysol.
1615 5012 1767 5068 term.
1798 4997 1864 5050 de

279 5067 436 5124 orat.
461 5072 664 5142 Dom).
695 5072 826 5124 Nam
849 5080 903 5125 et
935 5085 1076 5124 uerus
1111 5069 1258 5142 panis
1304 5067 1588 5142 estquide
1616 5067 1742 5119 coelo
1769 5071 1861 5142 tie-

275 5143 518 5208 scendit;
546 5151 601 5195 et
624 5137 1004 5210 quotidianus,
1039 5137 1162 5208 quia
1191 5139 1452 5210 quotidie,
1484 5137 1526 5190 si
1558 5151 1664 5210 non
1693 5137 1862 5210 asin-

271 5215 440 5280 gntis,
469 5207 671 5266 saltem
700 5227 730 5264 a
761 5221 870 5266 tnta
905 5207 1172 5274 EcCIesia,
1205 5207 1428 5264 nomine
1453 5207 1703 5280 omnium
1729 5207 1858 5264 lide-

273 5287 430 5347 lium,
465 5282 838 5350 frequentatur
866 5290 922 5337 et
940 5281 1210 5336 sumitur:
1243 5291 1294 5334 et
1321 5281 1606 5346 ἐπιούσιος,
1657 5279 1708 5332 id
1752 5289 1853 5343 est.

271 5353 837 5422 supersubstantialis,
860 5353 988 5423 quia
1011 5367 1175 5422 super
1191 5367 1380 5406 omnes
1409 5353 1736 5423 substantias
1750 5359 1850 5414 est,

271 5437 330 5480 et
349 5421 544 5480 Omnes
565 5433 842 5478 creaturas
870 5421 1200 5478 sublimitate
1224 5421 1638 5490 magniﬁcentiae
1661 5429 1714 5474 ct
1733 5435 1856 5474 san-

269 5497 613 5550 ctiﬁcationis
646 5497 881 5561 excedit,
935 5503 993 5548 ut
1033 5495 1120 5548 hic
1148 5493 1458 5562 exponitur.
1506 5490 1608 5562 Alii
1658 5505 1851 5562 panem

269 5568 646 5636 quotidianum
665 5566 1050 5620 intellexerunt
1070 5561 1404 5636 spirit’ualem
1433 5561 1624 5636 animm
1647 5561 1850 5629 cibum,

269 5633 378 5692 hoc
407 5649 512 5702 est,
541 5640 762 5692 verbum
791 5633 1446 5706 Dei,quoquotidieo.pus
1469 5633 1626 5686 habet
1649 5639 1702 5684 et
1723 5647 1856 5706 quo-

270 5711 348 5762 tit]
374 5727 405 5761 c
439 5713 671 5778 pascitur
699 5707 911 5762 animus
943 5723 1035 5776 per
1064 5705 1546 5778 inediiutionetn__et
1569 5705 1851 5778 operatio-

267 5795 398 5836 nem
433 5773 808 5834 mandatorum
833 5773 956 5846 Dei,
981 5779 1120 5832 sicut
1165 5775 1406 5830 Christus
1445 5774 1658 5846 dicebat
1693 5773 1849 5828 Joatt.

267 5867 324 5920 tv
363 5868 374 5902 :
419 5851 562 5908 Meus
589 5852 732 5908 cibus
753 5859 826 5906 est
851 5858 900 5904 ut
945 5849 1136 5920 faciam
1165 5846 1472 5902 voluntatem
1501 5845 1675 5900 Patris
1722 5847 1851 5914 mei;

1889 4901 1942 4962 D
1968 4924 2230 4979 ἑπιούσιον
2253 4901 2676 4990 ἱιιιοιριειιιιιίιῖι·
2708 4937 2814 4976 non
2840 4901 3434 4992 supersubstantialem.
3451 4919 3544 4976 sed

1967 4995 2282 5062 simpliciter
2314 4995 2740 5060 substantialetn,
2787 4993 2836 5048 id
2861 5003 2964 5058 est,
2996 4992 3314 5048 substantiae
3345 4999 3544 5062 nostra!

1968 5061 2175 5119 alenda:
2213 5067 2595 5118 necessarium.
2626 5065 2796 5132 Quem
2829 5080 3046 5120 sensum
3078 5065 3238 5118 etiam
3283 5061 3547 5132 speetavit

1965 5145 2122 5190 vetus
2145 5137 2435 5206 interpres,
2459 5135 2584 5189 dum
2611 5137 2986 5206 quotidianum
3029 5134 3281 5200 reddidit,
3317 5133 3418 5188 hoc
3437 5143 3540 5200 est,

1965 5221 2072 5276 quo
2105 5205 2344 5276 quotidie
2375 5205 2707 5276 indigemus;
2731 5207 3181 5276 quemadmodum
3213 5217 3401 5258 omnes
3451 5219 3538 5260 ve-

1967 5287 2110 5348 teres
2153 5288 2408 5348 auctores
2453 5277 2630 5332 Latini
2663 5277 2848 5348 legunt
2885 5287 2939 5332 et
2962 5284 3274 5348 exponunt,
3309 5289 3406 5348 pro
3428 5289 3535 5348 quo

1964 5347 2122 5402 divus
2145 5347 2511 5420 Hieronymus
2533 5343 3104 5418 supersitbstantialem
3138 5343 3318 5420 vertit.
3345 5343 3545 5420 Sttidas

1957 5429 2245 5492 utramque
2291 5413 2737 5492 signiﬁcationem
2779 5420 3132 5488 complexus:
3164 5417 3420 5492 ἐπιούσιρς
3452 5413 3546 5492 ἅρ-

1957 5512 2073 5554 τος,
2102 5491 2296 5558 inquit,
2325 5488 2480 5560 panis
2513 5501 2715 5544 natura:
2740 5501 2938 5545 nostrae
2959 5488 3386 5560 congruens,_vel
3411 5488 3546 5556 quii-

1961 5557 2213 5616 tidianus.
2251 5557 2488 5615 Diarium
2512 5561 2681 5615 Latini
2715 5569 2934 5628 voeant,
2968 5559 3018 5614 id
3050 5569 3154 5624 est,
3197 5557 3251 5613 in
3282 5557 3398 5612 dies
3445 5572 3544 5612 ne-

1961 5635 2255 5686 cessari-um
2311 5643 2405 5686 aut
2459 5641 2736 5686 statutum.
2788 5631 3067 5685 Imitantur
3108 5631 3254 5684 enim
3285 5631 3545 5697 parvulos

1963 5705 2178 5768 tiliolos,
2200 5705 2288 5774 qui
2310 5717 2465 5758 mane
2497 5703 2548 5756 in
2577 5703 2762 5774 schola
2799 5700 3200 5774 proﬁciscentes
3221 5703 3394 5774 primo
3425 5697 3545 5752 loco

1963 5776 2078 5842 ejus
2101 5773 2479 5828 diet’statutam
2509 5773 2661 5842 panis
2694 5773 2998 5843 portionem
3022 5787 3050 5826 a
3083 5781 3234 5842 patre
3267 5773 3348 5828 vel
3371 5778 3544 5834 matre

1963 5846 2252 5916 posmlant.
3281 5845 3284 5847 ’
