4078 6332
311 369 420 440 791
1405 369 1744 430 COLLATIO
1783 371 1878 428 ιιι.
1907 401 1976 414 -
2007 371 2094 428 DE
2133 370 2502 434 ORATIUNE.
3489 371 3605 440 793

311 489 422 548 suis
443 487 702 546 admissis
739 485 954 544 Veniam
984 483 1302 556 postulabit,
1349 485 1598 556 quisquis
1641 487 1906 542 remissus
1931 495 1982 554 Α
2009 495 2130 542 cum
2165 488 2218 542 in
2243 488 2468 544 ecclesia
2509 488 2622 546 haec
2651 487 2830 546 ora'tio
2851 490 2921 546 ab
2947 491 3201 549 universa
3231 491 3389 564 plebe
3413 493 3602 552 conci-

315 598 438 654 erga
468 595 600 636 suos
627 579 932 646 dumtaxat,
957 594 1066 638 non
1109 593 1234 648 ergo
1266 577 1477 634 Domini
1510 578 1594 632 sui
1634 579 1908 634 exstiterit
2011 582 2178 646 nitur,
2203 583 2226 614 °
2253 581 2396 637 hunc
2421 583 2598 638 locum
2626 585 2770 639 taciti
2821 573 3258 653 praterniitt‘un‘i,
3295 589 3360 642 ne
3390 587 3600 646 scilicet

313 680 614 736 debitores.
645 677 900 734 Solemus
925 675 1126 732 etenim
1149 675 1416 740 nonnulli,
1449 675 1592 746 quod
1638 685 1722 732 est
1748 675 1903 732 dete-
2007 675 2332 743 semetipsos
2356 674 2598 744 obligare
2629 677 2806 746 potius
2849 679 3012 746 quam
3037 679 3298 733 excusare
3328 677 3422 733 Sua
3466 679 3594 750 pro-

313 773 444 836 rius,
484 785 612 841 erga
645 769 738 824 ills
777 769 996 840 quidem
1027 783 1148 839 qua:
1169 767 1524 822 admittuntur
1553 769 1620 822 a‘d
1651 767 1902 838 iniuriam
2007 765 2240 822 fossione
2289 767 2593 834 videantur,
2643 777 2749 824 non
2799 769 3159 841 intellig’ente's
3207 771 3348 842 quod
3399 769 3592 828 frustra

311 865 432 932 Dei,
459 865 712 936 quamvis
733 879 1050 934 magnorum
1085 863 1192 918 sint
1210 863 1520 928 criminum,
1549 863 1784 932 placidos
1805 853 1916 919 nos'
2005 861 2376 917 cavillationes
2407 863 2502 916 has
2528 863 2694 932 judici
2717 867 2958 919 omnium
2993 865 3329 935 prietendere
3359 869 3590 922 molian-

311 965 364 1011 et
389 955 848 1012 clementissimos
869 957 1156 1022 exhibere;
1181 971 1304 1026 erga
1331 967 1638 1010 nostrarum
1660 969 1792 1012 vero
1813 955 1904 1010 vel
2005 963 2115 1024 tur,
2161 957 2252 1026 qui
2282 956 2730 1026 quemadmodum
2769 957 3104 1026 judicaturus
3145 960 3216 1014 sit
3261 961 3592 1030 supplicibus

311 1049 760 1117 parvissimarutn
791 1049 1156 1104 offensionum
1183 1049 1364 1104 debita
1403 1059 1688 1106 exactores
1717 1048 1900 1104 immi-
2003 1047 2114 1100 suis
2173 1047 2340 1101 voluit
2383 1047 2778 1104 demonstrare.
2813 1051 2944 1104 Dum
2993 1057 3135 1106 enim
3188 1067 3316 1122 erga
3349 1067 3448 1107 nos
3477 1069 3584 1109 non

309 1145 392 1196 tes
413 1149 578 1211 instrue
607 1141 980 1196 inexorabiles
1017 1141 1274 1195 inveniri.
1307 1147 1334 1176 ι
1363 1139 1622 1210 Quisquis
1655 1141 1818 1208 igitur
1845 1141 1900 1194 in
2001 1141 2118 1196 vult
2141 1141 2360 1196 immitis
2387 1151 2548 1212 atque
2575 1142 2924 1198 inexorabilis
2961 1145 3212 1210 inVeniri,
3244 1144 3472 1200 formam
3501 1147 3584 1200 sui

305 1247 366 1288 se
391 1233 732 1304 delinquenti
759 1236 910 1290 fratri
941 1249 1048 1289 non
1079 1247 1148 1288 ex
1181 1235 1344 1290 corde
1369 1234 1653 1300 dimiserit,
1683 1247 1788 1288 non
1819 1234 1900 1288 iu-
1995 1233 2180 1303 iudicii
2209 1234 2536 1305 designavit,
2571 1245 2630 1288 ut
2660 1237 3110 1305 quemadmodum
3138 1253 3234 1292 nos
3264 1239 3332 1292 ab
3369 1239 3464 1294 illo
3501 1239 3588 1308 ju-

303 1325 658 1396 dulgentiam,
691 1327 788 1382 sed
811 1327 1318 1382 condemnationem
1367 1327 1748 1394 deprecatione
1798 1325 1898 1381 hac
1999 1327 2168 1382 dicari
2195 1330 2460 1397 cupimus.
2505 1329 2575 1382 ita
2619 1341 2834 1384 nostros
2877 1331 3070 1386 fratres
3111 1329 3310 1401 siquid
3346 1333 3398 1387 in
3433 1333 3587 1388 nobis

301 1417 522 1474 sibimet
567 1418 898 1488 impetrabit,
947 1435 1152 1490 suaque
1179 1419 1514 1490 professione
1545 1419 1896 1488 semetipsum
1997 1419 3080 1494 deliquerintjudicemus,quiajudiciam
3105 1425 3212 1478 sine
3235 1426 3584 1480 misericordia

301 1511 474 1580 poscit
503 1511 678 1566 dirius
703 1512 960 1582 judicari,
1013 1513 1224 1580 dicens,
1253 1512 1488 1568 Remitte
1515 1512 1648 1566 mihi
1671 1511 1814 1566 sicut
1844 1523 1898 1568 et
1997 1513 2082 1581 [iet
2104 1513 2148 1566 ei
2178 1513 2266 1583 qui
2296 1531 2398 1567 non
2437 1515 2608 1586 fecerit
2642 1515 3052 1568 misericordiam
3080 1514 3221 1588 (Jac.
3254 1517 3336 1586 ιι).

301 1617 400 1678 ego
445 1605 657 1660 remisi.
715 1605 871 1672 Quod
915 1621 1038 1662 cum
1068 1605 1146 1660 illi
1173 1605 1470 1662 secundum
1503 1621 1654 1662 suam
1683 1605 1897 1676 petitio—
2571 1608 2801 1664 CAPUT
2825 1605 3012 1666 XM".

299 1714 424 1754 nem
455 1697 620 1754 fuerit
653 1701 1160 1772 repensatum,quid
1178 1701 1322 1756 aliud
1351 1703 1709 1771 subsequatur
1733 1717 1892 1772 quam
1994 1689 2074 1754 De
2097 1716 2156 1754 eo
2183 1699 2324 1770 quod
2362 1699 2486 1753 dicit
2517 1715 2538 1754 :
2565 1698 2634 1754 Et
2666 1717 2728 1754 ne
2755 1717 2850 1756 nos
2876 1699 3100 1754 inducas
3129 1702 3182 1756 in
3225 1703 3578 1756 tentationem.

299 1799 376 1857 tit,
397 1792 650 1861 exemplo
671 1805 790 1857 suo,
817 1793 1146 1862 implacabili
1177 1793 1256 1848 ira
1285 1803 1340 1848 et
1365 1791 1642 1848 irremissa
1669 1801 1894 1848 senten-

2071 1791 2270 1844 Deinde
2291 1791 2556 1860 sequitur,
2571 1791 2598 1828 ά
2623 1791 2688 1845 Et
2709 1807 2772 1844 ne
2791 1809 2884 1845 nos
2909 1793 3128 1846 inducas
3147 1793 3200 1847 in
3223 1796 3576 1850 tentationem.

295 1885 366 1940 tia
393 1887 688 1956 puniatur?
707 1883 942 1958 Ideoque
971 1887 1016 1942 si
1039 1887 1340 1942 clementer
1363 1887 1612 1942 volumus
1629 1885 1878 1958 judicari,
1911 1905 1960 1965 Β
1989 1881 2064 1936 De
2091 1897 2196 1952 quo
2245 1897 2348 1936 non
2379 1883 2600 1938 minima
2633 1885 2870 1938 nascitur
2898 1883 3144 1954 quaestio.
3181 1885 3233 1940 Si
3263 1887 3408 1940 enim
3447 1901 3572 1942 ora-

295 1995 394 2034 nos
421 1994 642 2050 quoque
657 1993 786 2048 erga
813 1979 936 2034 illos
963 1981 1052 2050 qui
1085 1979 1138 2034 in
1169 1995 1269 2034 nos
1295 1979 1642 2046 deliquerunt
1665 1989 1884 2048 oportet

290 2088 412 2129 esse
469 2075 788 2128 clementes.
821 2072 848 2112 δ
886 2073 1118 2128 Tantum
1166 2075 1310 2130 enim
1369 2075 1672 2130 remittetur
1701 2073 1876 2140 nobis,

287 2174 554 2238 quantum
583 2179 681 2220 nos
709 2167 1078 2221 remiserimus
1106 2167 1190 2222 eis
1216 2167 1302 2236 qui
1337 2167 1492 2222 nobis
1541 2181 1878 2238 quacumque

287 2257 624 2328 malignitate
653 2265 978 2336 nocuerunt.
1008 2257 1164 2326 Quod
1213 2257 1569 2314 formidantes
1601 2257 1872 2324 nonnulli,

1987 1992 2109 2032 mus
2139 1993 2208 2032 ne
2241 1979 2616 2048 permittamur
2639 1980 2854 2046 tentari,
2886 1989 2940 2034 et
2989 1979 3132 2034 unde
3159 1985 3262 2036 erit
3309 1981 3362 2036 in
3421 1981 3578 2036 nobis

1987 2073 2160 2126 virtus
2181 2072 2498 2126 constantiae
2525 2071 2944 2140 comprobanda,
2967 2073 3264 2126 secundum
3289 2071 3430 2125 illaut
3455 2083 3579 2126 seti-

1987 2163 2213 2218 tentiam
2242 2181 2255 2217 :
2292 2161 2472 2216 Omnis
2502 2164 2578 2216 vir
2601 2167 2688 2234 qui
2721 2181 2820 2217 non
2852 2175 2922 2219 est
2955 2173 3199 2234 tentatus,
3233 2177 3336 2220 non
3363 2175 3435 2220 est
3457 2181 3578 2238 pro-

1985 2256 2132 2310 batus
2165 2253 2388 2328 (Eccles.
2415 2257 2643 2324 sunt)?
2671 2257 2740 2312 Et
2761 2258 2954 2312 iterum
2981 2274 2994 2310 :
3027 2257 3218 2312 Beatus
3247 2259 3324 2312 uir
3354 2259 3442 2328 qui
3471 2263 3578 2328 suf-

1355 2393 1614 2450 ALARDI
1651 2389 1877 2450 ΕΑΖΑΞΙ
1915 2388 2479 2448 COMMENTARIUS.

287 2493 526 2548 tumiibet
543 2495 688 2565 juste
711 2495 771 2566 in
793 2493 954 2566 hujus
975 2494 1094 2548 eius
1120 2493 1342 2562 caligine
1387 2501 1538 2566 atque
1581 2490 1878 2566 infirmitate

286 2563 666 2630 sicanium—non
689 2565 830 2618 nobis
856 2563 1028 2620 deesse
1057 2575 1264 2634 peccata
1291 2580 1384 2636 pro
1406 2564 1586 2632 quibus
1617 2563 1878 2614 dimitten-

287 2641 368 2690 dis
387 2637 664 2690 debeamus
695 2651 862 2702 orare,
887 2647 934 2690 et
962 2639 1032 2690 eis
1063 2637 1148 2700 qui
1173 2637 1226 2688 in
1247 2653 1338 2688 nos
1366 2643 1594 2704 peccant,
1627 2645 1682 2686 ut
1709 2643 1756 2704 t‘l
1787 2649 1878 2686 no-

287 2709 362 2760 bis
391 2713 711 2784 ignoscatur,
734 2709 1018 2784 ignoscere.
1053 2707 1174 2760 Non
1205 2703 1378 2784 itaque
1402 2703 1880 2784 proptereapomi-

291 2795 388 2832 nus
443 2780 562 2832 ait:
595 2779 656 2832 Si
707 2779 1004 2832 dimiseritis
1045 2789 1252 2846 peccata
1299 2777 1608 2838 hominibus,
1659 2777 1878 2828 dimittet

287 2849 428 2922 rebis
459 2859 508 2904 et
541 2851 700 2904 Pater
719 2861 878 2904 vester
899 2861 1110 2922 peccata
1141 2859 1396 2922 uestra,at
1427 2849 1492 2900 de
1521 2849 1616 2900 huc
1647 2849 1882 2922 oratione

275 2921 496 2989 «:ouﬁst',
527 2923 695 2974 securi
725 2918 1028 2982 quotidiana
1050 2921 1238 2974 scelera
1269 2923 1568 2990 faceremus.
1601 2918 1678 2972 uel
1703 2927 1875 2986 poten-

289 2995 364 3046 tia
387 3007 490 3062 qn
521 3009 622 3044 non
645 2993 942 3046 timeremus
971 2993 1234 3046 hominum
1259 2999 1413 3062 teges,
1437 2993 1510 3043 cel
1539 2991 1732 3062 astutia
1775 3005 1878 3058 qua

289 3061 428 3130 ipsos
459 3063 690 3116 homines
723 3063 1056 3132 fallet-emas;
1081 3064 1169 3118 sed
1197 3074 1250 3116 at
1282 3061 1538 3132 peritiam
1565 3061 1875 3132 disceremus

289 3149 392 3188 ttots
420 3144 608 3202 putare
627 3131 731 3188 nos
747 3151 856 3188 esse
881 3136 992 3190 sine
1015 3135 1254 3206 peccatis,
1283 3131 1486 3188 etiamsi
1515 3147 1548 3186 a
1573 3131 1876 3186 criminibus

287 3221 512 3259 essemus
540 3207 813 3270 immunes,
839 3215 946 3261 etc.

359 3283 390 3314 ⁸
401 3275 476 3352 βε
501 3277 642 3352 enim
669 3293 776 3352 non
808 3279 1104 3332 dimiseritis
1129 3276 1420 3352 Itontinibus
1436 3319 1451 3344 ,
1479 3291 1574 3330 nec
1591 3273 1772 3352 __Pater
1793 3291 1874 3352 veg

287 3345 634 3404 ater—remittet
663 3349 803 3402 nobis
828 3359 1039 3416 peccata
1065 3357 1252 3403 vestra.
1273 3349 1458 3402 Matth.
1487 3363 1558 3402 vr.
1589 3345 1704 3400 Non
1727 3349 1868 3415 quod

287 3419 392 3474 hac
425 3419 540 3474 sola
569 3419 884 3474 conditione
909 3421 1062 3475 nobis
1089 3421 1226 3475 Deus
1258 3419 1440 3474 debita
1473 3427 1656 3472 nostra
1689 3419 1870 3472 diruit-

283 3499 386 3556 tat,
409 3491 454 3546 si
481 3507 580 3545 nos
617 3489 956 3546 debitoribus
985 3493 1184 3546 nostris
1213 3493 1580 3548 dimittamus:
1603 3491 1698 3544 sed
1725 3491 1868 3558 quod

287 3563 392 3616 nisi
442 3561 808 3617 dimiserimus
861 3565 1004 3630 aliis,
1031 3579 1130 3618 nec
1159 3565 1274 3632 ipse
1305 3563 1460 3616 nobis
1487 3561 1742 3614 dimittat.
1777 3561 1872 3616 Est

283 3635 436 3686 enim
463 3633 580 3688 ha-c
607 3635 848 3688 conditio
894 3637 1012 3689 sine
1049 3651 1154 3702 qua
1185 3649 1292 3687 non
1315 3633 1594 3687 obtinetur
1625 3643 1872 3701 peccato-

283 3719 408 3776 [um
431 3705 710 3776 remissio;
745 3705 842 3759 sed
865 3706 979 3776 ipsa
1003 3705 1120 3760 sola
1153 3721 1246 3773 per
1275 3719 1334 3760 se
1357 3719 1466 3758 non
1491 3703 1692 3759 sufﬁcit
1711 3705 1728 3775 (
1749 3703 1872 3758 Vide

289 3774 433 3846 Petr.
467 3775 710 3846 Chrysol.
739 3774 898 3830 serm.
925 3777 996 3832 68
1017 3789 1062 3831 et
1088 3777 1200 3844 71).

356 3845 386 3884 ιι
429 3847 508 3900 Ad
539 3845 790 3901 eumdem
816 3849 1034 3902 modum
1059 3857 1114 3904 et
1135 3851 1250 3902 haec
1271 3847 1538 3902 sententia
1570 3847 1868 3900 secundum

289 3918 561 3988 praedicta
607 3919 766 3972 debet
819 3919 1066 3988 intelligi,
1123 3921 1370 3988 negative
1437 3918 1646 3972 scilicet
1697 3921 1872 3986 potius

287 4003 454 4058 quam
485 3987 829 4045 afﬂrmative.
853 3989 984 4045 Nam
1006 3987 1158 4046 Deus
1181 3987 1336 4044 nobis
1363 3999 1418 4045 et
1445 3991 1613 4044 multo
1637 3989 1786 4060 plura
1819 4000 1874 4044 et

289 4060 469 4114 multo
495 4063 722 4130 majora,
763 4071 818 4116 et
845 4061 1014 4116 multo
1057 4063 1350 4124 liberalius.
1377 4071 1426 4114 et
1474 4063 1642 4116 multo
1695 4061 1872 4115 minus

289 4131 632 4186 merentibus
673 4135 920 4198 remittit,
969 4149 1127 4202 quant
1183 4149 1280 4186 nos
1311 4132 1645 4188 debitoribus
1675 4133 1871 4188 nostris

284 4211 380 4256 aut
403 4203 684 4257 remittere
707 4205 1000 4268 soleamus,
1025 4217 1116 4258 aut
1143 4207 1304 4260 etiam
1339 4209 1640 4274 possimus:
1666 4207 1758 4258 sed
1792 4207 1868 4257 di-

283 4276 432 4327 citur
457 4282 664 4328 tantum
693 4276 846 4328 nobis
879 4277 1160 4331 remittere
1195 4287 1460 4344 quantum
1501 4277 1872 4330 remiserimus

283 4345 434 4414 aliis,
461 4347 582 4414 quia
615 4345 662 4399 si
695 4359 798 4400 non
839 4349 1232 4410 remiserimus,
1254 4363 1353 4402 nec
1383 4349 1494 4416 ipse
1525 4349 1794 4410 remittet;
1819 4357 1874 4402 et

283 4417 328 4469 si
359 4417 753 4482 remiserimus,
777 4417 938 4471 etiam
971 4419 1084 4487 ipse
1109 4421 1346 4472 remittet
1376 4419 1552 4480 nobis,
1585 4419 1746 4470 modo
1769 4433 1872 4472 cae-

285 4495 400 4558 tera
421 4489 726 4542 necessaria
749 4498 1082 4556 pra-stemus.
1101 4491 1174 4544 Ita
1203 4489 1479 4552 Sedulius,
1501 4500 1694 4558 praeter
1710 4491 1868 4556 alios,

281 4557 428 4614 hanc
447 4559 817 4615 conditionem
843 4561 1056 4630 poetice
1081 4562 1318 4632 explicat
1353 4581 1362 4614 :

407 4691 592 4758 erita
613 4693 767 4758 laxari
787 4696 872 4756 qui
895 4697 1033 4746 nobis
1051 4705 1224 4746 cuncta
1251 4709 1493 4758 rogamus.

409 4753 512 4822 tios
531 4769 730 4822 quoque
757 4753 1006 4822 laiemus;
1033 4761 1212 4822 proprii
1235 4753 1344 4808 nam
1363 4762 1523 4810 cautio
1545 4761 1680 4808 verbi

407 4813 727 4884 _S_pon_denies
743 4813 1003 4884 manifesta
1023 4813 1181 4884 tenet,
1205 4825 1500 4884 graviusque
1521 4823 1668 4872 soluti

409 4877 690 4946 ﬁectimur,
712 4881 918 4946 alterius
939 4885 979 4930 si
1005 4877 1376 4946 solvere—vincla
1395 4877 1650 4946 negamus.

411 4939 719 5004 [mipietque
743 4945 850 5004 plus
873 4943 1042 4993 decies
1066 4943 1264 4992 milli-na
1292 4939 1476 4995 talenta

409 5000 677 5070 Pint-ineas
695 5000 946 5061 Dominus,
971 5009 1010 5054 si
1037 5019 1123 5054 nos
1147 5007 1367 5070 adligare
1393 5017 1590 5070 propter

409 5063 654 5131 genarios
676 5073 872 5131 centum
900 5081 1186 5117 conservum
1209 5063 1424 5120 se'nseri't
1449 5063 1620 5131 ullum,

407 5127 630 5178 Tradere
651 5128 908 5179 confestim
935 5131 1222 5194 tortoribus,
1247 5139 1343 5181 etc.

357 5265 382 5330 ς
427 5255 986 5330 Natatiqttorumdam
1027 5261 1314 5315 stultitiam
1365 5277 1428 5317 ac
1485 5264 1869 5330 temeritatem,

281 5327 401 5394 qui,
428 5341 554 5380 cum
605 5329 832 5396 injurias
881 5331 1188 5386 condonare
1213 5335 1408 5398 nolint,
1443 5348 1510 5388 ne
1543 5327 1874 5391 mentiantur

281 5398 340 5452 in
371 5399 952 5474 oratinnehsomverba
983 5402 1072 5455 illa
1103 5404 1346 5458 studiose
1367 5415 1696 5474 praetereunt
1721 5425 1731 5460 :
1753 5407 1872 5464 Sic-

279 5476 344 5548 ut
381 5477 432 5522 et
463 5471 906 5548 nos_d_imitti_mus
945 5475 1256 5548 debitoribus
1297 5471 1504 5532 nostris.
1541 5477 1596 5530 In
1638 5495 1748 5548 quo
1787 5495 1874 5534 se-

285 5541 442 5610 ipsos
461 5540 760 5608 decipiunt.
783 5543 936 5608 Nam,
977 5546 1078 5598 etsi
1103 5562 1208 5599 non
1225 5540 1682 5603 mentianturbarc
1715 5553 1872 5605 omit-

281 5613 476 5690 tendo,
505 5623 680 5667 tamen
711 5615 906 5668 frustra
929 5627 1112 5690 petunt
1134 5618 1232 5690 sibi
1261 5621 1460 5674 remitti
1489 5633 1866 5690 peccatamum

281 5679 552 5736 Dominus
581 5695 688 5738 tam
717 5695 902 5753 aperte
931 5679 1158 5754 dixerit;
1177 5689 1238 5744 Si
1263 5707 1362 5744 non
1397 5679 1686 5748 reniiseritis
1707 5679 1871 5746 immi-

277 5755 438 5808 nibus
473 5767 682 5822 peccata
713 5771 908 5822 earum,
941 5773 1032 5810 nec
1073 5759 1226 5813 Pater
1253 5770 1418 5816 uester
1460 5765 1680 5817 remittet
1729 5765 1868 5818 vobis

263 5837 492 5887 )eccata
521 5827 808 5902 vestra._Et
825 5841 1100 5902 pratterea
1122 5833 1452 5888 mentiuntur
1481 5851 1600 5888 cum
1633 5837 1868 5902 reliquas

271 5909 463 5970 partes
507 5898 770 5954 orationis
823 5897 1120 5956 Dominicis
1165 5905 1536 5974 pronuntiant.
1587 5897 1866 5974 Quomodo

1897 4709 1952 4770 D

1984 2485 2292 2560 enimvero
2308 2489 2500 2560 dicere
2527 2495 2740 2560 potest:
2775 2487 2934 2542 Pater
2961 2501 3152 2554 noster,
3183 2489 3274 2560 qui
3327 2505 3430 2554 non
3461 2489 3574 2546 vult

1985 2573 2110 2612 esse
2141 2558 2230 2610 llei
2266 2557 2439 2612 Illius?
2469 2569 2546 2620 et,
2599 2559 2968 2625 Sanctiﬁcetnr
3007 2557 3214 2614 nomen
3250 2577 3416 2626 tuum,
3475 2579 3573 2629 per

1986 2644 2144 2696 quem
2175 2643 2372 2683 noniien
2401 2631 2492 2684 Dei
2521 2629 2926 2698 blasphematur
2949 2647 3042 2686 seu
3069 2633 3464 2686 inhonoratur?
3491 2643 3567 2700 et,

1987 2700 2242 2774 Adueniet
2265 2717 2480 2770 regnum
2519 2713 2680 2774 tuum,
2705 2703 2796 2774 qui
2821 2705 2952 2774 nihil
2985 2705 3151 2772 magis
3177 2721 3334 2774 quam
3361 2707 3562 2759 adven-

1991 2781 2102 2826 tum
2130 2771 2344 2844 pomini
2379 2773 2564 2826 tonet?
2593 2782 2666 2834 et,
2695 2771 2818 2826 Fiat
2843 2771 3218 2842 cotuatastaa',
3270 2776 3359 2844 qui
3389 2789 3568 2844 suam,

1991 2857 2096 2896 non
2128 2843 2222 2896 [)ei
2257 2845 2584 2898 voluntatem
2617 2861 2836 2910 semper
2865 2845 3028 2901 facit?

2053 2911 2079 2948 ά
2123 2913 2568 2986 υινίϋγιητιιιιιιιι
2611 2916 2774 2986 legit:
2807 2915 2874 2968 Et
2907 2933 2968 2968 ne
3007 2931 3100 2970 nos
3147 2919 3362 2986 patiaris
3389 2919 3570 2972 induci

1978 2985 2034 3060 iis
2078 2985 2426 3060 tentationem.
2477 2987 2638 3060 Divus
2683 2989 3012 3054 August-inus
3070 2985 3160 3042 lib.
3205 3005 3240 3042 tt
3271 2989 3428 3060 (Cap.
3467 2989 3570 3058 Eoi)

1979 3055 2048 3130 de
2103 3057 2281 3130 S_e_rm.
2337 3057 2552 3130 Domini
2595 3059 2648 3110 in
2703 3061 3128 3130 tnontezs'erta.
3177 3059 3346 3130 inquit
3368 3055 3387 3124 ,⁷
3435 3055 3568 3130 prti-

1978 3126 2052 3178 tio
2083 3142 2100 3178 :
2130 3125 2196 3178 Et
2241 3145 2302 3182 ne
2343 3145 2433 3198 nos
2469 3129 2664 3198 inferas
2699 3129 2754 3182 in
2785 3131 3130 3185 licitationem.
3185 3125 3444 3184 Nonnulli"
3482 3149 3568 3182 ro-

1977 3199 2122 3252 dices
2152 3199 2366 3270 nubent,
2411 3197 2662 3270 Inducas,
2697 3201 2830 3270 quod
2861 3207 3176 3256 tantumdem
3216 3209 3384 3256 rotare
3425 3203 3564 3255 arbi-

1977 3277 2101 3322 tror.
2135 3269 2276 3322 Nam
2303 3286 2366 3324 ex
2389 3277 2500 3348 {sum
2531 3269 2715 3325 Grtzco
2737 3275 2875 3348 quod
2894 3273 3096 3348 uictum
3128 3283 3224 3338 est,
3253 3277 3562 3348 εἰσενέγκῃς,

1901 3329 1948 3394 C
1979 3329 2602 3414 atrumquetraaslamm
2641 3329 2762 3396 csa.
2789 3344 2942 3396 illiti-ti
2983 3355 3156 3396 autent
3203 3329 3567 3414 prmnid'o'ita

1975 3413 2150 3464 dicunt
2177 3427 2194 3464 :
2223 3411 2304 3464 Ne
2335 3429 2426 3466 nos
2453 3415 2668 3482 patiaris
2699 3415 2878 3466 induci
2908 3417 2960 3466 in
3007 3411 3358 3472 tentationcm.
3407 3431 3566 3482 empo-

1975 3493 2148 3536 nentes
2187 3485 2440 3548 quomodo
2482 3485 2672 3554 dictum
2701 3487 2788 3548 sit,
2837 3485 3062 3540 lnducas
3091 3503 3110 3540 .'
3135 3503 3236 3538 non
3283 3488 3418 3540 enim
3473 3503 3566 3554 per

1973 3559 2196 3624 seipsum
2229 3555 2422 3606 inducit
2469 3553 2638 3620 Dens;
2683 3558 2772 3608 sed
2803 3555 2979 3608 induci
3025 3559 3218 3620 patitur
3263 3573 3372 3609 eum
3412 3553 3564 3627 quem

1973 3641 2068 3676 suo
2091 3627 2290 3676 auxilio
2321 3627 2620 3688 tt-esrruerit,
2666 3628 2850 3680 ordine
2879 3629 3222 3680 occultissimo
3249 3645 3308 3680 ac
3345 3629 3556 3681 meritis.

1973 3695 2156 3770 (.‘ausis
2184 3697 2334 3770 etiam
2357 3711 2492 3762 stepe
2516 3698 2806 3770 manifestis
2835 3699 3052 3767 dignam
3069 3699 3278 3770 jttdicat
3301 3699 3386 3751 ille
3413 3715 3562 3768 quem

1975 3766 2170 3820 deserat
2195 3777 2240 3818 et
2273 3769 2324 3818 in
2347 3769 2674 3820 teutationem
2699 3771 2876 3822 induci
2895 3766 3252 3823 isiuathtiud
3289 3777 3364 3822 est
3388 3766 3562 3822 autem

1973 3836 2148 3890 induci
2177 3839 2226 3890 in
2257 3843 2610 3903 tentationem,
2653 3839 2798 3892 aliud
2843 3843 3028 3894 tentari
3051 3857 3069 3894 :
3095 3857 3212 3894 nam
3258 3841 3368 3894 sine
3397 3849 3561 3894 tenta-

1975 3909 2111 3980 τέρπε
2131 3911 2372 3979 probatus
2397 3925 2508 3962 esse
2531 3927 2680 3964 nemo
2702 3921 2886 3980 potest,
2918 3914 3022 3966 sive
3047 3913 3144 3966 sibi
3167 3913 3286 3980 ipsi,
3317 3915 3420 3966 sive
3447 3914 3558 3967 alii.

1975 3978 2030 4032 Ν
2036 3997 2100 4032 on
2129 3978 2248 4048 ergo
2277 3981 2370 4033 hoc
2399 3991 2592 4046 oratur,
2627 3992 2682 4036 at
2703 3978 2806 4036 non
2837 3993 3089 4038 tentemur
3109 4001 3126 4050 ;
3149 3978 3237 4038 sed
3265 3993 3316 4036 ut
3353 4001 3454 4037 non
3482 3985 3563 4038 in-

1975 4055 2202 4120 ferantur
2242 4055 2292 4104 in
2333 4057 2702 4120 imitationem;
2751 4065 3010 4125 tamquam
3050 4061 3096 4109 si
3133 4057 3412 4125 quispiam,
3476 4057 3562 4110 cui

1975 4139 2176 4198 necesse
2223 4133 2296 4176 est
2327 4125 2444 4194 igne
2477 4127 2784 4190 examinari,
2813 4143 2916 4198 non
2951 4137 3056 4182 oret
3085 4137 3140 4182 ut
3165 4130 3280 4198 igne
3308 4143 3407 4180 non
3437 4141 3559 4180 con-

1975 4194 2223 4262 tingatur.
2265 4199 2354 4248 sed
2391 4211 2492 4249 non
2521 4207 2782 4252 exuratur.
2831 4196 3136 4252 Inducimur
3180 4194 3336 4258 Enim,
3367 4199 3560 4253 sitaies

1973 4263 2284 4339 inctderiut,
2336 4285 2462 4334 quas
2511 4269 2644 4338 ferre
2693 4285 2794 4323 non
2847 4285 3136 4336 possumus.
3179 4270 3254 4324 Ita
3307 4273 3562 4339 Augusti-

1977 4351 2110 4410 nus,
2149 4337 2392 4392 Cassiani
2433 4337 2548 4394 sive
2589 4341 2800 4394 abbatis
2847 4342 2992 4396 Isaac
3031 4343 3350 4396 settle-utinm
3398 4337 3558 4410 plane

1975 4407 2323 4470 conﬁrmans,
2366 4425 2468 4478 qua
2503 4411 2660 4464 docet
2705 4413 2844 4464 aliud
2879 4425 2997 4466 88:8
3045 4415 3260 4476 tentari,
3313 4407 3458 4466 aliud
3506 4415 3556 4466 in

1977 4485 2326 4534 tentationem
2375 4481 2588 4542 induci;
2623 4497 2718 4534 nec
2749 4485 2834 4534 hic
2865 4484 2991 4550 peti,
3027 4499 3092 4538 ne
3143 4495 3434 4548 tentemur,
3463 4485 3556 4538 sed

1977 4563 2046 4623 ne
2065 4552 2418 4623 a_tentationc
2448 4553 2744 4604 vincamur.
2771 4551 2916 4606 Idem
2949 4571 3077 4608 vero
3107 4557 3436 4623 Augustinus
3461 4555 3555 4610 lib.

1977 4619 2046 4674 de
2087 4621 2240 4676 Bono
2271 4623 2688 4690 perseverantim
2719 4639 2836 4692 cap.
2871 4625 2904 4678 6
2937 4635 3084 4694 putat
3113 4619 3428 4692 simpliciter
3461 4643 3558 4680 nos

1977 4705 2134 4746 orare
2163 4705 2218 4745 ut
2241 4697 2462 4748 otnnino
2499 4707 2604 4746 non
2643 4703 2936 4760 tentemur,
2967 4711 3030 4750 ea
3076 4697 3410 4763 potissimum
3443 4707 3559 4750 ten-

1975 4765 2180 4816 tatione
2199 4779 2300 4834 qua
2329 4765 2394 4816 sd
2427 4765 2754 4832 peccandum
2784 4767 3139 4820 sollicitamur
3169 4784 3184 4820 :
3213 4771 3334 4828 quia
3359 4777 3557 4822 nostra:

1973 4833 2302 4908 inﬁrmitatis
2327 4849 2617 4900 memores,
2653 4849 2749 4891 nee
2769 4837 2836 4891 de
2859 4840 3012 4893 nobis
3042 4841 3171 4908 ipsis
3197 4839 3555 4902 conﬁdentes,

1973 4907 2392 4968 tentationibus,
2444 4921 2738 4980 earumque
2787 4907 3320 4976 pcrieulisiliberari
3377 4913 3560 4980 potius

1975 4986 2226 5048 optamus
2249 4993 2408 5046 quam
2447 4979 2526 5032 eis
2575 4982 2795 5048 exponi.
2845 4982 3100 5048 Quamvis
3145 4983 3288 5037 enim
3335 4979 3560 5036 tentatio

1977 5047 2247 5102 interdum
2298 5049 2446 5122 utilis
2485 5051 2574 5118 sit,
2621 5047 2834 5122 sctnper
2877 5047 3060 5108 tamen
3099 5065 3182 5108 est
3233 5055 3554 5122 periculosa,

1977 5129 2200 5194 propter
2229 5121 2532 5190 ambiguam
2573 5121 2942 5194 incertamque
2982 5121 3296 5192 victoriam;
3329 5127 3560 5194 ideoque

1981 5207 2089 5250 non
2116 5193 2290 5246 solum
2321 5197 2667 5264 prtestttnptio
2693 5207 2774 5248 eet
2797 5193 2940 5250 illam
2975 5206 3250 5265 appetere,
3277 5199 3370 5250 sed
3395 5193 3558 5248 etiam

1978 5265 2254 5320 humilitas
2274 5265 2568 5334 declinare,
2598 5275 2652 5321 et
2672 5281 2700 5320 a
2727 5267 2836 5322 Deo
2859 5275 3065 5335 petere,
3091 5283 3156 5322 ne
3179 5283 3277 5321 nos
3301 5269 3350 5320 in
3377 5267 3562 5336 hujus-

1978 5337 2122 5392 modi
2152 5349 2430 5408 certamen
2467 5339 2688 5392 inducat
2715 5338 2798 5392 vel
2829 5339 3008 5392 induci
3039 5340 3200 5392 sinat.
3247 5337 3431 5408 Neque
3461 5339 3558 5392 ob-

1976 5419 2122 5482 stant
2151 5407 2444 5482 seripturaa
2475 5411 2526 5462 in
2559 5411 2890 5463 contrarium
2937 5411 3026 5463 hic
3061 5411 3257 5478 aliane,
3305 5407 3423 5482 qua:
3471 5423 3560 5463 so-

1975 5481 2256 5534 lummodo
2281 5481 2512 5548 probant
2545 5483 2894 5534 tentationem
2925 5495 3018 5535 seu
3049 5481 3420 5542 al'ﬂictinncm.
3455 5497 3559 5535 non

1975 5554 2150 5607 solum
2181 5551 2414 5616 fortiter,
2448 5553 2540 5604 sed
2572 5555 2732 5604 etiam
2773 5569 2892 5604 cum
2941 5555 3137 5622 gaudio
3167 5571 3286 5606 csso
3329 5555 3560 5608 ltllt'l‘illl-

1975 5624 2122 5696 dam.
2167 5623 2236 5676 At
2266 5623 2406 5696 quod
2456 5623 2723 5696 toleratur:
2757 5639 2876 5696 nou
2905 5635 3140 5678 amatur.
3189 5623 3338 5681 Unde
3387 5627 3560 5696 Augu-

1975 5695 2151 5750 stinus
2183 5712 2213 5751 κ
2243 5695 2489 5748 Conl'ess.
2531 5709 2652 5770 cap:
2697 5693 2769 5748 28
2795 5711 2807 5746 :
2836 5693 3078 5750 Tolerare
3113 5713 3198 5750 eas
3231 5697 3384 5770 jubes
3405 5739 3419 5756 .
3454 5693 3558 5750 non

1973 5781 2182 5832 amare;
2225 5779 2370 5818 nemo
2406 5767 2540 5834 quod
2577 5765 2780 5828 tolerat,
2823 5777 2980 5834 amat,
3029 5771 3124 5821 etsi
3154 5765 3372 5822 tolerare
3402 5777 3556 5820 amet.

1979 5837 2186 5902 Qamvis
2216 5837 2350 5890 enim
2380 5836 2601 5906 gaudeat
2636 5855 2690 5893 se
2727 5837 2966 5906 tolerare,
3010 5847 3176 5900 tamen
3215 5839 3408 5896 riia'vult
3453 5853 3559 5902 non

1973 5925 2080 5964 esse
2108 5909 2246 5982 quod
2271 5907 2470 5966 toleret.
