4078 6332
442 235 549 297 ’199

1496 242 1780 303 ιοΑΝΝιε
1819 243 2142 304 CASSIANI
2177 241 2682 302 COLLKTIONES.

3627 243 3750 306 800

443 355 543 427 fert
572 354 900 411 tentationém
925 353 1139 429 (Iacob.
1169 357 1234 426 ι).
1278 357 1397 414 Νοη
1428 374 1560 432 ergo
1586 359 1692 416 hoc
1743 369 1926 428 sonat,
1974 376 2041 416 ne
2065 361 2121 424 Α
2145 360 2342 416 tentari
2368 374 2526 429 supra
2555 359 2608 414 id
2629 357 2773 430 quod
2802 371 3096 430 possumus
3123 359 3261 416 :sed
3282 372 3405 416 cum
3435 362 3747 423 tentationo

443 449 663 501 inducas
686 465 778 502 nos
799 449 852 502 in
880 451 1234 517 tentationem,
1263 451 1315 505 id
1345 460 1449 522 est,
1503 460 1562 508 ut
1589 467 1698 508 non
1751 453 2030 523 permittas

448 553 548 594 nos
575 539 864 610 aliquando
885 541 1102 608 tentari,
1127 539 1223 596 sed
1249 557 1318 597 ne
1351 543 1632 612 permittas
1661 544 1715 600 in
1739 546 2038 601 tentatione

451 630 656 698 positos
677 632 944 700 superari.
973 630 1239 687 Teutalus
1267 641 1355 688 est
1384 635 1527 690 enim
1554 634 1676 702 Job,
1704 636 1797 692 sed
1820 651 1926 691 non
1953 643 2039 692 est

449 723 644 779 ductus
668 722 722 778 itt
751 724 1127 780 teutationem.
1151 724 1268 780 Non
1306 726 1449 782 enim
1482 726 1631 783 dedit
1674 728 2038 801 insipientiam

451 816 598 882 Deo,
643 831 745 872 nec
787 816 853 871 ad
897 816 1045 872 illam
1071 815 1139 872 ad
1188 833 1348 888 quam
1395 819 1712 877 trahebatur
1761 823 2042 878 tentatoris
2136 824 2147 834 '

453 906 806 972 voluntatem,
834 922 929 963 ore
952 909 1116 978 impio
1141 909 1490 980 blasphemus
1510 911 1749 970 intravit.
1783 915 2042 971 Tentatus

449 1008 532 1053 cst
556 999 850 1068 Abraham,
885 1011 1118 1057 tentatus
1137 1003 1461 1076 estJoseph,
1483 1009 1578 1062 sed
1602 1017 1794 1065 neuter
1823 1010 2040 1066 illorum

451 1094 706 1150 inductus
735 1105 820 1150 est
850 1097 902 1150 in
933 1098 1310 1165 tentationem,
1349 1101 1475 1170 quia
1502 1101 1679 1157 nullus
1704 1118 1889 1159 eorum
1911 1119 2043 1160 con-

448 1200 669 1241 sensum
717 1188 942 1258 praebuit
983 1191 1258 1246 tentatori.
1290 1191 1531 1261 Denique
1567 1194 1813 1264 sequitur
1841 1213 1855 1250 :
1882 1205 1908 1233 ι
1938 1196 2045 1252 Sed

453 1279 613 1335 libera
635 1298 729 1337 nos
751 1300 782 1336 a
823 1281 983 1350 malo,
1012 1284 1064 1339 id
1089 1294 1193 1352 est,
1228 1302 1296 1342 ne
1327 1287 1612 1356 permittas
1641 1304 1740 1344 nos
1766 1304 1795 1343 a
1827 1289 2046 1346 diabolo

2145 463 2200 510 et
2224 454 2424 510 exitum
2447 451 2536 518 da,
2564 461 2622 508 ut
2648 453 2922 509 sustinere
2945 453 3214 524 possimus
3235 453 3294 524 (l
3325 452 3448 510 Cor.
3477 471 3512 510 ι
3544 454 3591 525 ).

2705 567 2931 624 CAPUT
2969 565 3162 624 XXIV.

2150 660 2301 728 Quod
2321 675 2424 714 non
2455 659 2690 743 debeang‘
2715 659 2822 743 alia
2847 660 3309 743 postularitquam
3335 664 3448 743 [nec
3498 672 3745 734 tantum,

2217 747 2334 803 qua:
2361 731 2614 785 orationis
2643 729 2936 786 Dominica:
2966 729 3178 786 modulo
3209 735 3555 789 continentur.

2220 825 2430 882 Videtis
2477 840 2608 896 ergo
2637 825 2812 896 qualis
2856 824 3017 880 nobis
3059 825 3128 880 ab
3165 826 3304 895 ipso,
3347 827 3438 895 qui
3472 842 3568 898 per
3593 828 3748 884 illam

2149 918 2458 976 exorandus
2478 929 2584 984 est,
2608 917 2809 988 judice,
2836 917 3100 972 orationis
3120 917 3193 973 sit
3215 918 3467 974 modulus
3494 927 3549 974 et
3571 921 3751 975 forma

2151 1011 2449 1082 proposita,
2485 1011 2539 1064 in
2566 1025 2673 1080 qua
2697 1010 2846 1064 nulla
2876 1009 3190 1065 divitiarum
3214 1010 3426 1080 petitio,
3461 1012 3609 1067 nulla
3630 1027 3755 1068 me-

2150 1104 2322 1160 moria
2362 1103 2708 1174 dignitatum,
2758 1101 2907 1157 nulla
2959 1111 3268 1172 potentatus
3305 1117 3369 1157 ac
3407 1101 3752 1160 fortitudinis

2158 1195 2479 1268 postulatio,
2512 1196 2657 1251 nulla
2687 1209 2968 1265 corporeae
2997 1194 3269 1261 sanitatis,
3299 1209 3394 1250 seu
3427 1195 3752 1267 temporalis

2157 1290 2278 1346 vitae
2307 1289 2514 1346 mentio
2539 1288 2869 1344 continetur.
2905 1285 2933 1326 ιδ
2964 1286 3108 1342 Nihil
3138 1287 3283 1342 enim
3326 1286 3590 1343 caducum
3631 1287 3755 1342 vult

1532 1428 1789 1484 ALARDI
1830 1428 2064 1486 GAZIEI
2105 1426 2668 1488 COMMENTARIUS.

484 1545 550 1618 ,ιι
594 1535 670 1618 Ex
703 1537 804 1618 hac
850 1539 1299 1618 interpretatione
1333 1542 1555 1618 videtur
1605 1543 1691 1618 hic
1710 1543 2044 1618 _abba_s_sen-

452 1610 589 1681 s_i_sse
620 1617 731 1663 tota
759 1610 857 1665 ista
889 1622 1129 1666 extrema
1163 1613 1384 1681 periodo
1415 1613 1677 1668 orationis
1709 1613 2039 1669 Dominicae:

456 1678 540 1732 Ne
566 1695 660 1753 nos
689 1681 906 1736 inducas
937 1684 990 1736 in
1021 1678 1365 1753 tentationem,
1399 1686 1486 1738 sed
1512 1684 1671 1738 libera
1698 1701 1789 1738 nos
1819 1703 1851 1739 a
1881 1686 2035 1751 malo,

453 1765 566 1830 non
589 1749 875 1830 duas,_sed
910 1769 1068 1808 unam
1119 1749 1489 1830 tantummodo
1524 1757 1838 1822 petitionem
1869 1749 2046 1811 eunti?-

453 1821 590 1875 neri.
619 1821 771 1896 Quod
797 1835 852 1877 ut
873 1826 1143 1880 communi
1174 1827 1459 1880 sententia:
1490 1821 1600 1880 tum
1627 1837 1901 1896 veterum,
1928 1838 2042 1883 tum

454 1894 819 1968 recentiorum
862 1897 1238 1968 theologorum
1272 1897 1675 1952 diSsentaneum
1724 1894 1916 1953 merito
1959 1915 2044 1954 re-

2148 1552 2202 1600 et
2241 1553 2516 1599 terrenum
2539 1550 2654 1606 est,
2685 1548 2740 1595 et
2777 1539 2844 1594 ad
2873 1538 3014 1608 quod
3062 1545 3196 1592 satis
3229 1546 3421 1593 natura
3469 1538 3752 1606 proclives

2149 1630 2371 1680 suntus;
2402 1615 2496 1668 sed
2530 1622 2588 1667 ut
2618 1612 2840 1666 doceret
2871 1626 2898 1664 a
2923 1625 3030 1679 quo
3061 1610 3353 1680 (nimirum
3379 1625 3407 1663 a
3434 1610 3544 1664 Deo
3570 1609 3752 1666 bono-

2147 1701 2266 1741 rum
2297 1685 2540 1739 omnium
2585 1681 2872 1752 largitore)
2902 1692 2955 1736 et
2984 1691 3258 1751 quatenus
3283 1695 3530 1750 quaerere
3557 1696 3619 1735 ac
3653 1697 3757 1751 pe-

2150 1766 2265 1812 tere
2294 1757 2637 1811 deberemns.
2672 1753 2978 1808 Notandum
3022 1760 3200 1805 autem
3255 1767 3324 1806 ex
3373 1752 3482 1805 div.
3536 1752 3756 1806 Thema

2183 1828 2299 1890 2-2,
2329 1844 2380 1897 q.
2417 1828 2506 1891 83,
2554 1833 2656 1878 art.
2684 1823 2717 1878 5
2762 1833 2809 1878 et
2850 1822 2940 1893 6),
2976 1823 3206 1897 triplicia
3239 1823 3685 1897 esse_b_ona__qutn
3716 1839 3756 1878 ει

2198 1914 2262 1953 eo
2314 1893 2423 1968 peti
2467 1907 2694 1966 possunt
2737 1912 2750 1948 :
2795 1909 2918 1968 nam
2968 1894 3072 1947 alia
3128 1902 3250 1946 sunt
3306 1893 3637 1968 Spiritualia,
3689 1905 3755 1948 ut

454 1961 590 2018 fellit
621 1963 1001 2038 Bellarminus,
1036 1958 1386 2038 (islenditque
1417 1984 1484 2024 ex
1511 1969 1757 2024 doctrina
1788 1970 1898 2024 div.
1938 1973 2046 2024 Λιι-
2074 1958 2122 2020 Β
2148 1958 2396 2038 gratia-et
2425 1958 2673 2030 virtutes,
2707 1967 2956 2021 remissio
2982 1958 3350 2038 peccatorum,
3377 1967 3482 2017 vita
3510 1975 3746 2032 (eterna,

454 2034 740 2115 gu_s_t._(De
757 2035 911 2115 Bonis
941 2038 1196 2115 ‘U‘p‘eribus
1224 2034 1313 2093 lib.
1344 2056 1358 2094 ι
1389 2056 1440 2115 c.
1470 2040 1596 2115 t)et_
1624 2041 1874 2107 aliorum,
1909 2042 2047 2096 hanc

455 2108 812 2181 petitionem;
843 2108 949 2162 Sed
983 2110 1141 2181 libera
1171 2127 1261 2164 nos
1283 2127 1314 2163 a
1335 2108 1689 2178 malo,'aliam
1713 2128 1834 2167 esse
1856 2127 1885 2166 a
1914 2131 2049 2181 prae-

457 2175 671 2230 cedenti
705 2195 717 2231 :
749 2176 833 2232 Ne
872 2196 964 2233 nos
993 2180 1208 2234 inducas
1240 2183 1290 2234 in
1323 2175 1672 2246 tentationent,
1723 2191 1777 2236 et
1821 2175 2048 2252 proinde

458 2257 665 2316 septem
697 2263 820 2304 esse
853 2252 1142 2316 petitiones
1189 2254 1450 2307 orationis
1505 2253 1821 2309 Dominicm.
1872 2255 2047 2309 Porro

462 2333 558 2400 per
581 2321 776 2374 malum
808 2322 1051 2400 plerique
1081 2333 1321 2378 veterum
1355 2324 2043 2400 intelleseruntdiabolum,

460 2395 547 2462 cui
580 2405 676 2459 per
714 2395 1145 2448 antonomasiam
1172 2396 1429 2449 convenit
1456 2396 1560 2450 dici
1603 2395 1825 2462 malum,
1858 2395 2048 2452 Graece

459 2461 545 2514 τὸν
587 2464 820 2539 πονηρόν,
857 2466 979 2532 quia
1014 2465 1066 2518 in
1093 2476 1344 2539 extremo
1385 2466 1610 2539 malitia:
1645 2469 1815 2539 gradu
1847 2467 2053 2522 consti-

461 2539 606 2609 tutus
653 2537 725 2609 ab
759 2549 824 2589 eo
863 2537 1106 2609 revocari
1153 2545 1415 2609 nequeat;
1466 2545 1521 2590 at
1565 2538 1675 2594 div.
1721 2538 2046 2609 Cyprianus,

459 2603 790 2678 Augustinus
833 2615 888 2660 et
939 2607 1032 2660 alii
1077 2603 1274 2660 malum
1319 2608 1744 2676 interpretantur
1768 2603 1878 2678 pro
1904 2603 2050 2664 omni

462 2687 523 2754 re
567 2675 733 2754 mala:
787 2692 946 2754 quem
993 2692 1209 2754 sensum
1249 2675 1482 2754 probare
1524 2680 1739 2754 videtur
1781 2675 2049 2754 Ecclesia,

462 2741 596 2823 dum
627 2744 680 2797 in
709 2741 980 2823 sacrilieio
1003 2750 1182 2823 plissre
1208 2741 1389 2803 statim
1437 2759 1558 2818 post
1605 2750 1902 2823 orationem
1948 2741 2053 2823 ι)οᾴ

464 2817 714 2888 ruinieam
740 2817 922 2871 subdit
950 2835 962 2871 :
993 2817 1173 2872 Libera
1214 2836 1330 2884 nos,
1359 2817 1670 2886 quiasumus,
1722 2820 1961 2888 Domine,
1991 2822 2053 2874 ab

473 2885 710 2960 omnibus
737 2887 888 2960 malis
918 2891 1190 2960 praeteritis
1232 2885 1566 2957 prasentibus
1595 2901 1642 2944 et
1678 2891 1888 2960 futuris.
1918 2885 2053 2946 Nam

469 2958 926 3036 praeterita__rnala
949 2970 1077 3014 sunt
1108 2971 1323 3036 peccata
1367 2958 1686 3036 commissa,
1733 2978 1856 3036 quae
1898 2963 2055 3017 nobis

463 3027 698 3094 petimus
728 3027 957 3094 dimitti;
995 3027 1278 3099 praeSentia
1305 3043 1431 3086 sunt
1472 3027 1816 3099 tentationes,
1847 3033 1898 3087 in
1923 3047 2056 3101 quas

465 3101 698 3177 petimus
731 3115 838 3177 non
873 3102 1083 3177 induci;
1127 3106 1306 3177 futura
1334 3113 1459 3177 sunt
1489 3104 1746 3177 quaelibet
1778 3105 1916 3158 mala
1950 3107 2055 3160 im-

468 3171 750 3246 mittentia,
780 3173 894 3246 sive
925 3174 976 3226 in
1010 3174 1370 3246 hocﬂsteculo,
1412 3171 1525 3229 sive
1554 3173 1606 3229 in
1641 3177 1842 3240 futuro,
1878 3192 1908 3230 a
1940 3177 2059 3246 qui-

463 3237 566 3314 bus
590 3243 818 3308 petimus
840 3243 1082 3298 liberari.
1110 3245 1306 3298 Verum
1328 3237 1469 3314 quod
1493 3246 1559 3300 ad
1585 3237 1867 3314 praesentia
1892 3237 2052 3311 mala,

468 3311 747 3400 siveLqu‘ae
791 3315 841 3366 in
889 3314 1000 3398 hoc.
1031 3317 1231 3370 saeculo
1273 3311 1550 3400 patuit-nrt
1577 3311 1793 3400 attinet,
1835 3329 1892 3372 ut
1912 3327 2056 3400 situt
2081 3338 2127 3400 ρ

466 3382 883 3462 morbi,_l'ames,
914 3386 1058 3452 sitis,
1087 3382 1318 3456 egestas,
1342 3388 1500 3462 bella,
1519 3382 1850 3462 infortunia,
1879 3390 1945 3444 ab
1968 3390 2052 3444 his

464 3451 687 3525 liberari
729 3456 983 3524 petimus,
1020 3451 1336 3512 non'tameu
1382 3451 1646 3525 absolute,
1697 3461 1788 3515 sed
1831 3451 1932 3514 Sub
1964 3461 2051 3515 illa

472 3523 761 3601 hypatbeSi
790 3527 1108 3601 christiana,
1144 3527 1203 3584 Si
1234 3528 1346 3582 Deo
1373 3534 1534 3583 visum
1561 3523 1749 3601 fuerit;
1789 3547 1884 3587 seu
1917 3548 2058 3601 pra:-

468 3600 749 3662 supposita
796 3599 887 3652 illa
921 3601 1182 3666 petitione
1225 3604 1624 3656 antecedente:
1653 3600 1776 3656 Fiat
1816 3599 2054 3658 voluntas

469 3675 580 3738 tua,
614 3677 671 3738 ut
701 3668 837 3722 infra
869 3671 1081 3738 plenius
1125 3671 1448 3725 declaratur.

542 3734 570 3773 δ
613 3737 668 3791 In
699 3734 946 3795 eamdem
993 3743 1317 3796 sententiam
1369 3743 1603 3798 Isidorus
1651 3743 1951 3798 Pelusiotes
2000 3745 2053 3800 in

470 3807 700 3888 quadam
729 3812 1214 3888 epistola(t\'empe
1234 3814 1360 3876 281,
1394 3815 1586 3888 libat!)
1619 3817 1686 3888 ita
1711 3817 1921 3882 scribit,
1953 3815 2056 3888 Bil-

467 3877 546 3931 lio
589 3877 921 3955 interprete:
963 3881 1140 3955 Oratio
1156 3877 1248 3950 'ca,
1288 3901 1438 3951 quam
1483 3877 1733 3939 Dominus
1775 3877 2055 3955 discipulos

469 3966 591 4000 suos
619 3951 808 4022 docuit,
846 3954 976 4006 nihil
1005 3964 1260 4009 terrenum
1291 3957 1458 4019 habet,
1491 3957 1578 4009 sed
1610 3958 1781 4009 omnia
1810 3951 2054 4022 caelestia,

471 4028 518 4071 et
563 4021 629 4070 ad
672 4025 856 4076 auium:
899 4026 1172 4079 utilitatem
1224 4029 1501 4090 tendentia,
1553 4038 1657 4081 etc.
1708 4028 1901 4081 Verqu
1944 4021 2058 4083 hate

469 4093 760 4167 sententia,
795 4094 841 4167 si
872 4094 1192 4164 simpliciter
1219 4106 1272 4150 et
1314 4107 1370 4148 ιιι
1399 4099 1560 4152 verba
1603 4108 1795 4151 sonant
1828 4100 2058 4167 accipia-

473 4168 580 4224 tur,
609 4165 760 4230 quasi
793 4165 847 4218 in
879 4171 1125 4220 oratione
1170 4168 1448 4222 Dominica
1480 4168 1611 4222 nihil
1656 4169 1917 4222 caducum
1946 4165 2054 4224 Vaut

473 4235 774 4300 temporale
808 4245 1020 4304 petatur
1049 4253 1079 4292 a
1114 4238 1244 4302 Deo,
1279 4240 1500 4292 omnino
1539 4241 1930 4306 improbabilis.
1958 4241 2059 4293 int-

471 4317 560 4386 mo
589 4313 643 4357 et
672 4307 937 4386 paradoxa
977 4311 1376 4386 censendaest.
1406 4311 1537 4376 Quis
1562 4311 1704 4364 enim
1731 4319 1892 4386 neget
1921 4312 2058 4364 bona

471 4375 814 4452 temporalia,
849 4379 1082 4452 maxime
1126 4380 1192 4433 ad
1224 4378 1386 4435 vitam
1425 4375 1834 4437 sustentandam
1863 4396 2058 4436 neces-

473 4449 640 4510 saria,
675 4461 879 4522 reetea
915 4449 1026 4504 Deo
1059 4450 1324 4505 bonorum
1364 4453 1609 4506 omnium
1652 4453 1906 4522 largitore
1950 4453 2056 4520 peti

469 4524 525 4568 et
549 4520 892 4592 exspectari?
926 4532 978 4574 et
1008 4535 1129 4576 cum
1153 4523 1328 4576 oratio
1352 4523 1628 4578 Dominica
1654 4526 1722 4577 sit
1741 4520 2058 4592 plenissima

473 4596 535 4668 et
552 4591 980 4668 perlectissitna,
1017 4603 1073 4646 ut
1094 4596 1258 4668 docet
1285 4594 1449 4668 divus
1465 4595 2054 4668 Augustinus_epistola

470 4655 592 4720 121,
623 4659 743 4734 quis
771 4655 980 4714 dubitet
1010 4680 1072 4716 ea
1099 4665 1278 4718 omnia
1307 4655 1578 4719 contineri
1598 4681 1716 4734 quae
1739 4684 1765 4717 a
1796 4655 1908 4719 Deo
1946 4667 2052 4732 peti

2150 2037 2280 2105 etc.,
2313 2055 2434 2110 quae
2478 2038 2734 2110 primario
2770 2048 2825 2092 et
2851 2038 3094 2110 absolute
3121 2037 3527 2110 petendasunt,
3561 2044 3619 2088 ut
3651 2051 3758 2105 per

2150 2128 2210 2166 se
2238 2105 2574 2182 exoptanda;
2601 2111 2705 2182 alia
2734 2108 3078 2182 temporalia,
3107 2105 3200 2182 sed
3232 2107 3298 2160 ad
3331 2107 3754 2182 vitamsustgr-

2153 2177 2367 2237 tandan't
2400 2180 2729 2244 necessaria,
2764 2181 2832 2234 de
2876 2179 3071 2248 quibus
3118 2178 3416 2249 Apostolus
3459 2177 3534 2231 ait
3565 2177 3624 2249 (Ι
3662 2177 3754 2231 Ti-

2150 2253 2314 2306 moth.
2345 2271 2394 2307 vr
2413 2255 2456 2323 ):
2485 2252 2744 2306 Habentes
2783 2251 3029 2323 alimenta
3059 2258 3104 2323 et
3130 2248 3314 2323 quibus
3361 2248 3614 2319 tegantur,
3637 2250 3749 2323 ΔΙιὶε

2153 2326 2374 2378 contenti
2400 2319 2582 2378 simus.
2615 2323 2745 2390 Quae
2767 2322 2984 2391 quidem
3025 2321 3268 2374 absolute
3294 2329 3576 2391 petuntur,
3605 2319 3758 2374 sicut

2161 2397 2215 2450 in
2247 2395 2488 2450 oratione
2524 2389 2799 2447 Dominica
2829 2392 3079 2446 absolute
3124 2393 3394 2460 petimus:
3425 2389 3622 2444 Panem
3654 2407 3755 2444 no-

2153 2478 2314 2520 strum
2349 2466 2704 2535 quotidianum
2729 2463 2961 2535 danobis
2993 2462 3173 2527 hodie;
3204 2476 3313 2535 non
3339 2472 3515 2535 tamen
3547 2463 3756 2535 prima-

2155 2539 2236 2592 rio
2267 2549 2319 2591 et
2351 2532 2728 2607 principaliter
2754 2537 2771 2605 (
2801 2534 3160 2607 Verbasaucti
3206 2532 3473 2607 Thomas),
3501 2543 3558 2607 ut
3587 2533 3638 2607 in
3665 2532 3753 2607 eis

2155 2610 2316 2662 tinem
2349 2603 2771 2672 constituamus,
2811 2605 2905 2660 sed
2947 2605 3088 2658 sicut
3134 2603 3380 2673 quaidam
3410 2604 3752 2658 adminicula

2155 2680 2348 2747 quibus
2389 2681 2708 2748 adjuvantur
2748 2677 2814 2730 ad
2845 2675 3177 2731 tendendum
3208 2674 3262 2728 in
3308 2675 3701 2748 beatitudinem
3732 2692 3748 2728 :

2156 2745 2212 2804 in
2253 2745 2512 2820 quantum
2543 2749 2754 2802 scilicet
2778 2763 2870 2817 per
2889 2762 2962 2820 ea
2987 2748 3095 2800 vita
3132 2745 3433 2820 corporalis
3462 2753 3749 2820 sustenta:

2157 2816 2286 2884 turi
2327 2830 2381 2876 et
2427 2823 2478 2874 in
2521 2816 2788 2888 quantum
2815 2818 2971 2872 nobis
3007 2816 3262 2884 organica
3311 2816 3627 2871 deserviunt
3683 2817 3754 2872 ad

2155 2899 2306 2945 actus
2378 2887 2670 2957 virtutum,
2725 2900 2782 2942 ut
2843 2890 3004 2942 etiam
3080 2887 3443 2956 Philosophus
3513 2888 3646 2942 dicit
3696 2890 3749 2941 in

2158 2964 2331 3031 primo
2363 2962 2679 3017 Ethicorum
2711 2959 2872 3030 (Cap.
2899 2958 2986 3031 81.
3022 2959 3087 3014 Et
3119 2959 3220 3031 hoc
3266 2969 3349 3013 est
3378 2958 3534 3031 quod,
3570 2961 3756 3028 Augu-

2158 3027 2332 3088 Stinus
2363 3034 2493 3087 dicit
2524 3033 2590 3086 ad
2638 3027 2868 3086 PrObain
2899 3027 3110 3098 (Epist.
3159 3028 3257 3085 ηι
3311 3027 3425 3098 cap.
3477 3027 3569 3099 6),
3608 3027 3755 3100 quod

2159 3105 2542 3158 sufﬁcientiam
2575 3103 2703 3156 vita:
2735 3117 2841 3156 non
2870 3101 3186 3156 indecenter
3212 3101 3321 3154 vult
3350 3100 3601 3170 quisquis
3629 3116 3752 3155 eam

2157 3176 2294 3243 vult,
2340 3185 2394 3229 et
2437 3190 2542 3229 non
2593 3173 2866 3244 amplius;
2917 3187 3038 3240 qua:
3089 3172 3304 3244 quidem
3335 3187 3442 3226 non
3476 3174 3756 3240 appetitur

2158 3255 2382 3316 pr0pter
2425 3247 2680 3314 seipsam,
2714 3245 2821 3316 (sed
2875 3251 3100 3312 propter
3145 3243 3377 3316 salutem
3407 3245 3652 3310 corporis
3700 3253 3758 3316 et

2161 3312 2553 3386 congruentem
2603 3315 2843 3369 habitum
2872 3329 3119 3386 persona:
3148 3312 3403 3386 hominis,
3457 3322 3513 3386 ut
3547 3329 3652 3366 non
3686 3315 3760 3368 sit

2161 3383 2552 3442 inconveniens
2583 3389 2662 3441 eis
2689 3401 2812 3440 cum
2841 3386 3033 3454 quibus
3060 3383 3291 3438 honeste
3321 3383 3611 3438 vivendum
3644 3393 3754 3438 cst.

2159 3459 2264 3513 lsta
2296 3474 2427 3529 ergo
2452 3473 2578 3512 cum
2606 3457 2894 3521 habentur,
2929 3465 2987 3510 ut
3008 3463 3336 3529 teneantur_;
3366 3470 3486 3529 cum
3519 3471 3625 3529 non
3661 3456 3760 3508 ha~

2158 3526 2382 3594 bentur,
2411 3539 2468 3584 ut
2495 3529 2818 3592 habeantur,
2854 3526 3118 3582 orandum
3141 3535 3245 3580 est.
3278 3526 3461 3580 Tertio
3493 3527 3597 3579 alia
3626 3536 3763 3581 sunt

2160 3602 2502 3670 temporalia,
2536 3611 2590 3655 et
2617 3601 2839 3654 minime
2856 3599 3186 3670 necessaria,
3207 3605 3400 3670 utsunt
3417 3596 3637 3662 divitiae,
3657 3597 3760 3652 lto-

2159 3668 2344 3739 nores,
2373 3673 2538 3726 robur
2560 3671 2823 3740 corporis,
2841 3669 2990 3724 ﬁrma
3016 3668 3292 3738 valetudo,
3316 3668 3468 3738 longa
3492 3669 3621 3740 vita,
3645 3679 3760 3725 etc.

2160 3743 2290 3797 "me
2317 3758 2443 3798 vero
2468 3743 2591 3812 quia
2619 3739 2919 3811 saepissime
2943 3741 3399 3812 hominibussunt
3427 3739 3588 3794 exitio
3607 3783 3619 3800 .
3646 3756 3761 3794 non

2160 3826 2287 3868 sunt
2317 3810 2548 3882 petenda
2580 3810 2848 3880 absolute,
2883 3813 2978 3866 sed
3008 3812 3108 3865 sub
3134 3810 3448 3882 conditione
3479 3814 3637 3864 tacita
3673 3813 3760 3865 vel

2160 3881 2439 3954 expressa,
2474 3886 2520 3938 si
2562 3886 2717 3939 nobis
2759 3887 2871 3954 sint
2908 3887 3081 3936 futura
3123 3881 3424 3936 salutaria:
3459 3883 3602 3949 quod
3651 3882 3762 3954 soli

2163 3953 2274 4010 Deo
2307 3964 2648 4025 perspectum
2679 3965 2782 4010 est.
2831 3953 2985 4010 Unde
3024 3954 3076 4025 in
3096 3955 3224 4025 istis
3271 3954 3511 4020 optimus
3559 3953 3762 4008 orandi

2162 4027 2356 4081 modus
2381 4024 2487 4093 est,
2521 4041 2679 4080 orare
2711 4028 2873 4080 Deum
2900 4035 2958 4078 ut
2981 4024 3260 4078 nobiscum
3293 4033 3416 4093 agat
3440 4025 3579 4076 sicut
3602 4026 3759 4078 novit

2163 4097 2418 4166 expedire
2448 4098 2511 4151 ad
2546 4111 2697 4151 suam
2728 4097 2955 4166 gloriam
2979 4105 3036 4150 et
3065 4105 3302 4148 nostram
3335 4093 3764 4166 salutetn.7H:cc

2165 4165 2274 4224 tere
2317 4185 2386 4222 cx
2425 4169 2668 4224 doctrina
2702 4165 2760 4224 S7.
2790 4166 3014 4221 Thema:
3040 4167 3094 4219 in
3126 4176 3231 4219 art.
3265 4167 3298 4220 6
3327 4165 3647 4234 quaestionis
3680 4165 3763 4218 ci-

2162 4247 2309 4295 tata}.
2354 4240 2411 4293 ln
2452 4241 2621 4294 altera
2661 4249 2842 4293 autent
2883 4237 3115 4292 articulo
3151 4237 3398 4290 eamdem
3445 4235 3762 4291 doctrinam

2164 4312 2454 4365 contirmat
2496 4323 2549 4366 et
2593 4309 2826 4377 extilicat
2870 4310 2922 4363 in
2969 4309 3108 4362 hunc
3140 4309 3358 4361 modum
3389 4324 3401 4359 :
3429 4306 3761 4372 Dicendum,

2163 4383 2359 4450 inquit,
2386 4383 2524 4453 quod
2553 4383 2682 4453 sicut
2713 4379 2788 4434 Μ.
2828 4380 3065 4453 Valerius
3094 4377 3428 4453 refert(Lib.
3460 4390 3552 4453 vlt,
3585 4394 3632 4429 c.
3667 4377 3756 4445 1),

2165 4447 2408 4506 Socrates
2438 4454 2570 4507 nihil
2595 4451 2735 4506 ultra
2760 4451 3036 4523 petendum
3061 4466 3091 4501 a
3119 4452 3220 4502 diis
3251 4447 3632 4523 immortalibus
3661 4465 3757 4499 ar-

2165 4524 2468 4587 bitrabatur,
2499 4541 2653 4593 quant
2698 4518 2769 4575 ut
2793 4524 2923 4576 bona
2952 4521 3270 4593 tribuerent;
3300 4520 3419 4588 quia
3460 4520 3516 4570 hi
3544 4518 3763 4593 demum

2163 4597 2347 4648 scirent
2367 4595 2491 4665 quid
2511 4587 2796 4664 unicuique
2831 4601 2957 4646 esset
3000 4593 3145 4665 utile.
3181 4589 3292 4665 N‘os
3314 4587 3490 4642 autem
3517 4587 3758 4665 plerum-

2163 4682 2261 4734 que
2291 4667 2345 4718 id
2380 4662 2502 4717 uotis
2549 4662 2854 4734 expetimus,
2905 4663 3055 4734 quod
3088 4662 3524 4734 nouimpetrasse
3569 4662 3762 4714 melius

467 4730 736 4812 possunt?
765 4734 1001 4812 Denique
1029 4727 1746 4812 superiusostendimustex
1777 4727 2051 4791 sententia
2079 4727 2135 4788 Β
2159 4727 2310 4806 foret.
2341 4736 2466 4812 Quae
2493 4727 2703 4805 quidem
2733 4727 3305 4812 sententiaaliqualiter
3330 4746 3445 4812 vera
3468 4739 3562 4812 est,
3589 4747 3761 4812 quan.-

465 4797 707 4880 Pa_truat,
731 4797 950 4880 nomine
969 4797 1124 4880 panis
1139 4805 1441 4880 quotidiani
1461 4797 1686 4875 intelligi
1704 4823 2057 4880 quaecumque

467 4869 708 4948 subsidia
737 4873 862 4926 vitae
888 4869 993 4926 tam
1023 4869 1295 4948 spit'ituali
1319 4893 1478 4945 quam
1501 4869 1773 4941 corporali
1802 4869 2057 4932 necessa-

469 4942 567 4992 ria.
607 4940 804 4994 Verum
846 4958 1002 5016 suam
1037 4940 1361 5000 sententiain
1393 4949 1563 5003 abbas
1595 4940 1741 5002 Isaac
1770 4949 2053 5016 expOsuit,

465 5023 555 5088 aut
608 5022 757 5066 certe
808 5015 1072 5088 mitigavit
1126 5017 1308 5071 verbis
1356 5021 1740 5088 sequentibus,
1793 5015 1883 5072 ubi
1933 5022 2053 5075 ait:

464 5079 650 5163 Itaque
677 5079 1068 5163 magni/iecimus
1093 5091 1206 5163 ejus
1223 5105 1282 5141 ac
1306 5079 1662 5163 munificentia:
1689 5079 1961 5144 maximam
1986 5092 2056 5142 ir-

465 5154 663 5235 rogabit
678 5154 1208 5235 'ittjuriatn‘quisqitis,
1232 5162 1550 5235 sempiternis
1575 5164 1902 5235 petitionibus
1924 5177 2059 5232 pra!-

467 5229 738 5304 tt’rvnissis,
793 5229 1394 5304 tr_ansitoriunt__aliquid
1418 5241 1466 5284 et
1495 5233 1746 5284 caducum
1771 5233 1834 5285 ab
1858 5229 2057 5285 eo'ma-

468 5292 623 5347 luerit
673 5298 960 5371 postulare,
1001 5311 1109 5354 etc.
1147 5300 1256 5355 Hoc
1281 5292 1450 5368 igitur
1490 5317 1655 5356 sensu
1706 5304 2058 5371 prohibemur

465 5368 785 5445 temporalia
822 5379 876 5445 et
905 5371 1213 5445 transitoria
1249 5371 1539 5438 postulare,
1570 5368 1946 5445 praetermissis
1975 5375 2056 5427 ni-

463 5440 1070 5516 ntirutnsempiterois,
1122 5442 1306 5516 idest,
1356 5444 1751 5516 spiritualihus
1781 5445 2056 5512 petitioni-

464 5504 614 5586 ξυιςὲ¹
635 5507 686 5558 id
717 5504 834 5575 est,‘
854 5504 1195 5586 praeferendo
1234 5504 1554 5586 temporalia
1581 5524 1634 5568 et
1659 5504 1858 5568 caddca
1891 5516 2052 5582 spiri-

466 5575 701 5631 tualibus
717 5575 1070 5656 “tatur-ternis;
1105 5586 1230 5656 quia
1259 5575 1518 5656 jub'etnur
1554 5600 1779 5652 qurercre
1825 5575 2048 5656 primum

463 5661 680 5726 regnum
709 5649 1105 5726 Dei,_ut_ca’tet'a
1126 5649 1312 5708 deinde
1343 5649 1662 5724 adjiciantur
1689 5649 1850 5709 nobis.
1889 5658 2056 5712 l‘orro

467 5715 574 5768 non
607 5715 704 5770 fuit
726 5720 925 5775 Christi
951 5726 1256 5796 consilium,
1283 5736 1341 5779 ut
1371 5715 1619 5780 oi'atione
1651 5727 1926 5781 Dominica
1968 5743 2059 5796 pa-

471 5801 600 5856 nem
627 5803 822 5864 resque
856 5795 1180 5871 temporales
1208 5810 1454 5868 quaerere
1481 5797 1730 5868 juberet;
1776 5796 1918 5870 quod
1950 5797 2060 5855 vile

2161 4801 2269 4859 tum
2299 4801 2373 4859 ad
2391 4808 2484 4859 illa
2506 4801 2630 4873 qua:
2657 4812 2870 4874 possunt
2898 4804 3090 4856 malum
3133 4810 3366 4874 eventum
3396 4801 3580 4874 habere
3606 4803 3764 4874 :Aqui-

2162 4878 2252 4930 bus
2283 4879 2435 4931 etiam
2466 4871 2620 4929 homo
2650 4871 2813 4947 potest
2862 4876 3005 4947 male
3033 4885 3080 4928 et
3111 4875 3236 4947 bene
3272 4873 3366 4925 uti.
3402 4873 3491 4926 Sic
3519 4871 3762 4947 diritiw,

2160 4964 2292 5018 quat,
2332 4960 2385 5000 ut
2427 4948 2614 5000 ibidem
2645 4940 2858 5009 dicitur,
2901 4945 3075 5018 multis
3116 4945 3271 4997 exitio
3301 4948 3473 5018 luere.
3511 4940 3764 4998 Honores

2161 5013 2311 5072 etiam
2357 5037 2510 5088 quant
2551 5020 2726 5088 plures
2768 5017 3241 5086 pessuntdederunt.
3271 5013 3767 5088 ARegnapquornm

2162 5093 2325 5143 exitus
2369 5085 2504 5160 saepe
2549 5085 2859 5141 miserabiles
2908 5096 3210 5160 cernuntur.
3257 5085 3547 5155 Splendida
3573 5088 3765 5160 conju-

2165 5165 2272 5230 gia,
2301 5178 2418 5232 quw
2443 5156 2832 5232 nonnumquam
2859 5159 3094 5232 funditus
3122 5158 3300 5232 domos
3329 5165 3570 5232 evertunt.
3623 5156 3766 5209 Sent

2163 5226 2333 5285 famen
2358 5234 2595 5300 quautam
2628 5226 2756 5284 bona
2788 5226 2972 5299 quibus
3004 5231 3155 5281 homo
3180 5226 3317 5280 male
3345 5227 3418 5279 uti
3452 5242 3549 5278 non
3589 5237 3713 5300 pot:
3749 5240 3765 5278 t

2160 5319 2274 5371 qua:
2302 5296 2496 5356 scilicet
2539 5304 2727 5354 malum
2758 5296 2990 5354 euentum
3010 5299 3194 5352 habere
3223 5315 3324 5350 non
3355 5305 3590 5371 possunt.
3627 5296 3768 5348 ΠΠέ

2159 5367 2328 5426 autem
2376 5384 2491 5425 sunt
2537 5374 2723 5441 quibus
2785 5371 3144 5439 beatificamur
3201 5379 3246 5422 et
3289 5367 3472 5441 quibus
3531 5367 3768 5441 beatitu-

2158 5446 2330 5497 dinem
2362 5436 2612 5496 meremur
2641 5483 2654 5505 ,
2677 5458 2789 5510 quia
2837 5436 3039 5510 quidem
3083 5441 3246 5492 sancti
3275 5436 3472 5492 orando
3522 5436 3772 5490 absolute

2157 5524 2358 5583 petunt,
2388 5513 2812 5584 secundumiillud
2829 5529 2909 5584 ps.
2942 5527 3137 5584 Lxxut:
3155 5510 3376 5562 Ostende
3391 5509 3569 5584 facient
3588 5518 3765 5572 tuam,

2154 5576 2354 5655 ct,salvi
2393 5586 2601 5640 erimus.
2657 5583 2720 5636 Et
2763 5576 2975 5650 iterum,
3004 5581 3190 5655 psalm.
3227 5595 3387 5634 cxvttt
3411 5576 3635 5655 :hDeduc
3683 5597 3770 5632 me

2164 5648 2217 5709 in
2239 5657 2470 5709 semitam
2492 5655 2852 5708 mandatorum
2875 5648 3098 5707 tuorum.
3123 5653 3391 5705 Hactenus
3413 5648 3470 5704 S.
3497 5649 3767 5705 Thomas.

2163 5727 2401 5780 Consule
2444 5729 2852 5781 annutationent
2893 5727 3153 5780 decimam
3201 5721 3487 5792 septimam
3533 5730 3662 5786 post
3703 5721 3771 5776 iis

2166 5813 2287 5855 nem
2321 5797 2525 5870 operis.
