4078 6332
267 353 364 426 soi

1341 353 1684 412 COLLATIO
1722 352 1815 410 lX.
1845 381 1918 396 —
1945 351 2035 408 DE
2071 351 2444 410 ORATIONE.

3441 350 3546 411 802

268 495 294 534 a
317 493 394 544 se,
430 475 564 532 nihil
597 471 732 541 vile,
765 473 904 530 nihil
934 471 1234 543 temporale
1260 471 1627 526 :eternitatum
1661 468 1846 525 condi-
1883 469 1938 530 Α
1963 467 2308 522 inetl'abiliter
2349 474 2559 524 eructat
2586 467 2653 522 ad
2691 467 3001 532 Dominum,
3037 476 3179 524 tanta
3211 483 3468 540 promens
3493 473 3548 530 in

267 581 352 626 tor
380 571 679 641 implorari.
727 569 913 640 itaque
940 566 1356 637 magniﬁcentia:
1391 564 1512 634 ejus
1553 579 1615 620 ac
1643 562 1859 618 muniti-

263 663 456 718 centiaz
501 661 792 716 maximam
841 657 1104 730 irrogabit
1154 657 1427 728 injuriam,
1476 655 1718 726 quisquis
1767 655 1852 708 his

264 753 610 822 sempiternis
651 751 1004 823 petitionibus
1053 747 1437 820 praetermissis
1487 747 1856 802 transitorium

263 844 470 915 aliquid
496 853 552 898 et
575 843 846 900 caducum
876 841 946 896 ab
970 855 1036 896 eo
1057 840 1311 896 maluerit
1339 829 1648 910 postulare;
1697 847 1751 893 et
1777 837 1860 892 of-

265 935 474 991 fensam
507 935 685 1005 potius
713 949 874 1005 quam
909 931 1346 1004 propitiationem
1372 931 1573 1002 judicis
1602 931 1707 996 sui,
1739 929 1861 986 vili-

267 1037 374 1084 tate
413 1029 680 1085 orationis
711 1027 974 1083 incurret.

848 1115 1076 1172 CAPUT
1119 1114 1288 1172 XXV.

555 1209 630 1264 De
659 1209 908 1278 qualitate
949 1206 1264 1262 sublimioris
1305 1207 1571 1262 orationis.

337 1301 468 1356 Hice
499 1302 660 1372 igitur
692 1301 868 1357 oratio
897 1299 1024 1354 licet
1051 1313 1268 1354 onmem
1300 1298 1548 1354 videatur
1577 1299 1861 1369 perfectio-

267 1395 350 1450 nis
383 1392 772 1464 plenitudinem
805 1392 1104 1456 continere,
1127 1398 1316 1459 utpote
1349 1392 1372 1420 ⁸
1403 1405 1522 1459 qua:
1551 1390 1720 1460 ipsius
1757 1391 1862 1445 Do-

266 1487 404 1541 mini
434 1485 766 1541 auctoritate
795 1483 884 1540 vel
913 1483 1118 1538 initiata
1148 1483 1220 1538 sit
1245 1483 1328 1538 vel
1357 1491 1578 1550 statuta,
1611 1485 1863 1552 provehit

268 1587 454 1635 tamen
480 1577 806 1634 domesticos
833 1592 960 1634 suos
989 1575 1056 1632 ad
1091 1577 1244 1632 illum
1271 1577 1670 1648 praecelsiorcm
1704 1593 1862 1648 quem

268 1675 526 1743 superius
549 1671 1096 1728 commemoravimus
1125 1677 1347 1736 statum,
1389 1684 1592 1740 eosque
1625 1671 1692 1724 ad
1719 1671 1862 1724 illam

269 1767 486 1836 igneam
517 1779 582 1818 ac
613 1763 894 1834 perpaucis
923 1761 1192 1831 cognitam
1235 1761 1324 1816 vel
1366 1771 1668 1829 expertam,
1699 1761 1864 1814 immo

271 1859 364 1926 (ut
405 1856 660 1927 proprius
697 1853 962 1928 dixerim)
993 1851 1320 1908 incllabilem
1361 1854 1664 1908 orationem
1695 1852 1860 1923 gradu

269 1949 634 2004 eminentiore
659 1946 924 2016 perducit,
957 1961 1078 2016 quae
1107 1959 1324 2000 omnem
1353 1946 1739 2000 transcendens
1767 1945 1868 2000 lm-

270 2055 494 2096 mannm
537 2053 780 2107 sensum,
813 2038 958 2092 nullo
985 2053 1092 2092 non
1139 2037 1321 2092 dicam
1361 2052 1498 2092 sono
1545 2038 1718 2107 vocis,
1767 2053 1868 2093 nec

273 2134 475 2204 lingere
506 2141 678 2196 motu,
710 2145 810 2186 nec
842 2129 950 2184 ulla
963 2129 1254 2184 verborum
1277 2129 1726 2198 pronuntiatione
1757 2129 1868 2184 dis-

271 2227 542 2296 tinguitur
563 2265 578 2289 ,
609 2222 706 2278 sed
747 2237 910 2292 quam
953 2235 1109 2276 mens
1138 2220 1410 2276 infusionc
1451 2221 1694 2276 caelestis
1725 2221 1868 2276 illius

271 2316 498 2372 luminis
542 2315 832 2378 illustrata,
864 2327 972 2367 non
1013 2311 1266 2368 humanis
1296 2321 1458 2383 atque
1501 2315 1748 2384 angustis
1773 2315 1868 2369 de-

271 2411 450 2480 signat
495 2409 743 2478 eloquiis,
795 2405 891 2462 sed
932 2405 1271 2477 conglobatis
1320 2405 1570 2461 sensibus
1605 2407 1754 2462 velut
1798 2406 1870 2462 de

273 2504 424 2563 fonte
449 2503 688 2576 quodam
715 2501 1094 2572 c0piosissimo
1141 2499 1366 2556 cﬁundit
1407 2499 1664 2570 ubertim,
1707 2509 1870 2571 atque

1963 561 2058 614 illo
2091 561 2408 615 brevissimo
2435 563 2693 632 temporis
2731 573 2951 634 puncto,
3000 573 3198 633 quanta
3231 580 3331 620 nec
3363 566 3545 637 eloqui

1961 651 2140 719 facile,
2185 669 2286 710 nec
2315 669 2465 710 mens
2497 671 2814 725 percurrere
2859 657 2916 710 in
2948 657 3294 726 semctipsam
3325 669 3551 714 reversa

1962 748 2272 817 praevaleat.
2303 747 2472 816 Quem
2503 759 2702 804 statum
2737 750 2998 805 Dominus
3023 765 3238 820 quoque
3261 751 3401 806 inter
3431 751 3554 806 illa-

1961 855 2079 894 rum
2131 839 2582 910 supplicationum
2639 841 2938 910 formulas,
2989 859 3122 913 quas
3163 845 3247 899 vel
3293 846 3441 900 solus
3491 845 3547 900 in

1961 941 2146 988 monte
2172 933 2368 988 sedens
2397 933 2414 1004 (
2431 932 2584 988 Luca:
2603 933 2776 1005 χιιι),
2810 936 2896 990 vel
2922 936 3082 990 tacite
3111 935 3312 991 fudisse
3344 936 3554 993 descri-

1962 1021 2138 1088 bitur,
2173 1023 2426 1080 similiter
2467 1025 2738 1094 ﬁguravit,
2789 1042 2911 1082 cum
2952 1027 3005 1082 in
3047 1027 3307 1082 orationis
3357 1029 3554 1099 agonia

1962 1115 2286 1170 constitutus
2311 1115 2476 1170 etiam
2502 1123 2683 1185 guttas
2715 1117 2990 1188 sanguinis
3035 1119 3341 1175 inimitabili
3375 1120 3552 1175 inten-

1963 1209 2126 1266 tionis
2165 1211 2404 1283 profudit
2429 1211 2702 1280 exemplo.

2522 1301 2751 1357 CAPUT
2791 1301 2984 1356 XXVI.

2017 1393 2281 1449 Orationis
2297 1395 2539 1465 spiritum
2559 1395 2715 1448 variis
2739 1395 2900 1448 modis
2919 1395 2987 1448 ad
3005 1399 3257 1466 {eruerent
3277 1399 3512 1453 excitari.
3563 1431 3566 1436 -

2037 1488 2166 1554 Quis
2197 1503 2328 1544 vero
2359 1488 2531 1558 possit
2555 1487 2893 1543 diversitates
2923 1497 2978 1544 et
3003 1504 3192 1545 causas
3220 1491 3362 1560 ipsas
3392 1503 3556 1563 atque

1965 1579 2208 1649 origines
2245 1578 2272 1617 δ
2301 1579 2787 1648 compunctionum
2835 1581 3175 1650 quantalibet
3219 1585 3557 1652 experientia

1967 1674 2230 1744 praeditus
2259 1675 2595 1730 sufficienter
2635 1689 2943 1744 exponere,
2985 1675 3178 1745 quibus
3219 1677 3556 1734 inﬂammata

1970 1785 2124 1824 mens
2152 1777 2312 1838 atque
2341 1783 2600 1824 succensa
2626 1767 2690 1822 ad
2725 1768 3002 1822 orationes
3029 1784 3194 1838 puras
3239 1785 3302 1825 ac
3345 1770 3558 1826 ferven-

1889 1853 1942 1916 B
1968 1860 2206 1916 tissimas
2235 1859 2529 1914 incitatur?
2551 1859 2786 1926 Quarum
2823 1873 3011 1928 pauca,
3037 1869 3296 1930 quantum
3321 1863 3558 1930 potueri-

1971 1967 2092 2006 mus
2123 1951 2188 2006 ad
2219 1966 2458 2021 praesens
2495 1965 2592 2020 per
2629 1950 3082 2005 illuminationem
3125 1951 3338 2007 Domini
3391 1955 3559 2008 remi-

1969 2045 2126 2112 nisci,
2155 2043 2390 2114 exempli
2419 2043 2586 2113 gratia
2612 2057 2998 2113 proponemus.
3033 2043 3444 2112 Nonnumquam
3473 2053 3554 2100 et-

1969 2135 2116 2192 enim
2169 2135 2358 2203 psalmi
2407 2135 2796 2204 cujuscumque
2853 2133 3158 2190 versiculus
3217 2137 3560 2194 occasionem

1971 2229 2234 2284 orationis
2264 2227 2446 2297 ignitae
2477 2225 2890 2282 decantantibus
2921 2226 3077 2280 nobis
3103 2227 3357 2294 prmbuit,
3387 2229 3558 2282 inter-

1973 2319 2100 2376 dum
2127 2335 2327 2375 canora
2371 2319 2620 2374 fraternae
2649 2319 2800 2372 vocis
2845 2317 3144 2372 modulatio
3183 2319 3248 2372 ad
3297 2319 3560 2374 intentam

1974 2413 2426 2483 supplicationem
2465 2411 2796 2478 stupentium
2825 2411 3034 2464 animos
3077 2411 3351 2466 excitavit.
3393 2412 3560 2467 Novi-

1974 2519 2092 2560 mus
2123 2519 2338 2574 quoque
2365 2503 2768 2560 distinctionem
2795 2503 3224 2572 gravitatemque
3255 2503 3558 2572 psallentis,

1345 2633 1600 2690 ALARDI
1639 2635 1870 2694 GAZEI
1908 2637 2474 2696 COMMENTARIUS.

345 2744 372 2774 ι
417 2733 492 2788 Ita
541 2741 598 2787 et.
641 2729 900 2801 superius
930 2728 1066 2801 dixit
1099 2725 1264 2801 (Cap.
1315 2728 1414 2801 17)
1445 2745 1456 2778 :
1489 2725 1598 2780 Has
1645 2737 1868 2801 quatuor

273 2799 741 2878 supplicationum;
767 2800 960 2870 species
1005 2800 1156 2878 etiam
1205 2799 1458 2878 Dominus
1503 2800 1733 2878 exemplo
1773 2817 1870 2854 suo

273 2867 420 2932 nobis
448 2875 660 2929 initiare
689 2867 932 2944 dignatus
959 2879 1062 2944 est.‘
1096 2867 1266 2924 Porro
1299 2867 1870 2944 initiareplerumque

273 2949 546 3018 signiﬁcat
565 2939 1024 3018 sacrisimbuere,
1051 2939 1580 3018 illaugurarerUnde
1605 2939 1865 3018 iniustus,

273 3011 352 3075 id'
377 3029 502 3082 est,
551 3015 720 3072 sacris
761 3015 1037 3082 imbutus:
1075 3011 1140 3066 Et
1171 3011 1440 3082 Ambrosii
1488 3012 1624 3065 liber
1671 3011 1749 3066 De
1789 3013 1868 3066 his

273 3091 361 3158 qui
383 3081 661 3144 initiantur
680 3085 932 3156 mysteriis
958 3081 1144 3158 (Tom.
1173 3081 1290 3153 IV).
1321 3083 1468 3158 Alias
1495 3093 1736 3158 vero_._ut
1759 3083 1866 3158 hic,

1971 2737 2236 2856 Weculum
2279 2733 2332 2784 in
2376 2732 2666 2802 mnigmate,
2699 2739 2818 2784 tunc
2862 2740 3029 2784 autem
3075 2731 3206 2798 {acie
3249 2733 3316 2786 ad
3353 2734 3560 2802 faciem.

2033 2819 2128 2856 unc
2159 2818 2408 2856 connosco
2435 2819 2496 2856 ea:
2527 2813 2688 2856 parte.
2727 2813 2848 2854 tunc
2885 2813 3052 2854 αυιεηι
3087 2819 3390 2856 coanoscam
3428 2807 3560 2856 sicut

2033 2819 2128 2856 unc
2159 2818 2408 2874 cognosco
2435 2813 2688 2874 exparte,
2727 2813 2848 2854 tunc
2885 2813 3052 2874 autem
3087 2819 3390 2874 cognoscam
3428 2807 3560 2857 sicut

1971 2881 2020 2927 et
2061 2871 2296 2946 cognitus
2327 2873 2484 2946 suml
2513 2873 2644 2946 Vide
2675 2875 2906 2946 eumdem
2937 2871 3092 2946 (ἶνες.
3129 2875 3216 2926 lib.
3255 2891 3315 2928 ιιι
3347 2873 3557 2946 Dialog.

1972 2959 2088 3016 cap.
2123 2943 2247 3016 33).
2283 2945 2418 2998 ltcm
2449 2945 2510 2998 D.
2538 2943 2843 3016 Gregorius
2863 2944 3009 2996 hom.
3037 2943 3106 2995 22
3127 2959 3288 3014 super
3317 2943 3566 3002 Ezechie-

1973 3015 2276 3080 lemzdlia,
2313 3016 2507 3084 inquit,
2555 3015 2878 3084 compunctio
2910 3025 3000 3078 est,
3041 3031 3156 3084 qua:
3197 3033 3286 3086 per
3327 3017 3562 3070 timorem

1973 3087 2222 3152 nascitur,
2248 3087 2354 3138 alia
2375 3101 2490 3154 quat
2515 3102 2604 3152 per
2621 3101 2878 3156 amorem;
2907 3086 3026 3156 quia
3047 3087 3189 3138 aliud
3211 3097 3282 3140 est
3307 3089 3566 3156 supplicis

281 3143 500 3218 initiare
537 3169 620 3214 est
648 3143 926 3228 inclmare,
957 3143 1262 3228 instituere;
1283 3153 1581 3228 auspicari.
1613 3143 1866 3228 Sidonius
1896 3143 1942 3206 C
1973 3158 2169 3228 fugere,
2198 3143 2344 3210 aliud
2375 3143 2584 3228 primum
2609 3143 2930 3228 desiderare:
2963 3155 3115 3228 (Iride
3140 3157 3292 3210 etiam
3317 3143 3564 3212 in't'aber-

277 3233 374 3288 lib.
409 3249 446 3286 ιι
476 3231 640 3298 epist.
682 3231 716 3284 5
751 3225 1200 3300 gantiazinitiatte,
1247 3225 1298 3278 id
1338 3227 1862 3300 est‘,__iuc_.mptie_vel

279 3295 1218 3358 inchoathnlius'Firmicuslib.tt
1249 3311 1368 3364 cap.
1402 3295 1684 3354 5Mathes.
1717 3315 1728 3349 :
1763 3295 1866 3350 Ver

277 3377 542 3442 initiatur,
591 3388 707 3425 cum
743 3369 964 3440 primam
1007 3367 1192 3421 Arietis
1222 3376 1424 3438 partem
1471 3367 1548 3420 sol
1589 3367 1746 3436 fuerit
1780 3368 1866 3422 in-

317 3463 514 3500 τέθεικε.

279 3465 514 3570 Ψῗιπῧέ
551 3511 966 3580 compunctionc
1012 3500 1308 3580 videndum
1360 3507 1540 3580 primo
1583 3507 1710 3580 quid
1765 3507 1865 3574 sit;

281 3587 482 3642 deinde
513 3599 633 3656 quae
659 3578 776 3653 ejus
804 3596 982 3637 causa:
1027 3589 1082 3634 et
1107 3579 1368 3656 origines,
1403 3586 1460 3656 u_t
1493 3578 1578 3632 hic
1609 3579 1867 3656 habetur;

281 3648 834 3730 quorum'utrumque
863 3667 926 3730 ex
963 3649 1237 3730 nonnullis
1417 3649 1635 3702 Patrum
1679 3650 1872 3717 elogiis

280 3720 448 3800 atque
497 3720 782 3800 sententiis
829 3721 1210 3800 selectiorilius
1277 3720 1489 3776 discere
1547 3733 1869 3800 possumus;

281 3791 419 3872 quas
458 3796 690 3869 proinde
720 3809 824 3872 non
858 3795 1045 3872 minus
1083 3791 1314 3872 libenter
1353 3805 1534 3872 quam.
1559 3791 1786 3872 utiliter,
1819 3801 1876 3872 ut

282 3861 472 3940 spero;
501 3872 672 3940 lector
702 3867 954 3940 accipiet.
989 3863 1106 3940 Div.
1159 3863 1488 3940 Augustinus
1521 3861 1575 3940 in
1621 3861 1758 3940 libro
1807 3863 1876 3940 de

284 3931 500 4012 Spiritu
533 3951 584 3995 et
615 3937 808 4012 Anima
823 3931 956 4004 ‘cap.
989 3934 1057 3988 50
1081 3935 1152 4012 ita
1179 3933 1366 3988 scribit
1391 3951 1404 3984 ε
1433 3931 1706 4012 Meditatio
1737 3933 1874 4012 parit

283 4005 578 4076 scientiam,
609 4009 823 4063 scientia
853 4006 1315 4077 compunctionem,
1355 4005 1678 4077 compunctio
1711 4005 1882 4077 devo-

283 4088 478 4139 tionem
505 4125 520 4148 ,
566 4075 767 4134 devotio
817 4075 1016 4150 perﬁcit
1065 4077 1369 4150 orationem.
1419 4075 1752 4150 Compunctio
1804 4084 1880 4128 est

283 4147 586 4227 quandam:
609 4147 1018 4227 consideratione
1047 4149 1536 4227 malai-untrsuorum
1567 4161 1668 4227 cor;
1683 4147 1880 4227 interno

287 4215 471 4280 dolore
499 4225 756 4294 tangitur.
790 4219 1002 4274 Devotio
1029 4227 1102 4294 est
1131 4217 1557 4294 pius_et_hut_nili_s
1586 4215 1806 4294 aﬂ'ectus
1827 4219 1881 4270 in

287 4296 460 4351 Deum
489 4313 508 4350 :
547 4287 756 4346 humilis
797 4307 860 4344 ea:
899 4287 1208 4344 conscientia
1253 4287 1572 4355 inﬁrmitatis
1618 4289 1876 4358 prapriar,‘

283 4371 404 4442 pius
453 4383 516 4421 ex
561 4363 977 4442 consideratione
1005 4359 1190 4442 (lituum
1233 4358 1532 4440 clementiae.
1587 4357 1884 4442 Gregorius

287 4429 422 4494 'xxttt
453 4436 740 4493 Moralium
770 4447 888 4502 cap.
919 4429 981 4485 ‘2l
1016 4449 1027 4483 :
1065 4430 1318 4496 Quatuor,
1354 4429 1546 4502 inquit,
1573 4429 1886 4502 suntquali-

1971 3225 2157 3282 naculo
2181 3244 2270 3295 per
2294 3225 2455 3297 legem
2477 3227 2578 3278 duo
2603 3225 2792 3278 altaria
2813 3227 3186 3295 ﬁerijnbentur
3207 3227 3223 3294 (
3247 3229 3412 3282 Exod.
3441 3245 3563 3282 xxtv

1971 3309 2019 3352 et
2049 3299 2190 3368 xxx)
2217 3316 2228 3350 :
2261 3315 2420 3350 unum
2449 3298 2684 3350 videlicet
2715 3300 2960 3362 exterius,
2995 3298 3144 3350 aliud
3173 3315 3288 3352 vero
3319 3301 3564 3362 interius;

1971 3385 2133 3422 unum
2157 3369 2209 3420 in
2235 3369 2388 3430 atrio,
2421 3368 2566 3420 aliud
2590 3381 2710 3420 ante
2737 3383 2950 3432 arcam;
2986 3385 3145 3420 unum
3175 3369 3312 3438 quod
3348 3385 3448 3423 a’re
3474 3387 3566 3424 co-

1973 3449 2206 3508 opertum
2237 3447 2335 3502 est,
2367 3439 2512 3490 aliud
2537 3441 2675 3506 quod
2700 3453 2828 3508 auro
2860 3439 3092 3490 vestitur.
3125 3440 3290 3508 Atque
3319 3441 3373 3493 in
3405 3443 3564 3494 altari

1972 3507 2106 3564 mo
2135 3521 2428 3562 cremantur
2445 3525 2646 3574 carnes,
2673 3508 2724 3561 in
2753 3507 2910 3560 altari
2939 3525 3056 3562 vero
3083 3507 3246 3563 aureo
3283 3511 3568 3564 incendun-

1975 3591 2058 3632 tur
2076 3589 2332 3632 aromata.
2365 3579 2503 3644 Quid
2530 3589 2602 3632 est
2631 3581 2746 3652 hoc,
2774 3578 2959 3644 fratres
2989 3581 3466 3652 charissintilquod
3487 3583 3568 3652 {o-

1973 3652 2046 3704 ris
2073 3661 2463 3722 concremontur
2491 3665 2692 3722 carnes,
2725 3648 2858 3702 intus
2889 3661 3150 3716 aromata,
3177 3651 3274 3704 nisi
3297 3648 3393 3704 hoc
3421 3648 3560 3722 quod

1975 3721 2202 3792 quotidie
2230 3721 2479 3792 videmus,
2509 3721 2631 3790 quia
2653 3721 2756 3772 duo
2783 3730 2900 3792 sunt
2921 3721 3329 3785 compunctionis
3353 3721 3570 3792 genera?

1983 3791 2114 3857 Quia
2145 3793 2234 3845 alii
2255 3791 2424 3843 adhuc
2455 3807 2544 3860 per
2571 3792 2802 3863 timorem
2823 3791 3100 3863 plangunt,
3129 3793 3221 3844 alii
3245 3791 3367 3845 vero,
3375 3795 3490 3862 jam
3517 3811 3570 3849 se

1979 3879 2068 3934 per
2089 3879 2314 3934 antorem
2337 3863 2388 3914 in
2414 3862 2650 3934 lamentis
2677 3861 2923 3934 afﬁciunt,
2953 3861 3055 3934 etc.
3091 3862 3152 3915 D.
3179 3861 3486 3934 Bcrnnrdns
3515 3867 3567 3920 in

1981 3933 2210 4002 quodam
2229 3949 2476 3986 sermone
2501 3933 2613 4004 (De
2630 3935 2784 3985 modo
2819 3933 3018 3984 vivendi
3040 3974 3054 3998 ,
3081 3949 3233 3987 serm.
3263 3937 3327 3988 10
3346 3937 3394 4004 ):
3425 3933 3572 3990 Com-

1981 4005 2192 4074 pnnctio
2219 4005 2390 4058 cordis
2417 4012 2488 4057 est
2511 4004 2775 4057 humilitas
2808 4005 2988 4057 mentis
3019 4005 3220 4058 veniens
3245 4005 3308 4057 de
3329 4009 3574 4062 recorda-

1983 4073 2122 4150 tione
2150 4077 2344 4145 peccati
2373 4084 2420 4127 ct
2451 4075 2714 4150 detinuere
2732 4075 2944 4146 judicii.
2981 4073 3084 4150 illa
3112 4079 3434 4146 compunctio
3455 4097 3572 4150 per-

1985 4149 2117 4214 fecta
2146 4155 2236 4210 est,
2269 4163 2384 4216 qua:
2413 4145 2560 4213 pellit
2589 4163 2620 4199 a
2649 4163 2699 4199 se
2735 4145 2938 4198 omnem
2967 4145 3353 4200 delectationem
3385 4145 3576 4202 carna-

1986 4217 2114 4270 lium
2151 4235 2346 4280 rerum,
2379 4225 2423 4270 et
2456 4227 2558 4270 toto
2599 4217 2769 4286 studio
2799 4218 2978 4270 mentis
3009 4217 3118 4286 ﬁgit
3149 4219 3482 4272 intentionem
3521 4223 3574 4275 in

1985 4289 2412 4354 contemplatione
2467 4287 2582 4358 Dei.
2635 4285 2904 4356 Dupliccm
2955 4285 3063 4340 esse
3127 4293 3570 4358 compunrtionent

1987 4359 2204 4428 legimus
2228 4376 2245 4412 :
2273 4377 2450 4429 unum,
2481 4357 2698 4424 scilicet,
2725 4375 2824 4425 qua
2855 4369 3059 4429 propter
3086 4357 3252 4412 Deum
3285 4363 3458 4414 anima
3482 4379 3574 4414 cu—

1979 4427 2170 4498 jusque
2210 4431 2340 4482 servi
2373 4427 2466 4482 Dei
2501 4429 2740 4498 afﬁcitur,
2780 4429 2832 4480 id
2877 4427 2975 4490 est,
3021 4445 3133 4481 cum
3173 4431 3240 4482 ad
3279 4435 3574 4487 memoriam

287 4519 445 4576 tates,
471 4507 654 4578 quibus
673 4505 806 4576 justi
834 4499 924 4556 uiri
947 4503 1120 4592 anima
1141 4502 1194 4553 in
1215 4499 1884 4582 compunctionepellentem
1909 4531 1964 4592 D
1989 4501 2184 4592 reducit
2217 4500 2354 4592 ntJala
2383 4499 2678 4578 qtta:_let'it;
2703 4499 2864 4550 altera
2871 4515 3022 4592 Iaera,
3056 4517 3171 4552 cum
3199 4504 3424 4592 suspirat
3455 4521 3576 4574 pro-

289 4592 368 4634 ter
395 4570 616 4651 afﬁcitur
642 4570 798 4651 :cum
837 4583 924 4651 aut
961 4571 1220 4651 malorum
1239 4587 1488 4651 .suorura‘
1505 4570 1850 4651 reminiscitur
1869 4611 1882 4633 ,

289 4641 632 4706 considerans
660 4647 748 4701 ubi
778 4646 876 4712 fuit
901 4661 918 4708 ;
958 4653 1048 4696 aut
1077 4642 1413 4714 judiciorum
1444 4641 1547 4714 Dei
1579 4643 1882 4694 sententiam

289 4734 528 4776 metuens
546 4761 562 4786 ,
596 4727 642 4772 et
664 4733 836 4772 secum
863 4713 1116 4786 quarens,
1142 4715 1330 4786 cogitat
1361 4713 1447 4766 ubi
1475 4713 1610 4776 erit;
1653 4719 1740 4764 aut
1769 4728 1884 4786 cum

291 4793 438 4846 mala
467 4783 586 4846 vitm
615 4783 887 4860 prasentis
913 4785 1126 4860 solerter
1153 4783 1440 4850 attendens,
1469 4799 1682 4860 atterens
1711 4783 1881 4836 consi-

291 4877 444 4918 derat
483 4863 572 4916 ubi
616 4854 721 4924 est;
755 4867 844 4912 aut
875 4872 988 4909 cum
1019 4857 1150 4908 bona
1187 4870 1422 4924 superna:
1452 4854 1630 4920 patria;
1660 4863 1884 4908 contem-

291 4938 498 5007 platur,
527 4948 642 5004 qua:
670 4931 792 5007 quia
813 4927 1030 4982 necdum
1054 4927 1358 5007 adipis-citur
1377 4967 1392 4991 ,
1427 4927 1604 5007 lugens
1635 4925 1884 5007 conspicit

293 4995 382 5060 ubi
411 4995 516 5058 non
540 4995 643 5056 'est.
676 4995 936 5056 Malorum
965 5013 1176 5050 suorum
1203 4995 1403 5050 Paulus
1429 4999 1765 5059 meminerat;
1795 5005 1880 5048 at-

303 5095 404 5144 que
435 5092 500 5129 ea:
525 5073 597 5128 eis
619 5089 700 5134 se,
729 5073 780 5124 in
801 5067 982 5138 quibus
985 5071 1198 5192 iuerat,
1221 5067 1491 5138 aﬂligebat,
1520 5083 1638 5120 cum
1661 5069 1884 5120 diceret:

303 5147 420 5192 Non
449 5162 563 5192 sum
583 5145 768 5192 dianus
789 5139 960 5192 uocari
1036 5138 1282 5192 nastolus.
1307 5139 1432 5192 auia
1457 5147 1748 5192 persecutus
1770 5153 1884 5190 sum

291 5138 420 5202 Non
449 5162 563 5199 sum
583 5145 768 5214 dignus
789 5139 960 5214 uocari
985 5138 1282 5214 Apostolus,
1307 5139 1432 5208 quia
1457 5147 1884 5214 persecutussum

289 5217 594 5273 Ecclesium
640 5207 822 5280 Dei(l
853 5213 972 5266 Cor.
1013 5214 1156 5275 xui).
1195 5207 1424 5262 Rursum
1464 5209 1692 5262 divinum
1730 5209 1884 5280 judi-

295 5285 446 5336 cium
477 5286 734 5356 subtiliter
772 5279 994 5356 pensans
1019 5282 1070 5333 in
1103 5281 1275 5350 futuro
1305 5279 1438 5356 male
1473 5295 1580 5356 esse
1609 5279 1880 5356 metuebat,

293 5363 476 5413 dicem
506 5375 524 5411 :
548 5354 755 5426 Castigo
774 5351 968 5426 corpus
991 5367 1178 5416 meum,
1209 5361 1258 5426 et
1288 5351 1520 5426 serantuti
1545 5351 1786 5426 subjicio,
1821 5366 1884 5426 ne

291 5433 455 5500 forte,
471 5427 591 5481 aliis
607 5419 919 5500 prtédicans,
945 5425 1061 5500 ipse.
1079 5421 1557 5500 reprobuseﬁiciar(
1577 5419 1738 5500 lgor.
1764 5437 1824 5500 Ix

297 5489 509 5554 Rursus
553 5489 691 5568 mala
719 5489 987 5568 premitis
1013 5489 1422 5568 vitrepensabat,
1445 5489 1560 5546 cum
1587 5491 1780 5568 diceret
1805 5489 1896 5562 (ll‘

295 5569 422 5624 Cor.
459 5587 494 5626 v
515 5571 572 5636 ):
601 5563 942 5636 Durnsumus
971 5565 1024 5618 in
1057 5563 1163 5636 hoc
1181 5580 1412 5636 corpore,
1443 5563 1832 5636 peregrinantur
1856 5581 1886 5616 a

295 5633 570 5703 Domino;
599 5647 668 5702 et,
715 5635 880 5693 Video
909 5637 1072 5690 aliam
1114 5633 1278 5706 legent
1301 5637 1352 5688 in
1383 5633 1619 5688 membris
1649 5635 1774 5687 meis
1805 5649 1888 5686 re-

293 5721 620 5786 pugnantem
649 5709 750 5786 legi
779 5709 1125 5786 mentitmeaz,
1153 5715 1200 5758 et
1229 5709 1490 5786 captivum
1519 5722 1598 5758 me
1617 5707 1887 5786 ducentem

293 5731 370 5786 ρει
411 5731 620 5764 nantem
649 5731 750 5780 leg!
779 5731 1125 5771 mentis-"ww,
1153 5731 1200 5758 ει
1229 5731 1490 5775 captivum
1520 5731 1598 5758 "te
1617 5731 1887 5758 uuceuwm

293 5787 356 5841 in
374 5731 500 5856 lege
541 5781 758 5856 peccati,
807 5777 1022 5856 etc.‘_Et
1053 5795 1258 5856 rursum
1305 5781 1676 5856 liquanturth
1705 5777 1888 5842 patrita

297 5848 668 5920 considerabat
698 5850 871 5910 dicens
902 5850 954 5928 (ι
983 5849 1102 5908 Cor.
1136 5848 1266 5908 xm)
1300 5867 1312 5908 :
1353 5849 1596 5910 Videmus
1623 5859 1768 5916 nunc
1795 5859 1888 5922 per

1989 4579 2103 4640 pter
2133 4571 2444 4622 desiderium
2469 4571 2583 4620 vitae
2611 4577 2835 4640 ceterum.
2870 4569 3104 4632 Quatuor
3131 4569 3297 4624 modis
3325 4569 3576 4640 compun-

1987 4639 2126 4710 gitur
2156 4656 2294 4692 mens
2311 4640 2442 4706 justi
2469 4639 2720 4691 hominis:
2753 4654 2930 4705 nempe
2953 4641 3196 4693 memoria
3229 4639 3571 4710 peccatorum,

1987 4711 2340 4784 recordatione
2367 4725 2634 4784 poenarum
2657 4710 2972 4784 futurarum,
3003 4713 3409 4766 consideratione
3430 4731 3573 4784 pere-

1987 4783 2289 4853 grinationis
2311 4779 2642 4853 ltujusvitar,
2671 4779 2924 4853 desiderio
2955 4797 3192 4848 superna:
3221 4779 3573 4853 patrimfllmc

1991 4849 2054 4908 D.
2089 4849 2412 4908 Bernartius.
2452 4851 2548 4906 Ubi
2582 4867 2647 4902 ne
2677 4849 2899 4903 multum
2937 4853 3168 4912 ntircris,
3199 4849 3385 4918 luctor,
3414 4859 3572 4909 modo

1988 4923 2278 4991 duplicem,
2303 4923 2461 4976 modo
2493 4922 2902 4991 quadruplicem
2934 4923 3038 4977 dici
3070 4927 3570 4992 compunctinnem;

1987 4993 2144 5048 facile
2193 4995 2632 5053 animadvertes,
2681 4995 2726 5046 si
2777 4995 3473 5063 ndvet'tis,quadruplicem
3521 4997 3574 5052 in

1988 5065 2254 5134 duplicem
2289 5065 2556 5118 revocari.
2594 5063 2724 5132 Eam
2773 5075 2828 5118 ut
2863 5065 2982 5118 dua:
3027 5069 3231 5132 priores
3277 5067 3341 5120 ad
3374 5083 3531 5122 unum
3555 5111 3570 5134 ,

1989 5151 2108 5206 quae
2132 5151 2194 5189 ex
2222 5138 2412 5189 timore
2434 5136 2702 5208 nascitur;
2732 5137 2802 5188 ita
2823 5136 2939 5188 dum
2961 5138 3370 5204 posterioresad
3393 5154 3574 5208 unam,

1988 5223 2108 5276 quae
2133 5223 2198 5261 ex
2225 5223 2408 5261 amore
2434 5217 2486 5261 et
2510 5207 2782 5260 desiderio
2805 5223 3049 5274 supernus
3079 5211 3288 5276 patriar,
3320 5225 3577 5262 revocan-

1992 5287 2098 5333 tur.
2135 5279 2294 5347 Atqui
2329 5279 2440 5330 ltmc
2465 5293 2528 5331 ex
2557 5277 2808 5330 l’atrilius
2849 5279 3076 5332 collecta
3118 5279 3288 5346 elogia
3332 5283 3396 5334 de
3430 5296 3576 5334 com-

1991 5351 2281 5419 punctiooe
2313 5350 2438 5404 huic
2463 5350 2581 5402 loco
2612 5359 2670 5402 et
2699 5351 2940 5402 instituto
2968 5360 3154 5404 nostro
3175 5351 3424 5404 sut’licerc
3448 5353 3576 5406 mihi

1991 5420 2286 5474 videntur:
2317 5429 2512 5482 pra-ter
2539 5435 2680 5488 quae,
2719 5420 2762 5472 si
2795 5419 2915 5488 quis
2949 5421 3188 5488 integros
3229 5431 3488 5476 tractatus
3525 5425 3576 5476 in

1992 5492 2237 5550 eamdem
2279 5491 2461 5564 videre
2503 5499 2654 5564 optet
2703 5493 3005 5564 materiam,
3045 5491 3220 5564 videat
3250 5490 3580 5564 ChrySosto-

1991 5577 2160 5628 mum,
2200 5563 2288 5632 qtti
2321 5563 2456 5614 duos
2499 5563 2776 5630 elegantes
2823 5562 3072 5630 lectuque
3119 5561 3462 5630 dignissimos
3513 5565 3580 5618 de

1992 5633 2410 5702 COtltpllllCllone
2459 5633 2638 5685 cordis
2687 5633 3011 5699 conscripsit
3062 5633 3261 5696 libros;
3311 5635 3492 5690 videat
3523 5645 3580 5690 ct

1992 5703 2051 5786 ξ.
2091 5703 2324 5786 Ephrem
2359 5703 2581 5786 Syrum,
2611 5702 2751 5770 apud
2785 5717 2941 5786 quem
2970 5711 3182 5786 exstant
3214 5713 3448 5786 quatuor
3485 5705 3579 5764 ill-

1991 5773 2115 5834 dcm
2139 5773 2518 5852 pulcherrimae
2540 5773 2608 5832 de
2627 5774 3050 5848 compunctione
3082 5773 3346 5838 humilia.
