4078 6332
488 371 592 434 8L"!
1548 360 1826 432 JOANNIS
1865 364 2177 433 CASSIANI
2215 364 2718 432 COLLATIONES.
3677 371 3798 438 sos

435 530 463 580 η
489 494 629 549 fusio
669 491 1059 565 lacrymarum,
1106 504 1205 547 nec
1244 488 1530 546 exterioris
1567 490 1802 548 hominis
1857 508 2079 562 magno-
2104 497 2155 559 Α
2178 494 2268 565 jus
2296 494 2408 550 veri
2457 494 2677 551 luminis
2723 494 3005 552 abstrahas
3052 496 3346 553 claritate?
3393 496 3561 568 Cujus
3621 499 3801 554 etiam

444 582 619 655 'pere
683 584 968 639 aﬁectandi
1039 591 1167 639 sunt
1218 582 1408 649 fletus,
1462 584 1550 654 qui
1596 585 1805 641 etiamsi
1888 585 2088 642 fuerint
2193 587 2311 644 haec
2331 602 2543 659 quoque
2571 598 2656 644 est
2675 604 2839 659 super
2863 590 3121 646 orationis
3155 590 3263 647 ﬁne
3290 591 3531 648 celestis
3550 602 3606 648 et
3631 593 3798 663 plus-

491 688 782 747 utcumque
814 677 1092 748 producti,
1146 691 1438 747 numquam
1488 678 1796 748 pertingere
1843 677 1910 733 ad
1937 678 2084 734 illam
2190 696 2351 753 quam
2403 682 2638 738 humana
2680 684 2995 743 sententia:
3042 682 3161 740 Non
3207 695 3312 754 est,
3364 685 3571 755 inquit,
3602 685 3631 725 δ
3662 701 3804 757 per-

489 780 910 841 spontanearum
966 769 1321 841 lacrymarum
1350 772 1602 839 paterunt
1634 770 1954 828 ubertatem.
1982 771 2091 826 Ma-

493 862 575 932 gis
600 862 743 916 enim
765 860 1117 931 supplicantis
1159 859 1397 914 animum
1429 861 1541 916 suis
1585 862 1866 918 conatibus
1887 862 2087 917 distra-

494 952 686 1007 hentes
715 951 1073 1007 humiliahunt
1092 991 1109 1017 ,
1138 959 1299 1023 atque
1341 951 1409 1008 ad
1439 952 1543 1008 ima
1567 954 1914 1025 demergent,
1944 956 2090 1012 etab

493 1043 585 1098 illa
640 1041 849 1098 caelesti
906 1042 1234 1097 sublimitate
1283 1042 1584 1112 deponent,
1634 1044 1690 1099 in
1735 1060 1837 1115 qua
1865 1046 2089 1101 attonita

492 1152 647 1193 mens
675 1137 880 1192 orantis
902 1136 1355 1193 indeclinabiliter
1379 1138 1676 1195 dehetesse
1705 1138 1882 1196 deﬁxa
1900 1182 1914 1205 ,
1943 1156 2093 1195 eam-

494 1242 600 1297 que
650 1227 976 1298 compellent
1018 1242 1239 1299 precum
1293 1243 1513 1284 suarum
1557 1229 1855 1286 intentione
1912 1230 2089 1286 laxata

496 1334 624 1390 erga
672 1319 891 1375 steriles
943 1328 998 1376 et
1050 1320 1331 1377 coactitias
1410 1321 1771 1393 lacrymarum
1860 1323 2093 1394 guttulas

500 1418 786 1482 aegrotare.

1073 1503 1299 1560 CAPUT
1329 1503 1522 1561 XXXI.

602 1594 867 1652 Sententia
896 1594 1093 1650 abbatis
1124 1596 1336 1650 Antonii
1358 1612 1511 1666 super
1541 1598 1790 1652 orationis
1815 1608 1977 1653 statu.

572 1688 641 1744 Et
698 1699 755 1743 ut
797 1687 1060 1744 orationis
1112 1704 1254 1743 verte
1300 1689 1608 1759 percipiatis
1632 1691 1918 1759 affectum,
1984 1704 2092 1747 non

499 1797 675 1839 meam
704 1783 887 1848 vobis,
930 1782 1023 1838 sed
1054 1790 1080 1819 ει
1109 1782 1252 1837 beati
1302 1783 1519 1838 Antonii
1546 1786 1869 1839 sententiam
1912 1783 2096 1855 profe-

394 1901 400 1907 -
500 1890 823 1953 rat-amnem
842 1875 911 1929 ita
926 1890 1328 1945 nonnumquam
1352 1874 1406 1930 in
1428 1877 1672 1933 oratione
1699 1879 1946 1933 novimus
1968 1893 2092 1948 per-

501 1967 733 2034 stitisse,
775 1976 832 2022 ut
871 1967 1060 2023 eodem
1134 1966 1186 2021 in
1238 1981 1465 2023 excessu
1530 1969 1725 2025 mentis
1785 1970 2095 2040 frequenter

504 2070 696 2116 orante
718 2103 732 2128 ,
763 2075 887 2115 cum
938 2060 1071 2114 solis
1131 2069 1287 2114 ortus
1321 2060 1579 2130 etepisset
1600 2059 1837 2129 infundi,
1867 2061 2101 2116 audieri-

503 2168 623 2207 mus
658 2166 781 2206 eum
813 2152 867 2206 in
917 2150 1128 2205 fervore
1180 2151 1400 2220 spiritus
1446 2152 1877 2220 proclamantem
1910 2168 1926 2208 :
1958 2151 2098 2220 Quid

505 2260 593 2301 me
620 2244 874 2315 impedis,
898 2242 1014 2311 sol,
1043 2242 1137 2314 qui
1153 2242 1220 2297 ad
1247 2241 1350 2299 hoc
1371 2242 1483 2314 jam
1507 2243 1692 2311 oriris,
1712 2252 1770 2299 ut
1791 2260 1877 2300 me
1903 2244 1972 2299 ah
2000 2244 2099 2299 liu-

2191 772 2332 830 fecta
2376 775 2551 830 oratio
2601 775 2655 830 in
2708 791 2812 847 qua
2865 790 2927 832 se
2982 776 3319 848 monachus,
3351 777 3437 833 vel
3467 778 3569 833 hoc
3611 780 3803 848 ipsum

2194 866 2338 937 quod
2370 875 2511 936 orat,
2561 866 2830 939 intelligit.
2864 868 2931 924 Et
2982 877 3041 924 ut
3067 884 3165 925 nos
3219 885 3437 941 quoque
3489 871 3801 927 secundum

2193 972 2500 1015 mensuram
2531 959 2807 1015 tenuitatis
2829 969 3029 1015 nostra:
3059 961 3185 1016 huic
3209 960 3538 1017 admiranda:
3564 971 3804 1019 senten-

2196 1052 2284 1107 tim
2312 1052 2711 1123 superadjicere
2747 1052 2949 1124 aliquid
2996 1052 3327 1121 audeamus,
3361 1054 3624 1109 orationis
3666 1066 3806 1125 quae

2195 1146 2477 1202 exauditur
2513 1163 2542 1201 a
2574 1146 2825 1217 Domino,
2856 1149 2912 1205 in
2939 1157 3197 1220 quantum
3225 1149 3435 1222 experti
3464 1163 3682 1222 sumus,
3707 1150 3809 1205 in-

2195 1237 2337 1295 dicia
2362 1236 2722 1310 proferemus.

2735 1354 2966 1413 CAPUT
3004 1354 3224 1413 XXXII.

2656 1470 2731 1528 De
2752 1472 3101 1527 exauditionis
3124 1473 3339 1529 indicio.

2267 1584 2402 1643 Cum
2429 1595 2648 1643 orantes
2695 1602 2794 1642 nos
2843 1586 2990 1642 nulla
3032 1586 3459 1657 interpellaverit
3491 1588 3803 1656 haesitatio,

2199 1688 2256 1737 et
2273 1679 2517 1736 ﬁduciam
2563 1679 2837 1750 petitionis
2908 1687 3107 1736 nostra:
3159 1680 3389 1751 quadam
3419 1680 3813 1751 desperatione

2208 1777 2501 1849 deiecerit;
2525 1776 2571 1832 si
2595 1775 2893 1832 obtinuisse
2925 1790 3023 1831 nos
3044 1775 3098 1831 in
3117 1774 3230 1846 ipsa
3249 1775 3510 1831 orationis
3528 1776 3812 1834 eﬁusione

2197 1869 2340 1942 quod
2366 1869 2638 1940 poscimus
2666 1868 2998 1924 senserimus
3023 1910 3037 1934 ,
3061 1878 3083 1906 ο
3118 1884 3224 1923 non
3247 1867 3578 1939 ambigamus
3600 1884 3811 1938 preces

2199 1972 2414 2018 nostras
2462 1962 2530 2017 ad
2583 1961 2751 2035 Deum
2814 1959 3109 2018 efﬁcaciter
3157 1970 3485 2031 penetrasse.
3560 1963 3811 2020 Tantum

2199 2058 2343 2113 enim
2369 2055 2492 2126 quis
2513 2051 2759 2110 exaudiri
2782 2062 2943 2125 atque
2976 2053 3221 2108 obtinere
3264 2052 3560 2109 merehitur
3577 2094 3591 2117 ,
3616 2070 3815 2122 quan-

2200 2156 2313 2203 tum
2343 2147 2428 2202 vel
2458 2145 2649 2217 inspici
2680 2160 2740 2201 se
2764 2161 2791 2199 a
2820 2146 2931 2201 Deo
2969 2145 3056 2200 vel
3101 2143 3269 2199 Deum
3311 2144 3600 2201 crediderit
3628 2160 3814 2216 posse

2201 2252 2481 2314 praestare.
2524 2238 2552 2279 ἀ
2582 2240 3001 2297 lrretractabilis
3054 2255 3285 2312 namque
3314 2251 3398 2295 est
3438 2239 3648 2296 Domini
3689 2254 3813 2298 no-

1561 2378 1823 2435 ALAllDl
1862 2371 2098 2435 GAZiEI
2133 2375 2718 2434 COMMENTARIUS.

507 2488 603 2529 nes
624 2470 891 2526 Climacus
914 2470 1035 2525 loco
1062 2470 1230 2525 citato
1256 2514 1272 2539 ,
1304 2484 1400 2525 sua
1430 2478 1485 2525 et
1508 2469 1735 2525 aliorum
1758 2471 2091 2540 experientia

506 2546 761 2609 edoctus,
787 2552 843 2598 et
881 2544 934 2596 in
988 2541 1292 2610 liujusmodi
1334 2540 1495 2597 rebus
1553 2544 1796 2613 apprime
1822 2543 2091 2598 exercita-

507 2624 638 2678 tus.:
690 2613 893 2678 Solent,
950 2613 1284 2682 inquit,ips¢e
1337 2614 1579 2683 laci-gmw
1608 2614 1817 2668 leviores
1842 2615 2093 2683 quosdam

508 2683 1133 2756 nonnumquamattollere
1155 2684 1427 2756 :quocirca
1453 2684 1762 2754 quibusdam
1789 2685 1964 2739 divina
1984 2685 2095 2738 dis-

508 2755 805 2830 pensatione
829 2756 1227 2830 subtrahantur;
1249 2764 1303 2808 ut
1330 2755 1453 2808 dum
1478 2756 1673 2830 seipsos
1702 2758 1926 2830 privatos
1954 2758 2095 2810 vide-

508 2826 614 2881 rint
652 2826 933 2880 studiosius
958 2842 1040 2879 eas
1068 2827 1412 2895 requirentes,
1449 2827 1657 2880 miseros
1699 2826 1896 2897 seipsos
1931 2844 2095 2897 agno-

508 2907 682 2964 scant,
732 2897 1130 2968 gemitibusque,
1173 2906 1513 2968 et‘maerore,
1560 2914 1621 2950 ac
1681 2896 1859 2952 dolore
1900 2896 2097 2964 animi,

511 2965 869 3039 profundoque
895 2968 1118 3027 tristitia,
1154 2978 1199 3020 et
1229 2965 1547 3039 haesitatione
1576 2985 1629 3039 se
1655 2978 1915 3022 conteram
1940 2986 1958 3035 ;
1987 2984 2100 3037 qua:

511 3037 685 3095 omnia
704 3040 1061 3112 lacrumarum
1075 3040 1223 3112 vices
1248 3037 1508 3112 supplere_
1528 3038 1696 3112 solent
1718 3081 1732 3104 ,
1758 3048 1805 3093 et
1829 3041 1871 3093 si
1892 3043 1954 3093 ab
1974 3041 2099 3112 ipsis

510 3109 934 3164 nimirumviliter
953 3107 1452 3180 nihilitestimentur.
1487 3109 1811 3164 Inveniemus
1842 3107 2100 3165 nonnum-

511 3198 661 3249 quam
684 3221 698 3244 ,
727 3182 771 3233 si
799 3178 1118 3252 observemus
1142 3178 1494 3252 “diligentius,
1535 3181 1814 3234 ridiculum
1856 3182 2103 3252 quiddam

511 3247 766 3306 diemoues
791 3251 845 3304 in
870 3251 1017 3304 nobis
1046 3251 1237 3304 moliri.
1270 3247 1429 3304 'Nam
1458 3267 1572 3305 cum
1601 3247 1877 3305 saturitate
1892 3252 2104 3307 distenti

2280 2479 2303 2508 ο
2328 2467 2474 2523 Idem
2505 2468 2743 2536 apertius
2770 2467 2905 2523 dicit
2933 2466 3070 2522 infra
3101 2464 3255 2536 (Cap.
3280 2466 3378 2538 3b)
3409 2484 3423 2521 :
3455 2465 3563 2522 Pro
3576 2478 3716 2523 certo
3746 2487 3814 2525 se

2201 2556 2306 2595 non
2340 2538 2727 2610 exaudiendum
2750 2539 2964 2610 quisque
2992 2555 3094 2592 non
3127 2539 3359 2605 dubitet,
3406 2556 3520 2593 cum
3569 2556 3624 2594 se
3645 2540 3814 2595 dubi-

2203 2612 2383 2667 laverit
2399 2610 2659 2665 exaudiri.
2689 2608 2953 2666 Ut‘autem
2986 2611 3095 2664 haec
3117 2625 3249 2664 sane
3273 2610 3658 2679 intelligantur,
3686 2612 3811 2667 duo

2201 2695 2327 2738 sunt
2359 2683 2614 2737 notanda.
2650 2681 2833 2735 Primo
2863 2696 2969 2735 non
2996 2682 3191 2748 requiri
3223 2682 3273 2736 in
3318 2682 3562 2737 oratione
3585 2681 3751 2736 ﬁdem
3786 2726 3806 2751 ,

2203 2762 2295 2808 aut
2316 2762 2519 2809 certam
2551 2754 2987 2822 persuasionem,
3013 2767 3113 2823 qua
3143 2751 3424 2807 credamus
3456 2767 3553 2807 nos
3614 2751 3808 2821 impe-

2205 2833 2380 2881 tras~e
2405 2866 2420 2890 ,
2452 2840 2547 2881 seu
2578 2824 2963 2892 impetraturos
2992 2838 3113 2878 esse
3133 2866 3146 2889 ,
3192 2824 3335 2895 quod
3381 2825 3640 2893 petimus;
3694 2824 3807 2881 sed

2203 2898 2379 2951 solum
2430 2906 2489 2950 ut
2534 2895 2817 2950 credamus
2849 2895 3012 2949 Deum
3056 2910 3176 2950 esse
3207 2895 3665 2963 potentissimum,
3706 2911 3809 2950 sa-

2205 2968 2619 3037 pientissimum,
2637 2967 3101 3035 benignissimum,
3118 2966 3514 3030 ﬁdelissimum;
3537 2977 3586 3018 et
3608 2967 3808 3035 proin-

2205 3037 2274 3093 de
2305 3054 2493 3108 posse,
2519 3039 2690 3103 scire,
2720 3046 2881 3106 atque
2909 3039 3073 3092 etiam
3105 3038 3246 3108 velle
3278 3037 3454 3091 facere
3483 3040 3626 3105 quod
3659 3038 3808 3105 peti-

2212 3107 2362 3176 mus,
2395 3111 2440 3163 si
2498 3108 2639 3163 bene
2694 3119 2955 3176 petamus.
2984 3107 3136 3175 Quod
3165 3109 3306 3162 enim
3348 3122 3456 3163 non
3489 3110 3808 3177 requiratur

2208 3189 2267 3234 ut
2291 3191 2441 3235 certo
2463 3181 2746 3235 credamus
2772 3194 2869 3234 nos
2886 3194 2914 3232 a
2939 3178 3052 3233 Deo
3073 3179 3338 3244 exaudiri,
3368 3179 3650 3234 manifeste
3675 3181 3806 3233 col-

2210 3252 2392 3321 ligitur
2420 3266 2487 3307 ex
2521 3250 2763 3304 oratione
2792 3250 3038 3313 Davitlis,
3069 3265 3228 3319 quam
3248 3250 3388 3321 fecit
3434 3264 3530 3319 pro
3560 3251 3668 3303 ﬁlio
3692 3265 3808 3305 suo

513 3301 1265 3403 iniiinii,ignisigninn.
1278 3301 1307 3385 ξ
1320 3301 2101 3403 intra;iungat-iniiinii;
2132 3301 2179 3364 C
2209 3301 2393 3403 ζ’ᾗέὲξ.
2419 3301 2569 3377 ὲὶιιῖ
2742 3301 2865 3402 is;
2884 3301 3038 3403 deus
3070 3301 3457 3403 ἐτὲρῖάρἐὲςςὲ
3470 3301 3803 3403 ’έχέὶιδίιίᾆιὶ

506 3391 799 3459 ebdurant;
826 3402 881 3445 ut
907 3392 1101 3446 seducti
1131 3391 1405 3461 lacrymis,
1448 3394 1649 3462 parenti
1671 3391 1686 3395 ’
1705 3391 1943 3448 vitiorum
1972 3394 2105 3464 gula:

515 3481 580 3537 ac
610 3463 808 3518 deliciis
836 3478 928 3517 nos
958 3464 1099 3537 ipsos
1122 3476 1462 3537 exponamus.
1521 3464 1719 3529 Quibus
1747 3463 2104 3537 obtemperan-

511 3536 647 3603 dum
660 3551 761 3588 non
783 3543 885 3600 est,
917 3535 1006 3606 sed
1027 3535 1235 3606 omnino
1254 3544 1431 3587 contra
1473 3536 1789 3605 faciendum.
1848 3534 2106 3606 Equidem

511 3608 676 3679 ipsam
706 3605 1115 3679 compunc_tionis
1152 3605 1254 3656 vim
1285 3605 1613 3679 considerans
1640 3617 1817 3678 stupeo
1837 3650 1851 3673 ,
1877 3605 2105 3677 quonam

510 3675 663 3731 modo
689 3693 780 3741 ea,
804 3690 919 3747 quae
949 3675 1119 3730 luctus
1163 3683 1214 3729 et
1250 3691 1444 3747 maror
1478 3677 1703 3747 dicitur,
1725 3675 1980 3747 gaudium
2023 3680 2107 3731 in-

515 3751 762 3803 trinsecus
780 3746 828 3800 et
869 3747 1132 3818 laetitiam,
1179 3746 1332 3800 veluti
1384 3746 1484 3802 mel
1531 3756 1580 3802 et
1630 3746 1835 3818 favum,
1884 3757 2106 3804 comesta

515 3819 792 3890 possideat.
845 3817 983 3890 Quid
1010 3818 1173 3890 igitur
1199 3833 1261 3890 ea:
1282 3818 1380 3890 Itoc
1409 3818 1552 3873 nobis
1583 3817 1857 3874 innititur?
1878 3818 1945 3873 Id
1985 3835 2106 3886 pro-

515 3887 673 3965 fecto,
716 3888 855 3959 quod
900 3888 1105 3965 proprie
1136 3887 1248 3965 Dei
1276 3888 1496 3965 donum_
1520 3890 1816 3965 hujusmodi
1858 3907 2107 3965 compun-

515 3958 617 4014 etio
645 3958 753 4013 csse
779 3975 875 4029 pro
901 3958 1132 4028 confesso
1159 3958 1428 4012 habeatur.
1458 3958 1599 4015 litec'
1626 3961 1737 4016 ille.

588 4039 614 4067 ιι
654 4031 782 4084 Haec
808 4031 1076 4083 sententia
1122 4044 1228 4083 non
1260 4029 1457 4098 legitur
1499 4031 1551 4083 in
1605 4032 1720 4085 Vita
1772 4032 1831 4088 S.
1883 4036 2103 4091 Antonii

516 4100 584 4156 ab
609 4101 905 4154 Athanasio
932 4100 1236 4168 conscripta
1261 4139 1277 4165 ,
1299 4101 1439 4171 sicut
1462 4116 1561 4156 nec
1591 4104 1756 4157 altera
1778 4120 1898 4171 qua“:
1928 4106 2103 4162 eidem

517 4173 861 4242 postmodum
889 4171 1176 4242 aster-ibitur
1206 4186 1220 4223 :
1253 4170 1397 4240 quod
1427 4188 1531 4226 non
1551 4174 1707 4228 valde
1736 4170 1953 4240 tnirum,
1980 4192 2102 4232 cum

516 4239 651 4297 Satis
689 4250 900 4296 constet
930 4239 1282 4294 Athanasium
1346 4258 1452 4295 non
1484 4244 1661 4296 omnia
1709 4247 1925 4300 Antonii
1967 4251 2104 4303 facta

516 4313 727 4384 dictave
760 4311 978 4384 scriptis
1006 4310 1313 4384 mandasse,
1359 4312 1453 4367 sed
1482 4317 1644 4368 multa
1670 4318 2100 4384 prmtermisisse.

517 4382 789 4457 Siquidem
831 4383 897 4437 de
948 4382 1165 4437 Antonii
1223 4398 1516 4457 congressu
1552 4382 1687 4440 cum
1713 4386 1895 4457 Paulo,
1933 4389 2105 4457 primo

516 4455 775 4529 eretnita,
817 4469 979 4529 quem
1027 4466 1208 4508 narrat
1259 4453 1369 4529 div.
1423 4455 1781 4529 Hieronymus
1837 4453 1945 4527 (In
1987 4459 2105 4514 Vita

517 4522 677 4580 Pauli
701 4521 1021 4595 Eremitae),
1051 4540 1119 4578 ne
1170 4525 1393 4579 verbum
1439 4521 1656 4595 quidem
1716 4521 2106 4585 fecit'Athana-

514 4595 627 4671 sius
667 4611 683 4649 :
744 4594 997 4671 nimirum
1047 4596 1219 4671 quod,
1258 4594 1468 4671 eodem
1520 4600 1855 4671 llieroiiymo
1928 4612 2101 4670 teste,

514 4664 853 4749 Athanasius
875 4665 1046 4720 Vitam
1071 4666 1214 4749 illam
1244 4669 1483 4749 Antonii,
1517 4664 1836 4749 ipsoadliuc
1868 4664 2099 4749 vivente,
2130 4688 2183 4749 ι)
2208 4664 2343 4749 Ileb.
2370 4688 2414 4749 _t_t
2443 4664 2806 4749 :_Aecedaiitus
2847 4664 2970 4724 eum
2992 4669 3186 4749 ﬁducia
3226 4664 3578 4749 ad'tltronum

514 4738 890 4806 descripserit.
917 4751 1144 4808 eamque
1173 4738 1398 4793 Romam
1429 4738 1678 4796 detulerit
1699 4743 1946 4808 ,biennio
1979 4738 2105 4801 ante

515 4808 719 4865 obitum
754 4807 993 4885 Antonii,
1013 4822 1197 4885 c_um‘a
1219 4808 1362 4885 Julia
1388 4826 1519 4878 papa
1547 4807 1768 4868 vocatus
1794 4826 1941 4869 esset
1969 4830 2105 4885 :quo

515 4888 756 4948 tempore
775 4878 909 4952 illud
937 4879 1196 4952 dePaulo
1214 4922 1228 4943 ,
1256 4880 1466 4952 aliaque
1489 4885 1706 4939 Antonii
1744 4896 1890 4952 gesta
1928 4878 2104 4941 dicta-

552 4966 615 5004 ue
642 4951 881 5004 nondum
911 4949 1222 5005 acciderant
1248 4950 1441 5005 Baran.
1465 4965 1587 5007 tom.
1616 4956 1676 5009 ΙΙΙ
1701 4949 1894 5009 Annal.
1924 4968 2105 5014 annot.

552 4966 615 5004 ue
642 4965 881 5004 nondum
911 4965 1222 5005 accnderant
1248 4965 1441 5005 uaron.
1465 4965 1587 5007 toni.
1616 4965 1676 5009 III
1701 4965 1894 5009 Annal.
1924 4968 2105 5014 annot.

513 4965 665 5097 343;).
688 5020 851 5097 ‘Uu_de
878 5031 933 5075 et
960 5021 1064 5075 alia
1096 5023 1260 5077 multa
1279 5022 1499 5097 Antonii
1518 5027 1971 5097 ap0plithegmata
1993 5040 2105 5084 tum

515 5092 567 5145 in
600 5093 731 5148 Vitis
762 5092 1003 5169 Patrum,
1031 5102 1150 5169 tum
1182 5093 1320 5169 apud
1357 5092 1647 5151 Palladium
1676 5109 1729 5152 et
1765 5092 1898 5153 alios
1925 5102 2110 5169 legun-

518 5170 603 5217 tur
627 5204 642 5229 ,
675 5178 795 5233 quae
826 5163 965 5232 apud
1016 5163 1367 5219 Athanasium
1399 5181 1508 5220 non
1536 5178 1766 5225 exstant.
1810 5170 1920 5225 Nec
1964 5163 2106 5226 duim

515 5235 927 5308 omniaudejus
984 5235 1245 5308 notitiam
1275 5243 1585 5305 pervenisse
1624 5242 1951 5296 credendum
1985 5253 2106 5308 est.

515 5306 677 5360 etiam
705 5305 877 5378 ipsius
920 5315 1119 5374 mtate,
1168 5307 1252 5362 vel
1292 5318 1449 5375 ante,
1508 5319 1659 5378 gesta
1707 5312 1952 5377 dictave;
2009 5305 2109 5370 nec

515 5378 678 5500 ῗιξῗιη
710 5377 923 5447 cognita
954 5378 1140 5433 omnia
1168 5378 1239 5433 ab
1266 5378 1383 5449 ipso
1421 5377 1836 5438 commemorari
1884 5399 2110 5441 necesse

542 5465 590 5500 ιιι
627 5487 642 5500 .

542 5449 642 5502 υἱι.

585 5516 613 5555 ι’
647 5517 748 5596 Eo_
775 5519 986 5573 scilicet
1014 5519 1385 5596 perfectionis
1432 5537 1633 5593 genere
1677 5535 1732 5581 et
1785 5525 1987 5596 gradu,
2019 5526 2109 5596 qui

515 5602 622 5668 non
650 5590 749 5642 nisi
779 5590 1134 5645 sanctissimis
1175 5602 1226 5647 et
1249 5590 1688 5668 perfectissimis,
1722 5590 1897 5666 qualis
1940 5590 2107 5653 Anto-

516 5666 638 5711 nius
684 5698 701 5725 ,
727 5673 1016 5729 convenit;
1046 5677 1153 5732 quo
1183 5680 1304 5732 quis
1342 5666 1396 5721 in
1436 5669 1686 5723 oratione
1707 5669 1787 5722 sic
1829 5669 1883 5722 in
1937 5669 2105 5725 Deum

518 5737 698 5811 triente
729 5732 951 5799 erigitur
1002 5741 1059 5811 c.t_
1096 5735 1386 5804 deligitur,
1418 5748 1476 5811 ut
1528 5738 1659 5793 nihil
1712 5738 1857 5795 aliud
1910 5750 2108 5811 praeter

518 5799 682 5855 Dunm
715 5812 941 5875 cogitet;
974 5806 1062 5874 qui
1112 5799 1262 5861 certe
1319 5799 1747 5875 perfectissimus
1804 5799 2107 5873 cst'orandi

516 5875 739 5953 mqilus,
759 5873 851 5931 sed
876 5874 963 5949 qui
992 5873 1152 5946 potest
1178 5873 1390 5955 capere,
1423 5881 1615 5957 capiat.

2211 3393 2272 3447 iri
2298 3434 2313 3459 ,
2344 3403 2610 3448 testantur
2638 3392 2726 3445 illa
2756 3392 2873 3459 ejus
2924 3392 3083 3447 verba
3116 3410 3129 3444 :
3162 3392 3290 3459 Quis
3311 3393 3443 3456 scit,
3472 3394 3517 3445 si
3541 3392 3672 3461 forte
3696 3394 3803 3448 do-

2208 3474 2293 3518 net
2309 3480 2427 3518 eum
2441 3464 2565 3517 mihi
2591 3462 2885 3517 Dominus?
2913 3462 3019 3519 Sed
3047 3472 3101 3516 et
3126 3464 3415 3534 Apostolus
3440 3479 3560 3517 cum
3590 3473 3801 3530 oraret,

2210 3546 2269 3590 ut
2296 3535 2600 3591 aulerretur
2622 3550 2650 3587 a
2675 3549 2735 3588 se
2752 3534 3001 3606 stimulus
3018 3531 3195 3590 carnis
3217 3536 3261 3606 (Ι
3281 3531 3400 3589 Cor.
3426 3536 3548 3605 xit),
3580 3536 3805 3604 procul-

2211 3606 2375 3661 dubio
2404 3621 2472 3661 ex
2497 3620 2623 3660 vera
2654 3605 2760 3659 ﬁde
2786 3605 3003 3669 orabat;
3026 3618 3078 3659 et
3110 3605 3285 3659 tamen
3317 3621 3420 3659 non
3448 3606 3705 3661 eri-debat
3732 3621 3803 3663 se

2210 3687 2359 3732 certo
2408 3678 2853 3746 impetraturum:
2886 3676 3083 3745 alioqui
3112 3677 3241 3730 falsa
3269 3676 3457 3731 fuisset
3482 3677 3599 3746 ejus
3624 3678 3801 3744 tides,

2209 3745 2644 3817 quandoquidem
2678 3763 2783 3800 non
2807 3745 3109 3815 impetrarit
3135 3748 3274 3817 quod
3310 3745 3553 3815 petebat,
3581 3748 3801 3804 dicente

2208 3817 2441 3874 Domino
2468 3836 2481 3871 :
2512 3818 2713 3889 Srﬂicit
2745 3817 2835 3871 tibi
2856 3819 3024 3888 gratia
3053 3834 3185 3872 mea.
3235 3819 3420 3887 Neque
3444 3833 3505 3873 ea
3538 3819 3640 3873 lide
3677 3828 3804 3874 orat

2209 3889 2451 3945 Ecclesia
2479 3892 2725 3944 universa
2772 3903 2872 3958 pro
2924 3889 3229 3943 inﬁdelibus
3281 3900 3335 3944 et
3379 3890 3748 3960 peccatoribus
3780 3935 3799 3959 ,

2211 3969 2267 4015 ut
2292 3962 2358 4015 ad
2392 3962 2547 4015 tidem
2575 3969 2628 4016 et
2646 3960 2906 4028 justitiam
2950 3960 3299 4015 adducantur.
3330 3961 3445 4015 Non
3475 3960 3617 4015 enim
3644 3969 3803 4016 certo

2210 4032 2382 4087 credit
2411 4046 2600 4086 omnes
2624 4029 2891 4095 inlideles,
2923 4041 2974 4084 et
2999 4043 3307 4101 peccatores
3330 4047 3449 4086 esse
3471 4041 3804 4087 converten-

2209 4101 2329 4173 dos.
2360 4103 2608 4159 Secundo
2661 4104 2986 4155 notandum:
3034 4103 3289 4167 Quamvis
3341 4119 3446 4157 non
3494 4103 3804 4173 requiratur

2208 4172 2341 4229 ﬁdes
2371 4190 2473 4243 qua
2503 4184 2656 4228 certo
2682 4172 2970 4227 credamus
2991 4189 3089 4227 nos
3118 4190 3145 4222 τι
3168 4173 3277 4227 Deo
3301 4172 3585 4235 exaudiri,
3614 4174 3804 4243 requi-

2210 4246 2539 4300 riturtamen
2569 4244 2762 4299 ﬁducia
2784 4258 2887 4312 qua
2916 4256 3065 4298 certo
3093 4253 3148 4297 et
3175 4244 3533 4298 indnh.tnnter
3556 4246 3801 4299 conﬁda-

2209 4332 2328 4371 mus
2357 4316 2642 4387 Deumpro
2671 4330 2765 4387 sua
2827 4314 3152 4387 benignitate
3201 4317 3458 4370 facturum
3485 4316 3629 4385 quod
3662 4318 3801 4384 peti-

2209 4400 2357 4452 mus,
2382 4389 2428 4442 si
2454 4389 2527 4441 ita
2545 4385 2808 4453 expediat
2834 4386 2897 4439 ad
2928 4387 3020 4439 Dei
3045 4387 3271 4456 gloriam
3299 4397 3352 4442 et
3382 4397 3617 4441 nostram
3651 4388 3801 4441 salu-

2212 4467 2340 4513 tem.
2376 4459 2523 4513 Hanc
2553 4459 2694 4513 enitn
2734 4457 3094 4527 conditionem
3146 4459 3391 4527 quaesivit.
3436 4456 3697 4512 Dominus
3740 4458 3800 4514 in

2210 4529 2505 4602 paralytico
2524 4571 2538 4594 ,
2569 4531 2654 4602 cui
2683 4527 2819 4602 dixit
2848 4545 2862 4602 _:
2898 4526 3138 4602 Conﬁdo,
3166 4526 3247 4597 ﬁli
3289 4571 3303 4594 ,
3343 4530 3679 4602 remittuntur
3706 4530 3800 4583 tibi

2208 4597 2547 4672 peccatatua(
2571 4597 2758 4653 Matth.
2787 4599 2887 4668 ut).
2920 4599 3176 4672 Eamdem
3229 4601 3454 4669 requirit
3503 4601 3798 4667 Apostolus

3678 4684 3801 4727 αηω

2212 4688 2343 4727 uel).
2377 4688 2414 4726 Il
2443 4690 2457 4726 :
2491 4688 2806 4724 accedamus
2855 4688 2970 4724 cum
2992 4688 3186 4740 paueta
3226 4688 3293 4724 aa
3336 4688 3578 4724 mronum
3616 4688 3801 4740 grana

2212 4746 2344 4815 ejus.
2369 4743 2695 4815 Et_Jacobns
2721 4754 2841 4815 cap.
2870 4756 2889 4795 ι
2930 4758 2944 4794 :
2990 4743 3222 4815 Postulat
3252 4744 3317 4815 in,
3344 4743 3472 4809 ﬁde,
3502 4814 3505 4815 ν
3533 4742 3663 4795 nihil
3688 4742 3802 4795 lue-

2212 4811 2397 4868 s'itans.
2438 4812 2503 4867 In
2532 4814 2654 4883 ﬁde,
2687 4811 2737 4866 id
2769 4820 2885 4883 est,
2918 4828 3035 4865 cum
3059 4812 3250 4869 ﬁducia
3269 4814 3527 4866 obtinendi
3542 4816 3681 4882 quod
3704 4830 3793 4883 pe-

2214 4886 2370 4956 timus
2390 4926 2404 4949 ,
2433 4887 2508 4939 ait
2530 4893 2748 4956 sanctus
2773 4882 3004 4956 Thomas
3029 4882 3049 4956 (
3074 4883 3136 4936 In
3163 4882 3471 4952 Comment.)
3502 4884 3611 4956 Hac
3632 4882 3799 4956 igitur

2214 4954 2423 5012 ratione
2451 4956 2613 5010 docet
2654 4954 2742 5008 hic
2792 4954 2959 5009 abbas
3008 4954 3217 5009 certum
3271 4955 3630 5009 exauditionis
3661 4955 3802 5009 indi-

2214 5026 2378 5090 cium,
2409 5030 2523 5082 sive
2548 5028 2758 5096 signum
2788 5025 3178 5095 impetrationis
3230 5040 3352 5080 esse
3376 5070 3390 5092 ,
3438 5042 3552 5080 cum
3591 5038 3801 5082 orantes

2215 5115 2307 5153 nos
2333 5100 2478 5152 nulla
2507 5094 2902 5165 interpellaverit
2926 5096 3216 5162 limitatio,
3249 5108 3293 5150 et
3320 5096 3566 5166 ﬁduciam
3594 5098 3801 5164 petitio-

2216 5170 2292 5223 nis
2331 5180 2520 5225 nostrte
2544 5170 2767 5239 quadam
2816 5167 3172 5239 desperatione
3214 5168 3488 5236 dejecerit;
3526 5168 3616 5220 sed
3659 5169 3799 5222 obti-

2212 5242 2384 5295 nuisse
2412 5257 2503 5295 nos
2532 5237 2587 5294 in
2607 5241 2719 5312 ipsa
2775 5239 3020 5312 orationis
3062 5237 3311 5305 effusione
3354 5241 3493 5309 quod
3540 5240 3802 5308 poscimus

2210 5314 2552 5377 senserimus;
2586 5311 2688 5366 huc
2709 5320 2812 5375 est,
2846 5324 2968 5363 cum
3003 5311 3055 5364 in
3098 5314 3211 5379 ipsa
3252 5312 3496 5365 oratione
3547 5325 3802 5378 magnam

2214 5384 2464 5438 ﬁduciam
2491 5385 2542 5437 in
2564 5383 2746 5437 animo
2794 5382 3124 5437 senserimus
3161 5381 3438 5436 obtinendi
3486 5382 3626 5447 quod
3661 5382 3800 5450 peti-

2214 5470 2353 5509 mus.
2388 5455 2528 5508 Deus
2554 5454 2698 5509 enim
2724 5467 2844 5507 cum
2868 5467 2974 5505 non
2997 5453 3248 5517 exaudit,
3281 5466 3386 5506 non
3419 5450 3649 5506 infundit
3700 5455 3801 5505 liu-

2209 5525 2446 5597 jusmodi
2473 5527 2754 5597 ﬁduciam;
2780 5538 2901 5577 cum
2921 5538 3053 5597 vero
3073 5523 3336 5597 exaudire
3348 5523 3600 5597 decernit
3614 5564 3629 5589 ,
3662 5522 3803 5597 ﬁdu-

2214 5593 2352 5652 ciam
2383 5607 2437 5653 et
2483 5595 2809 5651 hilaritatem
2848 5596 3139 5665 quamdam
3190 5594 3513 5662 peculiarem
3540 5593 3806 5652 inanimo

2214 5671 2420 5724 orantis
2457 5668 2713 5737 inspirat,
2758 5676 2821 5721 ut.
2868 5667 3233 5738 unusquisque
3299 5664 3526 5721 subinde
3583 5667 3808 5737 experi-

2215 5747 2319 5795 tur.

2284 5810 2310 5847 ἀ
2340 5810 2787 5868 Irretractabilem
2834 5819 2889 5866 et
2910 5809 3250 5867 infallibilem
3280 5821 3403 5866 esse
3438 5822 3601 5865 nemo
3635 5808 3809 5865 dubi-

2215 5890 2291 5945 tat
2313 5899 2329 5956 ;
2351 5883 2448 5945 sed
2477 5882 2666 5961 positis
2685 5883 3081 5945 conditionibus
3104 5879 3374 5960 requisitis
3387 5920 3406 5953 ,
3431 5895 3663 5961 quarum
3683 5884 3821 5991 ple:
