4078 6332
286 346 394 413 809

1368 353 1706 414 COLLATIO
1741 354 1838 413 IX.
1871 387 1939 402 —
1964 351 2057 416 DE
2094 356 2470 417 ORATIONE.

3462 358 3574 421 810

285 475 381 528 stri
410 472 501 527 illa
527 473 824 539 sententia,
852 472 1196 544 Quacumque
1233 486 1436 532 orantes
1467 480 1661 547 petitis,
1695 479 1887 536 credite
1910 482 1963 542 Α
1989 495 2146 551 quam
2195 491 2412 552 propter
2459 480 2783 537 indefessam
2837 482 3156 552 petitionum
3209 495 3575 553 perseveran-

286 566 408 636 quia
435 565 732 632 accipietis,
763 575 812 620 et
837 567 1038 620 venient
1067 566 1205 622 vobis
1233 567 1427 637 (Marci
1453 568 1558 640 ιι).

879 681 1108 741 CAPUT
1138 683 1378 740 XXXIII.

363 773 598 846 Objectio
621 776 759 846 quod
790 777 1050 846 praedicta:
1090 777 1433 833 exauditionis
1463 779 1656 848 ﬁducia
1685 789 1883 835 tantum

686 850 879 902 sanctis
909 848 1176 902 convenire
1205 850 1460 904 videatur.

362 941 707 998 Germanus:
741 942 891 998 Hanc
927 942 1288 998 exauditionis
1327 944 1574 1000 ﬁduciam
1626 948 1881 1003 nimirum

287 1036 359 1091 de
380 1037 728 1092 conscientiae
752 1038 983 1108 puritate
1009 1036 1278 1094 credimus
1305 1054 1577 1096 emanare.
1613 1040 1881 1098 Caeterum

288 1146 410 1195 nos,
433 1147 663 1203 quorum
685 1147 783 1188 cor
802 1133 976 1188 adhuc
993 1143 1338 1202 peccatorum
1358 1135 1508 1206 spina
1535 1139 1848 1208 compungit
1863 1181 1878 1205 ,

286 1225 742 1293 quemadmodum
764 1242 882 1282 eam
899 1226 1100 1284 habere
1131 1243 1448 1298 possumus,
1501 1230 1664 1285 nullis
1699 1240 1884 1302 patro-

285 1318 596 1374 cinantibus
620 1321 830 1376 meritis
851 1321 1048 1390 quibus
1075 1322 1441 1379 exaudiendas
1463 1324 1734 1381 orationes
1757 1340 1882 1381 nos-

287 1419 400 1463 tras
433 1408 750 1466 ﬁdttcialiter
781 1415 1214 1482 praesumamus?

845 1505 1074 1562 CAPUT
1097 1506 1345 1562 XXXIV.

452 1592 742 1664 Responsio
771 1596 833 1650 de
857 1597 1072 1652 diversis
1101 1599 1495 1655 cxauditionum
1513 1601 1704 1657 causis.

353 1687 504 1743 Isaac
534 1706 547 1741 :
583 1697 608 1726 ι
635 1688 884 1745 Diversas
905 1691 1310 1748 exauditionum
1324 1708 1516 1750 causas
1540 1710 1662 1752 esse
1686 1711 1880 1753 secun-

278 1779 410 1834 dum
436 1779 743 1836 animarum
787 1781 1060 1840 diversum
1083 1799 1146 1840 ac
1179 1787 1388 1842 varium
1411 1796 1611 1844 statum
1651 1804 1880 1860 evange-

1986 575 2111 630 tiam
2160 575 2619 646 importunitatem
2667 591 2849 632 sermo
2896 578 3208 632 Dominicus
3253 580 3572 634 nominavit.

1983 671 2164 735 Amen,
2193 685 2342 722 amen
2366 669 2481 722 dico
2507 669 2670 738 vobis,
2699 672 2822 740 quia
2849 669 2894 723 si
2918 685 3020 722 non
3048 677 3255 739 prapter
3273 670 3571 738 amicitiam,

1981 760 2059 814 vel
2103 769 2313 832 propter
2360 760 2800 830 importunitatem
2859 761 2974 832 ejus
3024 769 3199 834 surget
3225 768 3274 814 et
3332 760 3475 813 dabit
3529 761 3577 816 ei

1982 860 2234 921 quantum
2269 867 2397 920 opus
2428 851 2659 907 habuerit
2689 851 2868 922 (Luca:
2898 855 2997 918 st).
3032 852 3211 908 Habes
3242 852 3297 906 in
3335 852 3577 908 eleemo-

1983 957 2237 1014 synarum
2271 943 2447 998 fructu
2480 942 2778 1010 :‘Include,
2824 945 3020 1014 inquit,
3089 946 3468 1015 eleemosynam
3521 945 3580 998 in

1983 1038 2136 1090 corde
2167 1039 2408 1108 pauperis
2430 1078 2444 1102 ,
2489 1047 2538 1092 et
2565 1039 2679 1109 ipsa
2700 1038 2864 1093 orabit
2890 1042 2990 1107 pro‘
3009 1047 3058 1093 te
3080 1042 3133 1093 in
3161 1048 3388 1111 tempore
3414 1040 3580 1095 tribu-

1983 1132 2193 1186 lationis
2243 1130 2464 1202 (Eccle.
2494 1147 2620 1186 uix
2647 1130 2687 1201 ).
2716 1133 2893 1188 Habes
2924 1133 2975 1186 in
3023 1133 3401 1188 emendatione
3449 1137 3578 1189 vitta

1983 1233 2040 1281 et
2068 1225 2324 1296 operibus
2351 1225 2765 1293 misericordiae,
2796 1227 3090 1282 secundum
3121 1227 3251 1284 illud
3281 1245 3294 1282 :
3338 1227 3580 1286 Dissolve

1983 1319 2339 1392 colligationes
2379 1321 2689 1391 impietatis,
2737 1325 2876 1376 solve
2914 1324 3192 1392 fasciculos
3232 1324 3578 1396 deprimentes

1983 1410 2168 1482 (Isaia:
2203 1413 2374 1483 cvm).
2411 1413 2477 1468 Et
2511 1423 2634 1484 post
2671 1428 2870 1484 pauca,
2906 1415 3097 1484 quibus
3137 1415 3457 1472 infructuosi
3495 1417 3574 1486 je-

1978 1504 2399 1573 juniisterilitas
2434 1507 2726 1576 castigatur
2768 1525 2780 1559 :
2831 1505 3002 1573 Tunc,
3037 1507 3240 1577 inquit,
3277 1509 3572 1577 invocabis,

1981 1605 2028 1650 et
2051 1593 2302 1652 Dominus
2350 1598 2590 1652 exaudiet
2613 1606 2696 1663 te;
2735 1607 2783 1650 et
2822 1597 3066 1652 clamabis
3088 1640 3102 1662 ,
3145 1607 3194 1653 et
3223 1599 3358 1653 dicet
3387 1616 3406 1653 :
3442 1599 3577 1655 Ecce

1980 1689 2164 1743 adsum
2195 1687 2410 1761 (lbid.).
2466 1689 2878 1760 Nonnumquam
2935 1705 3064 1746 sane
3113 1693 3361 1749 exaudiri
3411 1694 3577 1750 etiam

1981 1783 2386 1838 tribulationum
2429 1783 2679 1838 nimietas
2733 1783 3230 1854 facit,.secundum
3275 1785 3446 1841 illud:
3493 1787 3578 1842 Ad

279 1869 384 1926 lica
414 1873 529 1928 sive
571 1873 888 1944 prophetica
933 1884 1201 1933 testantur
1236 1879 1470 1949 eloquia.
1530 1879 1706 1937 Habes
1734 1883 1876 1938 enim
1909 1869 1958 1930 Β
1987 1873 2292 1942 Dominum
2322 1891 2441 1930 cum
2474 1876 2780 1941 tribularer.
2825 1861 3043 1930 clamavi
3063 1921 3076 1945 ,
3115 1886 3162 1932 et
3199 1879 3461 1933 exaudivit
3494 1896 3577 1936 me

277 1965 333 2019 in
367 1964 595 2020 duorum
625 1968 986 2024 consensione
1024 1968 1256 2025 fructum
1279 1970 1646 2028 exauditionis
1695 1973 1877 2028 Domi-

276 2058 401 2113 nica
428 2073 562 2113 voce
583 2059 850 2129 signatum
877 2103 892 2129 ,
920 2063 1218 2118 secundum
1250 2063 1383 2120 illud
1412 2082 1426 2120 :
1452 2065 1513 2122 Si
1543 2066 1644 2120 duo
1694 2083 1758 2122 ex
1783 2083 1871 2122 vo-

276 2151 352 2205 bis
383 2153 731 2207 consenserint
772 2170 924 2226 super
967 2163 1185 2223 terram,
1221 2158 1286 2211 de
1331 2159 1470 2212 omni
1497 2175 1553 2214 re
1576 2175 1876 2230 quamcum-

275 2259 377 2312 que
410 2243 674 2313 petierint,
707 2244 794 2314 fiet
840 2244 948 2300 illis
985 2262 1017 2299 a
1060 2245 1221 2302 Patre
1247 2264 1389 2312 meo,
1419 2250 1508 2316 qui
1533 2250 1587 2302 in
1618 2248 1759 2304 cclis
1802 2260 1878 2305 est

275 2331 494 2404 (Matth.
525 2335 706 2405 xvm).
738 2337 914 2393 Habes
965 2337 1126 2392 aliam
1157 2337 1210 2393 in
1234 2339 1360 2395 fidei
1398 2341 1728 2410 plenitudine
1755 2359 1876 2413 quas

273 2439 447 2494 grano
481 2425 688 2497 sinapis
726 2441 1088 2499 comparatur.
1122 2429 1179 2486 Si
1221 2433 1398 2499 enim,
1428 2433 1640 2500 inquit,
1685 2437 1877 2490 habue-

271 2518 391 2572 ritis
412 2518 568 2585 fidem
591 2523 722 2574 sicut
751 2537 967 2592 granum
1004 2523 1228 2595 sinapis,
1271 2525 1450 2580 dicetis
1506 2527 1668 2581 monti
1713 2528 1835 2583 huic
1855 2545 1874 2582 :

277 2609 466 2665 Transi
495 2611 636 2675 hinc,
670 2623 718 2666 ct
758 2614 1014 2680 transibit,
1046 2625 1094 2670 et
1135 2615 1265 2669 nihil
1304 2616 1620 2688 impossibile
1656 2620 1750 2673 erit
1781 2636 1872 2674 vo-

277 2703 356 2758 bis
385 2703 602 2775 (Matth.
645 2707 810 2774 xvu).
838 2707 1014 2762 Habes
1067 2708 1119 2762 in
1165 2709 1482 2766 assiduitate
1523 2711 1827 2767 orationum
1856 2751 1871 2776 ,

1981 1967 2164 2041 (Psal.
2207 1968 2388 2040 (ειη).
2427 1968 2496 2024 Ει
2537 1970 2733 2024 iterum
2785 1987 2796 2016 ‘.
2844 1968 2928 2024 Ne
2970 1969 3250 2041 aﬂiixetitis
3293 1972 3580 2042 advenam;

1979 2062 2100 2132 quia
2119 2063 2163 2115 si
2190 2061 2510 2129 clamaverit,
2530 2065 2808 2118 exaudiam
2834 2080 2971 2130 eum,
2999 2066 3124 2133 quia
3151 2067 3443 2120 misericors
3459 2083 3579 2122 sum

1979 2155 2186 2228 (Exod.
2247 2155 2418 2228 xm).
2469 2156 2674 2212 Videtis
2719 2173 2848 2228 ergo
2895 2169 3024 2229 quot
3052 2160 3228 2213 modis
3273 2159 3581 2217 obtineatur

1979 2247 2339 2303 exauditionis
2365 2251 2569 2318 gratia,
2593 2257 2651 2303 ut
2683 2248 2861 2304 nullus
2895 2249 2961 2304 ad
2996 2250 3334 2319 impetranda
3363 2266 3425 2306 ea
3456 2267 3580 2322 qua

1982 2341 2241 2395 salutaria
2287 2350 2411 2394 sunt
2449 2348 2505 2396 et
2545 2350 2745 2396 aeterna
2769 2382 2783 2406 ,
2827 2341 3176 2397 conscientiae
3215 2356 3331 2396 suae
3380 2343 3580 2413 despe—

1983 2433 2195 2488 ratione
2224 2431 2519 2503 frangatur.
2565 2431 2636 2489 Ut
2698 2432 2842 2488 enim
2875 2433 3217 2489 miseriarum
3262 2443 3576 2491 nostrarum

1980 2524 2440 2594 contemplatione
2523 2523 2851 2591 concedam,
2932 2538 3032 2579 nos
3102 2525 3352 2580 omnibus
3411 2525 3521 2580 illis
3553 2565 3574 2592 ,

1981 2634 2116 2689 quas
2147 2634 2306 2690 supra
2349 2619 2803 2685 memoravimus,
2855 2619 3067 2687 penitus
3119 2619 3405 2673 destitutos
3450 2631 3577 2674 esse

1981 2712 2300 2777 virtutibus,
2329 2720 2385 2766 et
2411 2726 2512 2767 nec
2539 2712 2683 2766 illam
2730 2723 2829 2766 nos
2858 2709 3064 2766 habere
3095 2710 3417 2767 laudabilem
3439 2711 3576 2766 duo-

1348 2845 1602 2904 ALARDI
1641 2847 1877 2904 GAZAEI
1914 2848 2474 2908 COMMENTARIUS.

277 3001 462 3055 neque
503 3001 622 3054 cap.
657 2985 727 3040 54
774 2986 994 3040 inferius
1023 2986 1378 3054 explicantur.
1435 2987 1529 3042 Est
1578 2989 1720 3043 enim
1769 2990 1873 3045 hoc

278 3057 611 3113 discriminis
669 3056 809 3110 inter
861 3058 1244 3126 promissiones
1298 3059 1391 3114 Dei
1447 3058 1781 3115 afﬁrmantes
1820 3071 1874 3115 et

279 3138 561 3198 negantes,
615 3127 755 3198 quod
793 3139 1050 3197 negantes
1097 3129 1346 3184 absolute
1405 3140 1459 3184 et
1502 3133 1619 3186 sine
1649 3133 1752 3185 ulla
1782 3148 1875 3187 es-

279 3201 532 3272 ceptione
584 3199 994 3272 intelligantur;
1052 3200 1378 3255 affirmantes
1409 3216 1536 3256 vero
1582 3218 1872 3272 numquam

279 3270 532 3326 absolute
559 3311 576 3334 ,
626 3271 721 3324 sed
770 3286 891 3324 cum
931 3273 1030 3325 hac
1081 3273 1400 3330 exceptione
1427 3273 1672 3341 generali
1707 3270 1745 3325 :‘
1775 3275 1874 3327 nisi

281 3342 411 3410 quid
441 3341 740 3408 impediat,
765 3341 848 3396 vel
872 3341 1055 3396 simili.
1085 3342 1152 3396 Ut
1181 3343 1344 3397 Marci
1372 3358 1466 3397 ινι
1490 3359 1504 3395 :
1535 3345 1634 3410 Qui
1658 3345 1880 3398 credide-

280 3401 378 3476 rit,
403 3423 450 3466 et
481 3401 769 3484 baptizatus
794 3413 980 3481 fuerit,
1007 3415 1180 3466 salvus
1210 3416 1303 3468 erit
1332 3415 1350 3484 (
1381 3401 1603 3483 supple,
1637 3415 1681 3469 si
1711 3427 1875 3470 caete-
1907 3401 1950 3460 Ο

281 3500 335 3538 ra
364 3484 564 3538 habeat
587 3484 932 3554 necessaria).
959 3485 1060 3551 Qui
1081 3500 1310 3538 veronon
1327 3485 1622 3553 crediderit,
1639 3487 1880 3540 condem-

281 3554 511 3608 nabitur.
551 3555 732 3624 itaque
757 3556 1021 3610 sententia
1034 3566 1085 3609 et
1103 3556 1490 3625 promissioilla
1508 3574 1519 3608 :
1537 3556 1880 3625 Quaecumque

279 3635 488 3698 orantes
517 3627 719 3697 petitis,
748 3627 936 3680 credite
954 3628 1078 3698 quia
1106 3627 1395 3698 accipietis,
1449 3636 1552 3683 etc.
1573 3668 1587 3693 ,
1642 3644 1765 3682 cum
1807 3629 1880 3684 sit

279 3696 635 3768 afﬁrmativa,
669 3711 774 3750 non
799 3707 880 3751 est
917 3697 1169 3752 absolute
1198 3696 1572 3768 intelligenda;
1628 3701 1720 3754 sed
1753 3715 1874 3754 cum

283 3767 387 3821 hac
410 3767 721 3823 conditione
750 3784 764 3821 :
796 3768 842 3822 si
865 3779 1011 3823 recte
1055 3768 1270 3837 petatis.
1317 3767 1462 3824 Hanc
1514 3770 1656 3824 enim
1691 3772 1878 3824 condi-

282 3840 488 3894 tionem
505 3838 927 3910 intelligendam
957 3854 1078 3895 esse
1113 3840 1346 3895 insinuat
1395 3840 1451 3895 S.
1503 3839 1766 3906 Iacobus;
1796 3841 1878 3896 di-

280 3924 416 4050 (ἔξω
450 3929 463 3962 :
494 3908 782 4051 gentis,“
816 3926 919 3965 non
949 3911 1210 3982 accipitis,
1268 3929 1325 3966 eo
1367 3911 1503 3980 quod
1537 3912 1669 3966 male
1693 3915 1878 3982 petatis

343 3999 429 4034 ac.
467 3997 517 4034 tv
547 4022 559 4033 .

285 3984 429 4050 (Jac.
467 3984 559 4050 IV).

357 4062 383 4089 ³
420 4051 601 4120 Pergit
627 4052 835 4106 Auctor
865 4053 1141 4122 explicare
1169 4053 1368 4122 quibus
1397 4054 1624 4118 mediis,
1653 4054 1878 4109 rationi-

282 4124 390 4178 bus
432 4133 489 4177 et
529 4123 927 4178 conditionibus
973 4123 1185 4179 facilius
1214 4141 1241 4178 a
1274 4127 1382 4180 Deo
1425 4125 1778 4180 exaudiatuur
1821 4135 1877 4181 et

283 4196 650 4264 impetremus
680 4194 822 4262 quod
853 4195 1106 4264 petimus.
1153 4197 1547 4251 Enumerantur
1574 4196 1875 4256 autenkhie

283 4280 383 4320 sex
416 4264 758 4320 conditiones
785 4282 816 4320 e
843 4267 1014 4336 sacris
1038 4267 1240 4336 litteris
1280 4268 1525 4322 collectae
1545 4307 1561 4333 ,
1591 4283 1711 4336 que
1751 4282 1876 4322 ora-

283 4337 493 4391 tionem
524 4336 705 4392 stilent
734 4335 962 4392 reddere
989 4335 1270 4392 efﬁcacem
1315 4347 1370 4393 et
1411 4335 1832 4406 impetratoriam
1855 4381 1870 4406 ,

282 4408 394 4462 hoc
422 4419 542 4473 est,
585 4408 779 4477 juvare
815 4408 882 4461 ad
923 4409 1357 4476 impetrandum;
1401 4425 1597 4477 nempe
1637 4410 1873 4464 cltaritas

282 4477 525 4551 fraterna
547 4519 562 4545 ,
598 4477 732 4551 ﬁdes
753 4519 768 4545 ,
803 4482 1204 4549 perseverantia
1227 4521 1241 4544 ,
1265 4480 1660 4551 eleemosynte,
1697 4481 1871 4551 poeni-

285 4548 458 4604 tentia
483 4591 498 4612 ,
526 4559 581 4604 et
607 4548 931 4604 alllictorum
957 4551 1208 4619 gemitus.
1250 4548 1525 4605 Cmteruni
1563 4551 1644 4604 lim
1685 4550 1872 4605 condi-

283 4620 468 4676 tiones
495 4620 598 4675 etsi
642 4621 874 4674 multum
906 4623 1122 4675 Valeant
1162 4623 1228 4676 ad
1274 4622 1689 4690 impetrandum,
1735 4637 1872 4690 prae-

281 4693 476 4746 sertim
505 4692 664 4746 simul
691 4692 888 4760 junctae
913 4702 968 4746 et
996 4704 1382 4748 concurrentes
1402 4734 1416 4758 ,
1447 4707 1550 4748 n0n
1586 4692 1654 4746 ita
1686 4703 1867 4747 tamen

284 4774 344 4817 ut
377 4761 755 4847 infallibilem,
787 4772 993 4847 certum
1033 4773 1088 4847 et
1133 4763 1869 4847 perpetuumnhabeantitn-
1902 4787 1953 4847 Ι)

282 4833 614 4902 petrationis
642 4831 918 4888 eﬁ'ectum.
951 4832 1109 4888 Nulla
1136 4831 1281 4889 enim
1327 4843 1411 4889 est
1450 4835 1544 4888 Dei
1587 4834 1874 4903 promissio

280 4905 574 4970 absoluta,
619 4919 722 4974 qua
770 4905 904 4958 certi
950 4905 1248 4959 efﬁciamur
1289 4920 1388 4959 nos
1433 4906 1680 4960 absolute
1731 4908 1873 4973 quod

282 4977 611 5046 petierimus
643 4978 1063 5052 impetraturos,
1076 4979 1271 5052 positis
1299 4977 1408 5052 illis
1436 4977 1871 5052 conditionibus;

279 5062 413 5102 cum
445 5062 661 5113 semper
692 5048 1021 5116 intelligatur
1051 5047 1143 5102 illa
1174 5047 1456 5103 conditio:
1493 5049 1552 5102 Si
1581 5059 1764 5102 cetera
1795 5047 1877 5102 re-

278 5119 484 5186 quisita
509 5120 702 5172 adsint.
734 5116 994 5184 Quaenam
1026 5133 1159 5174 vero
1190 5119 1297 5173 sint
1331 5119 1422 5172 illa
1446 5160 1460 5179 .
1494 5119 1734 5174 declarat
1763 5118 1872 5174 div.
1924 5156 1931 5164 ι

279 5189 528 5243 Thomas
561 5189 644 5243 bis
677 5190 860 5244 verbis
889 5189 1016 5256 (2-2
1036 5234 1048 5255 ,
1079 5208 1127 5260 q.
1160 5190 1258 5253 85,
1285 5199 1384 5244 art.
1416 5188 1504 5259 15)
1533 5208 1544 5242 :
1575 5187 1874 5254 Ponuntur,

280 5260 514 5330 inquit,
563 5271 786 5328 quatuor
841 5261 1163 5315 conditiones
1217 5261 1399 5332 quibus
1456 5261 1878 5316 concurrentibus

279 5347 492 5398 semper
532 5332 721 5398 aliquis
751 5332 990 5400 impetrat
1032 5332 1171 5400 quod
1199 5335 1324 5402 petit
1350 5348 1369 5386 .'
1398 5343 1452 5385 ut
1484 5332 1677 5386 scilicet
1705 5349 1797 5402 pro
1822 5349 1877 5386 se

279 5413 467 5470 petat,
514 5403 807 5456 necessaria
847 5402 917 5454 ad
961 5403 1209 5467 salutem,
1256 5404 1337 5471 pie
1384 5413 1430 5457 et
1472 5413 1873 5469 perseveranter.

277 5481 442 5538 utras
470 5473 810 5527 conditiones
835 5473 1034 5540 juverit
1071 5473 1158 5528 hic
1199 5475 1359 5541 paulo
1399 5473 1735 5529 enucleatius
1775 5491 1874 5528 ex-

278 5547 531 5614 plicare.
550 5543 727 5597 Prima
758 5543 941 5611 itaque
969 5545 1210 5598 conditio
1239 5554 1324 5599 est
1353 5554 1410 5599 ut
1439 5562 1535 5614 pro
1564 5561 1623 5598 se
1652 5544 1877 5614 quisque

279 5626 461 5677 pctal.
493 5613 607 5668 Non
639 5615 784 5668 enim
817 5629 1034 5684 semper
1064 5613 1624 5671 esaudiuntur’etiam
1667 5613 1873 5682 sancti,

273 5687 419 5740 duzn
458 5700 554 5756 pro
582 5686 709 5739 aliis
735 5698 889 5740 orant
916 5703 931 5750 ;
965 5685 1182 5755 quando
1212 5687 1420 5742 scilicet
1453 5688 1527 5742 illi
1559 5701 1657 5756 pro
1683 5685 1877 5753 quibus

273 5767 459 5811 orant
499 5755 645 5825 digni
699 5772 804 5810 non
845 5768 972 5811 sunt
1012 5758 1104 5826 qui
1145 5759 1443 5826 accipiant,
1474 5768 1532 5812 ut
1565 5755 1734 5812 docet
1762 5757 1867 5810 div.

275 5827 631 5895 Augustinus
659 5838 892 5882 tractatu
918 5826 987 5880 75
1030 5827 1082 5882 in
1123 5827 1418 5892 Joannem,
1466 5829 1626 5897 idque
1668 5827 1876 5894 colligit

273 5913 350 5962 ex
398 5897 515 5953 illis
539 5897 718 5954 verbis
749 5897 1165 5954 Domini‘loan.
1197 5914 1287 5954 xvt
1319 5917 1330 5954 :
1378 5899 1438 5958 Si
1465 5899 1590 5968 quid
1632 5899 1877 5972 petieritis

649 5988 922 6054 Pas-nou.
974 5989 1200 6062 XLIX.

1976 2989 2188 3045 Patrem
2214 2993 2268 3044 in
2298 2990 2504 3044 nomine
2531 3005 2668 3054 meo,
2700 2989 2840 3042 dabit
2867 2989 3028 3042 vobis.
3061 2985 3452 3058 Exaudiuntur,
3490 2993 3574 3048 in-

1975 3064 2126 3130 quit,
2159 3078 2334 3141 omnes
2362 3062 2522 3116 sancti
2551 3076 2650 3141 pro
2693 3060 2873 3141 seipsis
2901 3078 2912 3110 :
2948 3072 3251 3141 nonoautem
3279 3078 3376 3131 pro
3401 3067 3576 3141 omni-

1978 3143 2069 3186 bus
2106 3134 2475 3193 exaudiuntur,
2519 3131 2625 3186 sive
2663 3132 2877 3199 amicis,
2919 3132 3024 3184 sive
3051 3131 3304 3196 inimicis,
3340 3134 3416 3186 vel
3458 3137 3577 3199 qui-

1981 3153 2069 3186 υυδ
2106 3153 2475 3193 exauatuntur,
2519 3153 2625 3186 swe
2663 3153 2877 3199 anuus,
2919 3153 3024 3184 sive
3051 3153 3304 3196 ιηιηιισισ,
3340 3153 3414 3186 υει
3496 3153 3573 3190 ια-

1981 3205 2195 3258 buslibet
2225 3206 2381 3265 aliis;
2411 3204 2534 3274 quia
2565 3219 2666 3256 non
2710 3211 3010 3274 utcumque
3031 3199 3225 3254 dictum
3257 3213 3329 3256 est
3352 3245 3365 3267 ,
3391 3153 3531 3259 dabit
3557 3249 3573 3273 ,

1979 3276 2104 3341 sed,
2136 3275 2278 3329 dabit
2309 3272 2467 3328 vobis.
2516 3273 2764 3329 Secunda
2808 3272 3055 3327 conditio
3096 3284 3178 3344 est
3221 3284 3278 3326 ut
3318 3272 3578 3344 petantur

1984 3347 2332 3411 necessaria,
2368 3347 2450 3400 vel
2483 3345 2633 3399 utilia
2678 3344 2744 3397 ad
2786 3343 3039 3398 salutem.
3083 3343 3255 3408 Quam
3301 3347 3579 3402 conditio-

1983 3432 2106 3470 nem
2153 3417 2360 3486 colligit
2410 3416 2550 3486 idem
2607 3415 2937 3484 Augustinus
2978 3429 3042 3468 ex
3086 3414 3199 3486 illis
3250 3416 3578 3474 verbiszln

1983 3489 2188 3541 nomine
2237 3484 2365 3542 meo.
2430 3485 2800 3553 Quodcumque
2852 3486 3028 3550 enim,
3083 3484 3298 3550 inquit,
3353 3489 3576 3554 petimus

1983 3560 2228 3613 adversus
2278 3559 2554 3612 utilitatem
2602 3555 2818 3622 salutis,
2861 3572 2960 3608 non
3004 3556 3223 3623 petimus
3273 3559 3325 3608 in
3368 3560 3574 3616 nomine

1983 3630 2317 3695 Saluatoris;
2358 3638 2402 3682 et
2445 3638 2613 3681 tamen
2662 3627 2772 3696 ipse
2813 3627 3056 3682 Salvator
3088 3635 3213 3696 est;
3254 3643 3357 3680 non
3401 3629 3574 3683 solum

1981 3700 2186 3766 quando
2219 3701 2341 3768 facit
2370 3699 2509 3770 quod
2540 3695 2756 3770 petimus
2781 3739 2794 3760 ,
2827 3712 3001 3770 verum
3030 3695 3183 3749 etiam
3212 3699 3419 3770 quando
3463 3717 3571 3756 non

1983 3772 2106 3841 facit
2132 3788 2149 3836 ;
2181 3767 2423 3838 quoniam
2449 3771 2587 3841 quod
2633 3768 2768 3841 videt
2794 3769 2912 3841 peti
2955 3776 3151 3841 contra
3173 3767 3423 3841 salutem,
3465 3787 3571 3827 non

1981 3837 2218 3910 faciendo
2247 3842 2364 3911 plus
2394 3857 2447 3895 se
2462 3837 2672 3894 exhibet
2707 3838 3052 3911 Salvatorem.
3100 3837 3259 3891 Novit
3300 3837 3432 3893 enim
3464 3858 3574 3896 tne-

1981 3909 2128 3966 dicus
2155 3909 2282 3983 quid
2313 3929 2406 3983 pro
2435 3927 2550 3973 sua,
2573 3911 2720 3983 quid,
2741 3923 2920 3963 contra
2955 3909 3173 3983 salutem
3201 3925 3348 3983 suam
3388 3923 3572 3979 poscat

1981 3981 2206 4054 aegrotus
2229 4001 2249 4049 ;
2279 3981 2324 4037 et
2351 3985 2468 4036 ideo
2496 3982 2757 4036 contraria
2786 3982 3039 4053 poscentis
3079 3996 3180 4033 non
3219 3981 3348 4054 facit
3385 3984 3572 4038 volun-

1981 4051 2135 4109 tatem
2155 4095 2168 4120 ,
2204 4065 2258 4107 ut
2285 4055 2441 4126 faciat
2482 4053 2753 4108 sanitatem
2778 4051 2796 4106 ἐ
2826 4059 3140 4126 quapromer
3173 4051 3380 4120 quando
3420 4055 3576 4109 volu-

1981 4142 2092 4180 mus
2136 4137 2190 4179 ut
2228 4125 2390 4196 faciat
2419 4125 2781 4196 quodcumque
2820 4125 3039 4196 petimus
3061 4165 3076 4196 ,
3110 4139 3210 4196 non
3249 4131 3527 4196 utcumque
3549 4170 3568 4194 ,

1981 4196 2071 4252 sed
2098 4197 2151 4250 in
2177 4192 2386 4250 nomine
2413 4192 2524 4262 eius
2543 4240 2557 4263 ,
2589 4192 2784 4268 hoc_'_est
2806 4192 2829 4259 ,⁷
2850 4195 2901 4247 in
2932 4195 3136 4268 nomine
3159 4192 3459 4268 Sqlpatoris
3477 4192 3571 4268 pe?-

1981 4277 2168 4322 tamus.
2201 4268 2278 4322 lta
2301 4269 2654 4338 Augustinus.
2685 4265 2881 4338 Verum
2900 4265 3187 4338 efﬁcacius
3211 4264 3302 4318 illa
3325 4264 3568 4338 conditio

1979 4339 2158 4408 colligi
2189 4355 2346 4409 posse
2378 4335 2610 4409 videtur,
2644 4346 2704 4391 ut
2731 4335 2944 4409 colligit
2966 4340 3185 4400 Auctor,
3227 4351 3300 4409 ex
3342 4337 3432 4392 illa
3464 4339 3562 4393 Jo-

1977 4407 2134 4464 annis
2163 4407 2468 4466 sententia:
2504 4408 2630 4461 Haec
2671 4416 2742 4460 est
2788 4407 2981 4472 ﬁducia
3021 4423 3175 4476 quam
3216 4407 3458 4462 habemus
3497 4411 3568 4464 ad

1982 4480 2143 4535 Deum
2163 4522 2176 4543 ,
2207 4482 2328 4550 quia
2376 4478 2635 4550 quidquid
2665 4477 2958 4550 petierimus
2973 4477 3284 4550 _s'e_cfundunt
3325 4479 3569 4536 uolunta-

1977 4561 2076 4622 tem
2105 4545 2246 4622 ejus,
2278 4551 2421 4604 audit
2462 4565 2553 4602 nos
2661 4545 2818 4600 Joun.
2853 4545 3130 4622 v)._Un'de
3176 4547 3337 4603 infert
3380 4553 3569 4622 Augu-

1978 4618 2154 4676 stinus
2179 4639 2192 4674 :
2221 4621 2360 4690 Ergo
2392 4636 2546 4686 super
2575 4618 2656 4671 his
2685 4626 2881 4690 tantum
2910 4619 3135 4690 plenum,
3158 4634 3250 4671 nos
3280 4628 3326 4673 et
3354 4618 3567 4675 indubi-

1977 4693 2180 4747 tabilem
2201 4686 2359 4761 jussit
2389 4686 2949 4761 exauditionishabere
2978 4687 3255 4761 ﬁduciam,
3302 4706 3417 4756 qua!
3457 4708 3563 4761 non

1978 4765 2164 4818 nostris
2198 4759 2509 4830 commodis,
2543 4775 2633 4813 nec
2670 4760 2869 4812 solatiis
2911 4759 3298 4829 temporalibus,
3332 4762 3421 4812 sed
3451 4759 3565 4814 Do-

1977 4836 2103 4888 mini
2129 4844 2424 4904 congruunt
2452 4831 2722 4887 voluntati.
2756 4830 2908 4904 Quod
2931 4831 3085 4882 etiam
3110 4830 3426 4904 in__oratiane
3451 4831 3564 4884 Do-

1978 4907 2164 4959 minica
2191 4897 2471 4957 admiscere
2499 4904 2826 4972 prtecipimur
2856 4901 3078 4972 dicentes
3097 4941 3109 4962 ,
3152 4897 3276 4972 iat
3320 4903 3564 4972 voluntas

1981 4987 2090 5042 tua,
2121 4975 2336 5040 scilicet,
2361 4992 2463 5028 non
2493 4969 2668 5027 nostra
2693 4971 2855 5043 (Vide
2881 4970 3128 5025 Bellarm.
3156 4969 3245 5025 lib.
3282 4987 3298 5024 l
3329 4972 3390 5025 de
3421 4971 3560 5030 Bon.

1984 5047 2142 5118 Oper.
2175 5064 2292 5118 cap.
2324 5046 2402 5115 9).
2454 5045 2636 5099 Tertia
2683 5043 2927 5118 conditio
2974 5053 3029 5096 ut
3081 5043 3166 5110 pie
3214 5053 3559 5118 petatnusict

1980 5113 2215 5174 oretuus.
2239 5113 2437 5171 'Pietas
2477 5127 2655 5170 autem
2687 5116 2802 5169 haec
2841 5114 3075 5184 quinque
3107 5113 3442 5169 conditiones
3476 5117 3560 5170 in-

1981 5190 2149 5244 clttdit
2171 5231 2186 5253 ,
2218 5187 2514 5242 secundum
2560 5187 2673 5241 div.
2705 5185 2970 5240 Thomam
3007 5185 3092 5239 ubi
3133 5200 3294 5254 supra
3323 5202 3336 5238 :
3371 5186 3561 5244 ﬁdem.

1981 5275 2133 5328 spem
2167 5302 2180 5325 ,
2239 5259 2558 5314 charitatem
2593 5299 2607 5322 ,
2663 5257 3021 5312 humilitatem
3072 5266 3124 5311 et
3190 5257 3567 5314 devotionem.

1980 5332 2182 5400 Quarta
2227 5331 2465 5386 conditio
2527 5337 2585 5383 ut
2638 5335 3054 5400 perseveranter
3114 5328 3567 5400 oremus._llauc

1981 5398 2124 5458 c'nim
2153 5402 2520 5457 conditionem
2544 5401 2791 5455 Christus
2819 5399 3140 5454 inculcatam
3166 5399 3333 5452 voluit
3356 5398 3569 5456 duabus

1981 5475 2090 5530 illis
2121 5473 2421 5544 parabolis,
2450 5473 2618 5527 altera
2648 5469 3132 5544 import_uni_amici
3167 5483 3332 5544 panes
3367 5471 3567 5544 intom-

1981 5539 2135 5614 pesta
2165 5554 2323 5599 nocte
2355 5543 2424 5596 ab
2455 5544 2629 5614 amico
2659 5541 2890 5614 petentis
2911 5582 2925 5604 ,
2958 5540 3116 5596 Luca:
3146 5554 3199 5592 ιι
3226 5539 3444 5614 ;___al_tera
3480 5542 3562 5595 vi-

1981 5609 2099 5670 dua:
2153 5615 2460 5684 improbum
2510 5609 2748 5684 judicem
2790 5612 3138 5684 (importune
3173 5609 3568 5684 sollicitantis;

1980 5687 2140 5749 Lucan
2164 5681 2324 5741 xviii.
2356 5685 2463 5740 Nec
2495 5683 2637 5737 aliud
2665 5683 2967 5752 signiﬁcare
2998 5681 3169 5736 voluit
3198 5681 3305 5736 illis
3333 5683 3514 5737 verbis
3549 5701 3569 5741 ;

1985 5756 2201 5824 Oportet
2244 5773 2443 5824 semper
2487 5770 2638 5807 orare
2667 5763 2711 5807 et
2742 5770 3016 5824 numquam
3060 5752 3309 5822 deﬁcere,
3351 5764 3411 5809 ut
3452 5755 3568 5822 plc-

1985 5829 2106 5884 nius
2136 5829 2381 5898 sequenti
2411 5827 2696 5883 collatione
2726 5825 3105 5879 declarabitur.

3042 5985 3119 6050 26
