4078 6332
428 408 537 469 818
1490 403 1776 465 JOANNIS
1813 403 2128 464 CASSIANI
2159 402 2656 464 COLLATIONES.
3611 401 3727 461 818

426 524 618 582 dicens
649 539 662 578 :
701 521 764 578 Et
795 521 960 578 Deum
988 517 1198 576 Patrem
1226 519 1317 592 qui
1356 523 1626 576 suscitavit
1666 537 1782 577 eum
1820 538 1854 575 a
1890 537 2026 576 mor-
2051 525 2102 584 Α
2135 520 2500 578 Verumtamen
2526 538 2630 576 non
2660 520 2790 574 sicut
2816 533 2911 591 ego
2939 518 3088 587 volo,
3123 517 3214 574 sed
3247 519 3382 575 sicut
3412 527 3468 575 tu
3497 517 3725 593 (Matth.

429 619 529 674 tuis
562 617 762 693 (Galat.
795 618 870 690 ι),
903 619 974 672 ita
1021 616 1189 672 Filius
1228 617 1614 673 suscitaturum
1655 631 1716 674 se
1759 617 2021 686 templum
2125 616 2295 685 xxvi).
2340 614 2483 671 Sati's
2524 630 2651 670 vero
2689 623 2903 670 constat
2943 613 3094 669 illum
3129 615 3285 670 trinae
3314 616 3581 671 orationis
3614 633 3727 670 nu-

424 713 513 770 sul
540 713 788 783 corporis
809 719 1166 782 protestatur,
1198 709 1430 778 Solvite,
1461 711 1740 780 inquiens,
1771 710 2021 781 templum
2125 723 2331 764 merum
2380 710 2472 778 qui
2515 708 2658 764 solet
2706 708 2758 763 in
2803 708 3324 778 congregationibus
3372 709 3598 764 [ratrum
3652 707 3729 763 ad

424 811 553 875 hoc,
581 814 632 862 et
657 819 756 878 ego
775 807 830 860 in
859 804 1024 858 tribus
1055 803 1235 858 diebus
1261 804 1527 860 suscitabo
1557 805 1691 859 illud
1719 801 1903 875 (Joan.
1931 802 2018 873 ιι).
2122 799 2550 858 concludendam
2582 799 2830 872 synaxim
2885 800 3189 869 celebrari,
3226 817 3352 858 eum
3379 802 3473 872 qui
3503 801 3727 858 intento

420 901 493 957 Et
523 900 726 956 idcirco
754 897 839 954 his
866 904 989 968 quae
1021 895 1376 966 praediximus
1415 897 1680 966 exemplis
1717 895 2019 952 Dominicis

419 993 659 1059 eruditi,
710 999 935 1048 cunctas
984 991 1397 1048 obsecrationes
1440 999 1659 1046 nostras
1702 990 1867 1045 simili
1915 1003 2016 1045 nos

415 1099 640 1158 quoque
667 1083 930 1140 debemus
957 1083 1205 1139 oratione
1244 1082 1606 1149 concludere,
1640 1091 1696 1139 et
1739 1082 1880 1136 hanc
1912 1094 2012 1137 vos

415 1195 537 1238 cem
569 1179 783 1236 cunctis
813 1178 1168 1251 petitionibus
1200 1178 1403 1234 nostris
1429 1191 1648 1247 semper
1676 1176 2008 1246 adjungere,

2121 896 2306 954 animo
2337 903 2365 933 ι
2393 909 2503 951 non
2532 894 2844 965 supplicat,
2877 893 3174 951 observare
3199 910 3307 952 non
3334 909 3517 966 posse.

2673 985 2901 1044 CAPUT
2940 986 3159 1042 XXXV.

2158 1080 2242 1138 De
2261 1083 2496 1138 oratione
2516 1082 2655 1136 intra
2678 1081 2976 1136 cubiculum
2998 1092 3044 1136 et
3065 1082 3245 1136 clauso
3264 1082 3395 1137 ostio
3416 1083 3676 1154 facienda.

2193 1177 2334 1230 Ante
2362 1173 2546 1230 omnia
2577 1188 2706 1230 sane
2739 1172 2764 1212 δ
2793 1173 2925 1229 illud
2966 1173 3340 1244 evangelicum
3380 1185 3720 1246 praeceptum

1495 1291 1754 1348 ALARDI
1793 1286 2018 1346 GAZtEI
2055 1284 2618 1344 COMMENTARIUS.

495 1389 523 1420 ⁸
559 1388 874 1462 Negationis
900 1385 1218 1462 particulam
1243 1424 1258 1450 ,

418 1451 736 1520 tiniana'hic
765 1451 1126 1524 desideratur,
1171 1471 1239 1512 ex
1273 1451 1534 1525 Dionysio
1573 1461 1629 1508 et
1667 1451 1796 1525 aliis
1825 1466 2007 1525 _repo-
2038 1454 2043 1460 '

415 1539 642 1592 snimus.
669 1532 764 1590 Sic
787 1531 928 1586 enim
952 1521 1238 1599 Dionysius
1263 1521 1643 1599 paraphrastes
1657 1524 1803 1599 hunc
1825 1521 1999 1599 locum

417 1608 653 1663 reddidit
702 1621 716 1659 :
756 1608 1030 1658 Postremo
1070 1608 1192 1654 satis
1223 1608 1420 1651 constat
1461 1608 1595 1664 quoa
1628 1608 1715 1648 itte
1745 1608 2000 1648 ternarias

417 1676 707 1746 orationis,
742 1674 833 1746 qui
869 1671 980 1740 ﬁeri
1009 1670 1135 1746 solet_
1166 1669 1221 1722 in
1251 1665 1734 1746 congregutionibus
1777 1669 2001 1746 [rairum

414 1751 483 1803 ad
513 1735 922 1801 concludendum
947 1741 1209 1811 synaxim,
1238 1735 1495 1811 observari
1523 1753 1628 1811 non
1651 1735 1808 1811 possit
1835 1735 1915 1811 ab_
1938 1751 1998 1790 eo

415 1821 502 1890 qui
533 1820 728 1890 intento
759 1816 935 1890 animo
962 1806 1065 1865 non
1097 1819 1231 1890 orut.
1256 1809 1432 1890 .Porro
1463 1809 1616 1863 multi
1648 1807 1864 1890 codices
1903 1806 2000 1890 ha:

414 1877 583 1945 bent:
615 1882 778 1942 Illum
807 1887 956 1939 trina:
983 1881 1294 1936 curvationis
1331 1895 1632 1945 numerum,
1668 1887 1773 1933 etc.
1795 1919 1812 1944 ,
1854 1877 1999 1948 quod

413 1961 604 2016 eodem
634 1958 844 2014 recidit.
875 1956 1136 2025 Spectare
1170 1950 1794 2025 enimvidetur‘Auct‘or
1820 1949 1998 2025 locum

411 2033 566 2087 illum
597 2027 834 2084 Matthzci
876 2020 1003 2082 xivt
1028 2067 1043 2090 ,
1075 2025 1164 2078 ubi
1207 2021 1454 2078 Christus
1484 2023 1674 2092 legitur
1718 2020 1774 2075 in
1819 2021 1996 2086 horto,

413 2103 594 2171 positis
624 2098 833 2171 genibus
864 2113 1071 2171 orasse,
1103 2095 1252 2171 tertio
1279 2094 1514 2148 eumdem
1537 2092 1688 2147 illum
1717 2106 2001 2171 sermonem

413 2161 588 2228 dicens
614 2161 647 2226 ε’
660 2170 819 2225 Pater
849 2171 938 2233 mi,
969 2168 1013 2221 si
1038 2165 1280 2238 possibile
1308 2173 1404 2232 est,
1430 2172 1725 2238 transeata
1754 2179 1834 2216 me
1860 2161 2001 2238 caiia;

411 2246 541 2310 iste;
570 2231 1047 2297 verumtamen’non'
1071 2237 1199 2290 sicut
1233 2251 1326 2306 ego
1357 2231 1490 2314 volo,
1523 2234 1613 2314 sed
1643 2231 1998 2314 sicutntuiAd

411 2304 567 2383 cujus
607 2315 958 2388 imitationem
985 2349 1005 2388 ,_
1032 2304 1290 2388 quantum
1320 2320 1387 2361 ex
1418 2305 1519 2388 hoc
1548 2304 1996 2388 lgco_colligitur,

409 2376 661 2441 solebant
691 2383 765 2440 illi
797 2376 1086 2445 monachi‘,
1132 2389 1423 2448 antequam
1459 2376 1530 2432 de
1571 2376 1812 2448 Ecclesia
1837 2416 1852 2442 ,
1901 2391 1997 2431 seu

410 2466 682 2514 conventu
702 2495 715 2518 ,
748 2468 908 2529 quam
953 2451 1229 2529 hicnvocat
1257 2448 1504 2529 synaxim
1524 2488 1542 2529 ,_
1553 2447 1994 2529 egrederentur,

413 2541 632 2598 peracto
681 2520 935 2580 nimirum
968 2521 1150 2598 pllicio
1171 2561 1186 2584 ,
1222 2523 1361 2598 t_rina
1390 2520 1784 2598 supplicatione
1815 2528 1871 2573 et
1899 2533 1993 2589 ge-

411 2590 576 2654 nuum
609 2599 924 2653 curvatione
968 2594 1134 2672 Deum
1181 2591 1442 2655 adorare;
1476 2590 1617 2672 quod
1649 2605 1996 2672 cummagna

408 2671 720 2734 devotione,
750 2677 801 2722 et
843 2663 1162 2728 attentione,
1199 2678 1295 2716 seu
1317 2661 1656 2734 reverentia,
1686 2661 1993 2734 iaciendum

408 2743 498 2796 hic
527 2731 729 2794 Auctor
759 2738 1012 2792 admonet
1035 2778 1048 2798 ,
1097 2732 1556 2798 quemadmodum
1585 2743 1640 2788 et
1667 2732 1779 2787 div.
1826 2731 1998 2788 Bene-

407 2813 584 2869 dicms
618 2810 769 2882 (Cap.
795 2806 864 2882 52
891 2805 1076 2877 ch.):
1108 2803 1332 2874 Expleta
1354 2821 1504 2876 opere
1529 2803 1651 2882 Dei,
1677 2819 1854 2882 omnes
1880 2820 1996 2858 cum

407 2873 840 2937 summo'silentio
871 2873 1082 2941 exeant;
1113 2887 1160 2930 et
1190 2873 1684 2948 agatur'reverentia
1709 2873 1850 2944 Deo,
1883 2883 1994 2933 etc.

482 2953 507 2991 δ
551 2954 684 3027 Duo_
713 2949 987 3027 sunt__hic_
1019 2945 1378 3027 observanda.
1433 2945 1640 3027 Primo.
1663 2954 1992 3027 princeptum

409 3025 544 3079 illud
573 3024 642 3078 de
673 3019 1026 3090 ingrediendo
1054 3017 1306 3074 cubiculo
1328 3062 1344 3087 ,
1389 3027 1444 3073 et
1485 3016 1787 3090 claudendo
1813 3018 1952 3072 ostio
1975 3056 1992 3090 ,

411 3112 521 3150 non
551 3103 658 3148 tam
689 3087 755 3146 ad
779 3090 1083 3146 cubiculum
1111 3097 1167 3142 et
1193 3091 1392 3143 ostium
1426 3088 1706 3143 materiale
1734 3103 1894 3158 quam
1925 3087 1992 3142 ad

408 3165 719 3222 cubiculum
762 3161 942 3218 cordis
996 3159 1340 3216 referendum
1388 3173 1508 3214 esse
1550 3176 1562 3211 :
1612 3159 1847 3228 alioquin
1884 3175 1995 3228 pu-

1303 1397 1422 1466 qua:
1466 1383 1518 1464 in
1558 1381 1797 1466 editione
1841 1380 2047 1460 Plan-4

756 1600 1030 1658 postremo
1070 1588 1192 1654 satis
1223 1588 1420 1651 constat
1461 1595 1597 1664 quod
1628 1595 1715 1678 ille
1745 1588 2059 1654 ternarius':
2079 1659 2083 1663 η
2102 1589 2281 1678 silens,
2312 1607 2441 1678 atire
2462 1588 2651 1678 divina:
2677 1588 3146 1678 pietatis‘auditur,
3175 1611 3295 1677 cum
3321 1588 3568 1678 dicitura:

2039 1661 2083 1736 εἰ
2101 1662 2294 1736 clamas
2321 1662 2391 1714 ad
2420 1679 2498 1716 me
2525 1661 2724 1736 (Exod.
2756 1663 2906 1736 xiv)?
2938 1662 3090 1736 Intus
3113 1681 3235 1736 ergo
3260 1665 3315 1719 in
3341 1661 3602 1722 desiderio
3625 1681 3710 1724 est

2049 1735 2063 1752 ·”
2102 1733 2300 1810 clamor
2319 1733 2559 1799 secretus,
2592 1735 2680 1802 qui
2706 1734 2879 1810 adhuc
2900 1736 2970 1810 a_d
2990 1733 3246 1810 humanas
3271 1754 3426 1792 aures
3452 1755 3554 1810 non
3587 1758 3713 1810 per-

2107 1377 2352 1432 deramus
2374 1394 2439 1432 ea:
2463 1379 2640 1444 corde,
2672 1378 2825 1433 etiam
2846 1393 2964 1432 cum
2985 1394 3075 1432 ore
3099 1381 3512 1448 conticescimus,
3535 1393 3720 1441 tacen-

2108 1457 2180 1502 tes
2211 1448 2516 1525 clamanius.
2573 1448 2709 1503 Hinc
2749 1459 2825 1503 est
2851 1451 3009 1525 quod
3046 1451 3098 1525 in
3128 1468 3295 1505 eremo
3329 1455 3554 1523 populus
3586 1473 3715 1525 per-

2104 1521 2306 1592 strepit,
2339 1529 2387 1574 et
2412 1519 2621 1591 Moyses
2643 1537 2672 1573 a
2701 1521 2920 1592 strepitu
2950 1523 3219 1576 verborum
3249 1519 3419 1589 tacet,
3454 1536 3502 1578 et
3534 1519 3711 1582 tamen

2102 1589 2281 1663 silens,
2312 1607 2441 1663 aure
2462 1589 2651 1663 divinae
2677 1589 2882 1662 pietatis
2909 1594 3146 1663 auditur,
3175 1611 3295 1647 cum
3321 1595 3548 1651 dicitur:
3565 1598 3714 1663 Quid

2103 1804 2241 1879 venii
2265 1845 2296 1879 ,_
2324 1814 2372 1856 et
2417 1815 2586 1879 tamen
2626 1807 2864 1879 auditum
2896 1805 3195 1861 Conditoris
3223 1810 3406 1879 replet.
3443 1804 3596 1864 Hinc
3628 1823 3711 1867 est

2102 1875 2241 1944 quod
2264 1874 2413 1928 Anna
2434 1875 2503 1948 ad
2524 1876 2771 1948 templum
2794 1893 3032 1948 pergens,
3065 1894 3156 1932 ore
3187 1874 3393 1946 quidem
3432 1883 3614 1947 tacuit,
3657 1895 3738 1937 et.

2105 1955 2276 2024 lumen
2307 1954 2380 1999 tot
2409 1947 2493 2024 sui
2519 1947 2760 2024 desiderii
2781 1965 2926 2024 voces
2944 1951 3136 2024 emisit.
3168 1950 3311 2004 Hinc
3336 1953 3390 2006 in
3414 1952 3708 2024 Evangelia

2105 2013 2361 2072 Dominus
2388 2017 2560 2089 dicit:
2600 2019 2748 2073 Intra
2775 2020 2830 2074 in
2869 2021 3163 2074 cubiculum
3209 2032 3355 2077 tuum
3379 2065 3395 2089 ,
3436 2032 3482 2078 et
3523 2013 3708 2082 clauso

2104 2089 2234 2164 ostio
2255 2103 2354 2164 _o_ra
2382 2087 2596 2164 Patrem
2637 2101 2782 2164 tuum
2820 2093 2875 2145 in
2898 2093 3241 2164 abscondito;
3280 2105 3328 2148 et
3353 2087 3511 2148 Pater
3537 2106 3660 2151 tuus
3684 2139 3703 2164 ,

2100 2159 2193 2237 qui
2218 2160 2350 2214 videt
2377 2161 2430 2237 in
2458 2160 2784 2237 abscondito,
2806 2163 2990 2237 reddet
3013 2163 3110 2237 tibi
3127 2163 3343 2232 (Matth.
3369 2167 3468 2237 vt).
3505 2159 3704 2222 Clauso

2100 2230 2290 2301 quippe
2310 2233 2440 2285 ostio
2465 2233 2588 2302 petit
2615 2233 2670 2305 in
2699 2234 2937 2288 cubiculo
2965 2275 2981 2299 ,
3022 2236 3112 2305 qui
3138 2230 3350 2291 tacente
3379 2230 3466 2292 ore
3494 2239 3547 2292 in
3573 2255 3707 2292 con-

2101 2312 2278 2374 spectu
2305 2319 2544 2374 superna:
2568 2304 2776 2374 pietatis
2800 2307 2969 2374 fundit
2999 2304 3240 2374 aﬁ‘ectum
3263 2310 3466 2363 mentis.
3496 2307 3565 2362 Et
3596 2327 3699 2364 vos:

2101 2373 2314 2448 auditur
2340 2375 2394 2426 in
2414 2373 2735 2448 ubscondito,
2765 2373 2881 2430 cum
2901 2394 2992 2448 per
3012 2373 3190 2448 sancta
3213 2379 3469 2433 desideria
3489 2381 3705 2434 silenter

2102 2444 2378 2517 clamatur.
2410 2442 2560 2499 Unde
2581 2456 2717 2500 recte
2741 2442 2944 2517 quoque
2979 2466 3070 2514 per
3096 2445 3434 2504 Psalmistam
3463 2452 3659 2504 dicitur
3683 2469 3702 2506 :

2101 2510 2764 2596 Desideriumlpauperum'
2791 2510 3071 2596 eaaudi’vit
3087 2520 3339 2596 Dontinu_s
3367 2539 3388 2588 ;
3412 2539 3702 2596 purpura-

2103 2585 2499 2661 t_ionem_cordi§
2523 2585 2700 2641 eorum
2729 2591 2924 2644 audivit
2955 2593 3097 2646 auris
3123 2601 3210 2646 tua
3252 2595 3268 2661 (
3293 2585 3442 2651 Psal:
3474 2585 3580 2660 Ix).
3619 2595 3700 2648 Ita

2101 2654 2416 2734 Gregorius.
2466 2658 2722 2734 secando
2735 2663 3052 2734 notandum
3095 2663 3185 2718 hic
3223 2654 3305 2734 agi
3343 2665 3411 2720 de
3445 2654 3704 2721 oratione

2101 2725 2329 2796 privata,
2363 2744 2470 2783 non
2501 2728 2571 2784 de
2600 2731 2838 2854 publica.
2869 2732 2987 2787 Alia
3021 2737 3165 2787 enim
3204 2725 3346 2790 ra'tio
3377 2746 3460 2791 est
3490 2737 3700 2793 oratio-

2101 2798 2186 2852 nis
2218 2799 2486 2854 publicas.
2530 2815 2594 2854 νε
2645 2801 2949 2854 divinarum
2983 2805 3200 2854 laudum
3227 2846 3243 2854 -
3287 2822 3410 2854 mm!
3453 2823 3700 2854 l‘OllIlnll-

2101 2798 2186 2876 nis
2217 2799 2448 2876 publica:
2470 2841 2486 2865 ,
2530 2798 2617 2876 vei
2645 2801 2949 2876 divinarum
2983 2805 3200 2860 laudum
3227 2846 3244 2871 ,
3287 2822 3410 2876 qua:
3453 2823 3709 2864 commu-

2100 2868 2244 2947 niter
2280 2871 2552 2947 celebrari
2579 2872 2824 2947 debent._
2851 2875 3004 2942 Quod
3050 2868 3335 2947 aptissime
3363 2879 3604 2933 declarat
3635 2881 3698 2936 S.

2100 2937 2338 3020 Thomas
2367 2941 2451 2996 his
2479 2943 2661 3020 verbis
2697 2937 3157 3020 (2-2,Vq.A83,'a.
3190 2947 3298 3019 1'2)
3329 2966 3343 3003 :
3389 2950 3593 3020 Duplex
3625 2963 3706 3006 est

2101 3013 2609 3092 oratiohcommunis
2637 3026 2684 3068 et
2703 3013 2988 3092 singularis
3019 3019 3104 3089 (id
3129 3031 3233 3089 εει,
3263 3013 3482 3090 publica
3503 3030 3560 3076 et
3586 3025 3706 3092 pri-

2101 3081 2266 3162 uata).
2293 3083 2596 3162 Communis
2625 3081 2833 3162 quidem
2855 3081 3140 3162 oratio'est,
3171 3081 3291 3162 qum
3314 3109 3402 3162 per
3431 3081 3706 3148 minisiros

2101 3149 2349 3231 Ecclesia
2375 3155 2430 3208 in
2464 3149 2695 3231 persona
2711 3161 2869 3214 totius
2908 3159 3091 3231 populi
3118 3149 3287 3229 ﬁdelis
3314 3149 3425 3217 Deo
3453 3162 3704 3229 o/fertur.

408 3216 740 3304 éﬁiiéiiiiéi:
759 3216 1025 3305 sententia
1048 3232 1360 3305 evangelica
1384 3244 1508 3284 cum
1534 3229 1624 3284 illa
1646 3216 1993 3298 Apbstolica:
2024 3216 2071 3280 C
2102 3221 2172 3276 Et
2197 3225 2313 3278 ideo
2335 3216 2536 3305 opor:tet
2557 3230 2697 3296 quod
2723 3231 2845 3305 tatis
2868 3216 3036 3285 eiat'io
3063 3216 3348 3286 innotescat
3380 3216 3705 3305 toti'popula

419 3307 551 3362 Volo
574 3307 708 3362 viros
739 3319 886 3359 orare
912 3303 966 3356 in
990 3302 1130 3356 omni
1171 3303 1283 3355 loco
1323 3302 1545 3371 levantes
1586 3316 1744 3371 puras
1787 3317 1995 3357 manus.

409 3381 429 3434 l
459 3381 600 3434 Tim.
630 3394 690 3433 tt.
723 3376 840 3432 Non
876 3374 1019 3429 enim
1061 3372 1214 3441 jubet
1253 3388 1351 3426 nos
1390 3369 1637 3426 Christus
1670 3373 1879 3439 ingredi
1910 3387 1998 3427 re-

409 3465 539 3506 vera
571 3449 626 3504 in
657 3447 964 3504 cubiculum
984 3485 1000 3510 ,
1031 3452 1087 3500 et
1111 3444 1308 3499 ostium
1347 3442 1600 3497 claudere
1627 3485 1641 3507 ,
1689 3452 1748 3496 ut
1773 3458 1994 3500 oremus

409 3532 656 3584 secreto;
701 3519 798 3574 sed
846 3515 1461 3586 tantumiprohibetex
1510 3513 1761 3586 oratione
1810 3523 1995 3568 nostra

411 3596 627 3648 inanem
652 3590 927 3646 hominum
959 3584 1171 3642 laudem
1198 3585 1406 3649 venari,
1434 3594 1489 3640 et
1518 3585 1598 3640 sic
1615 3584 1768 3654 jubet
1808 3599 1992 3652 orare,

410 3679 474 3719 ac
500 3663 546 3718 si
573 3679 602 3716 a
637 3663 754 3716 solo
787 3660 897 3714 Deo
926 3658 1209 3712 videamur
1236 3665 1293 3712 et
1337 3657 1640 3713 audiamur.
1689 3654 1766 3710 lta
1800 3665 1996 3724 praeter

412 3737 557 3790 hunc
596 3734 848 3788 abbatem
886 3728 986 3785 SS.
1031 3727 1218 3784 Patres
1254 3728 1568 3784 admonent.
1607 3726 1841 3782 Sanctus
1871 3727 1992 3783 Hie-

407 3819 672 3878 ronymus
702 3801 843 3872 apud
859 3799 1222 3878 .Matthaeum:
1259 3798 1406 3864 Hoc,
1439 3799 1643 3868 inquit,
1685 3799 1996 3878 simpliciter

408 3870 722 3932 intellectum
740 3870 910 3927 erudit
932 3870 1236 3934 auditorem,
1266 3880 1322 3924 ut
1351 3885 1534 3923 vanam
1562 3870 1749 3923 orandi
1775 3870 1995 3938 gloriam

410 3949 619 4019 fugiat.
647 3946 754 4001 Sed
783 3943 910 3996 mihi
943 3941 1154 4019 videtur
1179 3943 1272 4019 hoc
1299 3942 1468 4019 magis
1489 3957 1605 4019 esse
1636 3952 1990 4019 praeceptum,

411 4011 715 4085 'ut'inclusa
765 4013 983 4085 pectoris
1041 4012 1346 4085 cogitatione
1395 4011 1661 4085 labiisque_
1692 4013 1994 4085 compressis

414 4104 618 4142 oremus
659 4081 939 4140 Dominum
979 4099 1000 4138 :
1048 4082 1198 4152 Quod
1225 4094 1272 4136 et
1299 4084 1505 4135 Annam
1538 4083 1592 4135 in
1621 4081 1820 4152 Regum
1852 4082 1995 4136 volu-

413 4160 552 4214 ntine
579 4158 758 4229 fecisse
780 4156 1000 4229 legimus
1031 4169 1050 4207 :
1081 4151 1261 4219 Labia,
1301 4153 1487 4229 inquit,
1515 4151 1858 4229 ej‘us_ta’ntum
1887 4171 1994 4229 m9-

409 4224 676 4296 vebantur,
710 4237 757 4282 et
782 4224 881 4280 vos:
906 4224 1053 4279 illius
1089 4240 1192 4277 non
1216 4224 1592 4296 audiebaturll
1620 4224 1748 4292 Reg.
1778 4227 1848 4294 tt)
1878 4240 1899 4296 ε
1932 4226 1990 4280 S.

411 4293 746 4372 Augustinus
763 4297 869 4372 lib.
902 4296 1042 4372 nde
1072 4296 1244 4372 Serm.
1279 4294 1495 4372 Domini
1524 4295 1576 4349 in
1615 4301 1796 4348 monte
1822 4293 1990 4367 (Cap.

411 4365 544 4442 v1)?
577 4370 865 4426 Ostendens
884 4409 897 4432 .
926 4368 1031 4442 ait,
1075 4367 1244 4442 hocse
1273 4365 1582 4442 prohibere,
1627 4374 1682 4418 ut
1711 4365 1994 4442 camerces

408 4436 717 4510 appetatur,
748 4455 847 4508 qua
879 4437 1027 4492 stulti
1057 4437 1320 4507 gaudent,
1354 4449 1407 4490 ut
1436 4438 1711 4510 laudentur
1739 4436 1802 4510 ab
1827 4437 1993 4510 horni-

409 4507 581 4567 nibus.
619 4507 724 4566 Vos
751 4507 923 4565 autem
947 4525 1061 4563 cum
1091 4510 1270 4574 oratis,
1304 4509 1490 4578 inquit,
1523 4509 1735 4561 introite
1767 4507 1820 4561 in
1851 4508 1992 4562 cubi-

2101 3311 2197 3364 pro
2222 3312 2323 3372 quo
2350 3301 2649 3372 p_rof_ertur;
2690 3303 2828 3366 quod
2867 3318 2969 3357 non
3010 3314 3178 3372 posset
3215 3305 3365 3370 ﬁeri,
3416 3301 3518 3358 nisi
3562 3301 3702 3360 esset

2100 3369 2335 3439 vocalis:
2360 3368 2426 3420 Et
2463 3369 2577 3422 ideo
2616 3368 3323 3430 rationabiliter-institutum
3358 3386 3467 3439 est,
3511 3385 3566 3430 ut
3594 3380 3701 3431 mi-

2100 3436 2248 3491 nistri
2286 3436 2534 3493 Ecclesia:
2577 3439 2879 3511 hujusmodi
2918 3448 3173 3500 orationes
3214 3447 3365 3499 etiam
3420 3436 3530 3500 alta
3572 3463 3707 3502 voce

2099 3511 2454 3588 pronuntient,
2478 3520 2544 3588 _ut
2569 3513 2638 3588 ad
2667 3516 2903 3588 notitiam
2931 3518 3163 3588 omnium
3183 3520 3378 3588 possint
3407 3519 3698 3588 pervenire.

2103 3575 2282 3633 Oratio
2303 3597 2420 3660 vero
2445 3582 2724 3660 singularis
2744 3595 2838 3653 est,
2869 3604 2983 3653 quae
3003 3575 3218 3656 oﬂ‘ertu'r
3237 3605 3268 3641 a
3287 3575 3541 3660 singulari
3582 3607 3705 3659 per-

2100 3665 2231 3730 uona
2259 3653 2646 3730 cujuscumque,
2678 3656 2782 3730 sive
2807 3674 2902 3723 pro
2932 3675 3006 3723 se,
3037 3653 3141 3713 sive
3170 3675 3264 3730 pro
3290 3653 3412 3714 aliis
3430 3703 3445 3726 ,
3474 3653 3699 3730 orantis.

2099 3717 2170 3774 Et
2191 3717 2582 3802 dehujusmodi
2612 3717 2859 3783 orationis
2897 3717 3201 3802 necessitate
3231 3747 3333 3784 non
3358 3717 3597 3802 est'q'uod
3625 3717 3700 3786 sit

2098 3794 2315 3876 vocalis.
2360 3794 2685 3876 iidjungitur
2725 3808 2895 3876 tamen
2941 3817 3038 3876 voa:
3088 3800 3182 3876 tali
3234 3794 3705 3876 orationi'triplici

2098 3863 2322 3937 ratione.
2353 3863 2766 3937 Primo'quidem
2800 3872 2870 3923 ad
2908 3872 3235 3926 excitandum
3264 3863 3701 3928 interiorem'de-

2098 3935 2391 4011 votionem,
2441 3953 2545 4011 qua
2574 3935 2730 3994 'mens
2766 3943 2959 3996 orantis
2987 3943 3210 3998 elevetur
3237 3944 3290 3996 in
3325 3943 3491 3998 Deum
3518 3961 3536 3997 :
3564 3947 3696 4011 quia

2097 4021 2191 4083 per
2219 4007 2476 4060 exteriora
2495 4010 2675 4080 signa,
2707 4012 2811 4066 sive
2834 4029 3014 4066 vocum
3035 4055 3048 4079 ,
3082 4016 3186 4069 sive
3213 4019 3363 4068 etiam
3396 4007 3702 4083 aliquorum

2098 4077 2378 4158 factorum,
2409 4077 2638 4133 movetur
2661 4077 2801 4138 mens
2822 4077 3047 4158 hominis
3073 4087 3361 4158 secundum
3400 4077 3702 4158 apprehen-

2097 4147 2318 4223 sionem,
2340 4159 2388 4203 et
2413 4166 2506 4223 per
2523 4167 2830 4222 consequens
2852 4156 3134 4210 secundum
3163 4147 3508 4223 a/I'ectionem.
3541 4156 3703 4212 Unde

2097 4217 2419 4299 Augustinus
2449 4221 2574 4276 dicit
2615 4217 2940 4299 ad'Probam
2985 4228 3006 4296 (
3031 4217 3222 4296 Epist."
3241 4226 3338 4280 121
3362 4271 3377 4294 ,
3420 4246 3537 4296 cap.
3569 4228 3650 4299 9)
3677 4269 3697 4292 ,

2097 4291 2236 4360 quod
2277 4293 2440 4348 verbis
2479 4303 2529 4370 et
2573 4297 2694 4350 aliis
2733 4297 2894 4366 signis
2936 4291 3006 4351 ad
3045 4291 3339 4370 augendum
3366 4291 3700 4354 desiderium

2097 4369 2334 4436 sanctum
2361 4381 2453 4418 nos
2477 4367 2620 4436 ipsos
2648 4369 2820 4422 acrius
2845 4367 3146 4423 excitamus.
3200 4368 3270 4422 Et
3319 4372 3435 4424 ideo
3482 4373 3533 4423 in
3581 4372 3700 4425 sin-

2095 4434 2271 4513 gulari
2296 4434 2530 4490 oratione
2557 4447 2759 4492 tantum
2789 4450 2864 4513 esi
2891 4441 3098 4513 vocibus
3119 4452 3169 4496 et
3196 4442 3496 4513 Itujusmodi
3523 4443 3697 4513 signis

2096 4507 2688 4582 utendum,__quantum
2733 4511 2936 4582 proﬁcit
2978 4514 3047 4565 ad
3093 4507 3426 4567 excitandum
3471 4507 3699 4567 interius

404 4583 527 4636 cula
556 4591 740 4637 vestra.
775 4581 902 4648 Quae
932 4589 1052 4636 sunt
1086 4581 1185 4674 ist:
1221 4577 1457 4634 cubicula
1477 4624 1492 4647 ,
1524 4581 1623 4674 nisi
1651 4580 1763 4650 ipsa
1766 4581 1950 4674 [perdit
1974 4621 1989 4646 ,
2018 4613 2072 4674 Β
2101 4588 2340 4632 mentem.
2359 4577 2422 4659 Si
2446 4594 2561 4674 ver‘o
2583 4596 2722 4635 mens
2745 4577 2836 4652 per
2856 4581 2954 4635 hoe
2972 4584 3315 4674 diitrahatur,
3341 4584 3419 4674 uel
3440 4584 3700 4654 qualiter-

444 4673 449 4674 ,
484 4671 516 4674 __
540 4655 586 4674 Β--
617 4653 808 4674 ..-ᾲι----
838 4653 979 4674 -.Σ-μ.
1005 4651 1131 4674 ,2-..2
1179 4661 1355 4674 -..ι-ι-.-
1398 4667 1505 4674 -_....
1563 4651 1744 4674 2-1a“...
1817 4666 1890 4674 -..-
1952 4651 1966 4674 .'
2103 4663 2316 4674 -.ι-..-ηρ
2366 4666 2500 4674 --....-
2542 4661 2680 4674 --.μμ
2782 4664 2841 4674 --ι
2880 4671 2901 4674 _
2935 4656 3026 4674 .el!
3065 4671 3113 4674 ,η
3166 4671 3323 4674 ΪῙΑΑ-.-
3540 4657 3582 4674 Λ
3634 4673 3639 4674 ,
3681 4659 3698 4674 ι

401 4671 517 4723 qua:
536 4655 591 4708 in
612 4653 812 4721 psalmo
830 4653 980 4706 etiam
1000 4650 1376 4723 signiﬁcantur,
1391 4667 1507 4723 cum
1525 4651 1744 4704 dicitur:
1765 4650 1890 4716 Qum
1911 4651 1986 4704 di-

401 4721 516 4779 i‘tlls
546 4726 600 4779 in
623 4723 860 4779 cordibus
880 4721 1077 4784 vestris,
1095 4730 1145 4776 et
1161 4723 1213 4775 in
1232 4721 1484 4776 cubilibus
1499 4723 1676 4776 vestris
1692 4723 1994 4792 compungi-

404 4798 531 4851 mini
549 4795 902 4870 (Psalm._tv).
922 4793 986 4846 Et
1002 4793 1301 4870 claudentes
1317 4793 1468 4870 ostia,
1490 4803 1654 4860 orate,
1676 4791 1994 4870 ait,P_atrem

408 4860 630 4921 nstrum
661 4869 716 4921 in
745 4860 1008 4920 absconso.
1059 4860 1253 4915 Parum
1283 4871 1356 4917 est
1387 4866 1582 4918 intrare
1624 4863 1860 4917 cubicula
1885 4903 1901 4929 ,
1946 4865 1993 4918 si

405 4941 596 4992 ostium
634 4947 809 5011 pateat
843 4935 1166 5011 importunis.
1219 4933 1320 4987 Per
1361 4937 1500 5004 quod
1539 4935 1734 5011 ostium
1781 4950 1841 4988 ea
1877 4949 1994 5004 qua:

405 5011 533 5078 foris
561 5005 702 5074 sunt,
722 5005 974 5080 improbe
1013 5021 1067 5059 se
1094 5006 1426 5080 immergunt,
1462 5015 1509 5059 et
1532 5007 1785 5080 interiora
1815 5015 1994 5080 nostra

405 5075 675 5152 appetunt.
709 5075 866 5135 Foris
885 5086 1054 5130 autem
1084 5075 1311 5152 diximus
1331 5091 1440 5130 esse
1465 5078 1640 5131 omnia
1685 5077 1993 5152 temporalia

403 5146 450 5204 ct
474 5146 728 5215 'visibilia,
757 5165 870 5220 quat
895 5165 984 5220 per
1009 5148 1216 5212 ostium,
1248 5146 1302 5199 id
1326 5155 1422 5213 est,
1463 5164 1553 5218 per
1585 5148 1845 5220 carnalem
1870 5164 1991 5202 sen-

403 5239 540 5286 sum,
574 5225 630 5276 in
670 5219 999 5292 cogitatimtes
1030 5228 1230 5292 nostras
1259 5228 1552 5292 penetrant,
1585 5219 1809 5292 et_turba
1833 5234 1992 5292 vano-

405 5309 519 5346 rum
547 5288 961 5364 phantdsmatum
989 5288 1256 5343 orantibus
1273 5289 1597 5364 obstrepunt.
1619 5289 1993 5364 AClaudendum

402 5377 477 5418 cst
507 5360 627 5434 ergo
658 5361 947 5434 ostium,‘id
969 5370 1068 5434 est,
1101 5361 1500 5434 carnalisensui
1527 5360 1868 5434 resistendum
1895 5371 1990 5434 est,

400 5447 455 5487 ut
489 5428 658 5487 oratio
684 5431 934 5505 spiritaiis
963 5431 1220 5505 dirigatur
1248 5431 1316 5482 ad
1345 5428 1592 5505 Patrem,
1635 5446 1753 5502 qua:
1797 5432 1854 5499 ﬁt
1885 5432 1990 5505 in-

402 5506 539 5557 timis
566 5499 741 5558 cordis
767 5549 781 5571 ,
829 5502 918 5556 ubi
953 5499 1131 5556 oratur
1160 5499 1320 5554 Pater
1359 5513 1529 5572 noster
1570 5504 1624 5555 in
1649 5499 1986 5556 abscondito.

400 5574 460 5628 S.
494 5573 790 5643 Gregorius
821 5588 928 5628 ml
953 5573 1142 5628 Moral.
1167 5587 1288 5640 cap.
1321 5574 1388 5628 18
1419 5590 1432 5624 :
1475 5572 1637 5640 Vera,
1670 5574 1865 5641 inquit,
1897 5591 1992 5643 po-

399 5643 613 5697 stulatio
645 5661 745 5715 non
771 5646 826 5699 in
853 5646 955 5698 oris
984 5653 1058 5698 est
1086 5643 1292 5697 vocibus
1317 5688 1332 5713 ,
1377 5643 1467 5698 sed
1509 5646 1563 5698 in
1592 5644 1990 5715 cogitationibus

401 5714 972 5789 cordisui’a'lentiores‘
995 5730 1217 5789 namque
1255 5730 1398 5769 voces
1445 5717 1589 5789 apud
1625 5714 1990 5789 secretissimae

401 5795 552 5856 aures
594 5781 694 5840 Dei
734 5803 836 5841 non
872 5786 1068 5856 faciunt
1113 5781 1263 5839 verba
1308 5781 1491 5840 nostra
1509 5829 1524 5852 ,
1571 5788 1660 5842 sed
1709 5787 1986 5842 desideria.

408 5854 680 5930 rEternam
743 5854 926 5913 etenim
974 5860 1129 5912 vitam
1167 5857 1214 5911 si
1257 5873 1346 5914 ore
1384 5860 1635 5930 petimus,
1682 5875 1774 5914 nec
1818 5870 1989 5914 tamen

404 5928 560 5988 avde
590 5929 944 5990 desideramus
971 5978 987 6008 τ
1022 5930 1302 5990 clamantes
1331 5928 1578 5991 tacemus.
1613 5930 1675 5988 Si
1703 5947 1821 5990 vero
1852 5932 1988 5992 desi-

2097 4663 2316 4718 cumque
2365 4651 2680 4719 impediatur
2703 4696 2719 4721 ,
2748 4651 2841 4706 est
2871 4671 2902 4705 a
2931 4655 3119 4709 talibus
3150 4651 3481 4709 cessandum.
3537 4657 3698 4720 Quod

2095 4723 2353 4797 pracipue
2381 4725 2711 4797 contingitin
2741 4725 2818 4777 his
2841 4741 3057 4793 quorum
3081 4743 3221 4780 mens
3254 4727 3365 4779 sine
3389 4725 3699 4797 hujusmodi

2094 4792 2256 4866 signis
2283 4801 2360 4844 est
2373 4794 2457 4866 uti
2480 4792 2800 4866 devotionem
2829 4792 3144 4864 preparata.
3177 4797 3326 4852 Unde
3349 4792 3536 4866 psalm.
3563 4813 3695 4853 xxvt

2093 4861 2341 4938 dicebat:
2371 4861 2489 4938 Tibi
2517 4865 2648 4938 dixit
2670 4881 2758 4938 cor
2778 4861 2966 4938 meum,
2997 4869 3266 4938 exquisivit
3293 4861 3526 4936 te'facics
3552 4885 3691 4924 mea.

2095 4931 2164 4986 Et
2190 4936 2253 5010 de
2284 4935 2649 5010 Anuaﬁlegitur
2671 4977 2686 5000 ,
2739 4937 2758 5010 ι
2790 4931 2992 5010 Regum
3021 4931 3085 5004 1,
3125 4941 3267 5009 quod
3299 4931 3603 5008 loquebatur
3635 4942 3694 4993 in

2095 5004 2390 5091 cor‘tiesuo.
2423 5004 2663 5091 secunda
2689 5004 2994 5091 adjungitur
3018 5004 3207 5091 vocalis
3246 5004 3590 5091 oratioquasi
3620 5014 3696 5064 ad

2094 5074 2434 5130 redditionem
2460 5077 2636 5143 debiti,
2670 5087 2724 5131 ut
2753 5074 2942 5134 scilicet
2972 5079 3124 5135 homo
3153 5079 3262 5135 Deo
3291 5074 3474 5134 serviat
3501 5097 3696 5134 secun-

2095 5145 2218 5199 dum
2241 5146 2376 5200 illud
2403 5156 2563 5220 totum
2589 5151 2725 5220 quod
2752 5165 2813 5204 ea:
2842 5151 2949 5205 Deo
2980 5152 3150 5216 habet,
3179 5152 3234 5205 id
3261 5160 3355 5217 est,
3389 5167 3491 5206 non
3520 5153 3696 5206 solum

2094 5227 2280 5294 mente,
2309 5220 2400 5271 sed
2420 5219 2574 5294 etiam
2593 5237 2824 5290 corpore.
2855 5224 3006 5288 Quod
3029 5224 3286 5293 prmcipue
3310 5223 3545 5294 competit
3571 5238 3697 5275 ora-

2091 5289 2222 5363 tioni
2267 5291 2546 5363 secundum
2585 5289 2724 5360 quod
2765 5303 2840 5346 est
2885 5289 3255 5363 satisfactoria.
3308 5289 3458 5348 Unde
3497 5293 3698 5346 dicitur

2098 5359 2220 5416 Ose.
2249 5362 2347 5436 uit.
2369 5377 2388 5417 :
2421 5359 2638 5436 Omnem
2665 5367 2815 5436 aufer
2839 5359 3180 5436 iniquitatem,
3208 5379 3253 5420 et
3279 5367 3456 5432 accipe
3476 5365 3692 5432 bonum,

2093 5440 2144 5484 et
2172 5432 2448 5486 reddemus
2476 5433 2660 5487 vitulos
2688 5432 2942 5489 labiorum
2970 5445 3282 5491 nostrorum.
3302 5436 3477 5490 Tertio
3497 5437 3696 5499 adiun-

2094 5504 2234 5572 gitur
2263 5505 2452 5558 vocalis
2488 5507 2653 5577 oratio
2693 5522 2756 5560 επ
2783 5507 3011 5577 quadam
3039 5509 3392 5562 redundantia
3418 5508 3481 5560 ab
3507 5509 3693 5559 anima

2093 5590 2146 5626 tu
2193 5589 2379 5646 corpus
2427 5591 2491 5628 ea.
2535 5575 2815 5630 vehementi
2863 5579 3136 5646 affectione
3162 5621 3176 5644 ,
3222 5579 3505 5634 secundum
3551 5578 3692 5632 illud

2093 5645 2487 5717 psalmidecimi
2514 5647 2722 5716 quinti:
2754 5645 3011 5717 Lmtatum
3040 5660 3115 5704 est
3143 5667 3231 5704 cor
3257 5666 3426 5703 meum
3452 5690 3467 5714 ,
3511 5658 3558 5703 et
3601 5665 3698 5704 ea:-

2093 5717 2302 5769 sultavit
2331 5716 2508 5785 lingua
2534 5732 2665 5782 mea,
2699 5716 2966 5776 Hactenus
2987 5732 3210 5781 sanctus
3229 5721 3487 5776 Thomas.
3514 5721 3694 5777 Porro

2094 5789 2162 5841 de
2196 5787 2416 5855 privatis
2446 5789 2786 5845 orationibus
2812 5792 2957 5854 idem
2989 5794 3190 5848 docent
3214 5793 3306 5847 alii
3334 5793 3544 5847 Patres.
3580 5797 3700 5846 Au-

2091 5859 2339 5934 gustinus
2360 5859 2422 5934 in
2452 5859 2809 5934 hegularcap.
2841 5864 2874 5918 5
2901 5883 2914 5918 :
2947 5862 3014 5920 In
3043 5865 3272 5920 oratorio
3298 5879 3446 5918 nemo
3487 5865 3702 5934 aliquid

2093 5941 2237 6006 agat,
2271 5931 2370 5988 nisi
2391 5932 2459 5988 ad
2482 5933 2624 6008 quod
2648 5931 2844 6011 factum
2871 5944 2966 6007 est,
3000 5939 3138 5992 unde
3165 5945 3212 5994 et
3239 5949 3422 5996 nomen
3447 5931 3703 6026 accepit;
