4078 6332
326 304 422 362 817

1402 309 1744 372 οοιιΑτιο
1783 315 1852 373 Χ.
1879 346 1956 362 -
1979 316 2070 374 DE
2107 316 2485 375 ORATIONE.

3487 327 3595 385 8l8

325 413 633 511 diligentius
663 415 1063 511 observandum
1091 428 1198 488 est,
1227 428 1286 477 ut
1308 421 1572 484 intrantes
1595 427 1652 484 in
1678 427 1901 486 cubicu-
1924 434 1981 496 Α
2003 445 2109 502 que
2134 440 2220 488 est
2245 432 2569 490 sacriﬁcium
2596 447 2815 504 verum,
2845 435 2972 507 quia
3000 437 3320 507 sacriﬁcium
3345 437 3458 494 Deo
3485 442 3596 511 spi-

327 508 430 561 lum
473 516 720 563 nostrum
767 509 955 565 clauso
997 513 1141 568 ostio
1189 524 1378 571 nostro
1427 532 1644 576 oremus
1683 521 1902 580 Patrem

325 608 568 655 nostrum
600 600 832 672 (Matth.
863 617 914 659 vt
937 605 984 674 ),
1027 605 1170 675 quod
1195 621 1226 662 a
1273 608 1431 666 nobis
1467 611 1538 667 ita
1570 613 1903 684 implebitut'.

327 694 466 746 Intra
499 703 744 749 nostrum
775 695 1084 753 cubiculum
1115 700 1507 772 supplicamus,
1539 719 1662 763 cum
1692 709 1762 765 ab
1787 723 1908 766 om-

326 786 468 840 nium
515 785 905 857 cogitationum
947 791 1064 848 sive
1098 793 1524 853 sollicitudinum
1553 800 1778 870 strepitu
1810 818 1908 859 cor

327 889 567 933 twslrum
602 883 813 950 penitus
842 895 1191 953 amoventes,
1233 899 1446 945 secreto
1473 893 1708 962 quodam
1746 895 1907 954 modo

326 985 386 1025 ac
430 970 771 1029 familiariter
811 991 1007 1046 preces
1051 989 1266 1037 nostras
1313 982 1540 1041 Domino
1583 987 1900 1045 referamus.

326 1063 522 1118 Clauso
567 1080 786 1121 oramus
834 1069 1015 1137 ostio,
1069 1087 1193 1128 cum
1247 1075 1451 1131 strictis
1499 1077 1658 1135 labiis
1707 1082 1905 1137 nostris

329 1155 584 1225 omnique
607 1155 828 1214 silentio
853 1161 1241 1233 supplicamus,
1269 1181 1376 1223 non
1404 1183 1594 1225 vocum
1614 1213 1631 1239 ,
1661 1172 1756 1227 sed
1784 1186 1907 1228 cor-

325 1245 472 1300 dium
517 1252 826 1306 scrutatori.
887 1253 945 1309 In
984 1257 1303 1315 abscondito
1352 1277 1574 1319 oramus
1605 1305 1621 1329 ,
1689 1266 1906 1336 quando

324 1339 488 1395 corde
529 1351 773 1410 tantum,
821 1354 877 1400 et
918 1346 1125 1404 intenta
1155 1361 1336 1410 mente
1367 1356 1652 1424 petitiones
1691 1365 1905 1416 nostras

323 1431 422 1487 soli
456 1433 745 1502 pendimus
774 1436 907 1502 Deo,
940 1439 1010 1493 ita
1037 1449 1094 1496 ut
1126 1456 1193 1498 ne
1237 1443 1370 1515 ipsa:
1408 1447 1626 1517 quidem
1655 1448 1905 1506 adversae

325 1522 540 1578 valeant
556 1534 854 1594 potestates
873 1543 1044 1596 genus
1065 1541 1264 1589 nostra:
1287 1535 1568 1604 petitionis
1588 1553 1902 1610 agnoscere.

325 1611 554 1683 Propter
576 1618 718 1686 quod
741 1633 863 1674 cum
887 1635 1099 1677 summo
1130 1634 1214 1681 est
1236 1629 1499 1684 orandum
1524 1630 1763 1700 silentio,
1795 1647 1902 1689 non

320 1707 497 1762 solum
527 1725 598 1765 ne
629 1712 825 1768 fratres
852 1724 1091 1774 astantes
1115 1722 1319 1778 nostris
1360 1725 1603 1780 susurris
1646 1727 1732 1782 vel
1781 1728 1900 1784 cla-

2008 525 2139 580 ritas
2167 526 2546 583 contribulatus
2570 525 2743 601 (Psal.
2772 525 2861 604 ι).
2892 529 3022 587 Haec
3061 531 3316 588 salutaris
3354 531 3594 602 oblatio,

2008 620 2111 674 ista
2141 628 2268 676 sunt
2306 635 2443 692 pura
2481 622 2782 692 libamina,
2833 623 2976 680 istud
3022 625 3340 697 sacriﬁcium
3371 613 3597 698 justitiw

2008 709 2228 786 (Ibid.),
2257 712 2400 768 istud
2417 714 2738 786 sacrificium
2757 715 2932 772 laudis
2953 715 3129 788 (Psal.
3154 718 3332 789 nix),
3357 716 3446 772 hac
3468 726 3599 772 sunt

2007 820 2151 863 verae
2193 821 2258 864 ac
2301 808 2528 879 pingues
2573 808 2768 866 hostiae
2793 853 2808 879 ,
2851 811 2952 866 ista
2988 820 3119 868 sunt
3157 812 3597 867 holocaustomata

2006 898 2494 968 medullata(Psal.
2524 902 2648 976 uv)
2674 943 2693 972 ,
2737 919 2858 974 quae
2905 905 3154 962 contritis
3196 915 3252 962 et
3298 905 3596 962 humiliatis

2011 990 2272 1048 cordibus
2315 992 2653 1059 otI’eruutur;
2702 1009 2930 1066 quaeque
2957 995 3062 1052 hac
3100 1011 3203 1066 qua
3244 995 3483 1052 diximus
3514 997 3598 1052 di-

2007 1082 2236 1152 sciplina
2281 1093 2337 1138 et
2381 1083 2681 1141 intentione
2728 1085 2952 1157 spiritus
2995 1087 3346 1158 exhibentes,
3382 1088 3594 1144 efﬁcaci

2007 1173 2311 1243 poterimus
2356 1175 2558 1244 virtute
2603 1187 2827 1234 cantare
2879 1197 2892 1232 :
2950 1177 3220 1252 Dirigatur
3267 1181 3434 1235 oratio
3481 1197 3598 1236 mea

2007 1265 2140 1320 sicut
2179 1267 2444 1322 incensum
2489 1267 2546 1322 in
2592 1277 2870 1338 conspectu
2915 1276 3005 1325 tuo
3029 1311 3046 1338 ,
3091 1270 3309 1326 elevatio
3343 1287 3596 1326 manuum

2007 1373 2238 1412 mearum
2280 1359 2592 1428 sacriﬁcium
2627 1363 2970 1432 vespertinum
3017 1361 3203 1434 (Psal.
3243 1362 3400 1434 cu).
3438 1363 3595 1430 Quod

2007 1452 2170 1507 etiam
2200 1467 2300 1508 nos
2321 1461 2625 1523 opportuna
2647 1463 2957 1510 commonet
2976 1453 3261 1512 devotione
3283 1455 3596 1526 persolvere

2007 1543 2155 1599 horae
2183 1544 2352 1614 ipsius
2378 1559 2442 1601 ac
2472 1545 2646 1601 noctis
2671 1545 2974 1603 adventus:
3003 1547 3072 1602 de
3095 1561 3203 1618 quo
3221 1547 3440 1618 quidem
3470 1547 3598 1602 licet

2006 1651 2107 1708 pro
2136 1637 2410 1693 tenuitatis
2438 1648 2636 1694 nostra:
2659 1653 2911 1695 mensura
2933 1639 3104 1694 multa
3136 1639 3341 1710 prolata
3367 1639 3594 1694 videan—

2008 1740 2132 1797 tur,
2167 1731 2369 1803 diuque
2409 1731 2480 1786 sit
2511 1740 2781 1801 protracta
2813 1732 3072 1800 collatio,
3120 1746 3218 1803 pro
3256 1731 3594 1788 sublimitate

323 1801 564 1858 moribus
593 1818 883 1862 avocemus
903 1848 919 1876 ,
961 1818 1018 1866 et
1041 1813 1310 1869 orantium
1351 1818 1600 1873 sensibus
1630 1820 1910 1892 obstrepa-
1935 1820 1985 1882 B
2015 1831 2194 1880 tamen
2225 1801 2294 1879 ac
2322 1821 2641 1880 difﬁcultate
2667 1823 2913 1878 materiae
2936 1801 3136 1893 paucis
3152 1820 3442 1879 admodum
3472 1836 3596 1878 cre-

322 1909 471 1960 atus;
515 1896 610 1950 sed
656 1907 714 1951 ut
753 1899 900 1968 ipsos
943 1917 1161 1975 quoque
1208 1906 1455 1963 inimicos
1490 1921 1710 1967 nostros
1741 1957 1755 1982 ,
1809 1913 1902 1984 qui

320 1990 600 2045 orantibus
635 1991 793 2047 nobis
831 1995 1067 2052 maxime
1101 1997 1426 2056 insidiantur
1447 2042 1464 2068 ,
1509 2002 1671 2058 lateat
1702 2013 1903 2062 nostra:

323 2082 599 2150 petitionis
624 2084 875 2141 intentio.
909 2087 983 2143 Ita
1010 2091 1153 2145 enim
1183 2102 1512 2162 praeceptum
1539 2095 1672 2152 illud
1703 2096 1900 2168 imple-

320 2174 591 2228 bimuszﬁ
634 2176 710 2230 Ab
754 2194 814 2232 ea
858 2196 974 2250 qua:
1019 2183 1209 2237 dormit
1256 2185 1310 2239 in
1355 2187 1474 2242 sinu
1520 2199 1610 2244 tuo
1637 2229 1653 2257 ,
1703 2192 1901 2248 custodi

316 2268 539 2323 claustra
565 2271 670 2324 oris
693 2272 772 2326 tui
797 2272 1015 2344 (Micha:
1039 2275 1157 2348 vn).

864 2391 1091 2450 CAPUT
1130 2395 1370 2454 XXXVI.

551 2503 629 2558 De
654 2506 880 2563 utilitate
903 2509 1067 2567 breuis
1093 2523 1144 2568 et
1172 2514 1343 2570 tacita:
1369 2517 1640 2572 orationis.

381 2636 466 2691 Ob
490 2637 635 2707 quod
662 2637 690 2677 ι)
721 2639 1035 2711 frequenter
1073 2646 1290 2716 quidem
1316 2691 1330 2715 ,
1381 2649 1475 2704 sed
1527 2650 1770 2708 breviter
1811 2659 1896 2708 est

317 2731 579 2786 orandum
604 2773 619 2799 ,
653 2749 720 2790 ne
751 2736 1166 2796 immorautibus
1195 2743 1380 2809 nobis,
1415 2744 1652 2802 inserere
1693 2745 1893 2818 aliquid

318 2833 504 2881 nostro
546 2829 696 2883 cordi
736 2832 1016 2890 insidiator
1048 2837 1222 2906 possit
1253 2838 1526 2896 iulmicus.
1561 2840 1708 2897 Istud
1740 2858 1895 2898 nam-

2006 1916 2184 1972 dimus
2205 1917 2562 1986 disputatum.
2592 1915 2690 1972 His
2709 1916 2911 1972 sanctis
2933 1915 3280 1972 sermonibus
3303 1914 3594 1984 stupefacti

1949 2063 1956 2071 .
2005 2011 2184 2081 potius
2212 2025 2370 2082 quam
2393 2009 2619 2080 repleti,
2653 2019 2678 2050 ο
2711 2009 3022 2080 vespertina
3053 2009 3242 2082 synaxi
3271 2007 3546 2064 celebrata
3571 2045 3590 2074 ,

2003 2117 2201 2173 sopore
2242 2101 2522 2173 paululum
2549 2103 2792 2158 membra
2825 2102 3158 2168 laxavimus,
3198 2101 3486 2172 primoque
3511 2099 3592 2156 di-

2003 2194 2184 2250 luculo
2225 2195 2497 2266 supplices
2534 2195 2603 2251 de
2646 2195 2893 2266 pleniore
2924 2203 3154 2251 tractatu
3182 2193 3378 2249 iterum
3407 2206 3592 2248 rever-

2005 2287 2150 2353 suri,
2193 2285 2262 2342 ad
2299 2297 2484 2343 nostra
2521 2287 2904 2351 discessimus,
2950 2295 3062 2341 tam
3098 2285 3168 2341 de
3196 2291 3593 2356 praeceptorum

2001 2378 2396 2450 acquisitione,
2429 2393 2591 2449 quam
2617 2378 2688 2434 de
2714 2377 3108 2449 promissorum
3137 2377 3428 2432 securitate
3457 2389 3592 2446 gau-

2001 2471 2215 2529 dentes.
2245 2471 2640 2527 Excellentiam
2668 2470 2936 2541 siquidem
2972 2469 3236 2525 orationis
3263 2466 3440 2522 nobis
3471 2476 3590 2520 tan-

2000 2565 2282 2624 tummodo
2324 2574 2814 2637 prazmoustratam,
2857 2563 3103 2619 ordinem
3134 2575 3264 2616 vero
3295 2568 3454 2630 atque
3481 2559 3594 2614 vir-

2002 2668 2170 2715 tutem
2190 2704 2204 2729 ,
2245 2675 2352 2730 qua
2385 2658 2550 2714 etiam
2577 2656 2915 2729 perpetuitas
2939 2655 3058 2726 ejus
3080 2696 3095 2720 ,
3129 2653 3217 2709 vel
3261 2650 3588 2722 acquirenda

2001 2761 2118 2818 est,
2161 2750 2247 2806 vel
2292 2749 2554 2816 tenenda,
2595 2747 2824 2804 necdum
2880 2759 2982 2802 nos
3028 2745 3236 2816 integre
3281 2742 3594 2815 percepisse

2005 2843 2113 2898 illis
2137 2841 2599 2913 disputationibus
2619 2852 2983 2896 senseramus.

1375 2947 1633 3004 ALARDI
1669 2949 1902 3007 GAZEI
1939 2950 2510 3008 COMMENTARIUS.

320 3034 371 3110 ut
389 3026 433 3078 si
457 3025 591 3110 forte
614 3030 797 3110 aliqui,
827 3042 1018 3110 prwter
1033 3033 1185 3110 horas
1206 3039 1528 3109 constitutas,
1561 3043 1606 3096 si
1631 3043 1701 3096 eis
1725 3053 1893 3110 vacat,

315 3107 458 3178 atare
483 3099 738 3178 saltuarint
761 3141 776 3166 ,
825 3099 928 3156 non
969 3105 1044 3159 eis
1082 3109 1182 3178 sint
1210 3099 1592 3178 impedimento.
1643 3113 1744 3170 Ubi
1772 3099 1897 3170 vide

317 3161 559 3252 Umberti
580 3161 1157 3252 Cptnm'entariumLS.
1184 3161 1896 3252 ueiii'séiiéuiéius'éép'.si

2002 3044 2542 3116 madamovebantur,
2572 3051 2740 3116 etuas
2767 3045 3110 3116 penituswnan
3133 3041 3456 3096 audiebatur.

2075 3124 2102 3152 ι
2139 3114 2228 3188 ille
2251 3117 2466 3188 patiaris
2493 3114 2634 3188 quod
2656 3111 2882 3171 Samson
2908 3129 2942 3169 a
2965 3114 3147 3170 Dalila
3173 3129 3355 3186 passus
3381 3121 3456 3168 est
3475 3152 3492 3180 ,
3521 3111 3597 3168 ait

2000 3185 2107 3258 div.
2138 3185 2522 3258 Hieronymus.

314 3233 532 3334 ἓξὲξ-φὶ
558 3240 826 3334 ε-βεξριςιο
867 3263 1020 3314 opere
1049 3247 1146 3334 liei
1169 3233 1659 3334 uomuerit—immo
1689 3233 1895 3334 Signis;
1923 3270 1969 3334 ρ
2139 3233 2633 3334 iliféiii'fiiliiiidus
2674 3258 2733 3334 _in
2778 3252 3595 3334 commendationembrevium

314 3317 490 3397 (ita!!!
515 3353 531 3375 ,
571 3321 619 3397 et
649 3323 833 3397 agatur
862 3320 1142 3397 reverentia
1179 3319 1287 3375 Deo
1311 3363 1348 3397 ,_
1373 3334 1428 3376 ut
1457 3327 1619 3397 frater
1645 3329 1732 3396 qui
1761 3327 1897 3395 forte
1925 3317 1969 3334 ’³
2003 3327 2059 3385 et
2082 3327 2524 3397 jaculatoriarum
2549 3329 2858 3384 orationum
2888 3369 2903 3392 ,
2950 3328 3020 3382 de
3047 3327 3241 3394 quibus
3263 3326 3426 3397 etiam
3457 3324 3594 3397 alias

315 3380 401 3458 sibi
441 3380 772 3461 peculiariter
804 3386 915 3461 uult
952 3405 1102 3443 orare
1125 3431 1141 3456 ,
1186 3407 1290 3444 non
1315 3380 1895 3461 'impe'diatur'alt'erius

315 3453 685 3536 improbitate.”
708 3455 813 3536 Sed
843 3468 902 3536 _et
947 3462 992 3513 si
1025 3453 1158 3530 forte
1187 3462 1319 3516 alter
1354 3453 1468 3518 uult
1510 3467 1606 3520 sibi
1649 3470 1893 3523 secretius

315 3533 479 3606 orare,
509 3526 810 3606 simpliciter
837 3526 1089 3606 ἔμπειρα
1128 3541 1268 3606 oret,
1288 3551 1390 3588 non
1417 3536 1471 3589 in
1502 3539 1727 3591 clamosa
1752 3554 1892 3606 voce,

314 3593 478 3679 sedis:
501 3593 748 3679 laciymt's
771 3607 817 3651 et
845 3602 1125 3679 intentione
1147 3593 1339 3679 cordis,
1371 3616 1476 3660 etc.
1513 3609 1752 3679 Denique
1781 3593 1898 3666 Cie;

315 3665 490 3752 samrius‘
513 3665 988 3752 a_'I‘t_trrec'remato
1015 3672 1216 3752 citatus
1247 3692 1258 3726 :
1291 3665 1423 3752 Ante
1466 3665 1680 3744 omnia:
1721 3681 1897 3752 inquit

315 3729 648 3817 (Tract...ll8
673 3739 728 3791 in
755 3739 1051 3817 Regulam),
1087 3747 1275 3817 fratres
1303 3729 1425 3810 nisi,

313 3805 670 3890 incumbimus,
689 3825 804 3863 cum
829 3805 1099 3890 silentia'et'
1118 3816 1285 3890 quiete
1305 3805 1602 3890 supplicare
1623 3805 1897 3878 debemus}

314 3883 429 3958 quia
451 3883 759 3958 quicumque
784 3883 1003 3958 voluerit
1027 3885 1278 3958 cumalta
1302 3883 1420 3943 uoce
1449 3895 1692 3954 clamare,
1725 3895 1894 3947 omni-

315 3943 399 4030 bus
433 3943 597 4030 juan
625 3943 688 4030 se
733 3955 981 4010 stantibus
1027 3957 1278 4030 orationis
1319 3943 1895 4030 fructttmnu—ide‘turvau-

315 4015 958 4104 [etramliugitustantum,
989 4036 1036 4080 et
1060 4015 1406 4104 suspiria,'uel
1429 4015 1653 4104 ρειηὶίιέξ

316 4086 788 4180 oratio
810 4086 986 4180 nostra
1017 4086 1495 4180 talis'esse'debei,
1531 4086 1898 4180 '4aitii"iiisie

317 4155 495 4238 legitur
525 4160 689 4215 Anna:
722 4167 896 4238 matris
932 4168 1066 4222 beati
1103 4155 1396 4228 Samuelis.
1543 4155 1896 4233 25%)}?th

317 4237 559 4297 scriptum
588 4242 682 4299 est,
715 4237 836 4304 quia
864 4240 996 4307 flens
1023 4240 1222 4307 orabat,
1251 4254 1300 4299 et
1327 4245 1464 4300 labia
1507 4251 1622 4320 ejus
1665 4259 1895 4305 tantum-

325 4373 689 4392 ᾗ

2003 3395 2210 3471 egimus
2240 3398 2396 3469 (Lib.
2428 3415 2462 3454 lt
2496 3397 2736 3454 Institut.
2759 3415 2816 3471 pc.
2848 3397 2958 3470 10)
2989 3414 3002 3452 :
3039 3397 3236 3468 quibus
3265 3396 3416 3471 quasi
3447 3395 3594 3471 scin-

2005 3465 2260 3546 tillis__cor
2286 3479 2533 3546 nostrum
2571 3469 2886 3546 accenditur
2916 3465 2947 3535 ,⁷
2980 3479 3035 3524 et
3056 3465 3228 3537 ‘quasi
3265 3465 3589 3546 quibusdam

1997 3541 2196 3609 jaculis
2222 3555 2320 3596 cor
2344 3540 2440 3596 Dei
2463 3540 2779 3608 configitur.
2805 3540 2880 3595 De
2908 3534 3138 3608 quarum
3164 3553 3266 3593 usu
3283 3534 3294 3536 “
3311 3534 3595 3609 monachis

2003 3605 2112 3666 illis
2139 3612 2486 3681 irequentato
2521 3620 2577 3665 et
2606 3605 2857 3681 familiari
2890 3605 2959 3664 ita
2998 3609 3114 3664 div.
3157 3607 3494 3681 Augustinus
3522 3605 3594 3660 ad

2003 3676 2292 3752 Probam'(
2317 3681 2664 3752 Epist.12‘2)
2693 3699 2704 3734 :
2754 3678 3014 3734 Dicuntur
3043 3681 3228 3752 fratres
3251 3676 3322 3732 'in
3352 3676 3590 3752 ngypto

2003 3699 2232 3738 rronam
2273 3699 2291 3752 ς
2317 3699 2488 3807 bdptu.
2519 3699 2664 3752 122)
2693 3699 2704 3734 :
2754 3699 3014 3734 Utcuntur
3043 3699 3228 3750 patres
3266 3699 3322 3732 tu
3352 3699 3590 3747 lngypta

2001 3753 2225 3828 crebrius
2252 3754 2342 3825 qui
2380 3770 2460 3807 em
2482 3751 2676 3828 [Iabere
2706 3751 2961 3828 orationes
2983 3791 2999 3816 ,
3041 3751 3130 3828 sed
3167 3766 3254 3828 eas
3282 3758 3449 3828 tamen
3476 3747 3593 3828 bre-

2000 3825 2234 3878 uissimas
2264 3817 2316 3878 et
2357 3825 2544 3894 raptim
2587 3821 2964 3894 quodammodo
3007 3821 3293 3894 ejaculatas
3321 3836 3340 3876 :
3372 3817 3457 3894 Ne
3495 3818 3592 3872 illa

1999 3896 2274 3969 uigilanter
2295 3891 2486 3969 erecta,
2515 3891 2632 3965 qua:
2657 3894 2830 3949 oranti
2857 3891 3136 3962 plurimum
3159 3891 3446 3969 necessaria
3471 3898 3544 3969 est
3571 3933 3587 3957 ,

1999 3962 2090 4038 pe'r
2110 3967 2460 4036 productiores
2491 3962 2661 4020 moras
2681 3972 2948 4038 evanescat
2976 3962 3404 4038 atqueltebetetur
3423 3962 3593 4038 inten-

2000 4033 2090 4092 tio.
2111 4033 2200 4091 ’Ac
2233 4054 2324 4109 per
2364 4038 2460 4092 hoc
2493 4039 2644 4091 etiam
2677 4037 2777 4106 ipsi
2803 4036 2926 4109 satis
2965 4033 3236 4109 ostendunt
3264 4033 3395 4109 hanc
3424 4033 3592 4086 inten-

2000 4111 2186 4164 tionem
2213 4105 2243 4175 ,⁷
2273 4109 2404 4163 sicut
2446 4126 2549 4162 non
2589 4117 2665 4162 est
2701 4105 3023 4162 extendenda
3048 4147 3063 4171 ,
3105 4106 3150 4160 si
3177 4105 3459 4177 perdurare
3487 4118 3592 4158 non

1998 4189 2196 4252 potest;
2216 4173 2299 4234 ita
2324 4182 2368 4234 si
2392 4180 2895 4252 perduraverit,Anon
2923 4178 3024 4232 cito
3054 4193 3162 4232 esse
3179 4173 3549 4252 'rumpendam.

2074 4263 2097 4290 ο
2137 4251 2198 4307 Id
2220 4261 2325 4322 est,
2357 4247 2670 4322 vespertino
2697 4250 2879 4307 ofﬁcio
2898 4287 2918 4319 ,
2947 4262 3047 4305 seu
3068 4247 3320 4304 oratione
3342 4251 3585 4316 peracta.

723 4382 3576 4414 Ἥ

1187 4484 1973 4593 οοιιΑΤΙο
2058 4491 2274 4598 DE
2287 4487 2736 4608 ΟΙΜΑ,

1382 4665 1540 4742 Qum
1575 4673 1673 4731 est
1699 4669 1981 4732 secunda
2007 4671 2260 4734 abbatis
2289 4670 2531 4743 Issaac,

1746 4808 1831 4860 DE
1863 4807 2160 4862 OATIONE.

819 5044 1046 5103 CAPUT
1085 5047 1376 5108 PRIMUM.

377 5131 525 5189 Inter
550 5136 664 5193 haec
694 5139 1144 5197 anachoretarum
1175 5144 1417 5201 inStituta
1451 5147 1702 5204 sublimia
1723 5191 1738 5216 ,
1768 5166 1889 5221 qua:

1914 5060 1971 5120 1)
1996 5055 2139 5126 stylo
2165 5095 2180 5121 ,
2219 5055 2473 5126 quiddam
2521 5068 2621 5110 nos
2662 5052 2995 5109 interserere
3037 5062 3199 5122 atque
3244 5059 3540 5109 contexere
3567 5093 3586 5122 ,

1993 5149 2136 5218 quod
2168 5148 2312 5205 velut
2341 5158 2368 5186 ι
2403 5147 2634 5217 pulchro
2661 5147 2878 5217 corpori
2909 5161 3119 5202 naevum
3167 5143 3456 5215 quemdam
3500 5145 3586 5199 vi-

308 5233 592 5298 utcumque
621 5230 867 5288 donante
890 5232 1004 5289 Deo
1029 5275 1044 5301 ,
1086 5234 1216 5292 licet
1242 5238 1495 5308 imperito
1518 5239 1725 5311 digesta
1759 5253 1890 5299 sunt
1992 5244 2185 5300 deatur
2206 5258 2505 5314 apponere,
2536 5244 2868 5299 narrationis
2893 5241 3065 5311 ipsius
3095 5239 3232 5298 ordo
3261 5238 3583 5312 compellit:
3663 5266 3679 5330 ς

1373 5371 1630 5427 ALARDI
1672 5372 1899 5429 GAZlEl
1939 5373 2502 5432 COMMENTARIUS.

376 5462 403 5490 ι
443 5452 655 5532 ﬁmus,
687 5456 853 5532 Festo
879 5467 1120 5532 auctore.
1155 5471 1238 5517 est
1263 5462 1475 5530 insigne
1501 5465 1764 5532 corporis,
1797 5477 1890 5521 aut

308 5525 514 5578 uacula
547 5529 744 5582 nativa.
775 5528 967 5585 Cicero
995 5531 1062 5584 de
1092 5525 1211 5586 Nat.
1246 5525 1472 5587 deorum
1505 5525 1644 5588 lihft
1676 5551 1689 5588 :
1720 5525 1786 5589 At
1814 5547 1890 5590 est

307 5597 512 5660 corpori
554 5614 767 5665 neruus;
809 5600 890 5654 illi
920 5610 1088 5656 tamen
1120 5604 1218 5656 hoc
1247 5605 1419 5658 lumen
1447 5605 1729 5659 videbatur.
1774 5606 1888 5662 Me-

313 5666 586 5745 tapltoric‘e
611 5672 845 5745 sumitur
871 5689 971 5745 pro
997 5674 1194 5743 quovis
1225 5677 1375 5729 vitio.
1417 5675 1538 5730 Div.
1570 5676 1887 5734 Ambrosius

310 5734 402 5817 lib.
423 5752 447 5817 ἰ
476 5737 629 5817 Olllc.
653 5755 782 5817 cap.
813 5734 1028 5817 decimo
1057 5754 1247 5817 octavo
1273 5789 1287 5813 ,
1342 5763 1510 5817 namus
1557 5750 1766 5802 erroris.
1801 5748 1888 5804 Si-

312 5807 506 5864 donius
529 5807 766 5880 Apolliti.
811 5814 903 5868 lib.
948 5828 984 5867 Il
1024 5816 1179 5885 epist.
1212 5820 1244 5870 5
1276 5807 1301 5869 ’τ
1355 5815 1579 5872 Victam:
1621 5821 1886 5886 religionis

2001 5483 2191 5540 naevus.
2232 5468 2511 5524 Ausonius
2544 5472 2595 5524 in
2624 5469 2840 5539 epistol.
2875 5469 3005 5540 idyl.
3034 5469 3105 5521 7:
3141 5465 3334 5540 Numas
3379 5476 3585 5540 nostros
3665 5465 3669 5472 ’

1997 5551 2045 5592 et
2083 5531 2344 5593 cicatrices
2381 5556 2636 5594 amamus.
2659 5531 2952 5594 "Paulinus
2970 5539 3214 5593 Ausonio
3238 5582 3253 5608 ,
3307 5538 3468 5608 epist.
3499 5540 3533 5592 2
3567 5553 3583 5594 :

2000 5609 2122 5684 Non
2153 5612 2566 5684 untquam‘tenui
2606 5611 2792 5684 saltent
2805 5621 2908 5684 tua
2936 5611 3106 5684 gratia
3132 5624 3272 5663 atavo
3296 5625 3584 5684 commacu-

1997 5681 2099 5733 lata
2125 5681 2249 5734 mihi
2271 5690 2366 5736 est.
2397 5681 2686 5735 Cassianus
2713 5678 2896 5735 coll'at.
2921 5678 3148 5750 septima
3175 5694 3292 5749 cap.
3322 5682 3394 5737 25
3415 5698 3428 5734 :
3452 5678 3582 5734 Cum

1995 5751 2054 5824 in
2078 5751 2180 5804 illis
2209 5769 2270 5824 ne
2297 5752 2652 5824 tenuissimum
2673 5751 2878 5824 quidem
2903 5769 3099 5806 vattm
3128 5762 3219 5806 aut
3247 5754 3503 5824 maculam
3525 5753 3580 5804 in

1993 5819 2086 5875 illo
2102 5823 2290 5886 iudicii
2321 5822 2403 5875 die
2428 5824 2656 5891 patiatur
2681 5819 2906 5879 inuenire
2947 5825 3121 5878 divina
3151 5825 3440 5880 clementia.
3475 5822 3581 5877 Dc-.
