4078 6332
413 347 516 405 825

1471 346 1754 408 JOANNIS
1792 344 2108 404 CASSIANI
2145 341 2642 402 COLLATIONES.

3587 331 3695 391 825

412 465 632 536 ,ἐξεγριὶ
666 465 1013 522 monasteriis
1037 464 1490 535 praeminebant,
1521 464 1591 518 ita
1618 471 1706 520 est
1735 463 1854 519 haec
1883 463 2001 533 epi-
2027 469 2084 528 Α
2107 469 2241 527 tem,
2263 472 2604 530 nequaquam
2635 468 2807 527 usque
2830 453 2898 509 ad
2928 453 3098 508 ﬁnem
3119 449 3341 508 deviare
3376 449 3641 507 Dominus
3665 460 3699 502 a

414 557 555 610 stola
582 556 837 624 refutata,
870 565 931 612 ut
956 565 1151 627 praeter
1180 556 1430 612 abbatem
1462 565 1489 593 ιι
1519 555 1879 627 Paphnutium
1911 570 2004 612 no-

412 657 543 704 strae
573 651 1011 720 congregationis
1041 650 1451 721 presbyterum,
1484 650 1664 705 nullus
1693 665 1812 706 eam
1840 659 2005 706 caete-

413 756 598 797 rorum
642 740 1082 813 presbyterorum
1113 745 1203 813 qui
1238 743 1291 799 in
1321 743 1512 799 eadem
1541 758 1725 799 eremo
1755 744 1875 800 aliis
1908 745 2004 800 tri-

411 834 512 888 bus
565 835 824 890 Ecclesiis
875 835 1266 903 praesidebant,
1320 850 1420 891 nec
1467 836 1568 906 legi
1613 834 1864 906 quidem,
1914 845 2006 892 aut

414 929 627 983 recitari
662 929 714 982 in
743 927 856 984 suis
886 931 1244 985 conventibus
1273 944 1494 1000 prorsus
1523 931 1898 986 admitterent.

1049 1019 1277 1077 CAPUT
1319 1020 1408 1077 Ill.

415 1109 675 1176 Serapion
725 1111 781 1164 in
823 1111 1481 1182 Anthropomorphitarum
1520 1113 1756 1169 haeresim
1805 1114 2004 1186 lapsus.

485 1202 634 1257 Inter
652 1201 754 1258 hos
765 1217 896 1274 ergo
913 1204 1002 1274 qui
1026 1203 1128 1258 hoc
1152 1204 1540 1260 detinebantur
1561 1221 1769 1271 errore,
1795 1206 1893 1260 fuit
1914 1222 2010 1262 an-

421 1294 742 1365 tiquiSsimte
773 1294 801 1334 ι)
828 1295 1188 1352 districtionis
1214 1306 1374 1367 atque
1406 1299 1457 1352 in
1485 1299 1689 1354 actuali
1723 1299 2010 1369 disciplina

416 1404 514 1459 per
544 1389 727 1444 omnia
758 1399 1189 1458 consummatus,
1219 1391 1440 1446 nomine
1469 1402 1491 1430 ο
1538 1391 1824 1456 Serapion,
1856 1393 2011 1462 cujus

415 1483 687 1553 imperitia
715 1499 882 1553 super
923 1483 1167 1552 prrcdicti
1207 1484 1476 1553 dogmatis
1505 1483 1761 1554 opinione
1801 1493 2008 1539 tantum

417 1575 813 1646 praeiudicabat
837 1576 1048 1630 cunctis
1078 1591 1261 1630 veram
1292 1577 1605 1632 tenentibus
1628 1576 1812 1644 ﬁdem,
1845 1589 2016 1646 quan-

419 1678 534 1722 tum
568 1669 685 1737 ipse
729 1669 814 1726 vel
847 1667 968 1722 vita:
997 1669 1193 1723 merito
1236 1669 1319 1724 vel
1369 1669 1694 1737 antiquitate
1746 1667 2010 1737 temporis

417 1774 607 1814 omnes
655 1759 771 1814 fere
819 1761 1117 1814 monachos
1143 1759 1408 1816 anteibat.
1440 1759 1686 1830 Cumque
1721 1759 1808 1815 hic
1837 1759 2010 1814 sancti

2108 553 2323 608 tramite
2378 557 2544 607 recta:
2590 548 2714 604 ﬁdei
2764 546 3123 618 permisisset,
3153 553 3210 601 et
3259 558 3358 614 pro
3395 543 3699 614 gratiarum

2105 647 2319 702 actione
2369 651 2656 714 surgentes
2694 655 2890 712 preces
2933 639 3167 694 Domino
3207 639 3415 710 pariter
3443 637 3701 694 tundere-

2108 756 2251 807 mus,
2284 739 2356 794 ita
2387 748 2473 794 est
2525 739 2577 793 in
2623 735 2872 792 oratione
2913 747 3082 790 senex
3113 740 3294 789 mente
3322 731 3606 798 confusus,
3632 747 3724 808 eo‘

2107 833 2252 905 quod
2277 842 2302 872 ⁸
2333 833 2484 887 illam
2519 826 3206 898 Anthropomorphltarum
3240 823 3532 894 imaginem
3574 823 3703 878 Dei-
3762 860 3779 872 .

2110 925 2256 987 tatis,
2284 939 2442 994 quam
2475 937 2784 994 proponere
2808 920 2912 977 sibi
2945 919 2999 974 in
3025 919 3276 975 oratione
3311 925 3700 983 consueverat,

2108 1019 2314 1075 aboleri
2341 1017 2410 1073 de
2437 1031 2538 1073 suo
2557 1015 2729 1072 corde
2758 1013 3008 1080 sentiret,
3039 1019 3096 1066 ut
3122 1011 3175 1066 in
3203 1009 3575 1064 amarissimos
3603 1007 3706 1062 ﬂe-

2111 1120 2196 1166 tus
2239 1109 2572 1180 crebrosque
2625 1105 2899 1176 singultus
2949 1112 3178 1174 repente
3227 1115 3604 1172 prorumpens,
3640 1099 3698 1154 in

2113 1213 2420 1272 terramque
2467 1208 2792 1269 prostratus,
2821 1211 2946 1252 cum
2976 1195 3181 1265 ejulatu
3206 1193 3538 1250 validissimo
3569 1206 3706 1260 pro-

2111 1294 2388 1358 clamaret,
2445 1291 2562 1346 lleu
2613 1306 2701 1346 me
2742 1289 3042 1345 miserum!
3077 1287 3314 1344 tulerunt
3343 1300 3373 1340 a
3404 1299 3489 1340 me
3532 1284 3711 1338 Deum

2113 1403 2316 1457 meum,
2342 1395 2398 1442 et
2425 1401 2590 1456 quem
2620 1398 2764 1440 nunc
2807 1393 3018 1439 teneam
3048 1397 3154 1438 non
3187 1380 3387 1446 habeo,
3419 1378 3503 1434 vel
3532 1391 3701 1448 quem

2113 1482 2330 1537 adorem
2381 1491 2472 1535 aut
2511 1479 2857 1549 interpellem
2899 1477 3011 1548 jam
3057 1476 3262 1532 nescio.
3289 1474 3463 1544 Super
3492 1487 3592 1541 qua
3643 1487 3713 1527 re

2114 1576 2271 1631 valde
2312 1575 2563 1645 permoti,
2600 1587 2701 1629 nec
2732 1587 2840 1627 non
2880 1571 3042 1627 etiam
3077 1569 3364 1640 prmteritae
3397 1566 3713 1622 collationis

2119 1668 2320 1722 virtute
2349 1665 2528 1721 adhuc.
2567 1665 2620 1720 in
2669 1664 2872 1720 nostris
2902 1662 3159 1719 cordibus
3188 1661 3479 1729 insidente,
3510 1659 3576 1714 ad
3607 1659 3713 1715 ab-

2116 1760 2295 1814 batem
2331 1757 2479 1812 lsaac
2509 1757 2831 1823 redivimus,
2861 1769 3020 1826 quem
3048 1754 3297 1809 cominus
3322 1753 3589 1808 intuentes
3621 1749 3715 1807 bis

416 1851 724 1920 presbyteri
771 1851 1059 1920 Paphnutii
1091 1852 1276 1906 multis
1305 1851 1774 1907 adhortationibus
1801 1851 1869 1906 ad
1900 1861 2012 1906 tra-
2041 1862 2090 1923 Β
2115 1852 2460 1910 sermonibus
2485 1851 2670 1907 adorsi
2698 1865 2905 1906 sumus.

417 1942 602 1997 mitem
639 1953 805 1998 rectae
840 1943 966 1997 ﬁdei
1020 1957 1124 1999 non
1177 1952 1360 2012 posset
1403 1945 1621 2012 adduci,
1651 1960 1717 2000 eo
1745 1945 1890 2016 quod
1914 1961 2012 2002 no-

418 2034 557 2088 vella
581 2036 630 2089 ei
659 2035 776 2090 haec
795 2037 1079 2106 persuasio
1103 2052 1206 2093 nec
1235 2037 1305 2092 ab
1331 2038 1696 2095 anterioribus
1721 2039 2013 2111 aliquando

419 2135 702 2195 comperta
743 2127 826 2181 vel
869 2127 1063 2183 tradita
1095 2128 1396 2196 videretur,
1440 2130 1640 2185 accidit
1684 2141 1742 2186 ut
1791 2132 2010 2202 quidam

419 2216 682 2273 diaconus
710 2233 936 2273 summae
986 2221 1231 2276 scientia:
1277 2223 1359 2276 vir
1399 2223 1622 2296 nomine
1651 2219 1679 2260 ἀ
1724 2223 2010 2288 Photinus,

421 2315 698 2370 desiderio
738 2316 955 2372 videndi
994 2318 1190 2374 fratres
1214 2319 1308 2390 qui
1341 2320 1394 2374 in
1420 2335 1608 2376 eremo
1631 2319 1821 2375 eadem
1856 2335 2012 2376 com-

419 2407 733 2474 manebant,
769 2408 836 2463 de
862 2407 1221 2480 Cappadociae
1244 2411 1488 2481 partibus
1516 2411 1819 2467 adveniret.
1841 2412 2011 2479 Quem

422 2500 614 2555 beatus
657 2500 992 2570 Paphnutius
1023 2517 1234 2558 summa
1269 2504 1633 2574 gratulatione
1683 2504 2010 2573 suscipiens,

419 2594 488 2646 ad
516 2592 992 2649 conﬁrmationem
1027 2593 1148 2650 ﬁdei
1178 2611 1298 2666 quas
1330 2596 1506 2651 fuerat
1533 2595 1781 2665 praedicti
1806 2594 2016 2664 pontiﬁ-

419 2685 500 2738 cis
531 2684 726 2740 litteris
755 2687 1175 2757 comprehensa,
1212 2689 1519 2759 producens
1546 2689 1600 2744 in
1623 2691 1883 2753 medium,
1918 2703 2013 2746 co-

421 2791 538 2831 ram
590 2779 799 2834 cunctis
850 2781 1109 2836 fratribus
1159 2781 1496 2847 sciscitatur,
1552 2783 2014 2853 quemadmodum

423 2870 557 2926 illud
580 2872 725 2940 quod
761 2873 815 2927 in
854 2873 1052 2929 Genesi
1083 2874 1306 2939 dicitur,
1342 2875 1625 2931 Faciamus
1651 2877 1915 2932 hominem
1944 2877 2014 2931 ad

423 2964 702 3032 imaginem
729 2975 775 3018 et
805 2964 1198 3019 similitudinem
1231 2976 1461 3020 nostram
1491 2967 1704 3036 (Genes.
1730 2967 1792 3038 1),
1825 2968 2017 3023 catho-

423 3056 546 3110 licae
567 3055 734 3110 totius
760 3056 996 3111 Orientis
1024 3057 1518 3126 interpretarentur
1542 3060 1820 3114 Ecclesim.
1852 3060 2017 3115 Cum-

424 3163 530 3218 que
559 3148 651 3203 ille
689 3163 795 3203 non
828 3149 1125 3204 secundum
1163 3150 1424 3206 humilem
1453 3153 1648 3206 litterae
1679 3167 1896 3219 sonum,
1919 3151 2012 3209 sed

2741 1943 2970 2001 CAPUT
3009 1943 3097 1999 IV.

2186 2038 2266 2094 De
2283 2039 2456 2094 reditu
2477 2038 2544 2091 ad
2564 2038 2796 2093 abbatem
2825 2036 2998 2100 Isaac,
3015 2045 3062 2090 et
3090 2035 3408 2090 discussione
3428 2033 3623 2088 erroris

2463 2126 2612 2179 quem
2642 2125 2799 2164 senex
2823 2109 3098 2180 praedictus
3120 2107 3359 2162 incurrit.

2187 2226 2339 2282 Licet
2370 2239 2471 2280 nos
2494 2225 2613 2294 ejus
2639 2222 2718 2278 rei
2749 2238 2869 2294 qum
2909 2236 3081 2292 nuper
3119 2221 3308 2276 oborta
3339 2227 3426 2276 est
3460 2219 3701 2284 novitas,

2115 2328 2171 2374 et
2215 2318 2508 2390 praeteritae
2557 2316 2864 2372 collationis
2907 2330 3028 2386 quae
3068 2328 3231 2384 super
3261 2313 3528 2368 orationis
3553 2321 3706 2367 statu

2115 2412 2325 2483 digesta
2365 2421 2474 2478 est,
2507 2409 2839 2467 desiderium
2878 2423 3164 2464 recurrere
3195 2407 3261 2462 ad
3295 2416 3443 2462 tuam
3474 2407 3718 2463 beatitu-

2117 2506 2301 2561 dinem
2342 2504 2660 2575 postpositis
2692 2502 2948 2557 omnibus
2976 2501 3255 2567 invitaret,
3286 2500 3488 2569 adjecit
3519 2508 3711 2554 tamen

2116 2597 2318 2667 aliquid
2346 2596 2470 2651 huic
2499 2594 2786 2665 cupiditati
2812 2594 2977 2650 etiam
3001 2593 3214 2648 abbatis
3244 2592 3560 2661 Serapionis
3593 2599 3716 2646 tam

2115 2690 2296 2760 gravis
2320 2703 2498 2755 error,
2535 2687 2991 2758 nequissimorum
3024 2686 3105 2757 (ut
3127 2684 3475 2754 arbitramur)
3505 2684 3719 2738 daimo-

2117 2797 2246 2836 num
2271 2780 2570 2836 calliditate
2599 2786 2914 2849 conceptus.
2950 2778 3066 2833 Non
3107 2779 3251 2835 enim
3297 2794 3462 2848 parva
3495 2779 3719 2848 despe-

2117 2873 2327 2928 ratione
2352 2871 2659 2942 dejicimur,
2685 2869 3097 2926 considerantes
3117 2886 3240 2926 eum
3266 2870 3478 2926 labores
3502 2879 3714 2938 tantos,

2117 2979 2255 3035 quos
2285 2978 2384 3033 per
2410 2963 2797 3033 quinquaginta
2827 2977 2999 3017 annos
3023 2965 3075 3016 in
3119 2961 3217 3016 hac
3247 2977 3432 3016 eremo
3460 2961 3718 3018 laudabi-

2118 3055 2245 3110 liter
2273 3054 2476 3125 exegit,
2503 3053 2824 3124 ignorantiae
2854 3053 3011 3123 hujus
3043 3053 3174 3108 vitio
3202 3067 3308 3107 non
3341 3053 3520 3107 solum
3543 3053 3712 3122 peni-

2118 3157 2204 3202 tus
2228 3147 2554 3217 perdidisse,
2583 3147 2680 3202 sed
2701 3147 2867 3201 etiam
2892 3155 3168 3216 perpetuas
3198 3147 3389 3200 mortis
3412 3145 3722 3202 incurrisse

428 3239 755 3306 spiritaliter
783 3241 1073 3310 imaginem
1109 3242 1205 3296 Dei
1242 3257 1304 3296 ac
1332 3242 1746 3299 similitudinem
1781 3245 1914 3299 tradi
1943 3244 2013 3300 ab
2041 3243 2088 3306 C
2119 3239 2437 3296 discrimen.
2489 3237 2646 3295 Unde
2698 3253 2852 3308 ergo,
2883 3237 2972 3294 vel
3022 3253 3120 3292 cur
3156 3239 3206 3292 ei
3253 3238 3342 3292 hic
3387 3247 3496 3292 tam
3530 3237 3720 3308 gravis

427 3334 698 3389 universis
725 3333 1091 3388 Ecclesiarum
1119 3336 1457 3406 principibus
1485 3337 1824 3404 explanaret,
1857 3337 2017 3407 idque

427 3427 656 3497 copioso
685 3442 941 3484 sermone
965 3444 1030 3484 ac
1063 3430 1307 3498 plurimis
1337 3429 1740 3496 Scripturarum
1771 3431 2018 3486 testimo-

429 3520 534 3575 niis
585 3521 932 3590 approbaret,
959 3535 1060 3576 nec
1103 3536 1260 3592 posse
1309 3522 1364 3576 in
1405 3521 1553 3577 illam
1599 3524 1920 3578 immensam
1964 3531 2019 3578 et

426 3615 1033 3686 incomprehensibilem
1076 3625 1237 3684 atque
1291 3615 1618 3671 invisibilem
1677 3616 2017 3686 majestatem

427 3708 628 3780 aliquid
663 3709 970 3780 huiusmodi
1000 3710 1197 3766 cadere
1223 3710 1367 3780 quod
1397 3711 1630 3766 humana
1663 3709 2018 3780 compositio-

429 3815 500 3856 ne
532 3800 707 3856 valeat
733 3815 795 3856 ac
824 3802 1182 3857 similitudine
1229 3801 1631 3866 circumscribi,
1664 3802 1866 3872 quippe
1896 3815 2019 3872 qua:

427 3893 752 3961 incorporea
796 3902 852 3948 et
901 3893 1258 3962 incomposita
1312 3895 1654 3964 simplexque
1701 3903 1894 3948 natura
1922 3894 2013 3962 sit,

428 3998 657 4052 quaeque
695 3983 836 4038 sicut
880 3984 1054 4039 oculis
1081 3985 1436 4053 deprehendi,
1473 3988 1544 4041 ita
1578 3995 1760 4042 mente
1791 4001 1899 4041 non
1925 4002 2020 4041 va-

428 4075 537 4129 leat
564 4076 862 4141 aestimari;
891 4083 1104 4132 tandem
1136 4093 1331 4140 senex,
1359 4080 1548 4134 multis
1576 4095 1639 4135 ac
1670 4080 2020 4135 validissimis

429 4165 730 4220 doctissimi
755 4167 855 4222 viri
880 4169 1273 4224 assertionibus
1313 4181 1511 4236 motus,
1545 4171 1611 4225 ad
1644 4171 1802 4227 ﬁdem
1833 4171 2019 4226 catho-

428 4259 550 4312 lica:
599 4258 908 4314 traditionis
955 4269 1218 4316 attractus
1273 4271 1377 4316 est.
1410 4259 1655 4333 Cumque
1703 4277 1864 4333 super
1917 4261 2019 4318 hoc

425 4348 543 4419 eius
571 4364 797 4406 assensu
839 4352 1050 4406 inﬁnita
1101 4354 1182 4408 vel
1228 4354 1480 4410 abbatem
1531 4355 1893 4424 Paplmutium
1923 4358 2014 4411 vel

428 4457 528 4497 nos
570 4457 764 4498 omnes
793 4444 977 4499 laetitia
1025 4445 1367 4516 replevisset,
1399 4447 1543 4517 quod
1590 4447 1802 4503 scilicet
1839 4450 2018 4503 virum

427 4543 594 4590 tanta:
635 4537 979 4608 antiquitatis
1016 4541 1290 4611 tantisque
1328 4541 1627 4596 virtutibus
1673 4557 2019 4597 consumma-

2128 3348 2281 3389 error
2326 3333 2628 3403 irrepserit,
2663 3332 2898 3402 primum
2953 3330 3330 3387 desideramus
3369 3345 3716 3400 agnoscere;

2125 3425 2322 3480 deinde
2358 3439 2672 3496 quaesumus
2698 3425 2915 3481 edoceri
2957 3424 3411 3494 quemadmodum
3453 3424 3519 3478 ad
3560 3424 3716 3480 illam

2127 3519 2392 3572 orationis
2420 3517 2758 3589 qualitatem,
2793 3517 2861 3572 de
2890 3531 2994 3587 qua
3015 3515 3224 3586 pridem
3258 3532 3364 3571 non
3405 3515 3579 3571 solum
3611 3529 3717 3570 co-

2126 3609 2296 3678 piose,
2350 3612 2448 3665 sed
2497 3609 2662 3665 etiam
2717 3609 3000 3679 magniﬁce
3053 3609 3360 3679 disputasti,
3415 3608 3722 3679 pervenire

2125 3705 2415 3772 possimus.
2446 3704 2502 3760 In
2538 3704 2639 3758 hoc
2667 3703 2808 3758 enim
2844 3701 3078 3772 profecit
3100 3702 3154 3757 in
3179 3701 3336 3758 nobis
3373 3701 3722 3758 admirabilis

2124 3795 2216 3850 illa
2245 3798 2485 3863 collatio,
2509 3806 2570 3852 ut
2606 3805 2885 3866 stuporem
2928 3795 3300 3852 tantummodo
3328 3796 3529 3852 mentis
3558 3796 3720 3850 incu-

2124 3898 2287 3958 teret,
2315 3907 2420 3946 nou
2462 3890 2922 3961 quemadmodum
2946 3904 3064 3944 eam
3107 3889 3374 3959 perﬁcere
3403 3890 3488 3945 vel
3513 3904 3719 3961 appre-

2125 3982 2364 4038 hendere
2393 3983 2724 4047 valeremus,
2756 3981 3094 4036 ostenderet.

2763 4074 2993 4130 CAPUT
3034 4073 3099 4130 ν.

2124 4169 2411 4239 Responsio
2435 4168 2498 4222 de
2520 4169 2722 4239 origine
2748 4167 3000 4222 haereseos
3029 4167 3267 4236 superius
3307 4169 3716 4236 comprehensa.

2195 4262 2380 4317 Isaac:
2412 4261 2529 4317 Non
2569 4271 2655 4316 est
2697 4261 3006 4316 mirandum
3058 4261 3335 4315 hominem
3375 4261 3721 4330 simplicissi-

2127 4371 2298 4422 mum,
2330 4364 2386 4411 et
2418 4355 2485 4410 de
2519 4354 2827 4409 substantia
2873 4369 2936 4409 ac
2984 4363 3176 4410 natura
3213 4354 3517 4410 divinitatis
3560 4371 3719 4412 num~

2124 4463 2282 4519 quam
2327 4448 2540 4518 penitus
2564 4447 2859 4514 eruditum,
2889 4446 3206 4502 rusticitatis
3235 4447 3369 4502 vitio
3395 4456 3449 4502 et
3478 4463 3720 4504 consue-

2127 4544 2316 4598 tudine
2351 4543 2557 4598 erroris
2587 4541 2797 4610 antiqui
2838 4556 3010 4611 usque
3039 4555 3185 4596 nunc
3211 4539 3466 4607 detineri,
3502 4543 3587 4597 vel
3619 4542 3719 4598 de-

426 4637 560 4695 tum,
576 4627 844 4700 imperitia
872 4631 983 4685 Sola
1007 4641 1061 4688 et
1089 4633 1440 4702 simplicitate
1472 4634 1792 4690 rusticitatis
1823 4651 2007 4691 erran-
2041 4627 2097 4686 D
2121 4635 2228 4704 cipi
2255 4634 2517 4704 potuisse,
2533 4642 2609 4699 et,
2632 4633 2776 4689 utita
2800 4632 2972 4688 dicam
2988 4636 3187 4701 verius,
3204 4631 3258 4688 in
3280 4647 3466 4689 errore
3487 4635 3716 4705 pristino

1489 4793 1744 4847 ALARDI
1785 4794 2022 4850 GAZAEI
2060 4794 2628 4853 COMMENTARIUS.

494 4936 516 4962 τι
559 4925 635 4980 De
679 4941 787 4998 quo
826 4926 961 4982 alias
1006 4943 1149 4992 saepe
1193 4938 1249 4982 et
1277 4929 1421 4982 varia
1469 4929 1752 4983 occasione
1801 4930 2012 4998 egimus

416 4995 636 5068 (Lithiv
674 4996 852 5050 Instil.
887 5015 1003 5064 cap.
1030 4999 1130 5060 40,
1163 5000 1338 5054 collat.
1372 5001 1405 5053 4
1439 5017 1552 5068 cap.
1590 4998 1686 5068 1),
1731 5009 1786 5056 et
1826 4995 2013 5056 rursus

419 5067 686 5136 agendum
716 5070 901 5124 collat.
936 5071 1003 5124 18
1033 5086 1154 5138 cap.
1186 5070 1269 5124 15.

489 5139 514 5175 b
548 5138 607 5192 Id
631 5149 736 5202 est,
768 5141 1099 5194 austeritatis
1123 5142 1204 5194 vel
1237 5141 1600 5196 abstinentim.

493 5224 513 5246 ε
544 5209 678 5266 Tres
710 5210 871 5284 hujus
895 5211 1126 5265 nominis
1158 5212 1518 5267 anachoretas
1550 5214 1673 5267 alibi
1706 5213 2012 5284 designavi-

419 5298 563 5338 tnus.
590 5297 620 5336 e
649 5283 848 5352 quibus
873 5283 1064 5336 tertius
1096 5285 1431 5346 Arsenoites,
1465 5284 1550 5338 cui
1583 5286 1762 5351 quinta
1795 5283 2014 5339 collatio

415 5355 483 5408 ab
529 5352 769 5408 Auctore
811 5353 1068 5407 tribuitur
1106 5353 1175 5407 de
1225 5366 1347 5408 octo
1393 5355 1779 5423 principalibus
1817 5359 2005 5422 vitiis;

417 5439 578 5488 quem
611 5424 833 5493 quidem
865 5424 1027 5478 etiam
1062 5425 1166 5479 hoc
1194 5426 1314 5480 loco
1337 5426 1606 5491 designari
1634 5426 1762 5480 mihi
1785 5441 2009 5494 persua-

308 5493 319 5503 ’
417 5495 542 5553 (leo,
588 5511 708 5547 cum
766 5495 966 5548 nullam
1024 5496 1433 5550 distinctionem
1495 5496 1745 5550 indicarit
1788 5493 2009 5552 Auctor

420 5580 520 5632 qua
578 5566 802 5636 intelligi
853 5566 1024 5631 possit
1054 5567 1217 5621 alium
1263 5583 1386 5622 esse
1420 5568 1486 5620 ab
1522 5582 1588 5621 eo
1621 5567 1708 5633 qui
1742 5568 2006 5625 hactenus

421 5635 732 5688 nominatus
745 5635 798 5689 et
821 5652 883 5689 ex
899 5639 1342 5704 praecedentibus
1361 5649 1543 5702 notus,
1561 5640 1652 5691 sed
1673 5639 1846 5705 potius
1859 5654 2005 5693 eum-

421 5705 680 5788 deinncssc
695 5723 758 5786 ex
774 5709 1049 5788 attributis
1071 5711 1116 5763 ei
1135 5711 1303 5788 titulis
1320 5710 1677 5788 colligendum
1699 5709 1995 5779 reliquerit.

487 5775 515 5813 ά
537 5775 668 5842 Quis
720 5776 822 5830 istc
869 5775 1152 5846 Photinus,
1182 5775 1469 5835 incertunf
1498 5779 1692 5837 habeo.
1730 5784 1795 5832 At
1820 5775 1997 5837 'certe

417 5860 532 5903 non
564 5847 658 5902 ille
687 5845 1072 5916 haeresiarcha,
1106 5851 1174 5906 de
1217 5859 1325 5918 quo
1371 5850 1483 5906 div.
1526 5847 1888 5919 Hieronymus
1938 5849 1990 5908 in

2118 4929 2482 5003 Catalogo,’et
2505 4932 2759 4988 Socrates
2791 4933 2884 4987 lib.
2917 4949 2954 4987 ιι
2990 4948 3112 5003 cap.
3137 4938 3201 4997 3;
3237 4947 3336 4988 nec
3380 4935 3470 4988 ille
3497 4949 3713 4989 rursum

2119 5002 2384 5074 letinus
2411 5003 2702 5072 episcopus
2715 5015 2769 5058 et
2782 5013 2990 5074 martyr
3014 5002 3187 5058 multo
3211 5005 3504 5074 antiquior,
3529 5015 3718 5074 utpote

2123 5073 2310 5147 [ωηιξξί
2344 5089 2661 5147 praecessor.
2699 5077 2772 5130 De
2800 5091 2907 5141 quo
2932 5073 3092 5130 idem
3145 5073 3510 5147 Hieronymus
3543 5073 3714 5146 epist.

2116 5144 2207 5217 8i,
2254 5143 2455 5217 Euseb.
2483 5145 2577 5199 lib.
2613 5162 2786 5216 vcap.
2817 5148 2852 5200 Ε).
2905 5157 2956 5199 et
2995 5149 3046 5204 5.
3083 5147 3237 5217 Apud
3284 5143 3550 5202 Joannem
3581 5143 3718 5205 'Mo-

2117 5215 2474 5288 sebumtvel,
2508 5219 2551 5271 si
2586 5215 2779 5283 mavis,
2810 5215 3212 5285 SOphronium,
3245 5220 3297 5271 in
3328 5217 3491 5273 Prato
3521 5219 3712 5288 Spirit.

2144 5284 2276 5360 Cap.
2306 5286 2432 5360 127)
2483 5299 2816 5343 memoratur
2861 5289 3124 5343 Photinus
3179 5284 3376 5354 abbas,
3421 5284 3716 5360 episcopus

2167 5358 2302 5411 hari.
2336 5359 2404 5412 At
2451 5368 2634 5414 noster
2684 5360 2769 5414 hic
2810 5359 3078 5415 Photinus
3107 5376 3214 5415 non
3260 5361 3574 5428 cpiscopus,
3612 5358 3710 5414 sed

2117 5429 2383 5484 diaconus
2403 5431 2686 5485 dumtaxat
2707 5433 2988 5494 asseritur,
3023 5432 3106 5486 vir
3131 5447 3280 5487 certe
3302 5431 3628 5498 catholicus,
3658 5445 3715 5486 ct

2113 5500 2166 5553 in
2200 5499 2442 5555 doctrina
2477 5502 2602 5557 ﬁdei
2649 5506 2867 5571 egregie
2910 5516 3185 5568 versatus,
3214 5515 3269 5560 et
3312 5501 3438 5556 inde
3473 5503 3714 5558 fortasse

2109 5571 2178 5626 ad
2212 5573 2580 5640 episcopatum
2613 5583 2923 5642 provectus.

2181 5653 2204 5679 θ
2234 5643 2517 5729 Qiacrinitts
2569 5656 2623 5728 et
2667 5646 2756 5729 alii
2789 5647 2972 5729 legunt
3008 5665 3019 5698 :
3073 5646 3712 5729 Illatrt_&v6pm7répopyov

2102 5713 2380 5796 imaginem
2436 5716 2674 5796 deitatis;
2721 5717 3160 5796 ἀνθρωπόμορφον,
3207 5721 3257 5796 i_d
3310 5713 3414 5784 cs't,
3466 5713 3711 5796 speciem

2103 5783 2391 5846 humanam
2442 5783 2926 5857 referentem,'seu
2959 5783 3190 5846 liu'niana
3217 5789 3390 5847 forma
3439 5783 3711 5857 efﬁctam,

2098 5865 2154 5908 ιιι
2180 5865 2344 5920 supra
2375 5853 2698 5926 expositum.
