4078 6332
321 5793 408 5843 bet
443 5791 612 5859 homo,

315 367 422 428 $.25

1413 363 1755 421 COLLATIO
1794 361 1864 418 Χ.
1889 391 1961 404 -
1987 361 2078 417 DE
2116 361 2486 420 OllATIONE.

3485 355 3593 416 826

321 481 639 551 perdurare,
661 481 755 552 qui
777 493 884 536 non
910 478 1140 543 recenti,
1169 478 1309 534 sicut
1331 476 1559 548 putitis,
1593 475 1899 532 daemonum
1925 481 1982 543 Α
2005 472 2077 528 tis
2105 473 2303 530 nostris
2331 482 2388 530 et
2416 473 2651 529 humana
2677 473 3002 545 figuratione
3030 474 3391 544 compositam
3421 475 3593 546 perti-

318 572 596 639 illusioue,
625 571 720 628 sed
746 571 1082 642 ignoratione
1105 567 1349 640 pristinae
1370 566 1703 650 gentilitatis
1738 564 1904 620 infer-

320 677 430 730 tur,
458 664 585 720 dum
612 671 639 702 ⁸
671 663 969 720 secundum
1019 659 1464 718 consuetudinem
1510 659 1712 714 erroris
1759 656 1904 713 illius

316 775 426 830 quo
457 759 741 815 daemones
782 757 1060 812 hominum
1090 755 1263 827 figura
1307 753 1640 824 compositos
1687 753 1907 808 excole-

321 853 473 918 bant,
507 864 654 906 nunc
683 844 900 920 quoque
930 848 1076 903 illam
1108 845 1717 916 incomprehensibilem
1743 853 1906 913 atque

317 943 653 999 ineflahilem
700 943 815 998 veri
857 940 1096 997 numinis
1138 939 1481 1010 maiestatem
1521 937 1623 994 sub
1672 939 1905 994 circum-

316 1035 621 1108 scriptione
667 1034 898 1105 alicujus
944 1033 1189 1104 imaginis
1233 1031 1504 1087 :estimant
1545 1029 1902 1097 adorandam;

315 1128 457 1183 nihil
489 1142 550 1183 se
579 1128 818 1183 retinere
844 1126 932 1182 vel
960 1127 1160 1182 habere
1188 1123 1492 1190 credentes,
1508 1123 1555 1178 si
1573 1123 1905 1193 propositam

315 1231 429 1273 non
459 1217 750 1273 habuerint
781 1218 1070 1286 imaginem
1095 1214 1411 1287 quamdam,
1433 1229 1593 1285 quam
1620 1214 1673 1268 in
1702 1213 1907 1284 suppli-

314 1311 534 1365 catione
554 1309 717 1379 positi
745 1309 944 1380 jugiter
971 1307 1342 1377 interpellent,
1371 1320 1600 1376 eamque
1621 1303 1906 1361 circumfe-

315 1411 444 1458 rant
470 1413 678 1471 mente,
708 1416 771 1457 ac
813 1417 923 1472 pra:
967 1401 1140 1458 oculis
1170 1407 1392 1456 teneant
1417 1413 1636 1469 semper
1660 1398 1902 1453 affixam.

314 1498 493 1566 Super
548 1512 783 1566 quorum
833 1496 935 1552 hoc
981 1509 1171 1551 errore
1221 1501 1598 1565 competenter
1652 1493 1905 1564 dirigitur

315 1588 407 1642 illa
433 1588 751 1643 sententia:
788 1587 853 1641 Et
883 1594 1204 1642 mutaverunt
1245 1586 1466 1657 gloriam
1499 1580 1914 1657 incorruptibilis'

314 1680 416 1735 Dei
453 1680 483 1720 1³
510 1683 566 1735 in
605 1681 996 1736 similitudinem
1028 1680 1270 1752 imaginis
1302 1680 1522 1734 hominis
1553 1678 1905 1751 corruptibilis

313 1773 494 1844 (Rom.
535 1774 609 1844 ι).
653 1773 922 1830 Jeremias
944 1787 1162 1844 quoque
1191 1789 1204 1826 :
1240 1771 1496 1844 Populus,
1529 1770 1727 1842 inquit,
1755 1787 1902 1826 meus

2013 565 2133 620 naci
2185 565 2551 636 perversitate
2599 565 2918 632 contendit;
2949 579 3109 636 quam
3152 573 3357 633 tamen,
3389 566 3437 622 si
3469 567 3592 639 quis

2014 657 2174 713 fuerit
2194 656 2480 713 catholicis
2519 657 2866 728 degmatibus
2895 657 3202 726 institutus,
3236 669 3293 715 ut
3321 662 3587 732 gentilem

2009 749 2401 820 blasphemiam
2441 750 2824 816 detestabitur,
2853 761 2908 806 et
2937 752 3008 806 ita
3039 750 3105 806 ad
3147 751 3294 805 illam
3325 751 3593 805 orationis

2006 842 2354 915 purissimam
2399 845 2685 913 perveniet
2730 843 3220 914 qualitatem,qum
3260 857 3370 898 non
3415 843 3592 898 solum

2006 933 2209 990 nullam
2235 933 2540 990 divinitatis
2558 935 2818 1006 effigiem,
2843 951 2943 992 nec
2972 935 3300 992 lineamenta
3324 949 3589 1005 corporea

2009 1026 2180 1098 (quod
2209 1026 2358 1083 dictu
2395 1041 2610 1098 quoque
2640 1028 2792 1084 nefas
2821 1030 2933 1095 est)
2963 1029 3014 1083 in
3053 1043 3152 1083 sua
3191 1027 3591 1098 supplicatione

2007 1119 2278 1187 miscebit,
2308 1119 2404 1176 sed
2453 1135 2554 1176 nec
2606 1121 2766 1176 ullam
2822 1120 3046 1191 quidem
3077 1120 3130 1175 in
3177 1135 3238 1176 se
3268 1120 3588 1176 memoriam

2005 1213 2136 1269 dicti
2169 1213 2451 1284 cujusdam
2481 1213 2566 1269 vel
2595 1213 2723 1270 facti
2751 1213 2989 1282 speciem
3022 1228 3118 1269 seu
3143 1212 3377 1270 formam
3406 1211 3591 1283 cujus-

2006 1305 2144 1363 libet
2169 1307 2502 1363 characteris
2527 1305 2796 1363 admittet.

2603 1461 2832 1518 CAPUT
2869 1461 2956 1516 Vl.

2008 1573 2204 1643 Quibus
2223 1589 2286 1628 ea:
2297 1573 2466 1627 causis
2479 1572 2755 1642 unicuique
2768 1583 2998 1626 nostrum
3011 1583 3098 1627 aut
3122 1572 3333 1629 humilis
3346 1573 3582 1632 Christus

2343 1643 2494 1699 Jesus
2519 1653 2608 1697 aut
2628 1643 2950 1714 gloriﬁcatus
2980 1654 3246 1716 appareat.

2074 1779 2386 1840 Secundum
2413 1793 2719 1834 mensuram
2747 1792 2977 1848 namque
3002 1779 3259 1848 puritatis
3279 1795 3417 1847 suae,
3440 1780 3584 1836 sicut

313 1867 534 1920 mutavit
579 1867 801 1937 gloriam
849 1880 999 1919 suam
1044 1865 1099 1919 in
1141 1864 1342 1918 idolum
1398 1863 1615 1937 (Jerem.
1666 1863 1747 1935 ιι).
1793 1863 1899 1931 Qlli
1937 1867 1984 1927 Β
2010 1875 2296 1947 superiore
2321 1874 2614 1930 collatione
2642 1871 2897 1943 praefatus
2923 1887 3044 1926 sum
3063 1872 3276 1943 (Collal.
3307 1872 3339 1927 9
3367 1889 3480 1944 cap.
3505 1873 3584 1943 8),

314 1972 476 2013 error
524 1958 651 2012 licet
700 1955 909 2026 origine
955 1955 1058 2011 hac
1109 1970 1212 2027 qua
1267 1955 1505 2011 diximus
1545 1955 1907 2027 quorumdam

312 2049 574 2105 sensibus
604 2049 678 2105 sit
708 2049 957 2114 inolitus,
985 2047 1340 2104 nihilominus
1381 2058 1559 2104 tamen
1600 2051 1653 2104 in
1681 2049 1905 2105 illorum

315 2159 540 2215 quoque
587 2144 783 2199 animis
825 2143 919 2214 qui
968 2159 1262 2214 numquam
1294 2143 1479 2214 gentili
1509 2143 1908 2212 superstitione

310 2237 505 2304 polluti
531 2244 681 2302 sunt,
703 2235 807 2292 sub
827 2236 1013 2291 colore
1039 2235 1338 2292 testimonii
1361 2237 1522 2307 hujus
1539 2251 1649 2308 quo
1672 2237 1902 2293 dicitur:

314 2329 600 2385 Faciamus
631 2331 890 2385 hominem
909 2330 978 2383 ad
1004 2331 1278 2402 imaginem
1307 2341 1356 2385 et
1377 2331 1768 2386 similitudinem
1785 2348 1907 2387 nos-

313 2435 449 2478 tram
475 2422 685 2497 (Cenes.
718 2424 782 2495 ι),
825 2423 1100 2494 imperitia
1145 2439 1242 2480 seu
1294 2424 1600 2481 rusticitate
1648 2425 1903 2490 faciente,

309 2525 628 2573 contractus
659 2524 764 2584 est,
799 2517 871 2571 ita
903 2525 962 2572 ut
1003 2517 1168 2573 etiam
1193 2527 1216 2556 ε
1252 2517 1509 2587 haeresis,
1540 2533 1664 2590 qua:
1705 2518 1906 2575 dicitur

312 2609 1026 2680 Authropomorphitarum,
1070 2610 1172 2666 sub
1223 2612 1516 2668 occasione
1564 2613 1903 2670 detestanda:

313 2701 476 2770 hujus
522 2701 993 2772 interpretationis
1047 2703 1361 2769 emerserit,
1405 2719 1527 2775 qua:
1575 2706 1902 2762 immensam

311 2795 457 2850 illam
483 2810 547 2852 ac
569 2796 874 2866 simplicem
890 2795 1191 2852 divinitatis
1214 2797 1575 2854 substantiam
1602 2799 1899 2856 lineamen-

2012 1982 2344 2039 unaquacque
2373 1981 2531 2022 mens
2562 1967 2617 2021 in
2648 1965 2902 2020 oratione
2949 1979 3050 2019 sua
3097 1965 3184 2020 vel
3232 1965 3458 2036 erigitur
3501 1965 3588 2020 vel

2012 2058 2307 2124 formatur;
2343 2067 2546 2112 tantum
2579 2057 2786 2112 scilicet
2814 2072 2840 2108 a
2872 2065 3214 2112 terrenarum
3247 2072 3311 2112 ac
3336 2058 3592 2111 materia-

2009 2151 2145 2206 lium
2201 2165 2384 2206 rerum
2427 2148 2895 2219 contemplatione
2957 2148 3276 2216 discedens,
3327 2158 3593 2219 quantum

2011 2258 2132 2300 eam
2163 2251 2334 2299 status
2357 2256 2468 2298 sua:
2495 2241 2810 2312 provexerit
2836 2240 3112 2312 puritatis,
3140 2240 3438 2311 feceritque
3463 2241 3596 2298 cl.le-

2012 2351 2132 2394 sum
2186 2335 2272 2391 vel
2316 2335 2574 2390 humilem
2606 2334 2803 2400 adhuc,
2828 2334 2914 2388 vel
2962 2347 3240 2398 carneutn,
3273 2335 3360 2389 vel
3391 2332 3594 2403 gloriﬁ‘

2009 2437 2190 2484 catum
2223 2430 2274 2482 in
2302 2427 2606 2498 majestatis
2648 2442 2760 2481 suae
2788 2427 2961 2497 gloria
2991 2427 3326 2493 venientem,
3360 2427 3594 2481 internis

2008 2519 2286 2574 obtutibus
2315 2519 2510 2574 anima:
2541 2517 2841 2588 pervideri.
2874 2517 2990 2573 Non
3033 2516 3176 2572 enim
3222 2518 3594 2588 poteruntJe-

2007 2629 2127 2670 sum
2148 2614 2347 2669 intueri
2375 2614 2688 2668 venientem
2712 2613 2763 2666 in
2791 2625 2959 2682 regno
2981 2627 3104 2676 suo,
3130 2612 3254 2682 quia
3283 2612 3460 2668 adhuc
3490 2613 3594 2668 sub

2007 2707 2098 2764 illa
2141 2707 2547 2779 quodammodo
2583 2706 2806 2763 Judaica
2843 2705 3162 2762 inlirmitate
3209 2706 3449 2772 detenti,
3483 2720 3592 2761 non

2005 2811 2211 2873 queunt
2258 2802 2446 2858 dicere
2475 2816 2601 2857 cum
2651 2799 2920 2871 Apostolo
2959 2815 2974 2856 :
3017 2799 3086 2853 Et
3121 2801 3165 2855 si
3209 2801 3538 2873 cognovimus
3569 2811 3594 2839 ο

1400 2936 1656 2992 ALARDI
1694 2938 1930 2994 GAZIEI
1966 2939 2526 2995 COMMENTARIUS.

379 3039 405 3066 ⁸
441 3027 515 3085 Ut
547 3027 644 3091 illi,
680 3027 746 3082 de
791 3043 1018 3096 quorum
1071 3045 1300 3084 numero
1326 3044 1385 3085 se
1434 3045 1557 3086 esse
1606 3032 1758 3085 fluxit
1786 3031 1897 3095 ille.

311 3101 398 3168 qui
431 3101 495 3155 S.
525 3099 766 3154 Antonio
797 3101 852 3153 in
883 3115 1069 3155 eremo
1110 3101 1212 3155 sub
1251 3099 1420 3155 forma
1458 3101 1768 3157 homunculi
1807 3119 1903 3172 ap-

312 3173 517 3244 paruit,
573 3180 626 3224 et
666 3172 910 3240 quisnam
957 3181 1106 3226 esset
1153 3173 1507 3244 interroganti
1562 3175 1842 3244 respondit
1883 3190 1898 3229 :

2009 3032 2402 3087 concluderetur
2429 3032 2685 3085 hominem
2721 3047 2821 3085 non
2847 3047 2953 3085 esse
2977 3031 3191 3084 similem
3224 3030 3354 3095 Deo,
3388 3049 3480 3087 nec
3521 3040 3590 3088 ad

2008 3106 2120 3175 ejus
2147 3105 2424 3174 imaginem
2459 3111 2507 3157 et
2533 3102 2946 3175 similitudinem
2991 3103 3204 3171 factum.
3239 3101 3447 3157 Etenim
3492 3104 3599 3159 Za—

2009 3173 2214 3228 charias
2260 3191 2381 3242 cap.
2415 3189 2466 3229 tv
2506 3174 2744 3227 describit
2766 3173 2942 3227 Deum
2968 3182 3157 3244 septem
3198 3178 3374 3228 oculos
3407 3176 3599 3230 haben-

318 3242 562 3296 Mortalis
593 3258 684 3312 ego
726 3253 935 3314 sum,et
963 3259 1096 3314 unus
1125 3259 1187 3296 ea:
1212 3242 1402 3297 accolis
1429 3245 1581 3298 eremi
1607 3242 1735 3314 quos
1762 3246 1906 3299 vario
1933 3246 1979 3310 C
2012 3255 2131 3308 tem,
2161 3263 2277 3299 cum
2307 3262 2403 3299 nos
2435 3244 2565 3298 duos
2597 3253 2794 3298 tantum
2824 3242 3141 3309 habeamus;
3175 3255 3223 3298 et
3257 3244 3473 3300 Psalma
3506 3263 3600 3300 no-

311 3316 494 3368 delusa
523 3328 696 3366 errore
711 3313 977 3436 $entilitas
1004 3312 1235 3376 Faunos,
1265 3315 1580 3385 Satyrosque
1603 3312 1648 3368 et
1679 3315 1902 3370 Incubos

313 3401 505 3436 vocans
531 3385 650 3436 colit
681 3387 696 3436 ί
765 3425 776 3436 .
811 3383 1030 3436 Hieron.
1063 3386 1118 3436 in
1149 3384 1271 3436 Vita
1304 3385 1504 3436 Pauli).

313 3401 505 3438 vocans
531 3385 650 3437 colit
681 3383 776 3449 (ι).
811 3383 1030 3438 Hieron.
1063 3386 1118 3438 in
1149 3384 1271 3438 Vita
1304 3383 1504 3453 Pauli);

381 3454 703 3530 b‘Eras’mus
732 3457 784 3509 in
815 3455 1256 3530 annotaliopibus
1285 3457 1410 3530 legit
1453 3458 1507 3510 in
1552 3457 1824 3530 ablativo.
1849 3459 1904 3510 in

314 3527 693 3599 similitudine,
728 3541 794 3581 eo
826 3527 968 3599 quod
1001 3527 1195 3582 Grd'ce
1224 3527 1487 3580 habeatur
1514 3530 1564 3582 ἐν
1597 3527 1900 3599 ὁμοιώματι.

318 3598 472 3664 Quod
502 3599 576 3650 ita
603 3598 795 3651 dictum
825 3609 918 3662 est,
945 3597 1139 3666 inquit,
1167 3599 1315 3666 quasi
1337 3599 1561 3661 dicatur,
1589 3597 1678 3668 per
1703 3597 1903 3651 assimi.

313 3669 559 3721 lationem
587 3669 852 3738 imaginis.
881 3680 934 3722 ut
961 3686 1140 3723 sensus
1170 3671 1236 3721 sit
1270 3686 1288 3722 :
1318 3669 1646 3722 Mutaverunt
1679 3671 1905 3738 gloriam

317 3739 414 3812 Dei
439 3740 718 3812 ﬁgurando
741 3739 836 3793 sibi
858 3740 1130 3811 imagines,
1162 3740 1348 3810 quibus
1372 3740 1620 3812 putabant
1649 3756 1701 3792 se
1729 3756 1905 3793 verum

319 3810 507 3873 Deum,
557 3811 645 3881 qui
689 3810 1027 3882 incorporeus
1066 3820 1164 3882 est,
1210 3813 1518 3880 exprimere.
1554 3810 1702 3864 Tales
1757 3820 1906 3865 erant

312 3880 574 3936 adversus
610 3898 737 3950 quos
789 3880 1019 3949 disputat
1068 3880 1272 3935 Paulus
1301 3884 1478 3936 Actor.
1517 3897 1656 3942 xvu,
1695 3891 1904 3951 arrepta

312 3954 586 4007 occasione
635 3969 698 4006 ea.
746 3954 1082 4020 inscriptione
1121 3953 1328 4016 altaris,
1389 3952 1577 4023 Ignoto
1621 3952 1770 4019 Deo;
1820 3954 1906 4007 ubi

311 4034 428 4092 post
455 4025 642 4087 multa,
669 4025 743 4077 sic
786 4023 992 4077 tandem
1018 4025 1174 4092 infert
1206 4040 1225 4078 :
1254 4023 1425 4078 Genus
1457 4040 1575 4093 ergo
1603 4041 1719 4078 cum
1740 4025 1905 4078 simus

313 4093 436 4167 Dei,
470 4112 574 4147 non
615 4094 859 4167 debemus
878 4096 1174 4149 existimare
1203 4106 1420 4167 auro,_et
1441 4106 1674 4167 argento,
1703 4105 1796 4148 aut
1827 4096 1905 4149 la-

311 4165 426 4231 pidi
451 4167 735 4233 sculptura:
761 4165 890 4219 artis
919 4174 966 4219 et
997 4167 1323 4233 cogitationis
1352 4165 1639 4230 hominum,
1669 4167 1904 4220 divinum

311 4225 421 4288 esse
470 4225 660 4289 simile.
709 4236 798 4291 Sic
851 4238 986 4304 ipse.
1030 4225 1131 4302 Qui
1178 4237 1394 4307 quidem
1448 4225 1898 4306 Commentarius,

311 4309 560 4375 quamvis
589 4307 804 4378 bonus;
842 4308 965 4378 quia
1013 4316 1190 4364 tamen
1243 4324 1349 4361 non
1396 4309 1582 4378 optimi
1635 4309 1896 4374 auctoris,

312 4393 425 4432 non
454 4377 924 4448 magnifaciendus
954 4387 1058 4443 est,
1084 4380 1389 4448 prmsertim
1437 4394 1559 4433 cum
1589 4379 1765 4435 (ἕνεεοί
1813 4382 1898 4434 in-

311 4447 614 4521 terpretes,
651 4447 1097 4521 Chrysostomus,
1132 4450 1522 4516 OEcumenius,
1553 4449 1900 4521 fl‘heophyla-

204 4527 212 4535 '
311 4529 458 4590 ctus,
485 4520 680 4575 eodem
713 4519 875 4575 mado
929 4522 1353 4589 interpretentur
1397 4536 1506 4590 quo
1549 4520 1759 4584 Latini,
1787 4519 1896 4575 non

313 4589 629 4656 ignorantes
653 4591 1092 4660 praepositionem
1119 4594 1170 4647 ἓν
1189 4589 1502 4657 frequenter
1525 4592 1774 4660 usurpari
1800 4607 1897 4656 pro

311 4635 762 4733 $17,553.23
770 4635 1170 4718 manu;
1189 4635 1620 4733 ’ἑιᾶἷιῖιῖὲὶὶῖιὶῖίῖ
1629 4635 1900 4732 ὦῖιὶιῖέζ
1929 4635 1986 4697 1)

311 4742 371 4786 ut
400 4731 513 4786 hic.

393 4811 418 4839 α
450 4801 622 4874 Hujus
669 4802 894 4874 haeresis
934 4803 1165 4874 primum
1211 4813 1490 4862 auctorem
1543 4805 1749 4861 faciunt
1800 4807 1910 4860 Au-

314 4872 834 4953 dreumhquemdam,
869 4889 906 4953 a_
930 4872 1322 4953 quo_§udiani,
1357 4891 1464 4953 seu
1499 4876 1749 4953 Vadiani,
1772 4875 1906 4953 dicti

313 4952 468 5014 sunt.
503 4943 591 5000 Sic
632 4949 777 4999 enim
821 4946 986 5000 refert
1033 4946 1369 5014 Nicephorus
1410 4947 1502 5002 lib.
1538 4963 1592 5002 xl
1617 4943 1745 5014 'cap.
1787 4948 1853 5002 14
1890 4965 1902 5000 :

316 5013 396 5088 lia
421 5023 575 5070 vetate
596 5017 822 5088 Andreus
847 5032 1049 5086 quoque
1087 5019 1320 5087 quidam,
1354 5028 1400 5070 et
1441 5034 1624 5088 genere
1647 5013 1705 5071 et
1727 5018 1908 5088 lingua

315 5085 514 5155 Syrus,
557 5087 656 5156 fuit
704 5085 1300 5156 novorum’dog'matum
1352 5085 1604 5144 inventor.
1673 5085 1905 5142 Primum

315 5172 542 5227 namque
569 5173 686 5227 cum
717 5173 988 5227 perperam
1039 5157 1174 5212 illud
1215 5160 1552 5214 intellexisset
1579 5175 1598 5213 :
1627 5157 1905 5214 Faciamus

313 5225 580 5299 hominem
603 5226 672 5280 ad
693 5225 966 5295 imaginem
987 5239 1034 5284 et
1056 5231 1444 5284 similitudinem
1468 5243 1713 5299 nostram,
1740 5230 1907 5285 Deum

315 5296 549 5372 humana
584 5313 692 5372 esse
724 5301 901 5372 forma
946 5303 1188 5371 apinatus
1227 5312 1321 5364 est,
1355 5296 1907 5372 eumdemque’corpo-

314 5366 460 5417 ralia
508 5367 694 5440 habere
726 5366 987 5422 ‘membra'
1022 5373 1352 5438 existimavit,
1412 5387 1574 5426 sacras
1602 5366 1911 5440 "Scriptura:

315 5439 625 5517 sententiam
672 5456 776 5493 non
819 5441 944 5493 satis
989 5453 1274 5517 assecutus,
1300 5458 1426 5517 quis
1460 5444 1632 5517 divini
1663 5444 1910 5517 ﬂuminis

315 5509 566 5579 operibus
594 5511 940 5563 humanarum
968 5515 1194 5579 partium
1214 5509 1460 5567 vocabula
1489 5514 1747 5567 attribuit.
1781 5515 1910 5570 Huic

317 5579 439 5652 ille.
501 5578 1123 5652 PorroiTheodor’etns,
1157 5595 1351 5652 qumst.
1405 5585 1478 5638 20
1528 5585 1579 5638 in
1625 5584 1906 5649 Genesim,

317 5648 638 5713 huiusmodi
690 5651 975 5725 haereticos
997 5655 1107 5725 hoc
1144 5648 1462 5723 argumento
1506 5656 1818 5725 redarguit:
1849 5648 1912 5709 Si

321 5731 600 5796 propterea
629 5723 953 5796 existimatur
985 5723 1124 5780 Deus
1171 5727 1356 5780 habere
1394 5742 1599 5796 corpus,
1637 5723 1790 5796 quale
1813 5727 1910 5779 ha—

658 5793 781 5864 quia
812 5793 1095 5866 Scriptura
1137 5797 1375 5850 describit
1398 5793 1512 5866 eum
1543 5793 1809 5866 tamquam
1835 5799 1915 5851 ina

319 5869 581 5916 structum
610 5873 656 5918 et
675 5863 951 5934 pradttutn
974 5866 1208 5923 membris
1233 5863 1508 5935 ttumaulr;
1530 5863 1689 5922 simili
1713 5864 1914 5923 ratibus

1999 5239 2068 5284 et
2103 5230 2181 5284 illi
2229 5228 2296 5282 ad
2340 5243 2476 5298 quos
2523 5229 2823 5295 Apostolus
2861 5227 3199 5298 scribebat‘;

2011 3319 2271 3387 nagcsimo
2293 3316 2555 3369 inducitur
2577 3314 2718 3370 Deus
2733 3314 2936 3387 habens
2958 3332 3152 3387 pennas
3188 3326 3237 3369 et
3264 3318 3397 3380 alus,
3416 3318 3598 3386 quibus

2008 3385 2102 3440 nos
2135 3403 2367 3440 caremus
2389 3403 2406 3452 ;
2426 3395 2473 3439 et
2496 3387 2659 3439 multa
2686 3385 2792 3437 alia
2825 3402 2914 3452 per
2938 3385 3291 3452 metaphoram
3317 3385 3434 3440 Dea,
3451 3390 3600 3443 attri-

2009 3458 2115 3512 buit
2158 3458 2451 3529 Scriptura.
2483 3472 2597 3526 qua?
2636 3457 2682 3510 si
2711 3457 2922 3526 proprie
2949 3467 2996 3510 et
3025 3459 3093 3509 ad
3128 3459 3392 3511 veritatem
3423 3462 3598 3529 exige-

2008 3539 2206 3594 rentur,
2241 3527 2408 3582 Deum
2439 3532 2667 3596 facerent
2693 3543 2952 3580 enormem
2978 3538 3130 3597 atque
3157 3527 3525 3592 monstrosum,
3549 3539 3598 3584 ct

2009 3598 2161 3668 longe
2199 3599 2599 3652 dissimillimum
2635 3597 2876 3651 hominis.
2923 3596 3050 3650 Non
3071 3599 3230 3667 igitur
3279 3600 3450 3669 imago
3499 3599 3596 3654 Dei
3697 3596 3704 3602 ’

2007 3672 2286 3739 quwrenda
2309 3680 2380 3722 est
2411 3671 2462 3723 in
2493 3669 2716 3741 hominis
2741 3684 2975 3741 corpore,
3005 3669 3094 3722 sed
3123 3669 3176 3720 in
3190 3670 3394 3741 animo,
3421 3671 3510 3741 qui
3539 3680 3594 3724 ut

2014 3738 2172 3805 heus,
2207 3742 2279 3794 sic
2321 3741 2450 3813 ipse
2473 3740 2714 3813 rationis,
2761 3740 2964 3792 consilii
2993 3748 3050 3813 et_
3087 3738 3352 3813 sapientia:
3387 3738 3597 3813 compos

2008 3822 2054 3865 et
2082 3829 2249 3880 capax
2282 3819 2377 3866 est.
2411 3810 2544 3864 Vide
2573 3810 2906 3865 Abulensem
2937 3817 2993 3866 et
3020 3809 3300 3865 Pererium
3332 3812 3387 3866 in
3429 3809 3593 3867 Cum-

2011 3894 2178 3938 ment.
2216 3884 2269 3937 in
2299 3883 2577 3938 Genesim.

2079 3953 2106 3991 ά
2136 3954 2260 4007 Tria
2309 3968 2510 4024 genera
2562 3951 2852 4024 hominum
2884 3951 3184 4024 videntium
3223 3949 3430 4024 lesum,
3483 3953 3599 4010 sive

2011 4025 2273 4096 triplicem
2318 4022 2534 4078 inodum
2568 4039 2695 4096 quo,
2720 4026 2813 4096 (ut
2843 4022 3004 4096 habet
3030 4023 3220 4096 titulus
3251 4023 3410 4096 cap.)
3440 4023 3598 4080 Jesus

2009 4095 2320 4150 hominibus
2346 4104 2590 4165 apparet,
2622 4095 2891 4149 subtiliter
2914 4093 3196 4162 diStinguit
3217 4105 3270 4149 et
3321 4093 3602 4150 moraliter

2011 4167 2426 4238 interpretatur.
2480 4166 2706 4235 Quidam
2757 4167 2905 4238 enim
2943 4165 3128 4220 vident
3154 4165 3336 4238 Jesum
3368 4176 3592 4238 tantum-

2009 4236 2173 4292 modo
2194 4249 2252 4292 ut
2282 4253 2561 4302 carneum,
2591 4239 2704 4291 sive
2727 4236 3021 4303 carnalem,
3048 4246 3107 4290 ut
3129 4236 3375 4290 carnales
3403 4237 3598 4305 Judaei,

2006 4307 2094 4379 qui
2135 4308 2407 4364 Christum
2439 4323 2548 4363 non
2586 4309 2685 4362 nisi
2725 4323 2979 4362 carneutn
3011 4318 3067 4364 et
3099 4323 3292 4376 purum
3324 4309 3599 4362 hominem

2006 4381 2399 4448 agnoscebant;
2431 4379 2521 4433 vel
2550 4380 2638 4448 qui
2680 4379 2848 4433 Deum
2878 4389 2932 4432 ut
2962 4393 3216 4434 carneum
3249 4388 3303 4433 et
3333 4393 3592 4448 corpore-

2004 4466 2093 4504 um
2129 4451 2509 4518 imaginantur,
2549 4459 2609 4503 ut
2644 4448 3242 4518 Anthropomorphitte,
3287 4450 3355 4504 de
3395 4451 3601 4518 quibus

2002 4537 2205 4588 supra;
2239 4517 2322 4575 vel
2355 4521 2564 4579 Ariani,
2593 4519 2684 4588 qui
2721 4517 2999 4572 Christum
3033 4535 3138 4573 nun
3167 4520 3266 4574 nisi
3298 4517 3516 4575 carnem
3548 4532 3601 4576 et

2007 4601 2314 4646 creaturam
2345 4590 2702 4649 asserebant:
2731 4589 2816 4642 vel
2849 4589 3180 4654 Nestoriani,
3207 4592 3297 4660 qui
3323 4592 3599 4646 Christum

2013 4662 2343 4725 dividebant,
2384 4663 2486 4715 hoc
2526 4669 2629 4725 est,
2671 4662 3234 4730 pel'SOllamJIOIIillllS
3282 4678 3311 4714 a
3366 4675 3602 4730 persona

2015 4732 2182 4787 Verbi
2202 4734 2252 4784 in
2272 4727 2847 4800 Christoseparabant,
2877 4739 2931 4784 et
2959 4727 3239 4784 Christum
3269 4727 3381 4784 non
3408 4731 3598 4798 Deum,

2014 4804 2109 4878 sed
2127 4803 2376 4878 θεοφόρογ,
2401 4802 2578 4878 idest,
2602 4801 2874 4878 Deiferum
2897 4800 3260 4878 appellabant.
3291 4801 3398 4854 Alii
3419 4801 3604 4878 vident

2015 4871 2296 4929 Jesutn'u't
2324 4873 2606 4940 humilem,
2653 4871 2706 4926 id
2745 4881 2850 4935 est,
2897 4871 3202 4940 parvulum,
3247 4881 3302 4923 ttt
3346 4871 3512 4926 rudes
3548 4881 3605 4926 et

2016 4944 2314 5016 imperfecti
2359 4942 2809 5016 Christiani,lqui
2854 4941 3055 5016 Christi
3104 4940 3495 5016 humanitatem
3545 4952 3604 4997 et

2016 5011 2246 5071 humana
2273 5016 2390 5084 ejus
2421 5029 2584 5084 opera
2616 5011 2961 5068 solummodo
2987 5011 3364 5084 considerant;
3396 5014 3515 5078 vel,
3548 5023 3604 5066 ut

2015 5087 2102 5142 hic
2134 5088 2380 5150 habetur,
2413 5083 2469 5140 in
2507 5085 2766 5153 operibus
2797 5085 3040 5140 externis
3072 5085 3195 5136 vita:
3223 5083 3416 5153 activa:
3447 5085 3604 5136 dum-

2013 5167 2165 5213 taxat
2192 5151 2557 5227 occupantur,
2578 5167 2638 5210 ut
2665 5155 2868 5212 Martha
2898 5157 2949 5209 in
2979 5153 3278 5224 Evangelia
3301 5151 3490 5222 (Lucce
3517 5169 3545 5207 ι
3563 5154 3603 5223 ),

2013 5230 2180 5277 etilli
2229 5228 2296 5277 ad
2340 5243 2476 5277 anns
2523 5229 2823 5277 Apostolus
2861 5227 3138 5277 scribebat
3187 5241 3199 5276 :
3250 5222 3436 5277 Filioli
3483 5225 3603 5277 mei.

3301 5239 3435 5277 tltOlt
3483 5240 3606 5285 mea,

2013 5317 2139 5370 quos
2160 5293 2626 5370 iterum-parturit),
2660 5301 2820 5353 donec
2849 5302 3098 5370 formetur
3127 5293 3368 5350 Christus
3387 5295 3443 5370 in
3469 5294 3609 5347 vobis

2016 5366 2224 5440 (Galat.
2274 5366 2384 5440 tv).
2425 5373 2530 5427 Alii
2571 5371 2804 5440 denique
2849 5366 3126 5440 videntiet
3169 5366 3612 5440 contemplantur

2015 5435 2200 5497 losum
2231 5453 2289 5497 ut
2316 5435 2636 5512 gloriosum,
2669 5435 2760 5511 qui
2792 5441 2910 5512 ejus
2929 5439 3284 5512 divinitatem
3316 5445 3373 5512 _et
3403 5435 3604 5512 gloriﬁ-

2015 5515 2288 5588 cationem
2314 5504 2527 5588 aliaque
2547 5504 2729 5566 divio'a
2752 5520 2806 5566 et
2823 5504 3075 5588 sublimia
3103 5507 3363 5588 mysteria
3392 5504 3614 5588 assidue

2015 5585 2264 5639 recolunt
2295 5593 2351 5638 et
2381 5577 2740 5658 meditantur,
2773 5592 2832 5636 ut
2864 5581 2962 5658 pii,
2995 5590 3048 5658 et
3079 5577 3305 5658 perfecti
3331 5577 3608 5658 monachi,

2017 5661 2073 5708 et
2122 5649 2546 5724 contemplativi,
2598 5654 2688 5722 qui
2741 5649 2879 5706 cum‘
2918 5652 3092 5724 Maria
3139 5649 3347 5717 eligunt
3403 5656 3608 5718 partem

2017 5721 2480 5790 meliorempquaa
2510 5721 2920 5778 nonauferetur
2951 5721 3019 5774 ab
3045 5721 3140 5775 eis.

2094 5806 2115 5832 θ
2147 5789 2447 5852 Secundum
2477 5812 2703 5861 carnem,
2737 5797 2786 5847 id
2817 5804 2920 5852 est.
2954 5791 3228 5846 carnalem
3252 5799 3309 5846 et
3340 5789 3613 5861 visibilem

2017 5865 2262 5936 corporis
2289 5866 2632 5936 prtesentiam
2663 5859 2815 5921 {Sed
2851 5866 2953 5918 iant
2979 5877 3116 5916 nunc
3147 5877 3250 5916 non
3275 5862 3526 5928 novimus,
3561 5859 3614 5915 id

3799 5953 3891 6015 ,μί
