  <div class='ocr_page' id='page_1' title='image "/cluster/home/n/w/nwhite01/storage/ocr_20150623/49/hvd.32044015471543/425.png"; bbox 0 0 4078 6332; ppageno 0'>
   <div class='ocr_carea' id='block_1_1' title="bbox 492 322 591 379">
    <p class='ocr_par' dir='ltr' id='par_1_1' title="bbox 492 322 591 379">
     <span class='ocr_line' id='line_1_1' title="bbox 492 322 591 379; baseline 0.01 -1"><span class='ocrx_word' id='word_1_1' title='bbox 492 322 591 379; x_wconf 74' lang='grc'><strong>831</strong></span> 
     </span>
    </p>
   </div>
   <div class='ocr_carea' id='block_1_2' title="bbox 1541 322 2706 391">
    <p class='ocr_par' dir='ltr' id='par_1_2' title="bbox 1541 322 2706 391">
     <span class='ocr_line' id='line_1_2' title="bbox 1541 322 2706 391; baseline 0.009 -13"><span class='ocrx_word' id='word_1_2' title='bbox 1541 322 1822 382; x_wconf 81' lang='lat' dir='ltr'><strong>JOANNIS</strong></span> <span class='ocrx_word' id='word_1_3' title='bbox 1857 325 2171 384; x_wconf 77' lang='lat' dir='ltr'><strong>CASSIANI</strong></span> <span class='ocrx_word' id='word_1_4' title='bbox 2207 329 2706 391; x_wconf 73' lang='lat' dir='ltr'><strong>COLLA&#39;PIONES.</strong></span> 
     </span>
    </p>
   </div>
   <div class='ocr_carea' id='block_1_3' title="bbox 3670 343 3782 400">
    <p class='ocr_par' dir='ltr' id='par_1_3' title="bbox 3670 343 3782 400">
     <span class='ocr_line' id='line_1_3' title="bbox 3670 343 3782 400; baseline -0.018 0"><span class='ocrx_word' id='word_1_5' title='bbox 3670 343 3782 400; x_wconf 65' lang='lat'><strong>85!</strong></span> 
     </span>
    </p>
   </div>
   <div class='ocr_carea' id='block_1_4' title="bbox 490 439 3783 521">
    <p class='ocr_par' dir='ltr' id='par_1_4' title="bbox 490 439 3783 521">
     <span class='ocr_line' id='line_1_4' title="bbox 490 439 3783 521; baseline 0.005 -26"><span class='ocrx_word' id='word_1_6' title='bbox 490 440 830 512; x_wconf 90' lang='lat' dir='ltr'><strong>contingere,</strong></span> <span class='ocrx_word' id='word_1_7' title='bbox 861 456 966 499; x_wconf 90' lang='lat' dir='ltr'><strong>nec</strong></span> <span class='ocrx_word' id='word_1_8' title='bbox 991 457 1078 500; x_wconf 89' lang='lat' dir='ltr'><strong>me</strong></span> <span class='ocrx_word' id='word_1_9' title='bbox 1108 443 1472 498; x_wconf 91' lang='lat' dir='ltr'><strong>lahoraturum</strong></span> <span class='ocrx_word' id='word_1_10' title='bbox 1498 441 1682 506; x_wconf 88' lang='lat' dir='ltr'><strong>credo,</strong></span> <span class='ocrx_word' id='word_1_11' title='bbox 1708 449 1768 495; x_wconf 90' lang='lat' dir='ltr'><strong>ut</strong></span> <span class='ocrx_word' id='word_1_12' title='bbox 1789 440 1900 512; x_wconf 91' lang='lat' dir='ltr'><strong>jam</strong></span> <span class='ocrx_word' id='word_1_13' title='bbox 1931 439 2073 496; x_wconf 85' lang='lat' dir='ltr'><strong>intra</strong></span> <span class='ocrx_word' id='word_1_14' title='bbox 2100 449 2152 510; x_wconf 78' lang='grc' dir='ltr'>Α</span> <span class='ocrx_word' id='word_1_15' title='bbox 2179 442 2206 482; x_wconf 67' lang='grc' dir='ltr'>δ</span> <span class='ocrx_word' id='word_1_16' title='bbox 2236 460 2398 515; x_wconf 89' lang='lat' dir='ltr'><strong>quam</strong></span> <span class='ocrx_word' id='word_1_17' title='bbox 2437 447 2671 516; x_wconf 86' lang='lat' dir='ltr'><strong>primum</strong></span> <span class='ocrx_word' id='word_1_18' title='bbox 2708 449 2852 520; x_wconf 87' lang='lat' dir='ltr'><strong>typis</strong></span> <span class='ocrx_word' id='word_1_19' title='bbox 2894 447 3220 521; x_wconf 87' lang='lat' dir='ltr'><strong>quibusdam</strong></span> <span class='ocrx_word' id='word_1_20' title='bbox 3252 460 3308 507; x_wconf 90' lang='lat' dir='ltr'><strong>et</strong></span> <span class='ocrx_word' id='word_1_21' title='bbox 3341 451 3594 510; x_wconf 89' lang='lat' dir='ltr'><strong>formulis</strong></span> <span class='ocrx_word' id='word_1_22' title='bbox 3632 468 3783 512; x_wconf 70' lang='lat' dir='ltr'><strong>cere</strong></span> 
     </span>
    </p>
   </div>
   <div class='ocr_carea' id='block_1_5' title="bbox 489 533 2084 606">
    <p class='ocr_par' dir='ltr' id='par_1_5' title="bbox 489 533 2084 606">
     <span class='ocr_line' id='line_1_5' title="bbox 489 533 2084 606; baseline 0.002 -19"><span class='ocrx_word' id='word_1_23' title='bbox 489 533 670 588; x_wconf 81' lang='lat' dir='ltr'><strong>aulam</strong></span> <span class='ocrx_word' id='word_1_24' title='bbox 698 534 1096 606; x_wconf 84' lang='lat' dir='ltr'><strong>quodammodo</strong></span> <span class='ocrx_word' id='word_1_25' title='bbox 1127 535 1296 605; x_wconf 80' lang='lat' dir='ltr'><strong>ipsius</strong></span> <span class='ocrx_word' id='word_1_26' title='bbox 1317 535 1658 604; x_wconf 90' lang='lat' dir='ltr'><strong>oberrantes,</strong></span> <span class='ocrx_word' id='word_1_27' title='bbox 1679 533 1736 589; x_wconf 91' lang='lat' dir='ltr'><strong>in</strong></span> <span class='ocrx_word' id='word_1_28' title='bbox 1765 534 1924 605; x_wconf 89' lang='lat' dir='ltr'><strong>adyta</strong></span> <span class='ocrx_word' id='word_1_29' title='bbox 1948 547 2084 605; x_wconf 90' lang='lat' dir='ltr'><strong>quo-</strong></span> 
     </span>
    </p>
   </div>
   <div class='ocr_carea' id='block_1_6' title="bbox 489 628 2076 700">
    <p class='ocr_par' dir='ltr' id='par_1_6' title="bbox 489 628 2076 700">
     <span class='ocr_line' id='line_1_6' title="bbox 489 628 2076 700; baseline 0.002 -19"><span class='ocrx_word' id='word_1_30' title='bbox 489 645 613 698; x_wconf 84' lang='lat' dir='ltr'><strong>que,</strong></span> <span class='ocrx_word' id='word_1_31' title='bbox 668 629 720 684; x_wconf 91' lang='lat' dir='ltr'><strong>in</strong></span> <span class='ocrx_word' id='word_1_32' title='bbox 768 640 1028 700; x_wconf 92' lang='lat' dir='ltr'><strong>quantum</strong></span> <span class='ocrx_word' id='word_1_33' title='bbox 1071 630 1333 686; x_wconf 83' lang='lat' dir='ltr'><strong>Dominus</strong></span> <span class='ocrx_word' id='word_1_34' title='bbox 1381 630 1661 697; x_wconf 77' lang='lat' dir='ltr'><strong>direxerit,</strong></span> <span class='ocrx_word' id='word_1_35' title='bbox 1715 628 2076 698; x_wconf 89' lang='lat' dir='ltr'><strong>introducam,</strong></span> 
     </span>
    </p>
   </div>
   <div class='ocr_carea' id='block_1_7' title="bbox 490 723 2082 795">
    <p class='ocr_par' dir='ltr' id='par_1_7' title="bbox 490 723 2082 795">
     <span class='ocr_line' id='line_1_7' title="bbox 490 723 2082 795; baseline 0.003 -21"><span class='ocrx_word' id='word_1_36' title='bbox 490 739 590 776; x_wconf 83' lang='lat' dir='ltr'><strong>nec</strong></span> <span class='ocrx_word' id='word_1_37' title='bbox 629 736 726 778; x_wconf 91' lang='lat' dir='ltr'><strong>vos</strong></span> <span class='ocrx_word' id='word_1_38' title='bbox 765 723 834 780; x_wconf 93' lang='lat' dir='ltr'><strong>ad</strong></span> <span class='ocrx_word' id='word_1_39' title='bbox 890 724 1311 795; x_wconf 88' lang='lat' dir='ltr'><strong>introspicienda</strong></span> <span class='ocrx_word' id='word_1_40' title='bbox 1353 726 1468 780; x_wconf 67' lang='lat' dir='ltr'><strong>haec</strong></span> <span class='ocrx_word' id='word_1_41' title='bbox 1505 740 1625 795; x_wconf 64' lang='lat' dir='ltr'><strong>qua:</strong></span> <span class='ocrx_word' id='word_1_42' title='bbox 1663 724 2082 780; x_wconf 90' lang='lat' dir='ltr'><strong>demonstranda</strong></span> 
     </span>
    </p>
   </div>
   <div class='ocr_carea' id='block_1_8' title="bbox 490 815 2082 882">
    <p class='ocr_par' dir='ltr' id='par_1_8' title="bbox 490 815 2082 882">
     <span class='ocr_line' id='line_1_8' title="bbox 490 815 2082 882; baseline 0.004 -15"><span class='ocrx_word' id='word_1_43' title='bbox 490 825 638 882; x_wconf 81' lang='lat' dir='ltr'><strong>sunt,</strong></span> <span class='ocrx_word' id='word_1_44' title='bbox 672 815 782 870; x_wconf 93' lang='lat' dir='ltr'><strong>ullo</strong></span> <span class='ocrx_word' id='word_1_45' title='bbox 811 815 1145 872; x_wconf 83' lang='lat' dir='ltr'><strong>difﬁcultatis</strong></span> <span class='ocrx_word' id='word_1_46' title='bbox 1176 817 1456 872; x_wconf 86' lang='lat' dir='ltr'><strong>obstaculo</strong></span> <span class='ocrx_word' id='word_1_47' title='bbox 1483 817 1859 874; x_wconf 89' lang='lat' dir='ltr'><strong>retardandos.</strong></span> <span class='ocrx_word' id='word_1_48' title='bbox 1892 816 2082 873; x_wconf 89' lang='lat' dir='ltr'><strong>Proxi-</strong></span> 
     </span>
    </p>
   </div>
   <div class='ocr_carea' id='block_1_9' title="bbox 494 907 2077 980">
    <p class='ocr_par' dir='ltr' id='par_1_9' title="bbox 494 907 2077 980">
     <span class='ocr_line' id='line_1_9' title="bbox 494 907 2077 980; baseline 0.003 -22"><span class='ocrx_word' id='word_1_49' title='bbox 494 923 609 959; x_wconf 86' lang='lat' dir='ltr'><strong>mus</strong></span> <span class='ocrx_word' id='word_1_50' title='bbox 639 907 786 962; x_wconf 89' lang='lat' dir='ltr'><strong>enitn</strong></span> <span class='ocrx_word' id='word_1_51' title='bbox 815 909 1113 979; x_wconf 78' lang='lat' dir='ltr'><strong>cognitioni</strong></span> <span class='ocrx_word' id='word_1_52' title='bbox 1143 917 1248 975; x_wconf 90' lang='lat' dir='ltr'><strong>est,</strong></span> <span class='ocrx_word' id='word_1_53' title='bbox 1279 909 1371 979; x_wconf 88' lang='lat' dir='ltr'><strong>qui</strong></span> <span class='ocrx_word' id='word_1_54' title='bbox 1399 909 1527 980; x_wconf 86' lang='lat' dir='ltr'><strong>quid</strong></span> <span class='ocrx_word' id='word_1_55' title='bbox 1559 909 1832 978; x_wconf 88' lang='lat' dir='ltr'><strong>inquirere</strong></span> <span class='ocrx_word' id='word_1_56' title='bbox 1861 909 2077 976; x_wconf 83' lang='lat' dir='ltr'><strong>debeat,</strong></span> 
     </span>
    </p>
   </div>
   <div class='ocr_carea' id='block_1_10' title="bbox 2187 538 3786 618">
    <p class='ocr_par' dir='ltr' id='par_1_10' title="bbox 2187 538 3786 618">
     <span class='ocr_line' id='line_1_10' title="bbox 2187 538 3786 618; baseline 0.009 -26"><span class='ocrx_word' id='word_1_57' title='bbox 2187 538 2472 609; x_wconf 74' lang='lat' dir='ltr'><strong>diligenter</strong></span> <span class='ocrx_word' id='word_1_58' title='bbox 2516 540 2818 611; x_wconf 86' lang='lat' dir='ltr'><strong>impressis,</strong></span> <span class='ocrx_word' id='word_1_59' title='bbox 2851 542 3059 615; x_wconf 83' lang='lat' dir='ltr'><strong>efﬁgies</strong></span> <span class='ocrx_word' id='word_1_60' title='bbox 3086 560 3277 601; x_wconf 89' lang='lat' dir='ltr'><strong>eorum</strong></span> <span class='ocrx_word' id='word_1_61' title='bbox 3308 548 3619 618; x_wconf 80' lang='lat' dir='ltr'><strong>exprimere</strong></span> <span class='ocrx_word' id='word_1_62' title='bbox 3648 564 3786 606; x_wconf 88' lang='lat' dir='ltr'><strong>con-</strong></span> 
     </span>
    </p>
   </div>
   <div class='ocr_carea' id='block_1_11' title="bbox 2187 631 3787 706">
    <p class='ocr_par' dir='ltr' id='par_1_11' title="bbox 2187 631 3787 706">
     <span class='ocr_line' id='line_1_11' title="bbox 2187 631 3787 706; baseline 0.009 -22"><span class='ocrx_word' id='word_1_63' title='bbox 2187 631 2544 702; x_wconf 89' lang='lat' dir='ltr'><strong>templatione</strong></span> <span class='ocrx_word' id='word_1_64' title='bbox 2579 633 2694 704; x_wconf 77' lang='lat' dir='ltr'><strong>iugi</strong></span> <span class='ocrx_word' id='word_1_65' title='bbox 2738 642 2794 689; x_wconf 90' lang='lat' dir='ltr'><strong>et</strong></span> <span class='ocrx_word' id='word_1_66' title='bbox 2826 635 3143 706; x_wconf 82' lang='lat' dir='ltr'><strong>quotidiana</strong></span> <span class='ocrx_word' id='word_1_67' title='bbox 3196 637 3501 696; x_wconf 85' lang='lat' dir='ltr'><strong>imitatione</strong></span> <span class='ocrx_word' id='word_1_68' title='bbox 3548 655 3787 698; x_wconf 85' lang='lat' dir='ltr'><strong>consue-</strong></span> 
     </span>
    </p>
   </div>
   <div class='ocr_carea' id='block_1_12' title="bbox 2185 725 3789 798">
    <p class='ocr_par' dir='ltr' id='par_1_12' title="bbox 2185 725 3789 798">
     <span class='ocr_line' id='line_1_12' title="bbox 2185 725 3789 798; baseline 0.007 -21"><span class='ocrx_word' id='word_1_69' title='bbox 2185 731 2369 790; x_wconf 89' lang='lat' dir='ltr'><strong>scant;</strong></span> <span class='ocrx_word' id='word_1_70' title='bbox 2431 725 2590 795; x_wconf 92' lang='lat' dir='ltr'><strong>hujus</strong></span> <span class='ocrx_word' id='word_1_71' title='bbox 2640 741 2856 797; x_wconf 89' lang='lat' dir='ltr'><strong>quoque</strong></span> <span class='ocrx_word' id='word_1_72' title='bbox 2903 728 3168 798; x_wconf 81' lang='lat' dir='ltr'><strong>spiritalis</strong></span> <span class='ocrx_word' id='word_1_73' title='bbox 3218 729 3446 786; x_wconf 67' lang='lat' dir='ltr'><strong>theorie</strong></span> <span class='ocrx_word' id='word_1_74' title='bbox 3511 732 3789 790; x_wconf 78' lang='lat' dir='ltr'><strong>tradenda</strong></span> 
     </span>
    </p>
   </div>
   <div class='ocr_carea' id='block_1_13' title="bbox 2125 815 3789 892">
    <p class='ocr_par' dir='ltr' id='par_1_13' title="bbox 2125 815 3789 892">
     <span class='ocr_line' id='line_1_13' title="bbox 2125 815 3789 892; baseline 0.005 -19"><span class='ocrx_word' id='word_1_75' title='bbox 2125 857 2136 873; x_wconf 95' lang='lat'><strong>.</strong></span> <span class='ocrx_word' id='word_1_76' title='bbox 2184 815 2341 870; x_wconf 80' lang='lat' dir='ltr'><strong>vobis</strong></span> <span class='ocrx_word' id='word_1_77' title='bbox 2389 825 2473 872; x_wconf 91' lang='lat' dir='ltr'><strong>est</strong></span> <span class='ocrx_word' id='word_1_78' title='bbox 2521 815 2778 883; x_wconf 86' lang='lat' dir='ltr'><strong>formula,</strong></span> <span class='ocrx_word' id='word_1_79' title='bbox 2831 818 2900 873; x_wconf 92' lang='lat' dir='ltr'><strong>ad</strong></span> <span class='ocrx_word' id='word_1_80' title='bbox 2939 834 3102 889; x_wconf 89' lang='lat' dir='ltr'><strong>quam</strong></span> <span class='ocrx_word' id='word_1_81' title='bbox 3160 835 3379 892; x_wconf 85' lang='lat' dir='ltr'><strong>semper</strong></span> <span class='ocrx_word' id='word_1_82' title='bbox 3428 826 3789 880; x_wconf 85' lang='lat' dir='ltr'><strong>tenacissime</strong></span> 
     </span>
    </p>
   </div>
   <div class='ocr_carea' id='block_1_14' title="bbox 2185 907 3837 984">
    <p class='ocr_par' dir='ltr' id='par_1_14' title="bbox 2185 907 3837 984">
     <span class='ocr_line' id='line_1_14' title="bbox 2185 907 3837 984; baseline 0.007 -22"><span class='ocrx_word' id='word_1_83' title='bbox 2185 918 2425 964; x_wconf 90' lang='lat' dir='ltr'><strong>vestrum</strong></span> <span class='ocrx_word' id='word_1_84' title='bbox 2456 910 2707 966; x_wconf 88' lang='lat' dir='ltr'><strong>intuitum</strong></span> <span class='ocrx_word' id='word_1_85' title='bbox 2729 912 3062 984; x_wconf 86' lang='lat' dir='ltr'><strong>defigentes,</strong></span> <span class='ocrx_word' id='word_1_86' title='bbox 3085 913 3172 970; x_wconf 89' lang='lat' dir='ltr'><strong>vel</strong></span> <span class='ocrx_word' id='word_1_87' title='bbox 3201 917 3448 972; x_wconf 87' lang='lat' dir='ltr'><strong>eamdem</strong></span> <span class='ocrx_word' id='word_1_88' title='bbox 3485 919 3790 974; x_wconf 85' lang='lat' dir='ltr'><strong>salubriter</strong></span> <span class='ocrx_word' id='word_1_89' title='bbox 3831 907 3837 918; x_wconf 81' lang='grc'><em>’</em></span> 
     </span>
    </p>
   </div>
   <div class='ocr_carea' id='block_1_15' title="bbox 2183 991 3836 1075">
    <p class='ocr_par' dir='ltr' id='par_1_15' title="bbox 2183 991 3836 1075">
     <span class='ocr_line' id='line_1_15' title="bbox 2183 991 3836 1075; baseline 0.007 -20"><span class='ocrx_word' id='word_1_90' title='bbox 2183 1002 2407 1056; x_wconf 83' lang='lat' dir='ltr'><strong>volvere</strong></span> <span class='ocrx_word' id='word_1_91' title='bbox 2452 1002 2724 1072; x_wconf 89' lang='lat' dir='ltr'><strong>indirupta</strong></span> <span class='ocrx_word' id='word_1_92' title='bbox 2755 1003 2984 1075; x_wconf 87' lang='lat' dir='ltr'><strong>jugitate</strong></span> <span class='ocrx_word' id='word_1_93' title='bbox 3010 1006 3266 1074; x_wconf 89' lang='lat' dir='ltr'><strong>discatis,</strong></span> <span class='ocrx_word' id='word_1_94' title='bbox 3311 1009 3398 1064; x_wconf 92' lang='lat' dir='ltr'><strong>vel</strong></span> <span class='ocrx_word' id='word_1_95' title='bbox 3431 1009 3792 1066; x_wconf 80' lang='lat' dir='ltr'><strong>subiimiores</strong></span> <span class='ocrx_word' id='word_1_96' title='bbox 3829 991 3836 1015; x_wconf 60' lang='grc'><strong><em>³</em></strong></span> 
     </span>
    </p>
   </div>
   <div class='ocr_carea' id='block_1_16' title="bbox 2186 1093 3832 1172">
    <p class='ocr_par' dir='ltr' id='par_1_16' title="bbox 2186 1093 3832 1172">
     <span class='ocr_line' id='line_1_16' title="bbox 2186 1093 3832 1172; baseline 0.009 -25"><span class='ocrx_word' id='word_1_97' title='bbox 2186 1093 2414 1151; x_wconf 85' lang='lat' dir='ltr'><strong>intuitus</strong></span> <span class='ocrx_word' id='word_1_98' title='bbox 2442 1097 2711 1153; x_wconf 86' lang='lat' dir='ltr'><strong>scandere</strong></span> <span class='ocrx_word' id='word_1_99' title='bbox 2747 1098 2891 1153; x_wconf 92' lang='lat' dir='ltr'><strong>illius</strong></span> <span class='ocrx_word' id='word_1_100' title='bbox 2919 1114 3020 1155; x_wconf 92' lang='lat' dir='ltr'><strong>usu</strong></span> <span class='ocrx_word' id='word_1_101' title='bbox 3051 1113 3116 1154; x_wconf 89' lang='lat' dir='ltr'><strong>ac</strong></span> <span class='ocrx_word' id='word_1_102' title='bbox 3137 1100 3496 1157; x_wconf 83' lang='lat' dir='ltr'><strong>meditatione</strong></span> <span class='ocrx_word' id='word_1_103' title='bbox 3531 1103 3783 1172; x_wconf 86' lang='lat' dir='ltr'><strong>possitis.</strong></span> <span class='ocrx_word' id='word_1_104' title='bbox 3819 1093 3832 1172; x_wconf 62' lang='grc' dir='ltr'><strong>Ῡ</strong></span> 
     </span>
    </p>
   </div>
   <div class='ocr_carea' id='block_1_17' title="bbox 2185 1169 3838 1266">
    <p class='ocr_par' dir='ltr' id='par_1_17' title="bbox 2185 1169 3838 1266">
     <span class='ocr_line' id='line_1_17' title="bbox 2185 1169 3838 1266; baseline 0.005 -23"><span class='ocrx_word' id='word_1_105' title='bbox 2185 1187 2312 1244; x_wconf 65' lang='lat' dir='ltr'><strong>Haec</strong></span> <span class='ocrx_word' id='word_1_106' title='bbox 2359 1190 2524 1261; x_wconf 78' lang='lat' dir='ltr'><strong>igitur</strong></span> <span class='ocrx_word' id='word_1_107' title='bbox 2563 1191 2718 1247; x_wconf 84' lang='lat' dir='ltr'><strong>vobis</strong></span> <span class='ocrx_word' id='word_1_108' title='bbox 2761 1191 2924 1262; x_wconf 93' lang='lat' dir='ltr'><strong>hujus</strong></span> <span class='ocrx_word' id='word_1_109' title='bbox 2964 1207 3124 1264; x_wconf 89' lang='lat' dir='ltr'><strong>quam</strong></span> <span class='ocrx_word' id='word_1_110' title='bbox 3175 1194 3424 1264; x_wconf 70' lang='lat' dir='ltr'><strong>quaeritis</strong></span> <span class='ocrx_word' id='word_1_111' title='bbox 3472 1169 3838 1266; x_wconf 44' lang='lat' dir='ltr'><strong>discipline!</strong></span> 
     </span>
    </p>
   </div>
   <div class='ocr_carea' id='block_1_18' title="bbox 492 999 2082 1076">
    <p class='ocr_par' dir='ltr' id='par_1_18' title="bbox 492 999 2082 1076">
     <span class='ocr_line' id='line_1_18' title="bbox 492 999 2082 1076; baseline 0.004 -25"><span class='ocrx_word' id='word_1_112' title='bbox 492 999 789 1067; x_wconf 83' lang='lat' dir='ltr'><strong>prudenter</strong></span> <span class='ocrx_word' id='word_1_113' title='bbox 824 1001 1091 1072; x_wconf 75' lang='lat' dir='ltr'><strong>agnoscit,</strong></span> <span class='ocrx_word' id='word_1_114' title='bbox 1125 1012 1149 1040; x_wconf 80' lang='grc' dir='ltr'><strong>ι</strong></span> <span class='ocrx_word' id='word_1_115' title='bbox 1181 1017 1283 1057; x_wconf 90' lang='lat' dir='ltr'><strong>nec</strong></span> <span class='ocrx_word' id='word_1_116' title='bbox 1335 1018 1364 1056; x_wconf 87' lang='lat' dir='ltr'><strong>a</strong></span> <span class='ocrx_word' id='word_1_117' title='bbox 1417 1003 1640 1059; x_wconf 87' lang='lat' dir='ltr'><strong>scientia</strong></span> <span class='ocrx_word' id='word_1_118' title='bbox 1685 1004 1842 1076; x_wconf 90' lang='lat' dir='ltr'><strong>longe</strong></span> <span class='ocrx_word' id='word_1_119' title='bbox 1871 1012 1955 1059; x_wconf 91' lang='lat' dir='ltr'><strong>est</strong></span> <span class='ocrx_word' id='word_1_120' title='bbox 1990 1003 2082 1074; x_wconf 89' lang='lat' dir='ltr'><strong>qui</strong></span> 
     </span>
    </p>
   </div>
   <div class='ocr_carea' id='block_1_19' title="bbox 489 1093 2082 1166">
    <p class='ocr_par' dir='ltr' id='par_1_19' title="bbox 489 1093 2082 1166">
     <span class='ocr_line' id='line_1_19' title="bbox 489 1093 2082 1166; baseline 0.003 -20"><span class='ocrx_word' id='word_1_121' title='bbox 489 1093 655 1161; x_wconf 76' lang='lat' dir='ltr'><strong>cmpit</strong></span> <span class='ocrx_word' id='word_1_122' title='bbox 674 1093 994 1164; x_wconf 73' lang='lat' dir='ltr'><strong>intelligere,</strong></span> <span class='ocrx_word' id='word_1_123' title='bbox 1018 1095 1145 1165; x_wconf 89' lang='lat' dir='ltr'><strong>quid</strong></span> <span class='ocrx_word' id='word_1_124' title='bbox 1171 1096 1402 1166; x_wconf 79' lang='lat' dir='ltr'><strong>ignoret.</strong></span> <span class='ocrx_word' id='word_1_125' title='bbox 1435 1094 1505 1151; x_wconf 85' lang='lat' dir='ltr'><strong>Et</strong></span> <span class='ocrx_word' id='word_1_126' title='bbox 1529 1096 1733 1152; x_wconf 91' lang='lat' dir='ltr'><strong>idcirco</strong></span> <span class='ocrx_word' id='word_1_127' title='bbox 1760 1112 1865 1152; x_wconf 92' lang='lat' dir='ltr'><strong>non</strong></span> <span class='ocrx_word' id='word_1_128' title='bbox 1889 1111 2082 1151; x_wconf 88' lang='lat' dir='ltr'><strong>vereor</strong></span> 
     </span>
    </p>
   </div>
   <div class='ocr_carea' id='block_1_20' title="bbox 492 1185 2081 1259">
    <p class='ocr_par' dir='ltr' id='par_1_20' title="bbox 492 1185 2081 1259">
     <span class='ocr_line' id='line_1_20' title="bbox 492 1185 2081 1259; baseline 0.004 -22"><span class='ocrx_word' id='word_1_129' title='bbox 492 1195 671 1240; x_wconf 86' lang='lat' dir='ltr'><strong>notam</strong></span> <span class='ocrx_word' id='word_1_130' title='bbox 705 1185 1022 1254; x_wconf 87' lang='lat' dir='ltr'><strong>proditionis</strong></span> <span class='ocrx_word' id='word_1_131' title='bbox 1047 1188 1133 1242; x_wconf 93' lang='lat' dir='ltr'><strong>vei</strong></span> <span class='ocrx_word' id='word_1_132' title='bbox 1164 1188 1402 1244; x_wconf 87' lang='lat' dir='ltr'><strong>levitatis</strong></span> <span class='ocrx_word' id='word_1_133' title='bbox 1430 1187 1734 1253; x_wconf 90' lang='lat' dir='ltr'><strong>incurrere,</strong></span> <span class='ocrx_word' id='word_1_134' title='bbox 1768 1190 1813 1244; x_wconf 90' lang='lat' dir='ltr'><strong>si</strong></span> <span class='ocrx_word' id='word_1_135' title='bbox 1845 1204 1928 1254; x_wconf 88' lang='lat' dir='ltr'><strong>ea,</strong></span> <span class='ocrx_word' id='word_1_136' title='bbox 1959 1204 2081 1259; x_wconf 65' lang='lat' dir='ltr'><strong>quae</strong></span> 
     </span>
    </p>
   </div>
   <div class='ocr_carea' id='block_1_21' title="bbox 494 1278 2083 1350">
    <p class='ocr_par' dir='ltr' id='par_1_21' title="bbox 494 1278 2083 1350">
     <span class='ocr_line' id='line_1_21' title="bbox 494 1278 2083 1350; baseline 0.006 -21"><span class='ocrx_word' id='word_1_137' title='bbox 494 1278 544 1330; x_wconf 92' lang='lat' dir='ltr'><strong>in</strong></span> <span class='ocrx_word' id='word_1_138' title='bbox 577 1278 855 1348; x_wconf 89' lang='lat' dir='ltr'><strong>superiore</strong></span> <span class='ocrx_word' id='word_1_139' title='bbox 885 1287 1115 1336; x_wconf 90' lang='lat' dir='ltr'><strong>tractatu</strong></span> <span class='ocrx_word' id='word_1_140' title='bbox 1153 1280 1222 1336; x_wconf 89' lang='lat' dir='ltr'><strong>de</strong></span> <span class='ocrx_word' id='word_1_141' title='bbox 1262 1280 1592 1350; x_wconf 88' lang='lat' dir='ltr'><strong>perfectione</strong></span> <span class='ocrx_word' id='word_1_142' title='bbox 1622 1283 1882 1337; x_wconf 88' lang='lat' dir='ltr'><strong>orationis</strong></span> <span class='ocrx_word' id='word_1_143' title='bbox 1908 1283 2083 1340; x_wconf 89' lang='lat' dir='ltr'><strong>disse-</strong></span> 
     </span>
    </p>
   </div>
   <div class='ocr_carea' id='block_1_22' title="bbox 491 1369 2084 1447">
    <p class='ocr_par' dir='ltr' id='par_1_22' title="bbox 491 1369 2084 1447">
     <span class='ocr_line' id='line_1_22' title="bbox 491 1369 2084 1447; baseline 0.006 -25"><span class='ocrx_word' id='word_1_144' title='bbox 491 1385 621 1422; x_wconf 84' lang='lat' dir='ltr'><strong>rens</strong></span> <span class='ocrx_word' id='word_1_145' title='bbox 669 1369 1017 1440; x_wconf 81' lang='lat' dir='ltr'><strong>disputationi</strong></span> <span class='ocrx_word' id='word_1_146' title='bbox 1065 1373 1462 1441; x_wconf 89' lang='lat' dir='ltr'><strong>suhtraxeram,</strong></span> <span class='ocrx_word' id='word_1_147' title='bbox 1514 1375 1900 1445; x_wconf 87' lang='lat' dir='ltr'><strong>propalavero;</strong></span> <span class='ocrx_word' id='word_1_148' title='bbox 1948 1391 2084 1447; x_wconf 90' lang='lat' dir='ltr'><strong>quo-</strong></span> 
     </span>
    </p>
   </div>
   <div class='ocr_carea' id='block_1_23' title="bbox 492 1463 2084 1524">
    <p class='ocr_par' dir='ltr' id='par_1_23' title="bbox 492 1463 2084 1524">
     <span class='ocr_line' id='line_1_23' title="bbox 492 1463 2084 1524; baseline 0.005 -8"><span class='ocrx_word' id='word_1_149' title='bbox 492 1478 610 1517; x_wconf 90' lang='lat' dir='ltr'><strong>rum</strong></span> <span class='ocrx_word' id='word_1_150' title='bbox 642 1463 892 1520; x_wconf 87' lang='lat' dir='ltr'><strong>virtutem</strong></span> <span class='ocrx_word' id='word_1_151' title='bbox 923 1465 1076 1522; x_wconf 85' lang='lat' dir='ltr'><strong>vobis</strong></span> <span class='ocrx_word' id='word_1_152' title='bbox 1104 1468 1157 1522; x_wconf 95' lang='lat' dir='ltr'><strong>in</strong></span> <span class='ocrx_word' id='word_1_153' title='bbox 1191 1466 1292 1522; x_wconf 93' lang='lat' dir='ltr'><strong>hoc</strong></span> <span class='ocrx_word' id='word_1_154' title='bbox 1324 1468 1584 1523; x_wconf 88' lang='lat' dir='ltr'><strong>exercitio</strong></span> <span class='ocrx_word' id='word_1_155' title='bbox 1615 1483 1678 1523; x_wconf 89' lang='lat' dir='ltr'><strong>ac</strong></span> <span class='ocrx_word' id='word_1_156' title='bbox 1706 1468 1884 1523; x_wconf 90' lang='lat' dir='ltr'><strong>studio</strong></span> <span class='ocrx_word' id='word_1_157' title='bbox 1913 1469 2084 1524; x_wconf 91' lang='lat' dir='ltr'><strong>collo-</strong></span> 
     </span>
    </p>
   </div>
   <div class='ocr_carea' id='block_1_24' title="bbox 491 1557 2083 1632">
    <p class='ocr_par' dir='ltr' id='par_1_24' title="bbox 491 1557 2083 1632">
     <span class='ocr_line' id='line_1_24' title="bbox 491 1557 2083 1632; baseline 0.004 -21"><span class='ocrx_word' id='word_1_158' title='bbox 491 1557 648 1624; x_wconf 85' lang='lat' dir='ltr'><strong>catis,</strong></span> <span class='ocrx_word' id='word_1_159' title='bbox 681 1557 843 1612; x_wconf 88' lang='lat' dir='ltr'><strong>etiam</strong></span> <span class='ocrx_word' id='word_1_160' title='bbox 867 1558 986 1614; x_wconf 91' lang='lat' dir='ltr'><strong>sine</strong></span> <span class='ocrx_word' id='word_1_161' title='bbox 1015 1558 1322 1615; x_wconf 90' lang='lat' dir='ltr'><strong>ministerio</strong></span> <span class='ocrx_word' id='word_1_162' title='bbox 1352 1562 1522 1615; x_wconf 89' lang='lat' dir='ltr'><strong>nostri</strong></span> <span class='ocrx_word' id='word_1_163' title='bbox 1552 1561 1846 1629; x_wconf 84' lang='lat' dir='ltr'><strong>sermonis,</strong></span> <span class='ocrx_word' id='word_1_164' title='bbox 1871 1577 1969 1632; x_wconf 92' lang='lat' dir='ltr'><strong>per</strong></span> <span class='ocrx_word' id='word_1_165' title='bbox 1983 1561 2083 1619; x_wconf 88' lang='lat' dir='ltr'><strong>Dei</strong></span> 
     </span>
    </p>
   </div>
   <div class='ocr_carea' id='block_1_25' title="bbox 493 1652 1583 1721">
    <p class='ocr_par' dir='ltr' id='par_1_25' title="bbox 493 1652 1583 1721">
     <span class='ocr_line' id='line_1_25' title="bbox 493 1652 1583 1721; baseline 0.003 -16"><span class='ocrx_word' id='word_1_166' title='bbox 493 1652 721 1721; x_wconf 79' lang='lat' dir='ltr'><strong>gratiam</strong></span> <span class='ocrx_word' id='word_1_167' title='bbox 753 1652 989 1708; x_wconf 89' lang='lat' dir='ltr'><strong>arbitror</strong></span> <span class='ocrx_word' id='word_1_168' title='bbox 1013 1652 1180 1710; x_wconf 90' lang='lat' dir='ltr'><strong>fuisse</strong></span> <span class='ocrx_word' id='word_1_169' title='bbox 1212 1653 1583 1709; x_wconf 75' lang='lat' dir='ltr'><strong>reserandum.</strong></span> 
     </span>
    </p>
   </div>
   <div class='ocr_carea' id='block_1_26' title="bbox 1113 1785 1451 1844">
    <p class='ocr_par' dir='ltr' id='par_1_26' title="bbox 1113 1785 1451 1844">
     <span class='ocr_line' id='line_1_26' title="bbox 1113 1785 1451 1844; baseline -0.003 -1"><span class='ocrx_word' id='word_1_170' title='bbox 1113 1785 1342 1844; x_wconf 80' lang='lat' dir='ltr'><strong>CAPUT</strong></span> <span class='ocrx_word' id='word_1_171' title='bbox 1381 1787 1451 1842; x_wconf 84' lang='lat' dir='ltr'><strong>X.</strong></span> 
     </span>
    </p>
   </div>
   <div class='ocr_carea' id='block_1_27' title="bbox 786 1901 1780 1978">
    <p class='ocr_par' dir='ltr' id='par_1_27' title="bbox 786 1901 1780 1978">
     <span class='ocr_line' id='line_1_27' title="bbox 786 1901 1780 1978; baseline 0.009 -23"><span class='ocrx_word' id='word_1_172' title='bbox 786 1901 863 1956; x_wconf 87' lang='lat' dir='ltr'><strong>De</strong></span> <span class='ocrx_word' id='word_1_173' title='bbox 889 1903 1207 1959; x_wconf 81' lang='lat' dir='ltr'><strong>institutione</strong></span> <span class='ocrx_word' id='word_1_174' title='bbox 1233 1905 1480 1960; x_wconf 86' lang='lat' dir='ltr'><strong>orationis</strong></span> <span class='ocrx_word' id='word_1_175' title='bbox 1501 1915 1780 1978; x_wconf 70' lang='lat' dir='ltr'><strong>perpetuat.</strong></span> 
     </span>
    </p>
   </div>
   <div class='ocr_carea' id='block_1_28' title="bbox 561 2036 2082 2111">
    <p class='ocr_par' dir='ltr' id='par_1_28' title="bbox 561 2036 2082 2111">
     <span class='ocr_line' id='line_1_28' title="bbox 561 2036 2082 2111; baseline 0.003 -21"><span class='ocrx_word' id='word_1_176' title='bbox 561 2036 930 2109; x_wconf 88' lang='lat' dir='ltr'><strong>Quapropter,</strong></span> <span class='ocrx_word' id='word_1_177' title='bbox 964 2039 1258 2094; x_wconf 89' lang='lat' dir='ltr'><strong>secundum</strong></span> <span class='ocrx_word' id='word_1_178' title='bbox 1295 2039 1442 2094; x_wconf 89' lang='lat' dir='ltr'><strong>illam</strong></span> <span class='ocrx_word' id='word_1_179' title='bbox 1482 2040 1878 2096; x_wconf 89' lang='lat' dir='ltr'><strong>institutionem</strong></span> <span class='ocrx_word' id='word_1_180' title='bbox 1923 2055 2082 2111; x_wconf 89' lang='lat' dir='ltr'><strong>quam</strong></span> 
     </span>
    </p>
   </div>
   <div class='ocr_carea' id='block_1_29' title="bbox 490 2130 2084 2203">
    <p class='ocr_par' dir='ltr' id='par_1_29' title="bbox 490 2130 2084 2203">
     <span class='ocr_line' id='line_1_29' title="bbox 490 2130 2084 2203; baseline 0.004 -22"><span class='ocrx_word' id='word_1_181' title='bbox 490 2130 840 2199; x_wconf 84' lang='lat' dir='ltr'><strong>parvulorum</strong></span> <span class='ocrx_word' id='word_1_182' title='bbox 883 2130 1176 2186; x_wconf 90' lang='lat' dir='ltr'><strong>eruditioni</strong></span> <span class='ocrx_word' id='word_1_183' title='bbox 1225 2132 1648 2202; x_wconf 90' lang='lat' dir='ltr'><strong>prudentissime</strong></span> <span class='ocrx_word' id='word_1_184' title='bbox 1690 2135 2084 2203; x_wconf 87' lang='lat' dir='ltr'><strong>comparastis,</strong></span> 
     </span>
    </p>
   </div>
   <div class='ocr_carea' id='block_1_30' title="bbox 489 2222 2086 2295">
    <p class='ocr_par' dir='ltr' id='par_1_30' title="bbox 489 2222 2086 2295">
     <span class='ocr_line' id='line_1_30' title="bbox 489 2222 2086 2295; baseline 0.004 -21"><span class='ocrx_word' id='word_1_185' title='bbox 489 2222 724 2290; x_wconf 88' lang='lat' dir='ltr'><strong>quialias</strong></span> <span class='ocrx_word' id='word_1_186' title='bbox 747 2223 1142 2279; x_wconf 82' lang='lat' dir='ltr'><strong>elementorum</strong></span> <span class='ocrx_word' id='word_1_187' title='bbox 1167 2224 1512 2279; x_wconf 89' lang='lat' dir='ltr'><strong>traditionem</strong></span> <span class='ocrx_word' id='word_1_188' title='bbox 1540 2225 1770 2295; x_wconf 87' lang='lat' dir='ltr'><strong>primam</strong></span> <span class='ocrx_word' id='word_1_189' title='bbox 1796 2225 2086 2295; x_wconf 86' lang='lat' dir='ltr'><strong>percipere</strong></span> 
     </span>
    </p>
   </div>
   <div class='ocr_carea' id='block_1_31' title="bbox 489 2317 2089 2388">
    <p class='ocr_par' dir='ltr' id='par_1_31' title="bbox 489 2317 2089 2388">
     <span class='ocr_line' id='line_1_31' title="bbox 489 2317 2089 2388; baseline 0.003 -20"><span class='ocrx_word' id='word_1_190' title='bbox 489 2328 597 2370; x_wconf 91' lang='lat' dir='ltr'><strong>non</strong></span> <span class='ocrx_word' id='word_1_191' title='bbox 628 2324 874 2384; x_wconf 90' lang='lat' dir='ltr'><strong>possunt,</strong></span> <span class='ocrx_word' id='word_1_192' title='bbox 897 2330 999 2370; x_wconf 90' lang='lat' dir='ltr'><strong>nec</strong></span> <span class='ocrx_word' id='word_1_193' title='bbox 1021 2330 1208 2371; x_wconf 78' lang='lat' dir='ltr'><strong>eorum</strong></span> <span class='ocrx_word' id='word_1_194' title='bbox 1235 2317 1321 2371; x_wconf 87' lang='lat' dir='ltr'><strong>vel</strong></span> <span class='ocrx_word' id='word_1_195' title='bbox 1347 2331 1648 2388; x_wconf 76' lang='lat' dir='ltr'><strong>agnoscere</strong></span> <span class='ocrx_word' id='word_1_196' title='bbox 1671 2317 1870 2384; x_wconf 87' lang='lat' dir='ltr'><strong>lineas,</strong></span> <span class='ocrx_word' id='word_1_197' title='bbox 1894 2317 1979 2372; x_wconf 93' lang='lat' dir='ltr'><strong>vel</strong></span> <span class='ocrx_word' id='word_1_198' title='bbox 2005 2317 2089 2373; x_wconf 87' lang='lat' dir='ltr'><strong>in-</strong></span> 
     </span>
    </p>
   </div>
   <div class='ocr_carea' id='block_1_32' title="bbox 490 2407 2088 2481">
    <p class='ocr_par' dir='ltr' id='par_1_32' title="bbox 490 2407 2088 2481">
     <span class='ocr_line' id='line_1_32' title="bbox 490 2407 2088 2481; baseline 0.003 -19"><span class='ocrx_word' id='word_1_199' title='bbox 490 2407 698 2478; x_wconf 90' lang='lat' dir='ltr'><strong>trepida</strong></span> <span class='ocrx_word' id='word_1_200' title='bbox 741 2424 902 2465; x_wconf 91' lang='lat' dir='ltr'><strong>manu</strong></span> <span class='ocrx_word' id='word_1_201' title='bbox 953 2420 1160 2481; x_wconf 88' lang='lat' dir='ltr'><strong>queunt</strong></span> <span class='ocrx_word' id='word_1_202' title='bbox 1203 2411 1514 2467; x_wconf 90' lang='lat' dir='ltr'><strong>describere</strong></span> <span class='ocrx_word' id='word_1_203' title='bbox 1557 2411 1942 2480; x_wconf 85' lang='lat' dir='ltr'><strong>characteres,</strong></span> <span class='ocrx_word' id='word_1_204' title='bbox 1981 2411 2088 2469; x_wconf 90' lang='lat' dir='ltr'><strong>nisi</strong></span> 
     </span>
    </p>
   </div>
   <div class='ocr_carea' id='block_1_33' title="bbox 2185 1261 3835 1358">
    <p class='ocr_par' dir='ltr' id='par_1_33' title="bbox 2185 1261 3835 1358">
     <span class='ocr_line' id='line_1_33' title="bbox 2185 1261 3835 1358; baseline 0.001 -17"><span class='ocrx_word' id='word_1_205' title='bbox 2185 1294 2348 1356; x_wconf 91' lang='lat' dir='ltr'><strong>atque</strong></span> <span class='ocrx_word' id='word_1_206' title='bbox 2377 1285 2644 1341; x_wconf 91' lang='lat' dir='ltr'><strong>orationis</strong></span> <span class='ocrx_word' id='word_1_207' title='bbox 2667 1261 2899 1341; x_wconf 82' lang='lat' dir='ltr'><strong>formula</strong></span> <span class='ocrx_word' id='word_1_208' title='bbox 2929 1261 3272 1356; x_wconf 74' lang='lat' dir='ltr'><strong>proponitur,</strong></span> <span class='ocrx_word' id='word_1_209' title='bbox 3295 1303 3457 1357; x_wconf 91' lang='lat' dir='ltr'><strong>quam</strong></span> <span class='ocrx_word' id='word_1_210' title='bbox 3483 1261 3783 1358; x_wconf 76' lang='lat' dir='ltr'><strong>unusquis-</strong></span> <span class='ocrx_word' id='word_1_211' title='bbox 3819 1261 3835 1300; x_wconf 62' lang='grc'><em>³</em></span> 
     </span>
    </p>
   </div>
   <div class='ocr_carea' id='block_1_34' title="bbox 2185 1377 3788 1448">
    <p class='ocr_par' dir='ltr' id='par_1_34' title="bbox 2185 1377 3788 1448">
     <span class='ocr_line' id='line_1_34' title="bbox 2185 1377 3788 1448; baseline 0.001 -16"><span class='ocrx_word' id='word_1_212' title='bbox 2185 1392 2292 1448; x_wconf 89' lang='lat' dir='ltr'><strong>que</strong></span> <span class='ocrx_word' id='word_1_213' title='bbox 2343 1377 2642 1434; x_wconf 88' lang='lat' dir='ltr'><strong>monachus</strong></span> <span class='ocrx_word' id='word_1_214' title='bbox 2681 1378 2750 1434; x_wconf 88' lang='lat' dir='ltr'><strong>ad</strong></span> <span class='ocrx_word' id='word_1_215' title='bbox 2798 1377 2982 1448; x_wconf 87' lang='lat' dir='ltr'><strong>jugem</strong></span> <span class='ocrx_word' id='word_1_216' title='bbox 3029 1378 3121 1434; x_wconf 91' lang='lat' dir='ltr'><strong>Dei</strong></span> <span class='ocrx_word' id='word_1_217' title='bbox 3169 1379 3489 1434; x_wconf 91' lang='lat' dir='ltr'><strong>memoriam</strong></span> <span class='ocrx_word' id='word_1_218' title='bbox 3549 1379 3788 1434; x_wconf 89' lang='lat' dir='ltr'><strong>tendens</strong></span> 
     </span>
    </p>
   </div>
   <div class='ocr_carea' id='block_1_35' title="bbox 2185 1469 3786 1542">
    <p class='ocr_par' dir='ltr' id='par_1_35' title="bbox 2185 1469 3786 1542">
     <span class='ocr_line' id='line_1_35' title="bbox 2185 1469 3786 1542; baseline 0 -15"><span class='ocrx_word' id='word_1_219' title='bbox 2185 1469 2500 1527; x_wconf 85' lang='lat' dir='ltr'><strong>incessabili</strong></span> <span class='ocrx_word' id='word_1_220' title='bbox 2528 1471 2708 1527; x_wconf 90' lang='lat' dir='ltr'><strong>cordis</strong></span> <span class='ocrx_word' id='word_1_221' title='bbox 2735 1471 3071 1528; x_wconf 86' lang='lat' dir='ltr'><strong>volutatione</strong></span> <span class='ocrx_word' id='word_1_222' title='bbox 3095 1470 3370 1539; x_wconf 88' lang='lat' dir='ltr'><strong>meditari,</strong></span> <span class='ocrx_word' id='word_1_223' title='bbox 3402 1471 3625 1542; x_wconf 86' lang='lat' dir='ltr'><strong>expulsa</strong></span> <span class='ocrx_word' id='word_1_224' title='bbox 3655 1487 3786 1527; x_wconf 92' lang='lat' dir='ltr'><strong>om-</strong></span> 
     </span>
    </p>
   </div>
   <div class='ocr_carea' id='block_1_36' title="bbox 2186 1565 3790 1636">
    <p class='ocr_par' dir='ltr' id='par_1_36' title="bbox 2186 1565 3790 1636">
     <span class='ocr_line' id='line_1_36' title="bbox 2186 1565 3790 1636; baseline 0.001 -16"><span class='ocrx_word' id='word_1_225' title='bbox 2186 1566 2334 1620; x_wconf 91' lang='lat' dir='ltr'><strong>nium</strong></span> <span class='ocrx_word' id='word_1_226' title='bbox 2358 1565 2745 1636; x_wconf 87' lang='lat' dir='ltr'><strong>cogitationum</strong></span> <span class='ocrx_word' id='word_1_227' title='bbox 2781 1565 3079 1634; x_wconf 87' lang='lat' dir='ltr'><strong>varietate,</strong></span> <span class='ocrx_word' id='word_1_228' title='bbox 3112 1574 3473 1633; x_wconf 88' lang='lat' dir='ltr'><strong>consuescat,</strong></span> <span class='ocrx_word' id='word_1_229' title='bbox 3515 1566 3641 1635; x_wconf 88' lang='lat' dir='ltr'><strong>quia</strong></span> <span class='ocrx_word' id='word_1_230' title='bbox 3682 1580 3790 1622; x_wconf 89' lang='lat' dir='ltr'><strong>nec</strong></span> 
     </span>
    </p>
   </div>
   <div class='ocr_carea' id='block_1_37' title="bbox 2184 1658 3793 1728">
    <p class='ocr_par' dir='ltr' id='par_1_37' title="bbox 2184 1658 3793 1728">
     <span class='ocr_line' id='line_1_37' title="bbox 2184 1658 3793 1728; baseline 0.002 -14"><span class='ocrx_word' id='word_1_231' title='bbox 2184 1660 2322 1715; x_wconf 86' lang='lat' dir='ltr'><strong>alias</strong></span> <span class='ocrx_word' id='word_1_232' title='bbox 2343 1674 2462 1715; x_wconf 90' lang='lat' dir='ltr'><strong>eam</strong></span> <span class='ocrx_word' id='word_1_233' title='bbox 2487 1659 2602 1714; x_wconf 93' lang='lat' dir='ltr'><strong>ullo</strong></span> <span class='ocrx_word' id='word_1_234' title='bbox 2625 1658 2789 1714; x_wconf 93' lang='lat' dir='ltr'><strong>modo</strong></span> <span class='ocrx_word' id='word_1_235' title='bbox 2817 1659 3020 1728; x_wconf 83' lang='lat' dir='ltr'><strong>puterit</strong></span> <span class='ocrx_word' id='word_1_236' title='bbox 3051 1666 3347 1725; x_wconf 90' lang='lat' dir='ltr'><strong>retentare,</strong></span> <span class='ocrx_word' id='word_1_237' title='bbox 3378 1659 3482 1713; x_wconf 89' lang='lat' dir='ltr'><strong>nisi</strong></span> <span class='ocrx_word' id='word_1_238' title='bbox 3510 1659 3576 1714; x_wconf 90' lang='lat' dir='ltr'><strong>ab</strong></span> <span class='ocrx_word' id='word_1_239' title='bbox 3604 1659 3793 1718; x_wconf 86' lang='lat' dir='ltr'><strong>omni-</strong></span> 
     </span>
    </p>
   </div>
   <div class='ocr_carea' id='block_1_38' title="bbox 2186 1751 3791 1823">
    <p class='ocr_par' dir='ltr' id='par_1_38' title="bbox 2186 1751 3791 1823">
     <span class='ocr_line' id='line_1_38' title="bbox 2186 1751 3791 1823; baseline -0.002 -14"><span class='ocrx_word' id='word_1_240' title='bbox 2186 1753 2290 1809; x_wconf 89' lang='lat' dir='ltr'><strong>bus</strong></span> <span class='ocrx_word' id='word_1_241' title='bbox 2312 1751 2479 1808; x_wconf 90' lang='lat' dir='ltr'><strong>fuerit</strong></span> <span class='ocrx_word' id='word_1_242' title='bbox 2507 1751 2889 1823; x_wconf 89' lang='lat' dir='ltr'><strong>corporalibus</strong></span> <span class='ocrx_word' id='word_1_243' title='bbox 2915 1752 3060 1806; x_wconf 89' lang='lat' dir='ltr'><strong>curis</strong></span> <span class='ocrx_word' id='word_1_244' title='bbox 3097 1766 3162 1806; x_wconf 90' lang='lat' dir='ltr'><strong>ac</strong></span> <span class='ocrx_word' id='word_1_245' title='bbox 3201 1751 3659 1807; x_wconf 89' lang='lat' dir='ltr'><strong>sollicitudinibus</strong></span> <span class='ocrx_word' id='word_1_246' title='bbox 3688 1751 3791 1806; x_wconf 84' lang='lat' dir='ltr'><strong>ab—</strong></span> 
     </span>
    </p>
   </div>
   <div class='ocr_carea' id='block_1_39' title="bbox 2113 1839 3794 1912">
    <p class='ocr_par' dir='ltr' id='par_1_39' title="bbox 2113 1839 3794 1912">
     <span class='ocr_line' id='line_1_39' title="bbox 2113 1839 3794 1912; baseline -0.004 -10"><span class='ocrx_word' id='word_1_247' title='bbox 2113 1839 2165 1902; x_wconf 87' lang='lat' dir='ltr'><strong>B</strong></span> <span class='ocrx_word' id='word_1_248' title='bbox 2190 1845 2425 1901; x_wconf 90' lang='lat' dir='ltr'><strong>solutus.</strong></span> <span class='ocrx_word' id='word_1_249' title='bbox 2453 1844 2586 1912; x_wconf 69' lang='lat' dir='ltr'><strong>Quae</strong></span> <span class='ocrx_word' id='word_1_250' title='bbox 2614 1843 2757 1898; x_wconf 90' lang='lat' dir='ltr'><strong>sicut</strong></span> <span class='ocrx_word' id='word_1_251' title='bbox 2773 1842 2934 1898; x_wconf 88' lang='lat' dir='ltr'><strong>nobis</strong></span> <span class='ocrx_word' id='word_1_252' title='bbox 2963 1857 2993 1897; x_wconf 88' lang='lat' dir='ltr'><strong>a</strong></span> <span class='ocrx_word' id='word_1_253' title='bbox 3023 1841 3230 1912; x_wconf 89' lang='lat' dir='ltr'><strong>paucis,</strong></span> <span class='ocrx_word' id='word_1_254' title='bbox 3255 1841 3346 1910; x_wconf 87' lang='lat' dir='ltr'><strong>qui</strong></span> <span class='ocrx_word' id='word_1_255' title='bbox 3377 1842 3794 1912; x_wconf 44' lang='lat' dir='ltr'><strong>antiquissimo:</strong></span> 
     </span>
    </p>
   </div>
   <div class='ocr_carea' id='block_1_40' title="bbox 2195 1933 3796 2007">
    <p class='ocr_par' dir='ltr' id='par_1_40' title="bbox 2195 1933 3796 2007">
     <span class='ocr_line' id='line_1_40' title="bbox 2195 1933 3796 2007; baseline -0.002 -15"><span class='ocrx_word' id='word_1_256' title='bbox 2195 1952 2316 1992; x_wconf 87' lang='lat' dir='ltr'><strong>rum</strong></span> <span class='ocrx_word' id='word_1_257' title='bbox 2349 1945 2562 2007; x_wconf 89' lang='lat' dir='ltr'><strong>patrum</strong></span> <span class='ocrx_word' id='word_1_258' title='bbox 2607 1934 2814 1990; x_wconf 87' lang='lat' dir='ltr'><strong>residui</strong></span> <span class='ocrx_word' id='word_1_259' title='bbox 2854 1944 3030 2002; x_wconf 89' lang='lat' dir='ltr'><strong>erant,</strong></span> <span class='ocrx_word' id='word_1_260' title='bbox 3060 1934 3256 1993; x_wconf 90' lang='lat' dir='ltr'><strong>tradita</strong></span> <span class='ocrx_word' id='word_1_261' title='bbox 3282 1944 3388 2000; x_wconf 91' lang='lat' dir='ltr'><strong>est,</strong></span> <span class='ocrx_word' id='word_1_262' title='bbox 3435 1934 3508 1988; x_wconf 90' lang='lat' dir='ltr'><strong>ita</strong></span> <span class='ocrx_word' id='word_1_263' title='bbox 3549 1949 3578 1987; x_wconf 89' lang='lat' dir='ltr'><strong>a</strong></span> <span class='ocrx_word' id='word_1_264' title='bbox 3626 1933 3796 1989; x_wconf 75' lang='lat' dir='ltr'><strong>nobis</strong></span> 
     </span>
    </p>
   </div>
   <div class='ocr_carea' id='block_1_41' title="bbox 2192 2024 3796 2103">
    <p class='ocr_par' dir='ltr' id='par_1_41' title="bbox 2192 2024 3796 2103">
     <span class='ocr_line' id='line_1_41' title="bbox 2192 2024 3796 2103; baseline -0.004 -17"><span class='ocrx_word' id='word_1_265' title='bbox 2192 2044 2409 2103; x_wconf 91' lang='lat' dir='ltr'><strong>quoque</strong></span> <span class='ocrx_word' id='word_1_266' title='bbox 2434 2045 2546 2085; x_wconf 92' lang='lat' dir='ltr'><strong>non</strong></span> <span class='ocrx_word' id='word_1_267' title='bbox 2575 2029 2683 2084; x_wconf 89' lang='lat' dir='ltr'><strong>nisi</strong></span> <span class='ocrx_word' id='word_1_268' title='bbox 2704 2028 3000 2084; x_wconf 89' lang='lat' dir='ltr'><strong>rarissimis</strong></span> <span class='ocrx_word' id='word_1_269' title='bbox 3039 2043 3102 2084; x_wconf 91' lang='lat' dir='ltr'><strong>ac</strong></span> <span class='ocrx_word' id='word_1_270' title='bbox 3139 2041 3270 2083; x_wconf 88' lang='lat' dir='ltr'><strong>vere</strong></span> <span class='ocrx_word' id='word_1_271' title='bbox 3303 2026 3610 2082; x_wconf 90' lang='lat' dir='ltr'><strong>sitientibus</strong></span> <span class='ocrx_word' id='word_1_272' title='bbox 3659 2024 3796 2080; x_wconf 85' lang='lat' dir='ltr'><strong>inti-</strong></span> 
     </span>
    </p>
   </div>
   <div class='ocr_carea' id='block_1_42' title="bbox 2193 2121 3794 2194">
    <p class='ocr_par' dir='ltr' id='par_1_42' title="bbox 2193 2121 3794 2194">
     <span class='ocr_line' id='line_1_42' title="bbox 2193 2121 3794 2194; baseline -0.002 -14"><span class='ocrx_word' id='word_1_273' title='bbox 2193 2135 2390 2181; x_wconf 88' lang='lat' dir='ltr'><strong>matur.</strong></span> <span class='ocrx_word' id='word_1_274' title='bbox 2437 2123 2554 2180; x_wconf 85' lang='lat' dir='ltr'><strong>Erit</strong></span> <span class='ocrx_word' id='word_1_275' title='bbox 2608 2123 2792 2194; x_wconf 90' lang='lat' dir='ltr'><strong>itaque</strong></span> <span class='ocrx_word' id='word_1_276' title='bbox 2844 2123 2913 2178; x_wconf 92' lang='lat' dir='ltr'><strong>ad</strong></span> <span class='ocrx_word' id='word_1_277' title='bbox 2956 2131 3274 2193; x_wconf 86' lang='lat' dir='ltr'><strong>perpetuam</strong></span> <span class='ocrx_word' id='word_1_278' title='bbox 3320 2121 3418 2177; x_wconf 87' lang='lat' dir='ltr'><strong>Dei</strong></span> <span class='ocrx_word' id='word_1_279' title='bbox 3465 2123 3794 2177; x_wconf 84' lang='lat' dir='ltr'><strong>memoriam</strong></span> 
     </span>
    </p>
   </div>
   <div class='ocr_carea' id='block_1_43' title="bbox 2193 2214 3800 2290">
    <p class='ocr_par' dir='ltr' id='par_1_43' title="bbox 2193 2214 3800 2290">
     <span class='ocr_line' id='line_1_43' title="bbox 2193 2214 3800 2290; baseline -0.002 -17"><span class='ocrx_word' id='word_1_280' title='bbox 2193 2218 2600 2290; x_wconf 86' lang='lat' dir='ltr'><strong>possidendam,</strong></span> <span class='ocrx_word' id='word_1_281' title='bbox 2650 2217 2767 2272; x_wconf 60' lang='lat' dir='ltr'><strong>haec</strong></span> <span class='ocrx_word' id='word_1_282' title='bbox 2814 2215 3256 2282; x_wconf 89' lang='lat' dir='ltr'><strong>inseparabiliter</strong></span> <span class='ocrx_word' id='word_1_283' title='bbox 3302 2215 3582 2284; x_wconf 87' lang='lat' dir='ltr'><strong>proposita</strong></span> <span class='ocrx_word' id='word_1_284' title='bbox 3630 2214 3800 2270; x_wconf 87' lang='lat' dir='ltr'><strong>vobis</strong></span> 
     </span>
    </p>
   </div>
   <div class='ocr_carea' id='block_1_44' title="bbox 2194 2307 3802 2382">
    <p class='ocr_par' dir='ltr' id='par_1_44' title="bbox 2194 2307 3802 2382">
     <span class='ocr_line' id='line_1_44' title="bbox 2194 2307 3802 2382; baseline -0.002 -16"><span class='ocrx_word' id='word_1_285' title='bbox 2194 2311 2431 2366; x_wconf 86' lang='lat' dir='ltr'><strong>formula</strong></span> <span class='ocrx_word' id='word_1_286' title='bbox 2464 2311 2676 2382; x_wconf 88' lang='lat' dir='ltr'><strong>pietatis</strong></span> <span class='ocrx_word' id='word_1_287' title='bbox 2703 2327 2718 2364; x_wconf 90' lang='lat'><strong>:</strong></span> <span class='ocrx_word' id='word_1_288' title='bbox 2742 2307 2905 2374; x_wconf 95' lang='lat' dir='ltr'><strong>Deus,</strong></span> <span class='ocrx_word' id='word_1_289' title='bbox 2938 2309 2992 2362; x_wconf 89' lang='lat' dir='ltr'><strong>in</strong></span> <span class='ocrx_word' id='word_1_290' title='bbox 3011 2309 3334 2381; x_wconf 88' lang='lat' dir='ltr'><strong>adjutorium</strong></span> <span class='ocrx_word' id='word_1_291' title='bbox 3353 2325 3522 2362; x_wconf 88' lang='lat' dir='ltr'><strong>meum</strong></span> <span class='ocrx_word' id='word_1_292' title='bbox 3543 2307 3802 2374; x_wconf 87' lang='lat' dir='ltr'><strong>intende;</strong></span> 
     </span>
    </p>
   </div>
   <div class='ocr_carea' id='block_1_45' title="bbox 2191 2399 3803 2476">
    <p class='ocr_par' dir='ltr' id='par_1_45' title="bbox 2191 2399 3803 2476">
     <span class='ocr_line' id='line_1_45' title="bbox 2191 2399 3803 2476; baseline -0.004 -14"><span class='ocrx_word' id='word_1_293' title='bbox 2191 2406 2433 2476; x_wconf 83' lang='lat' dir='ltr'><strong>Domine,</strong></span> <span class='ocrx_word' id='word_1_294' title='bbox 2465 2406 2534 2459; x_wconf 91' lang='lat' dir='ltr'><strong>ad</strong></span> <span class='ocrx_word' id='word_1_295' title='bbox 2562 2403 2918 2472; x_wconf 83' lang='lat' dir='ltr'><strong>adjuvandum</strong></span> <span class='ocrx_word' id='word_1_296' title='bbox 2965 2417 3044 2456; x_wconf 87' lang='lat' dir='ltr'><strong>me</strong></span> <span class='ocrx_word' id='word_1_297' title='bbox 3085 2400 3296 2469; x_wconf 77' lang='lat' dir='ltr'><strong>festina.</strong></span> <span class='ocrx_word' id='word_1_298' title='bbox 3349 2409 3371 2439; x_wconf 74' lang='grc' dir='ltr'>ε</span> <span class='ocrx_word' id='word_1_299' title='bbox 3405 2399 3504 2456; x_wconf 85' lang='lat' dir='ltr'><strong>llic</strong></span> <span class='ocrx_word' id='word_1_300' title='bbox 3551 2415 3803 2471; x_wconf 89' lang='lat' dir='ltr'><strong>namque</strong></span> 
     </span>
    </p>
   </div>
   <div class='ocr_carea' id='block_1_46' title="bbox 1556 2541 2694 2604">
    <p class='ocr_par' dir='ltr' id='par_1_46' title="bbox 1556 2541 2694 2604">
     <span class='ocr_line' id='line_1_46' title="bbox 1556 2541 2694 2604; baseline -0.005 -3"><span class='ocrx_word' id='word_1_301' title='bbox 1556 2547 1815 2602; x_wconf 82' lang='lat' dir='ltr'><strong>ALARDI</strong></span> <span class='ocrx_word' id='word_1_302' title='bbox 1854 2545 2091 2604; x_wconf 72' lang='grc' dir='ltr'><strong>(ἶΑΖΛΕΙ</strong></span> <span class='ocrx_word' id='word_1_303' title='bbox 2127 2541 2694 2600; x_wconf 73' lang='lat' dir='ltr'><strong>COMMENTARIUS.</strong></span> 
     </span>
    </p>
   </div>
   <div class='ocr_carea' id='block_1_47' title="bbox 562 2636 2082 2709">
    <p class='ocr_par' dir='ltr' id='par_1_47' title="bbox 562 2636 2082 2709">
     <span class='ocr_line' id='line_1_47' title="bbox 562 2636 2082 2709; baseline 0.001 -19"><span class='ocrx_word' id='word_1_304' title='bbox 562 2647 587 2674; x_wconf 73' lang='grc' dir='ltr'><strong>ιι</strong></span> <span class='ocrx_word' id='word_1_305' title='bbox 623 2636 758 2691; x_wconf 89' lang='lat' dir='ltr'><strong>Nam</strong></span> <span class='ocrx_word' id='word_1_306' title='bbox 786 2638 874 2709; x_wconf 89' lang='lat' dir='ltr'><strong>qui</strong></span> <span class='ocrx_word' id='word_1_307' title='bbox 903 2639 1035 2694; x_wconf 80' lang='lat' dir='ltr'><strong>nihil</strong></span> <span class='ocrx_word' id='word_1_308' title='bbox 1067 2641 1187 2705; x_wconf 86' lang='lat' dir='ltr'><strong>scit,</strong></span> <span class='ocrx_word' id='word_1_309' title='bbox 1215 2641 1347 2694; x_wconf 83' lang='lat' dir='ltr'><strong>nihil</strong></span> <span class='ocrx_word' id='word_1_310' title='bbox 1376 2641 1598 2703; x_wconf 85' lang='lat' dir='ltr'><strong>dubitat.</strong></span> <span class='ocrx_word' id='word_1_311' title='bbox 1631 2641 1707 2695; x_wconf 89' lang='lat' dir='ltr'><strong>ait</strong></span> <span class='ocrx_word' id='word_1_312' title='bbox 1741 2641 2082 2696; x_wconf 81' lang='lat' dir='ltr'><strong>Aristoteles.</strong></span> 
     </span>
    </p>
   </div>
   <div class='ocr_carea' id='block_1_48' title="bbox 493 2709 2087 2780">
    <p class='ocr_par' dir='ltr' id='par_1_48' title="bbox 493 2709 2087 2780">
     <span class='ocr_line' id='line_1_48' title="bbox 493 2709 2087 2780; baseline 0.001 -18"><span class='ocrx_word' id='word_1_313' title='bbox 493 2709 629 2764; x_wconf 88' lang='lat' dir='ltr'><strong>Hinc</strong></span> <span class='ocrx_word' id='word_1_314' title='bbox 651 2711 942 2780; x_wconf 87' lang='lat' dir='ltr'><strong>Apostolus</strong></span> <span class='ocrx_word' id='word_1_315' title='bbox 973 2729 984 2763; x_wconf 87' lang='lat'>:</span> <span class='ocrx_word' id='word_1_316' title='bbox 1016 2710 1118 2775; x_wconf 86' lang='lat' dir='ltr'><strong>Qui</strong></span> <span class='ocrx_word' id='word_1_317' title='bbox 1149 2728 1202 2766; x_wconf 89' lang='lat' dir='ltr'><strong>se</strong></span> <span class='ocrx_word' id='word_1_318' title='bbox 1225 2712 1480 2766; x_wconf 76' lang='lat' dir='ltr'><strong>existimat</strong></span> <span class='ocrx_word' id='word_1_319' title='bbox 1511 2713 1644 2767; x_wconf 83' lang='lat' dir='ltr'><strong>scire</strong></span> <span class='ocrx_word' id='word_1_320' title='bbox 1685 2712 1906 2780; x_wconf 86' lang='lat' dir='ltr'><strong>aliquid,</strong></span> <span class='ocrx_word' id='word_1_321' title='bbox 1954 2727 2087 2765; x_wconf 84' lang='lat' dir='ltr'><strong>non-</strong></span> 
     </span>
    </p>
   </div>
   <div class='ocr_carea' id='block_1_49' title="bbox 489 2779 2088 2851">
    <p class='ocr_par' dir='ltr' id='par_1_49' title="bbox 489 2779 2088 2851">
     <span class='ocr_line' id='line_1_49' title="bbox 489 2779 2088 2851; baseline 0.002 -17"><span class='ocrx_word' id='word_1_322' title='bbox 489 2779 614 2834; x_wconf 87' lang='lat' dir='ltr'><strong>dum</strong></span> <span class='ocrx_word' id='word_1_323' title='bbox 641 2779 871 2849; x_wconf 82' lang='lat' dir='ltr'><strong>cognovit</strong></span> <span class='ocrx_word' id='word_1_324' title='bbox 907 2782 1339 2851; x_wconf 64' lang='lat' dir='ltr'><strong>quemadmodum</strong></span> <span class='ocrx_word' id='word_1_325' title='bbox 1381 2791 1614 2847; x_wconf 85' lang='lat' dir='ltr'><strong>oporteat</strong></span> <span class='ocrx_word' id='word_1_326' title='bbox 1657 2779 1780 2836; x_wconf 6' lang='lat' dir='ltr'><strong>eum,</strong></span> <span class='ocrx_word' id='word_1_327' title='bbox 1816 2784 1967 2836; x_wconf 87' lang='lat' dir='ltr'><strong>scire.</strong></span> <span class='ocrx_word' id='word_1_328' title='bbox 2021 2782 2088 2837; x_wconf 83' lang='lat' dir='ltr'><strong>Et</strong></span> 
     </span>
    </p>
   </div>
   <div class='ocr_carea' id='block_1_50' title="bbox 489 2851 2080 2922">
    <p class='ocr_par' dir='ltr' id='par_1_50' title="bbox 489 2851 2080 2922">
     <span class='ocr_line' id='line_1_50' title="bbox 489 2851 2080 2922; baseline 0.002 -19"><span class='ocrx_word' id='word_1_329' title='bbox 489 2851 744 2905; x_wconf 77' lang='lat' dir='ltr'><strong>Socrates</strong></span> <span class='ocrx_word' id='word_1_330' title='bbox 772 2852 1089 2908; x_wconf 62' lang='lat' dir='ltr'><strong>Graecorum</strong></span> <span class='ocrx_word' id='word_1_331' title='bbox 1117 2854 1553 2922; x_wconf 89' lang='lat' dir='ltr'><strong>sapientissimus</strong></span> <span class='ocrx_word' id='word_1_332' title='bbox 1581 2854 1852 2922; x_wconf 90' lang='lat' dir='ltr'><strong>judicatus</strong></span> <span class='ocrx_word' id='word_1_333' title='bbox 1881 2871 1893 2906; x_wconf 93' lang='lat'><strong>:</strong></span> <span class='ocrx_word' id='word_1_334' title='bbox 1925 2853 2041 2907; x_wconf 78' lang='lat' dir='ltr'><strong>Hoc</strong></span> <span class='ocrx_word' id='word_1_335' title='bbox 2065 2895 2080 2920; x_wconf 97' lang='lat'><strong>,</strong></span> 
     </span>
    </p>
   </div>
   <div class='ocr_carea' id='block_1_51' title="bbox 491 2922 2085 2994">
    <p class='ocr_par' dir='ltr' id='par_1_51' title="bbox 491 2922 2085 2994">
     <span class='ocr_line' id='line_1_51' title="bbox 491 2922 2085 2994; baseline 0.004 -20"><span class='ocrx_word' id='word_1_336' title='bbox 491 2922 686 2992; x_wconf 91' lang='lat' dir='ltr'><strong>inquit,</strong></span> <span class='ocrx_word' id='word_1_337' title='bbox 719 2925 826 2976; x_wconf 86' lang='lat' dir='ltr'><strong>scio</strong></span> <span class='ocrx_word' id='word_1_338' title='bbox 843 2923 983 2994; x_wconf 86' lang='lat' dir='ltr'><strong>quod</strong></span> <span class='ocrx_word' id='word_1_339' title='bbox 1011 2923 1142 2977; x_wconf 89' lang='lat' dir='ltr'><strong>nihil</strong></span> <span class='ocrx_word' id='word_1_340' title='bbox 1167 2926 1293 2987; x_wconf 84' lang='lat' dir='ltr'><strong>scio,</strong></span> <span class='ocrx_word' id='word_1_341' title='bbox 1327 2934 1385 2978; x_wconf 91' lang='lat' dir='ltr'><strong>ut</strong></span> <span class='ocrx_word' id='word_1_342' title='bbox 1405 2924 1572 2980; x_wconf 86' lang='lat' dir='ltr'><strong>refert</strong></span> <span class='ocrx_word' id='word_1_343' title='bbox 1610 2927 1773 2980; x_wconf 89' lang='lat' dir='ltr'><strong>etiam</strong></span> <span class='ocrx_word' id='word_1_344' title='bbox 1803 2924 1918 2978; x_wconf 89' lang='lat' dir='ltr'><strong>Div.</strong></span> <span class='ocrx_word' id='word_1_345' title='bbox 1953 2924 2085 2988; x_wconf 79' lang='lat' dir='ltr'><strong>Hie-</strong></span> 
     </span>
    </p>
   </div>
   <div class='ocr_carea' id='block_1_52' title="bbox 489 2994 1462 3101">
    <p class='ocr_par' dir='ltr' id='par_1_52' title="bbox 489 2994 1462 3101">
     <span class='ocr_line' id='line_1_52' title="bbox 489 2994 1462 3101; baseline 0.002 -55"><span class='ocrx_word' id='word_1_346' title='bbox 489 3007 753 3101; x_wconf 61' lang='lat' dir='ltr'><strong>ronymus</strong></span> <span class='ocrx_word' id='word_1_347' title='bbox 776 2995 830 3048; x_wconf 88' lang='lat' dir='ltr'><strong>in</strong></span> <span class='ocrx_word' id='word_1_348' title='bbox 861 2994 1024 3062; x_wconf 86' lang='lat' dir='ltr'><strong>epist.</strong></span> <span class='ocrx_word' id='word_1_349' title='bbox 1056 2994 1122 3048; x_wconf 87' lang='lat' dir='ltr'><strong>ad</strong></span> <span class='ocrx_word' id='word_1_350' title='bbox 1154 2995 1462 3050; x_wconf 87' lang='lat' dir='ltr'><strong>Paulinum.</strong></span> 
     </span>
     <span class='ocr_line' id='line_1_53' title="bbox 649 3063 1462 3101; baseline 0 0"><span class='ocrx_word' id='word_1_351' title='bbox 649 3063 938 3101; x_wconf 48' lang='lat' dir='ltr'><strong>liiannninn</strong></span> <span class='ocrx_word' id='word_1_352' title='bbox 965 3074 1020 3101; x_wconf 70' lang='lat' dir='ltr'><strong>nl</strong></span> <span class='ocrx_word' id='word_1_353' title='bbox 1051 3065 1137 3101; x_wconf 69' lang='lat' dir='ltr'><strong>alii</strong></span> <span class='ocrx_word' id='word_1_354' title='bbox 1165 3066 1344 3101; x_wconf 76' lang='lat' dir='ltr'><strong>Inanns</strong></span> <span class='ocrx_word' id='word_1_355' title='bbox 1373 3085 1384 3095; x_wconf 94' lang='lat'><strong><em>-</em></strong></span> <span class='ocrx_word' id='word_1_356' title='bbox 1417 3067 1462 3101; x_wconf 74' lang='grc' dir='ltr'><strong>Ι)</strong></span> 
     </span>
    </p>
   </div>
   <div class='ocr_carea' id='block_1_53' title="bbox 649 3063 2085 3136">
    <p class='ocr_par' dir='ltr' id='par_1_53' title="bbox 649 3063 2085 3136">
     <span class='ocr_line' id='line_1_54' title="bbox 649 3063 2085 3136; baseline 0.001 -19"><span class='ocrx_word' id='word_1_357' title='bbox 649 3063 940 3136; x_wconf 81' lang='lat' dir='ltr'><strong>Ciaconitts</strong></span> <span class='ocrx_word' id='word_1_358' title='bbox 965 3074 1022 3120; x_wconf 88' lang='lat' dir='ltr'><strong>et</strong></span> <span class='ocrx_word' id='word_1_359' title='bbox 1050 3065 1140 3119; x_wconf 84' lang='lat' dir='ltr'><strong>alii</strong></span> <span class='ocrx_word' id='word_1_360' title='bbox 1164 3066 1348 3135; x_wconf 89' lang='lat' dir='ltr'><strong>legunt</strong></span> <span class='ocrx_word' id='word_1_361' title='bbox 1373 3085 1384 3118; x_wconf 92' lang='lat'><strong>:</strong></span> <span class='ocrx_word' id='word_1_362' title='bbox 1417 3067 1587 3132; x_wconf 79' lang='lat' dir='ltr'><strong>Quam</strong></span> <span class='ocrx_word' id='word_1_363' title='bbox 1614 3067 1844 3136; x_wconf 81' lang='lat' dir='ltr'><strong>protypis</strong></span> <span class='ocrx_word' id='word_1_364' title='bbox 1869 3065 2085 3136; x_wconf 82' lang='lat' dir='ltr'><strong>quibus-</strong></span> 
     </span>
    </p>
   </div>
   <div class='ocr_carea' id='block_1_54' title="bbox 492 3135 2086 3206">
    <p class='ocr_par' dir='ltr' id='par_1_54' title="bbox 492 3135 2086 3206">
     <span class='ocr_line' id='line_1_55' title="bbox 492 3135 2086 3206; baseline 0.002 -18"><span class='ocrx_word' id='word_1_365' title='bbox 492 3136 616 3188; x_wconf 77' lang='lat' dir='ltr'><strong>dam</strong></span> <span class='ocrx_word' id='word_1_366' title='bbox 640 3145 690 3188; x_wconf 86' lang='lat' dir='ltr'><strong>et</strong></span> <span class='ocrx_word' id='word_1_367' title='bbox 718 3135 956 3204; x_wconf 80' lang='lat' dir='ltr'><strong>formulis</strong></span> <span class='ocrx_word' id='word_1_368' title='bbox 984 3176 999 3200; x_wconf 92' lang='lat'><strong>,</strong></span> <span class='ocrx_word' id='word_1_369' title='bbox 1033 3145 1139 3189; x_wconf 91' lang='lat' dir='ltr'><strong>etc.</strong></span> <span class='ocrx_word' id='word_1_370' title='bbox 1180 3136 1423 3192; x_wconf 88' lang='lat' dir='ltr'><strong>Sumitnr</strong></span> <span class='ocrx_word' id='word_1_371' title='bbox 1452 3147 1629 3192; x_wconf 89' lang='lat' dir='ltr'><strong>autem</strong></span> <span class='ocrx_word' id='word_1_372' title='bbox 1665 3135 1754 3191; x_wconf 79' lang='lat' dir='ltr'><strong>hic</strong></span> <span class='ocrx_word' id='word_1_373' title='bbox 1783 3135 1942 3206; x_wconf 88' lang='lat' dir='ltr'><strong>typus</strong></span> <span class='ocrx_word' id='word_1_374' title='bbox 1971 3137 2086 3191; x_wconf 89' lang='lat' dir='ltr'><strong>sive</strong></span> 
     </span>
    </p>
   </div>
   <div class='ocr_carea' id='block_1_55' title="bbox 496 3206 2083 3278">
    <p class='ocr_par' dir='ltr' id='par_1_55' title="bbox 496 3206 2083 3278">
     <span class='ocr_line' id='line_1_56' title="bbox 496 3206 2083 3278; baseline 0.001 -18"><span class='ocrx_word' id='word_1_375' title='bbox 496 3216 760 3278; x_wconf 84' lang='lat' dir='ltr'><strong>protypon</strong></span> <span class='ocrx_word' id='word_1_376' title='bbox 812 3221 907 3278; x_wconf 79' lang='lat' dir='ltr'><strong>pro</strong></span> <span class='ocrx_word' id='word_1_377' title='bbox 958 3206 1221 3277; x_wconf 87' lang='lat' dir='ltr'><strong>scriptura</strong></span> <span class='ocrx_word' id='word_1_378' title='bbox 1279 3208 1580 3278; x_wconf 88' lang='lat' dir='ltr'><strong>exemplari</strong></span> <span class='ocrx_word' id='word_1_379' title='bbox 1635 3207 1702 3262; x_wconf 90' lang='lat' dir='ltr'><strong>ad</strong></span> <span class='ocrx_word' id='word_1_380' title='bbox 1761 3207 2083 3278; x_wconf 88' lang='lat' dir='ltr'><strong>imitandum</strong></span> 
     </span>
    </p>
   </div>
   <div class='ocr_carea' id='block_1_56' title="bbox 494 3277 2087 3347">
    <p class='ocr_par' dir='ltr' id='par_1_56' title="bbox 494 3277 2087 3347">
     <span class='ocr_line' id='line_1_57' title="bbox 494 3277 2087 3347; baseline 0.001 -17"><span class='ocrx_word' id='word_1_381' title='bbox 494 3277 814 3346; x_wconf 88' lang='lat' dir='ltr'><strong>proposita.-</strong></span> <span class='ocrx_word' id='word_1_382' title='bbox 844 3277 1010 3347; x_wconf 88' lang='lat' dir='ltr'><strong>Cujus</strong></span> <span class='ocrx_word' id='word_1_383' title='bbox 1053 3280 1342 3334; x_wconf 91' lang='lat' dir='ltr'><strong>occasione</strong></span> <span class='ocrx_word' id='word_1_384' title='bbox 1387 3277 1496 3334; x_wconf 83' lang='lat' dir='ltr'><strong>non</strong></span> <span class='ocrx_word' id='word_1_385' title='bbox 1553 3279 1660 3334; x_wconf 90' lang='lat' dir='ltr'><strong>erit</strong></span> <span class='ocrx_word' id='word_1_386' title='bbox 1712 3279 1948 3333; x_wconf 90' lang='lat' dir='ltr'><strong>alienum</strong></span> <span class='ocrx_word' id='word_1_387' title='bbox 1999 3277 2087 3332; x_wconf 90' lang='lat' dir='ltr'><strong>hic</strong></span> 
     </span>
    </p>
   </div>
   <div class='ocr_carea' id='block_1_57' title="bbox 498 3349 2082 3419">
    <p class='ocr_par' dir='ltr' id='par_1_57' title="bbox 498 3349 2082 3419">
     <span class='ocr_line' id='line_1_58' title="bbox 498 3349 2082 3419; baseline 0.001 -18"><span class='ocrx_word' id='word_1_388' title='bbox 498 3356 715 3404; x_wconf 90' lang='lat' dir='ltr'><strong>notasse</strong></span> <span class='ocrx_word' id='word_1_389' title='bbox 759 3351 966 3403; x_wconf 90' lang='lat' dir='ltr'><strong>varium</strong></span> <span class='ocrx_word' id='word_1_390' title='bbox 1011 3363 1073 3404; x_wconf 87' lang='lat' dir='ltr'><strong>ac</strong></span> <span class='ocrx_word' id='word_1_391' title='bbox 1119 3351 1472 3419; x_wconf 90' lang='lat' dir='ltr'><strong>multiplicem</strong></span> <span class='ocrx_word' id='word_1_392' title='bbox 1523 3350 1793 3405; x_wconf 91' lang='lat' dir='ltr'><strong>scribendi</strong></span> <span class='ocrx_word' id='word_1_393' title='bbox 1840 3349 2082 3411; x_wconf 87' lang='lat' dir='ltr'><strong>modum.</strong></span> 
     </span>
    </p>
   </div>
   <div class='ocr_carea' id='block_1_58' title="bbox 493 3420 2086 3491">
    <p class='ocr_par' dir='ltr' id='par_1_58' title="bbox 493 3420 2086 3491">
     <span class='ocr_line' id='line_1_59' title="bbox 493 3420 2086 3491; baseline 0.001 -18"><span class='ocrx_word' id='word_1_394' title='bbox 493 3420 609 3474; x_wconf 89' lang='lat' dir='ltr'><strong>sive</strong></span> <span class='ocrx_word' id='word_1_395' title='bbox 641 3421 920 3476; x_wconf 89' lang='lat' dir='ltr'><strong>materiam</strong></span> <span class='ocrx_word' id='word_1_396' title='bbox 952 3421 1232 3490; x_wconf 90' lang='lat' dir='ltr'><strong>scriptioni</strong></span> <span class='ocrx_word' id='word_1_397' title='bbox 1263 3431 1498 3491; x_wconf 86' lang='lat' dir='ltr'><strong>aptatam</strong></span> <span class='ocrx_word' id='word_1_398' title='bbox 1523 3421 1665 3481; x_wconf 75' lang='lat' dir='ltr'><strong>apud</strong></span> <span class='ocrx_word' id='word_1_399' title='bbox 1691 3429 1924 3486; x_wconf 83' lang='lat' dir='ltr'><strong>veteres,</strong></span> <span class='ocrx_word' id='word_1_400' title='bbox 1959 3429 2086 3475; x_wconf 89' lang='lat' dir='ltr'><strong>ante</strong></span> 
     </span>
    </p>
   </div>
   <div class='ocr_carea' id='block_1_59' title="bbox 494 3491 2083 3548">
    <p class='ocr_par' dir='ltr' id='par_1_59' title="bbox 494 3491 2083 3548">
     <span class='ocr_line' id='line_1_60' title="bbox 494 3491 2083 3548; baseline 0.001 -5"><span class='ocrx_word' id='word_1_401' title='bbox 494 3505 649 3544; x_wconf 65' lang='lat' dir='ltr'><strong>usum</strong></span> <span class='ocrx_word' id='word_1_402' title='bbox 696 3492 898 3546; x_wconf 76' lang='lat' dir='ltr'><strong>charta:</strong></span> <span class='ocrx_word' id='word_1_403' title='bbox 951 3501 1153 3546; x_wconf 72' lang='lat' dir='ltr'><strong>nostra:</strong></span> <span class='ocrx_word' id='word_1_404' title='bbox 1198 3493 1498 3548; x_wconf 90' lang='lat' dir='ltr'><strong>inventum.</strong></span> <span class='ocrx_word' id='word_1_405' title='bbox 1550 3491 1789 3545; x_wconf 88' lang='lat' dir='ltr'><strong>Primum</strong></span> <span class='ocrx_word' id='word_1_406' title='bbox 1835 3493 1978 3546; x_wconf 92' lang='lat' dir='ltr'><strong>enim</strong></span> <span class='ocrx_word' id='word_1_407' title='bbox 2032 3492 2083 3544; x_wconf 90' lang='lat' dir='ltr'><strong>in</strong></span> 
     </span>
    </p>
   </div>
   <div class='ocr_carea' id='block_1_60' title="bbox 491 3561 2088 3633">
    <p class='ocr_par' dir='ltr' id='par_1_60' title="bbox 491 3561 2088 3633">
     <span class='ocr_line' id='line_1_61' title="bbox 491 3561 2088 3633; baseline -0.001 -17"><span class='ocrx_word' id='word_1_408' title='bbox 491 3576 639 3627; x_wconf 86' lang='lat' dir='ltr'><strong>cera,</strong></span> <span class='ocrx_word' id='word_1_409' title='bbox 670 3575 766 3618; x_wconf 85' lang='lat' dir='ltr'><strong>seu</strong></span> <span class='ocrx_word' id='word_1_410' title='bbox 796 3563 994 3618; x_wconf 87' lang='lat' dir='ltr'><strong>ceratis</strong></span> <span class='ocrx_word' id='word_1_411' title='bbox 1026 3563 1077 3616; x_wconf 92' lang='lat' dir='ltr'><strong>in</strong></span> <span class='ocrx_word' id='word_1_412' title='bbox 1109 3563 1324 3629; x_wconf 90' lang='lat' dir='ltr'><strong>tabulis,</strong></span> <span class='ocrx_word' id='word_1_413' title='bbox 1355 3565 1470 3618; x_wconf 87' lang='lat' dir='ltr'><strong>sive</strong></span> <span class='ocrx_word' id='word_1_414' title='bbox 1494 3561 1848 3632; x_wconf 87' lang='lat' dir='ltr'><strong>pugillaribus</strong></span> <span class='ocrx_word' id='word_1_415' title='bbox 1877 3561 2088 3633; x_wconf 90' lang='lat' dir='ltr'><strong>(quales</strong></span> 
     </span>
    </p>
   </div>
   <div class='ocr_carea' id='block_1_61' title="bbox 494 3633 2087 3704">
    <p class='ocr_par' dir='ltr' id='par_1_61' title="bbox 494 3633 2087 3704">
     <span class='ocr_line' id='line_1_62' title="bbox 494 3633 2087 3704; baseline 0.001 -19"><span class='ocrx_word' id='word_1_416' title='bbox 494 3634 787 3704; x_wconf 83' lang='lat' dir='ltr'><strong>etiamnum</strong></span> <span class='ocrx_word' id='word_1_417' title='bbox 815 3633 1323 3704; x_wconf 87' lang='lat' dir='ltr'><strong>circumferuntur),</strong></span> <span class='ocrx_word' id='word_1_418' title='bbox 1352 3636 1712 3689; x_wconf 90' lang='lat' dir='ltr'><strong>instrumento</strong></span> <span class='ocrx_word' id='word_1_419' title='bbox 1739 3633 1972 3702; x_wconf 83' lang='lat' dir='ltr'><strong>quodam</strong></span> <span class='ocrx_word' id='word_1_420' title='bbox 2001 3634 2087 3688; x_wconf 90' lang='lat' dir='ltr'><strong>vel</strong></span> 
     </span>
    </p>
   </div>
   <div class='ocr_carea' id='block_1_62' title="bbox 496 3702 2088 3773">
    <p class='ocr_par' dir='ltr' id='par_1_62' title="bbox 496 3702 2088 3773">
     <span class='ocr_line' id='line_1_63' title="bbox 496 3702 2088 3773; baseline 0 -15"><span class='ocrx_word' id='word_1_421' title='bbox 496 3702 673 3759; x_wconf 86' lang='lat' dir='ltr'><strong>ferreo</strong></span> <span class='ocrx_word' id='word_1_422' title='bbox 717 3705 803 3760; x_wconf 89' lang='lat' dir='ltr'><strong>vel</strong></span> <span class='ocrx_word' id='word_1_423' title='bbox 833 3719 1023 3768; x_wconf 62' lang='lat' dir='ltr'><strong>:enmo,</strong></span> <span class='ocrx_word' id='word_1_424' title='bbox 1064 3702 1354 3761; x_wconf 84' lang='lat' dir='ltr'><strong>alteriusve</strong></span> <span class='ocrx_word' id='word_1_425' title='bbox 1401 3705 1666 3768; x_wconf 75' lang='lat' dir='ltr'><strong>materize,</strong></span> <span class='ocrx_word' id='word_1_426' title='bbox 1697 3704 1853 3773; x_wconf 90' lang='lat' dir='ltr'><strong>quasi</strong></span> <span class='ocrx_word' id='word_1_427' title='bbox 1898 3703 2088 3773; x_wconf 87' lang='lat' dir='ltr'><strong>grandi</strong></span> 
     </span>
    </p>
   </div>
   <div class='ocr_carea' id='block_1_63' title="bbox 495 3776 2088 3848">
    <p class='ocr_par' dir='ltr' id='par_1_63' title="bbox 495 3776 2088 3848">
     <span class='ocr_line' id='line_1_64' title="bbox 495 3776 2088 3848; baseline 0 -20"><span class='ocrx_word' id='word_1_428' title='bbox 495 3789 616 3848; x_wconf 79' lang='lat' dir='ltr'><strong>acu,</strong></span> <span class='ocrx_word' id='word_1_429' title='bbox 643 3776 1242 3848; x_wconf 12' lang='lat' dir='ltr'><strong>scribebant,iil|udqu&#39;e</strong></span> <span class='ocrx_word' id='word_1_430' title='bbox 1267 3777 1467 3848; x_wconf 84' lang='lat' dir='ltr'><strong>stylum</strong></span> <span class='ocrx_word' id='word_1_431' title='bbox 1494 3785 1588 3830; x_wconf 91' lang='lat' dir='ltr'><strong>aut</strong></span> <span class='ocrx_word' id='word_1_432' title='bbox 1611 3777 1895 3848; x_wconf 80' lang='lat' dir='ltr'><strong>graphium</strong></span> <span class='ocrx_word' id='word_1_433' title='bbox 1922 3789 2088 3848; x_wconf 88' lang='lat' dir='ltr'><strong>voca-</strong></span> 
     </span>
    </p>
   </div>
   <div class='ocr_carea' id='block_1_64' title="bbox 494 3845 2084 3918">
    <p class='ocr_par' dir='ltr' id='par_1_64' title="bbox 494 3845 2084 3918">
     <span class='ocr_line' id='line_1_65' title="bbox 494 3845 2084 3918; baseline -0.001 -18"><span class='ocrx_word' id='word_1_434' title='bbox 494 3845 645 3900; x_wconf 90' lang='lat' dir='ltr'><strong>bant.</strong></span> <span class='ocrx_word' id='word_1_435' title='bbox 678 3846 828 3918; x_wconf 86' lang='lat' dir='ltr'><strong>Unde</strong></span> <span class='ocrx_word' id='word_1_436' title='bbox 857 3857 914 3903; x_wconf 91' lang='lat' dir='ltr'><strong>et</strong></span> <span class='ocrx_word' id='word_1_437' title='bbox 943 3845 1165 3902; x_wconf 89' lang='lat' dir='ltr'><strong>dicendi</strong></span> <span class='ocrx_word' id='word_1_438' title='bbox 1188 3845 1362 3918; x_wconf 76' lang='lat' dir='ltr'><strong>genus</strong></span> <span class='ocrx_word' id='word_1_439' title='bbox 1394 3848 1591 3917; x_wconf 92' lang='lat' dir='ltr'><strong>stylum</strong></span> <span class='ocrx_word' id='word_1_440' title='bbox 1625 3845 1803 3900; x_wconf 90' lang='lat' dir='ltr'><strong>adhuc</strong></span> <span class='ocrx_word' id='word_1_441' title='bbox 1831 3845 2084 3918; x_wconf 83' lang='lat' dir='ltr'><strong>dicimus,</strong></span> 
     </span>
    </p>
   </div>
   <div class='ocr_carea' id='block_1_65' title="bbox 495 3916 2089 3990">
    <p class='ocr_par' dir='ltr' id='par_1_65' title="bbox 495 3916 2089 3990">
     <span class='ocr_line' id='line_1_66' title="bbox 495 3916 2089 3990; baseline 0.001 -21"><span class='ocrx_word' id='word_1_442' title='bbox 495 3927 550 3990; x_wconf 84' lang='lat' dir='ltr'><strong>et</strong></span> <span class='ocrx_word' id='word_1_443' title='bbox 587 3917 878 3990; x_wconf 79' lang='lat' dir='ltr'><strong>pugillares</strong></span> <span class='ocrx_word' id='word_1_444' title='bbox 907 3917 1062 3990; x_wconf 88' lang='lat' dir='ltr'><strong>dicti,</strong></span> <span class='ocrx_word' id='word_1_445' title='bbox 1091 3916 1232 3990; x_wconf 80' lang='lat' dir='ltr'><strong>quod</strong></span> <span class='ocrx_word' id='word_1_446' title='bbox 1262 3918 1403 3990; x_wconf 90' lang='lat' dir='ltr'><strong>stylo</strong></span> <span class='ocrx_word' id='word_1_447' title='bbox 1435 3916 1486 3970; x_wconf 83' lang='lat' dir='ltr'><strong>in</strong></span> <span class='ocrx_word' id='word_1_448' title='bbox 1517 3918 1601 3971; x_wconf 91' lang='lat' dir='ltr'><strong>his</strong></span> <span class='ocrx_word' id='word_1_449' title='bbox 1631 3916 1918 3990; x_wconf 87' lang='lat' dir='ltr'><strong>pungendo</strong></span> <span class='ocrx_word' id='word_1_450' title='bbox 1948 3917 2089 3990; x_wconf 81' lang='lat' dir='ltr'><strong>scri-</strong></span> 
     </span>
    </p>
   </div>
   <div class='ocr_carea' id='block_1_66' title="bbox 499 3988 2090 4058">
    <p class='ocr_par' dir='ltr' id='par_1_66' title="bbox 499 3988 2090 4058">
     <span class='ocr_line' id='line_1_67' title="bbox 499 3988 2090 4058; baseline -0.001 -16"><span class='ocrx_word' id='word_1_451' title='bbox 499 3988 742 4042; x_wconf 89' lang='lat' dir='ltr'><strong>beretur.</strong></span> <span class='ocrx_word' id='word_1_452' title='bbox 772 3988 883 4056; x_wconf 85' lang='lat' dir='ltr'><strong>Qua</strong></span> <span class='ocrx_word' id='word_1_453' title='bbox 917 3989 983 4042; x_wconf 92' lang='lat' dir='ltr'><strong>de</strong></span> <span class='ocrx_word' id='word_1_454' title='bbox 1020 4005 1078 4043; x_wconf 94' lang='lat' dir='ltr'><strong>re</strong></span> <span class='ocrx_word' id='word_1_455' title='bbox 1118 3988 1163 4042; x_wconf 92' lang='lat' dir='ltr'><strong>si</strong></span> <span class='ocrx_word' id='word_1_456' title='bbox 1203 3988 1535 4058; x_wconf 79' lang='lat' dir='ltr'><strong>antiquitatis</strong></span> <span class='ocrx_word' id='word_1_457' title='bbox 1565 3989 1872 4058; x_wconf 60' lang='lat' dir='ltr'><strong>testimonia</strong></span> <span class='ocrx_word' id='word_1_458' title='bbox 1905 3988 2090 4057; x_wconf 90' lang='lat' dir='ltr'><strong>requi-</strong></span> 
     </span>
    </p>
   </div>
   <div class='ocr_carea' id='block_1_67' title="bbox 498 4056 2087 4128">
    <p class='ocr_par' dir='ltr' id='par_1_67' title="bbox 498 4056 2087 4128">
     <span class='ocr_line' id='line_1_68' title="bbox 498 4056 2087 4128; baseline 0 -17"><span class='ocrx_word' id='word_1_459' title='bbox 498 4059 593 4126; x_wconf 89' lang='lat' dir='ltr'><strong>ris,</strong></span> <span class='ocrx_word' id='word_1_460' title='bbox 628 4061 868 4112; x_wconf 91' lang='lat' dir='ltr'><strong>occurrit</strong></span> <span class='ocrx_word' id='word_1_461' title='bbox 912 4059 1116 4115; x_wconf 87' lang='lat' dir='ltr'><strong>Plinius</strong></span> <span class='ocrx_word' id='word_1_462' title='bbox 1161 4061 1254 4114; x_wconf 92' lang='lat' dir='ltr'><strong>lib.</strong></span> <span class='ocrx_word' id='word_1_463' title='bbox 1297 4056 1588 4128; x_wconf 48' lang='lat' dir='ltr'><strong>t&#39;Epistol.</strong></span> <span class='ocrx_word' id='word_1_464' title='bbox 1625 4073 1640 4110; x_wconf 89' lang='lat'>:</span> <span class='ocrx_word' id='word_1_465' title='bbox 1672 4056 1860 4128; x_wconf 86' lang='lat' dir='ltr'><strong>Erant,</strong></span> <span class='ocrx_word' id='word_1_466' title='bbox 1895 4056 2087 4128; x_wconf 86' lang='lat' dir='ltr'><strong>inquit,</strong></span> 
     </span>
    </p>
   </div>
   <div class='ocr_carea' id='block_1_68' title="bbox 499 4129 2134 4202">
    <p class='ocr_par' dir='ltr' id='par_1_68' title="bbox 499 4129 2134 4202">
     <span class='ocr_line' id='line_1_69' title="bbox 499 4129 2134 4202; baseline 0.001 -21"><span class='ocrx_word' id='word_1_467' title='bbox 499 4129 552 4181; x_wconf 90' lang='lat' dir='ltr'><strong>in</strong></span> <span class='ocrx_word' id='word_1_468' title='bbox 591 4131 832 4202; x_wconf 76' lang='lat' dir='ltr'><strong>proximo</strong></span> <span class='ocrx_word' id='word_1_469' title='bbox 869 4147 970 4184; x_wconf 87' lang='lat' dir='ltr'><strong>non</strong></span> <span class='ocrx_word' id='word_1_470' title='bbox 1004 4132 1309 4185; x_wconf 84' lang='lat' dir='ltr'><strong>venabulum</strong></span> <span class='ocrx_word' id='word_1_471' title='bbox 1352 4141 1444 4184; x_wconf 90' lang='lat' dir='ltr'><strong>aut</strong></span> <span class='ocrx_word' id='word_1_472' title='bbox 1483 4130 1681 4202; x_wconf 80' lang='lat' dir='ltr'><strong>lancea,</strong></span> <span class='ocrx_word' id='word_1_473' title='bbox 1723 4129 1812 4184; x_wconf 81' lang='lat' dir='ltr'><strong>sed</strong></span> <span class='ocrx_word' id='word_1_474' title='bbox 1848 4131 2013 4202; x_wconf 82' lang='lat' dir='ltr'><strong>stglus</strong></span> <span class='ocrx_word' id='word_1_475' title='bbox 2044 4137 2094 4184; x_wconf 89' lang='lat' dir='ltr'><strong>et</strong></span> <span class='ocrx_word' id='word_1_476' title='bbox 2120 4148 2134 4165; x_wconf 68' lang='grc' dir='ltr'><strong>ι</strong></span> 
     </span>
    </p>
   </div>
   <div class='ocr_carea' id='block_1_69' title="bbox 501 4197 2095 4272">
    <p class='ocr_par' dir='ltr' id='par_1_69' title="bbox 501 4197 2095 4272">
     <span class='ocr_line' id='line_1_70' title="bbox 501 4197 2095 4272; baseline 0.002 -20"><span class='ocrx_word' id='word_1_477' title='bbox 501 4197 785 4269; x_wconf 83' lang='lat' dir='ltr'><strong>pugillares</strong></span> <span class='ocrx_word' id='word_1_478' title='bbox 830 4216 849 4254; x_wconf 92' lang='lat'><strong><em>:</em></strong></span> <span class='ocrx_word' id='word_1_479' title='bbox 893 4202 1179 4255; x_wconf 88' lang='lat' dir='ltr'><strong>meditabar</strong></span> <span class='ocrx_word' id='word_1_480' title='bbox 1218 4202 1442 4272; x_wconf 89' lang='lat' dir='ltr'><strong>aliquid,</strong></span> <span class='ocrx_word' id='word_1_481' title='bbox 1489 4197 1915 4270; x_wconf 54' lang='lat' dir='ltr'><strong>enotabamquef</strong></span> <span class='ocrx_word' id='word_1_482' title='bbox 1941 4213 1998 4255; x_wconf 95' lang='lat' dir='ltr'><strong>ut</strong></span> <span class='ocrx_word' id='word_1_483' title='bbox 2048 4201 2095 4255; x_wconf 91' lang='lat' dir='ltr'><strong>si</strong></span> 
     </span>
    </p>
   </div>
   <div class='ocr_carea' id='block_1_70' title="bbox 501 4273 2095 4343">
    <p class='ocr_par' dir='ltr' id='par_1_70' title="bbox 501 4273 2095 4343">
     <span class='ocr_line' id='line_1_71' title="bbox 501 4273 2095 4343; baseline 0.004 -21"><span class='ocrx_word' id='word_1_484' title='bbox 501 4287 683 4325; x_wconf 86' lang='lat' dir='ltr'><strong>manus</strong></span> <span class='ocrx_word' id='word_1_485' title='bbox 711 4287 914 4338; x_wconf 85' lang='lat' dir='ltr'><strong>vacuas,</strong></span> <span class='ocrx_word' id='word_1_486' title='bbox 948 4273 1124 4343; x_wconf 87' lang='lat' dir='ltr'><strong>plenas</strong></span> <span class='ocrx_word' id='word_1_487' title='bbox 1153 4282 1323 4326; x_wconf 83' lang='lat' dir='ltr'><strong>tamen</strong></span> <span class='ocrx_word' id='word_1_488' title='bbox 1351 4288 1496 4327; x_wconf 80' lang='lat' dir='ltr'><strong>ceras</strong></span> <span class='ocrx_word' id='word_1_489' title='bbox 1519 4275 1783 4342; x_wconf 78' lang='lat' dir='ltr'><strong>referrem.</strong></span> <span class='ocrx_word' id='word_1_490' title='bbox 1819 4273 1937 4326; x_wconf 85' lang='lat' dir='ltr'><strong>Div.</strong></span> <span class='ocrx_word' id='word_1_491' title='bbox 1972 4273 2095 4328; x_wconf 87' lang='lat' dir='ltr'><strong>Hie-</strong></span> 
     </span>
    </p>
   </div>
   <div class='ocr_carea' id='block_1_71' title="bbox 500 4343 2095 4414">
    <p class='ocr_par' dir='ltr' id='par_1_71' title="bbox 500 4343 2095 4414">
     <span class='ocr_line' id='line_1_72' title="bbox 500 4343 2095 4414; baseline 0.003 -20"><span class='ocrx_word' id='word_1_492' title='bbox 500 4356 759 4414; x_wconf 79' lang='lat' dir='ltr'><strong>ronymus</strong></span> <span class='ocrx_word' id='word_1_493' title='bbox 797 4343 1012 4412; x_wconf 90' lang='lat' dir='ltr'><strong>epistol.</strong></span> <span class='ocrx_word' id='word_1_494' title='bbox 1051 4344 1084 4398; x_wconf 91' lang='lat'><strong>7</strong></span> <span class='ocrx_word' id='word_1_495' title='bbox 1123 4345 1399 4414; x_wconf 88' lang='lat' dir='ltr'><strong>eleganter</strong></span> <span class='ocrx_word' id='word_1_496' title='bbox 1444 4353 1499 4398; x_wconf 88' lang='lat' dir='ltr'><strong>et</strong></span> <span class='ocrx_word' id='word_1_497' title='bbox 1544 4345 1791 4414; x_wconf 88' lang='lat' dir='ltr'><strong>apposite</strong></span> <span class='ocrx_word' id='word_1_498' title='bbox 1836 4344 1904 4397; x_wconf 90' lang='lat' dir='ltr'><strong>ad</strong></span> <span class='ocrx_word' id='word_1_499' title='bbox 1953 4343 2095 4398; x_wconf 90' lang='lat' dir='ltr'><strong>hunc</strong></span> 
     </span>
    </p>
   </div>
   <div class='ocr_carea' id='block_1_72' title="bbox 498 4411 2090 4482">
    <p class='ocr_par' dir='ltr' id='par_1_72' title="bbox 498 4411 2090 4482">
     <span class='ocr_line' id='line_1_73' title="bbox 498 4411 2090 4482; baseline 0.004 -18"><span class='ocrx_word' id='word_1_500' title='bbox 498 4411 676 4466; x_wconf 91' lang='lat' dir='ltr'><strong>locum</strong></span> <span class='ocrx_word' id='word_1_501' title='bbox 700 4411 862 4468; x_wconf 85' lang='lat' dir='ltr'><strong>tradit</strong></span> <span class='ocrx_word' id='word_1_502' title='bbox 885 4414 1104 4470; x_wconf 90' lang='lat' dir='ltr'><strong>modum</strong></span> <span class='ocrx_word' id='word_1_503' title='bbox 1121 4411 1232 4482; x_wconf 80' lang='lat' dir='ltr'><strong>quo</strong></span> <span class='ocrx_word' id='word_1_504' title='bbox 1251 4415 1509 4470; x_wconf 91' lang='lat' dir='ltr'><strong>doceatur</strong></span> <span class='ocrx_word' id='word_1_505' title='bbox 1536 4411 1800 4469; x_wconf 88' lang='lat' dir='ltr'><strong>infantula</strong></span> <span class='ocrx_word' id='word_1_506' title='bbox 1827 4414 2090 4481; x_wconf 88' lang='lat' dir='ltr'><strong>scribere,</strong></span> 
     </span>
    </p>
   </div>
   <div class='ocr_carea' id='block_1_73' title="bbox 503 4482 2096 4556">
    <p class='ocr_par' dir='ltr' id='par_1_73' title="bbox 503 4482 2096 4556">
     <span class='ocr_line' id='line_1_74' title="bbox 503 4482 2096 4556; baseline 0.003 -22"><span class='ocrx_word' id='word_1_507' title='bbox 503 4482 594 4556; x_wconf 84' lang='lat' dir='ltr'><strong>ubi</strong></span> <span class='ocrx_word' id='word_1_508' title='bbox 619 4484 733 4538; x_wconf 61' lang='lat' dir='ltr'><strong>haec</strong></span> <span class='ocrx_word' id='word_1_509' title='bbox 755 4487 896 4540; x_wconf 92' lang='lat' dir='ltr'><strong>inter</strong></span> <span class='ocrx_word' id='word_1_510' title='bbox 921 4485 1024 4540; x_wconf 88' lang='lat' dir='ltr'><strong>alia</strong></span> <span class='ocrx_word' id='word_1_511' title='bbox 1050 4503 1062 4538; x_wconf 91' lang='lat'><strong>:</strong></span> <span class='ocrx_word' id='word_1_512' title='bbox 1087 4484 1217 4541; x_wconf 88' lang='lat' dir='ltr'><strong>Cum</strong></span> <span class='ocrx_word' id='word_1_513' title='bbox 1238 4489 1444 4556; x_wconf 73' lang='lat' dir='ltr'><strong>coeperit</strong></span> <span class='ocrx_word' id='word_1_514' title='bbox 1469 4486 1704 4541; x_wconf 86' lang='lat' dir='ltr'><strong>trementi</strong></span> <span class='ocrx_word' id='word_1_515' title='bbox 1727 4501 1882 4538; x_wconf 89' lang='lat' dir='ltr'><strong>manu</strong></span> <span class='ocrx_word' id='word_1_516' title='bbox 1901 4487 2096 4556; x_wconf 82' lang='lat' dir='ltr'><strong>stylum</strong></span> 
     </span>
    </p>
   </div>
   <div class='ocr_carea' id='block_1_74' title="bbox 499 4555 2094 4630">
    <p class='ocr_par' dir='ltr' id='par_1_74' title="bbox 499 4555 2094 4630">
     <span class='ocr_line' id='line_1_75' title="bbox 499 4555 2094 4630; baseline 0.004 -26"><span class='ocrx_word' id='word_1_517' title='bbox 499 4555 552 4606; x_wconf 91' lang='lat' dir='ltr'><strong>in</strong></span> <span class='ocrx_word' id='word_1_518' title='bbox 596 4571 713 4608; x_wconf 85' lang='lat' dir='ltr'><strong>cera</strong></span> <span class='ocrx_word' id='word_1_519' title='bbox 751 4557 960 4623; x_wconf 87' lang='lat' dir='ltr'><strong>ducere,</strong></span> <span class='ocrx_word' id='word_1_520' title='bbox 1004 4559 1082 4612; x_wconf 88' lang='lat' dir='ltr'><strong>vel</strong></span> <span class='ocrx_word' id='word_1_521' title='bbox 1112 4557 1331 4630; x_wconf 85' lang='lat' dir='ltr'><strong>alterius</strong></span> <span class='ocrx_word' id='word_1_522' title='bbox 1370 4558 1694 4630; x_wconf 85' lang='lat' dir='ltr'><strong>superposita</strong></span> <span class='ocrx_word' id='word_1_523' title='bbox 1721 4572 1881 4630; x_wconf 88' lang='lat' dir='ltr'><strong>manu</strong></span> <span class='ocrx_word' id='word_1_524' title='bbox 1909 4555 2094 4623; x_wconf 80' lang='lat' dir='ltr'><strong>teneri,</strong></span> 
     </span>
    </p>
   </div>
   <div class='ocr_carea' id='block_1_75' title="bbox 499 4627 2094 4698">
    <p class='ocr_par' dir='ltr' id='par_1_75' title="bbox 499 4627 2094 4698">
     <span class='ocr_line' id='line_1_76' title="bbox 499 4627 2094 4698; baseline 0.004 -21"><span class='ocrx_word' id='word_1_525' title='bbox 499 4635 747 4698; x_wconf 85' lang='lat' dir='ltr'><strong>regantur</strong></span> <span class='ocrx_word' id='word_1_526' title='bbox 774 4629 1001 4694; x_wconf 85' lang='lat' dir='ltr'><strong>articuli,</strong></span> <span class='ocrx_word' id='word_1_527' title='bbox 1041 4629 1118 4683; x_wconf 87' lang='lat' dir='ltr'><strong>vel</strong></span> <span class='ocrx_word' id='word_1_528' title='bbox 1158 4630 1209 4682; x_wconf 91' lang='lat' dir='ltr'><strong>in</strong></span> <span class='ocrx_word' id='word_1_529' title='bbox 1249 4627 1441 4683; x_wconf 42' lang='lat' dir='ltr'><strong>tabula’</strong></span> <span class='ocrx_word' id='word_1_530' title='bbox 1464 4627 1773 4698; x_wconf 84' lang='lat' dir='ltr'><strong>sculpantur</strong></span> <span class='ocrx_word' id='word_1_531' title='bbox 1799 4629 2044 4682; x_wconf 86' lang='lat' dir='ltr'><strong>elementa</strong></span> <span class='ocrx_word' id='word_1_532' title='bbox 2074 4645 2094 4683; x_wconf 91' lang='lat'><strong><em>:</em></strong></span> 
     </span>
    </p>
   </div>
   <div class='ocr_carea' id='block_1_76' title="bbox 500 4698 2097 4771">
    <p class='ocr_par' dir='ltr' id='par_1_76' title="bbox 500 4698 2097 4771">
     <span class='ocr_line' id='line_1_77' title="bbox 500 4698 2097 4771; baseline 0.002 -21"><span class='ocrx_word' id='word_1_533' title='bbox 500 4707 553 4750; x_wconf 87' lang='lat' dir='ltr'><strong>ut</strong></span> <span class='ocrx_word' id='word_1_534' title='bbox 603 4713 696 4771; x_wconf 82' lang='lat' dir='ltr'><strong>per</strong></span> <span class='ocrx_word' id='word_1_535' title='bbox 736 4701 937 4754; x_wconf 86' lang='lat' dir='ltr'><strong>eosdem</strong></span> <span class='ocrx_word' id='word_1_536' title='bbox 981 4700 1152 4754; x_wconf 88' lang='lat' dir='ltr'><strong>sulcos</strong></span> <span class='ocrx_word' id='word_1_537' title='bbox 1203 4700 1409 4754; x_wconf 87' lang='lat' dir='ltr'><strong>inclusa</strong></span> <span class='ocrx_word' id='word_1_538' title='bbox 1455 4699 1772 4771; x_wconf 75' lang='lat' dir='ltr'><strong>marginibus</strong></span> <span class='ocrx_word' id='word_1_539' title='bbox 1820 4698 2097 4753; x_wconf 89' lang='lat' dir='ltr'><strong>trahantur</strong></span> 
     </span>
    </p>
   </div>
   <div class='ocr_carea' id='block_1_77' title="bbox 501 4768 2097 4843">
    <p class='ocr_par' dir='ltr' id='par_1_77' title="bbox 501 4768 2097 4843">
     <span class='ocr_line' id='line_1_78' title="bbox 501 4768 2097 4843; baseline 0.003 -22"><span class='ocrx_word' id='word_1_540' title='bbox 501 4768 743 4843; x_wconf 74' lang='lat' dir='ltr'><strong>vestigia,</strong></span> <span class='ocrx_word' id='word_1_541' title='bbox 774 4781 854 4843; x_wconf 89' lang='lat' dir='ltr'><strong>ut_</strong></span> <span class='ocrx_word' id='word_1_542' title='bbox 875 4775 1020 4843; x_wconf 75' lang='lat' dir='ltr'><strong>{oras</strong></span> <span class='ocrx_word' id='word_1_543' title='bbox 1045 4788 1147 4824; x_wconf 90' lang='lat' dir='ltr'><strong>non</strong></span> <span class='ocrx_word' id='word_1_544' title='bbox 1177 4781 1364 4838; x_wconf 89' lang='lat' dir='ltr'><strong>queant</strong></span> <span class='ocrx_word' id='word_1_545' title='bbox 1394 4768 1624 4843; x_wconf 73' lang='lat' dir='ltr'><strong>evagari.</strong></span> <span class='ocrx_word' id='word_1_546' title='bbox 1661 4769 1726 4824; x_wconf 89' lang='lat' dir='ltr'><strong>Et</strong></span> <span class='ocrx_word' id='word_1_547' title='bbox 1757 4784 1950 4824; x_wconf 89' lang='lat' dir='ltr'><strong>rursus</strong></span> <span class='ocrx_word' id='word_1_548' title='bbox 1981 4772 2097 4840; x_wconf 90' lang='lat' dir='ltr'><strong>epi-</strong></span> 
     </span>
    </p>
   </div>
   <div class='ocr_carea' id='block_1_78' title="bbox 2111 3457 2158 3518">
    <p class='ocr_par' dir='ltr' id='par_1_78' title="bbox 2111 3457 2158 3518">
     <span class='ocr_line' id='line_1_79' title="bbox 2111 3457 2158 3518; baseline 0 0"><span class='ocrx_word' id='word_1_549' title='bbox 2111 3457 2158 3518; x_wconf 85' lang='lat' dir='ltr'><strong><em>C</em></strong></span> 
     </span>
    </p>
   </div>
   <div class='ocr_carea' id='block_1_79' title="bbox 2188 2632 3803 2708">
    <p class='ocr_par' dir='ltr' id='par_1_79' title="bbox 2188 2632 3803 2708">
     <span class='ocr_line' id='line_1_80' title="bbox 2188 2632 3803 2708; baseline -0.002 -16"><span class='ocrx_word' id='word_1_550' title='bbox 2188 2637 2549 2708; x_wconf 86' lang='lat' dir='ltr'><strong>Hieronymus</strong></span> <span class='ocrx_word' id='word_1_551' title='bbox 2571 2634 2789 2708; x_wconf 68' lang='lat' dir='ltr'><strong>epistol.</strong></span> <span class='ocrx_word' id='word_1_552' title='bbox 2824 2633 3274 2708; x_wconf 10' lang='lat' dir='ltr'><strong>igadiNiceatn;</strong></span> <span class='ocrx_word' id='word_1_553' title='bbox 3297 2632 3471 2689; x_wconf 85' lang='lat' dir='ltr'><strong>Rudes</strong></span> <span class='ocrx_word' id='word_1_554' title='bbox 3496 2635 3582 2708; x_wconf 81' lang='lat' dir='ltr'><strong>illi</strong></span> <span class='ocrx_word' id='word_1_555' title='bbox 3610 2632 3803 2688; x_wconf 81' lang='lat' dir='ltr'><strong>Italia.-</strong></span> 
     </span>
    </p>
   </div>
   <div class='ocr_carea' id='block_1_80' title="bbox 2191 2703 3801 2778">
    <p class='ocr_par' dir='ltr' id='par_1_80' title="bbox 2191 2703 3801 2778">
     <span class='ocr_line' id='line_1_81' title="bbox 2191 2703 3801 2778; baseline -0.001 -18"><span class='ocrx_word' id='word_1_556' title='bbox 2191 2703 2444 2769; x_wconf 75' lang='lat' dir='ltr'><strong>homines,</strong></span> <span class='ocrx_word' id='word_1_557' title='bbox 2472 2703 2614 2778; x_wconf 69' lang='lat' dir='ltr'><strong>quod</strong></span> <span class='ocrx_word' id='word_1_558' title='bbox 2647 2705 2838 2778; x_wconf 73' lang='lat' dir='ltr'><strong>Caseus</strong></span> <span class='ocrx_word' id='word_1_559' title='bbox 2866 2703 3070 2778; x_wconf 78' lang='lat' dir='ltr'><strong>Ennius</strong></span> <span class='ocrx_word' id='word_1_560' title='bbox 3098 2706 3344 2776; x_wconf 86' lang='lat' dir='ltr'><strong>appellat,</strong></span> <span class='ocrx_word' id='word_1_561' title='bbox 3378 2708 3466 2776; x_wconf 90' lang='lat' dir='ltr'><strong>qui</strong></span> <span class='ocrx_word' id='word_1_562' title='bbox 3490 2707 3603 2772; x_wconf 83' lang='lat' dir='ltr'><strong>sibi,</strong></span> <span class='ocrx_word' id='word_1_563' title='bbox 3632 2715 3688 2760; x_wconf 86' lang='lat' dir='ltr'><strong>ut</strong></span> <span class='ocrx_word' id='word_1_564' title='bbox 3732 2707 3801 2759; x_wconf 84' lang='lat' dir='ltr'><strong>in</strong></span> 
     </span>
    </p>
   </div>
   <div class='ocr_carea' id='block_1_81' title="bbox 2192 2775 3794 2848">
    <p class='ocr_par' dir='ltr' id='par_1_81' title="bbox 2192 2775 3794 2848">
     <span class='ocr_line' id='line_1_82' title="bbox 2192 2775 3794 2848; baseline -0.003 -15"><span class='ocrx_word' id='word_1_565' title='bbox 2192 2775 2690 2834; x_wconf 47' lang='lat' dir='ltr'><strong>thetorica&#39;Cicero</strong></span> <span class='ocrx_word' id='word_1_566' title='bbox 2732 2776 2825 2841; x_wconf 86' lang='lat' dir='ltr'><strong>ait,</strong></span> <span class='ocrx_word' id='word_1_567' title='bbox 2877 2778 2984 2830; x_wconf 90' lang='lat' dir='ltr'><strong>ritu</strong></span> <span class='ocrx_word' id='word_1_568' title='bbox 3030 2775 3196 2848; x_wconf 78' lang='lat' dir='ltr'><strong>ferino</strong></span> <span class='ocrx_word' id='word_1_569' title='bbox 3240 2777 3424 2830; x_wconf 86' lang='lat' dir='ltr'><strong>victum</strong></span> <span class='ocrx_word' id='word_1_570' title='bbox 3464 2778 3794 2848; x_wconf 63' lang='lat' dir='ltr'><strong>querebam,</strong></span> 
     </span>
    </p>
   </div>
   <div class='ocr_carea' id='block_1_82' title="bbox 2189 2847 3797 2909">
    <p class='ocr_par' dir='ltr' id='par_1_82' title="bbox 2189 2847 3797 2909">
     <span class='ocr_line' id='line_1_83' title="bbox 2189 2847 3797 2909; baseline -0.001 -6"><span class='ocrx_word' id='word_1_571' title='bbox 2189 2861 2310 2903; x_wconf 87' lang='lat' dir='ltr'><strong>ante</strong></span> <span class='ocrx_word' id='word_1_572' title='bbox 2337 2849 2528 2903; x_wconf 72' lang='lat' dir='ltr'><strong>charta:</strong></span> <span class='ocrx_word' id='word_1_573' title='bbox 2557 2859 2606 2902; x_wconf 89' lang='lat' dir='ltr'><strong>et</strong></span> <span class='ocrx_word' id='word_1_574' title='bbox 2633 2847 3047 2902; x_wconf 82' lang='lat' dir='ltr'><strong>membranarum</strong></span> <span class='ocrx_word' id='word_1_575' title='bbox 3073 2863 3244 2909; x_wconf 90' lang='lat' dir='ltr'><strong>usum,</strong></span> <span class='ocrx_word' id='word_1_576' title='bbox 3277 2856 3368 2901; x_wconf 87' lang='lat' dir='ltr'><strong>aut</strong></span> <span class='ocrx_word' id='word_1_577' title='bbox 3393 2849 3445 2901; x_wconf 90' lang='lat' dir='ltr'><strong>in</strong></span> <span class='ocrx_word' id='word_1_578' title='bbox 3477 2847 3731 2902; x_wconf 87' lang='lat' dir='ltr'><strong>dedolatis</strong></span> <span class='ocrx_word' id='word_1_579' title='bbox 3765 2864 3797 2902; x_wconf 76' lang='grc' dir='ltr'><em>ε</em></span> 
     </span>
    </p>
   </div>
   <div class='ocr_carea' id='block_1_83' title="bbox 2190 2918 3800 2994">
    <p class='ocr_par' dir='ltr' id='par_1_83' title="bbox 2190 2918 3800 2994">
     <span class='ocr_line' id='line_1_84' title="bbox 2190 2918 3800 2994; baseline -0.002 -19"><span class='ocrx_word' id='word_1_580' title='bbox 2190 2921 2333 2994; x_wconf 84' lang='lat' dir='ltr'><strong>ligno</strong></span> <span class='ocrx_word' id='word_1_581' title='bbox 2364 2919 2659 2994; x_wconf 62' lang='lat' dir='ltr'><strong>codicillis,</strong></span> <span class='ocrx_word' id='word_1_582' title='bbox 2685 2918 2869 2994; x_wconf 86' lang='lat' dir='ltr'><strong>aut_in_</strong></span> <span class='ocrx_word' id='word_1_583' title='bbox 2896 2919 3168 2994; x_wconf 85' lang='lat' dir='ltr'><strong>corticibus</strong></span> <span class='ocrx_word' id='word_1_584' title='bbox 3188 2918 3437 2994; x_wconf 78' lang='lat' dir='ltr'><strong>arborum</strong></span> <span class='ocrx_word' id='word_1_585' title='bbox 3468 2928 3645 2994; x_wconf 83' lang='lat' dir='ltr'><strong>mutuo</strong></span> <span class='ocrx_word' id='word_1_586' title='bbox 3672 2921 3800 2994; x_wconf 77' lang='lat' dir='ltr'><strong>epi-</strong></span> 
     </span>
    </p>
   </div>
   <div class='ocr_carea' id='block_1_84' title="bbox 2190 2989 3801 3060">
    <p class='ocr_par' dir='ltr' id='par_1_84' title="bbox 2190 2989 3801 3060">
     <span class='ocr_line' id='line_1_85' title="bbox 2190 2989 3801 3060; baseline -0.002 -14"><span class='ocrx_word' id='word_1_587' title='bbox 2190 2989 2439 3046; x_wconf 63' lang='lat' dir='ltr'><strong>stularum</strong></span> <span class='ocrx_word' id='word_1_588' title='bbox 2469 2991 2698 3060; x_wconf 88' lang='lat' dir='ltr'><strong>alloquia</strong></span> <span class='ocrx_word' id='word_1_589' title='bbox 2725 2990 3052 3044; x_wconf 88' lang='lat' dir='ltr'><strong>missitabant</strong></span> <span class='ocrx_word' id='word_1_590' title='bbox 3081 3005 3099 3044; x_wconf 92' lang='lat'><strong><em>:</em></strong></span> <span class='ocrx_word' id='word_1_591' title='bbox 3126 2989 3266 3044; x_wconf 89' lang='lat' dir='ltr'><strong>unde</strong></span> <span class='ocrx_word' id='word_1_592' title='bbox 3293 3001 3342 3044; x_wconf 89' lang='lat' dir='ltr'><strong>et</strong></span> <span class='ocrx_word' id='word_1_593' title='bbox 3365 2991 3639 3057; x_wconf 85' lang='lat' dir='ltr'><strong>portitores</strong></span> <span class='ocrx_word' id='word_1_594' title='bbox 3665 2991 3801 3044; x_wconf 85' lang='lat' dir='ltr'><strong>illa—</strong></span> 
     </span>
    </p>
   </div>
   <div class='ocr_carea' id='block_1_85' title="bbox 2191 3060 3798 3132">
    <p class='ocr_par' dir='ltr' id='par_1_85' title="bbox 2191 3060 3798 3132">
     <span class='ocr_line' id='line_1_86' title="bbox 2191 3060 3798 3132; baseline -0.001 -16"><span class='ocrx_word' id='word_1_595' title='bbox 2191 3079 2308 3116; x_wconf 86' lang='lat' dir='ltr'><strong>rum</strong></span> <span class='ocrx_word' id='word_1_596' title='bbox 2325 3061 2643 3127; x_wconf 87' lang='lat' dir='ltr'><strong>tabellarios,</strong></span> <span class='ocrx_word' id='word_1_597' title='bbox 2662 3071 2710 3114; x_wconf 88' lang='lat' dir='ltr'><strong>et</strong></span> <span class='ocrx_word' id='word_1_598' title='bbox 2734 3061 3007 3132; x_wconf 81' lang='lat' dir='ltr'><strong>scriptores</strong></span> <span class='ocrx_word' id='word_1_599' title='bbox 3036 3078 3068 3114; x_wconf 92' lang='lat' dir='ltr'><strong>a</strong></span> <span class='ocrx_word' id='word_1_600' title='bbox 3093 3060 3241 3114; x_wconf 85' lang='lat' dir='ltr'><strong>libris</strong></span> <span class='ocrx_word' id='word_1_601' title='bbox 3271 3061 3511 3116; x_wconf 86' lang='lat' dir='ltr'><strong>arborum</strong></span> <span class='ocrx_word' id='word_1_602' title='bbox 3541 3062 3798 3115; x_wconf 87' lang='lat' dir='ltr'><strong>librarios</strong></span> 
     </span>
    </p>
   </div>
   <div class='ocr_carea' id='block_1_86' title="bbox 2191 3131 3801 3202">
    <p class='ocr_par' dir='ltr' id='par_1_86' title="bbox 2191 3131 3801 3202">
     <span class='ocr_line' id='line_1_87' title="bbox 2191 3131 3801 3202; baseline -0.001 -14"><span class='ocrx_word' id='word_1_603' title='bbox 2191 3149 2452 3188; x_wconf 85' lang='lat' dir='ltr'><strong>vocavere.</strong></span> <span class='ocrx_word' id='word_1_604' title='bbox 2493 3133 2714 3200; x_wconf 85' lang='lat' dir='ltr'><strong>Quinto.</strong></span> <span class='ocrx_word' id='word_1_605' title='bbox 2759 3131 2882 3186; x_wconf 86' lang='lat' dir='ltr'><strong>Fuit</strong></span> <span class='ocrx_word' id='word_1_606' title='bbox 2922 3133 3155 3202; x_wconf 89' lang='lat' dir='ltr'><strong>denique</strong></span> <span class='ocrx_word' id='word_1_607' title='bbox 3193 3140 3373 3197; x_wconf 89' lang='lat' dir='ltr'><strong>vetus,</strong></span> <span class='ocrx_word' id='word_1_608' title='bbox 3416 3133 3630 3200; x_wconf 89' lang='lat' dir='ltr'><strong>publica</strong></span> <span class='ocrx_word' id='word_1_609' title='bbox 3667 3134 3801 3201; x_wconf 87' lang='lat' dir='ltr'><strong>qui-</strong></span> 
     </span>
    </p>
   </div>
   <div class='ocr_carea' id='block_1_87' title="bbox 2193 3203 3798 3272">
    <p class='ocr_par' dir='ltr' id='par_1_87' title="bbox 2193 3203 3798 3272">
     <span class='ocr_line' id='line_1_88' title="bbox 2193 3203 3798 3272; baseline -0.001 -13"><span class='ocrx_word' id='word_1_610' title='bbox 2193 3206 2315 3260; x_wconf 92' lang='lat' dir='ltr'><strong>dem</strong></span> <span class='ocrx_word' id='word_1_611' title='bbox 2363 3207 2696 3258; x_wconf 70' lang='lat' dir='ltr'><strong>monimenta</strong></span> <span class='ocrx_word' id='word_1_612' title='bbox 2735 3204 2786 3256; x_wconf 88' lang='lat' dir='ltr'><strong>in</strong></span> <span class='ocrx_word' id='word_1_613' title='bbox 2829 3204 3096 3272; x_wconf 88' lang='lat' dir='ltr'><strong>plumbeis</strong></span> <span class='ocrx_word' id='word_1_614' title='bbox 3140 3204 3527 3268; x_wconf 89' lang='lat' dir='ltr'><strong>voluminibus,</strong></span> <span class='ocrx_word' id='word_1_615' title='bbox 3575 3203 3798 3272; x_wconf 79' lang='lat' dir='ltr'><strong>privata</strong></span> 
     </span>
    </p>
   </div>
   <div class='ocr_carea' id='block_1_88' title="bbox 2191 3273 3798 3342">
    <p class='ocr_par' dir='ltr' id='par_1_88' title="bbox 2191 3273 3798 3342">
     <span class='ocr_line' id='line_1_89' title="bbox 2191 3273 3798 3342; baseline -0.001 -12"><span class='ocrx_word' id='word_1_616' title='bbox 2191 3290 2324 3330; x_wconf 90' lang='lat' dir='ltr'><strong>vero</strong></span> <span class='ocrx_word' id='word_1_617' title='bbox 2368 3275 2419 3330; x_wconf 90' lang='lat' dir='ltr'><strong>in</strong></span> <span class='ocrx_word' id='word_1_618' title='bbox 2462 3275 2644 3329; x_wconf 92' lang='lat' dir='ltr'><strong>linteis</strong></span> <span class='ocrx_word' id='word_1_619' title='bbox 2691 3275 2856 3329; x_wconf 80' lang='lat' dir='ltr'><strong>textis</strong></span> <span class='ocrx_word' id='word_1_620' title='bbox 2892 3273 3164 3329; x_wconf 89' lang='lat' dir='ltr'><strong>scribendi</strong></span> <span class='ocrx_word' id='word_1_621' title='bbox 3210 3289 3350 3328; x_wconf 91' lang='lat' dir='ltr'><strong>mos.</strong></span> <span class='ocrx_word' id='word_1_622' title='bbox 3385 3275 3458 3328; x_wconf 89' lang='lat' dir='ltr'><strong>De</strong></span> <span class='ocrx_word' id='word_1_623' title='bbox 3488 3291 3593 3342; x_wconf 87' lang='lat' dir='ltr'><strong>quo</strong></span> <span class='ocrx_word' id='word_1_624' title='bbox 3623 3273 3798 3328; x_wconf 84' lang='lat' dir='ltr'><strong>etiam</strong></span> 
     </span>
    </p>
   </div>
   <div class='ocr_carea' id='block_1_89' title="bbox 2191 3344 3802 3416">
    <p class='ocr_par' dir='ltr' id='par_1_89' title="bbox 2191 3344 3802 3416">
     <span class='ocr_line' id='line_1_90' title="bbox 2191 3344 3802 3416; baseline -0.002 -16"><span class='ocrx_word' id='word_1_625' title='bbox 2191 3346 2442 3402; x_wconf 91' lang='lat' dir='ltr'><strong>meminit</strong></span> <span class='ocrx_word' id='word_1_626' title='bbox 2479 3347 2684 3400; x_wconf 84' lang='lat' dir='ltr'><strong>Plinius</strong></span> <span class='ocrx_word' id='word_1_627' title='bbox 2739 3346 2833 3400; x_wconf 91' lang='lat' dir='ltr'><strong>lib.</strong></span> <span class='ocrx_word' id='word_1_628' title='bbox 2874 3361 2967 3400; x_wconf 70' lang='grc' dir='ltr'>χιιι</span> <span class='ocrx_word' id='word_1_629' title='bbox 3001 3360 3124 3414; x_wconf 89' lang='lat' dir='ltr'><strong>cap.</strong></span> <span class='ocrx_word' id='word_1_630' title='bbox 3157 3345 3243 3406; x_wconf 82' lang='lat' dir='ltr'><strong>ll,</strong></span> <span class='ocrx_word' id='word_1_631' title='bbox 3283 3344 3640 3416; x_wconf 88' lang='lat' dir='ltr'><strong>Symmachus</strong></span> <span class='ocrx_word' id='word_1_632' title='bbox 3672 3346 3802 3414; x_wconf 77' lang='lat' dir='ltr'><strong>rpi-</strong></span> 
     </span>
    </p>
   </div>
   <div class='ocr_carea' id='block_1_90' title="bbox 2193 3417 3801 3487">
    <p class='ocr_par' dir='ltr' id='par_1_90' title="bbox 2193 3417 3801 3487">
     <span class='ocr_line' id='line_1_91' title="bbox 2193 3417 3801 3487; baseline 0.001 -17"><span class='ocrx_word' id='word_1_633' title='bbox 2193 3418 2312 3472; x_wconf 91' lang='lat' dir='ltr'><strong>stol.</strong></span> <span class='ocrx_word' id='word_1_634' title='bbox 2339 3417 2407 3472; x_wconf 69' lang='lat'><strong>34</strong></span> <span class='ocrx_word' id='word_1_635' title='bbox 2439 3417 2534 3472; x_wconf 91' lang='lat' dir='ltr'><strong>lib.</strong></span> <span class='ocrx_word' id='word_1_636' title='bbox 2556 3433 2630 3480; x_wconf 86' lang='lat' dir='ltr'><strong>tv,</strong></span> <span class='ocrx_word' id='word_1_637' title='bbox 2662 3417 2933 3471; x_wconf 88' lang='lat' dir='ltr'><strong>Ausonius</strong></span> <span class='ocrx_word' id='word_1_638' title='bbox 2959 3417 3185 3470; x_wconf 88' lang='lat' dir='ltr'><strong>Paulino</strong></span> <span class='ocrx_word' id='word_1_639' title='bbox 3207 3417 3424 3487; x_wconf 87' lang='lat' dir='ltr'><strong>epistol.</strong></span> <span class='ocrx_word' id='word_1_640' title='bbox 3452 3432 3605 3480; x_wconf 68' lang='grc' dir='ltr'>χχιιι,</span> <span class='ocrx_word' id='word_1_641' title='bbox 3636 3419 3801 3487; x_wconf 79' lang='lat' dir='ltr'><strong>unde</strong></span> 
     </span>
    </p>
   </div>
   <div class='ocr_carea' id='block_1_91' title="bbox 2192 3486 3794 3559">
    <p class='ocr_par' dir='ltr' id='par_1_91' title="bbox 2192 3486 3794 3559">
     <span class='ocr_line' id='line_1_92' title="bbox 2192 3486 3794 3559; baseline 0.001 -19"><span class='ocrx_word' id='word_1_642' title='bbox 2192 3488 2318 3543; x_wconf 89' lang='lat' dir='ltr'><strong>libri</strong></span> <span class='ocrx_word' id='word_1_643' title='bbox 2349 3489 2518 3553; x_wconf 88' lang='lat' dir='ltr'><strong>lintei,</strong></span> <span class='ocrx_word' id='word_1_644' title='bbox 2552 3488 2704 3542; x_wconf 90' lang='lat' dir='ltr'><strong>Livio</strong></span> <span class='ocrx_word' id='word_1_645' title='bbox 2735 3488 2829 3544; x_wconf 91' lang='lat' dir='ltr'><strong>lib.</strong></span> <span class='ocrx_word' id='word_1_646' title='bbox 2860 3502 2912 3542; x_wconf 85' lang='lat' dir='ltr'><strong>tv</strong></span> <span class='ocrx_word' id='word_1_647' title='bbox 2944 3487 3102 3559; x_wconf 86' lang='lat' dir='ltr'><strong>(Vide</strong></span> <span class='ocrx_word' id='word_1_648' title='bbox 3131 3486 3285 3542; x_wconf 89' lang='lat' dir='ltr'><strong>etiam</strong></span> <span class='ocrx_word' id='word_1_649' title='bbox 3312 3487 3654 3542; x_wconf 82' lang='lat' dir='ltr'><strong>Trithetnium</strong></span> <span class='ocrx_word' id='word_1_650' title='bbox 3687 3486 3794 3542; x_wconf 84' lang='lat' dir='ltr'><strong>lib.</strong></span> 
     </span>
    </p>
   </div>
   <div class='ocr_carea' id='block_1_92' title="bbox 2191 3558 2688 3630">
    <p class='ocr_par' dir='ltr' id='par_1_92' title="bbox 2191 3558 2688 3630">
     <span class='ocr_line' id='line_1_93' title="bbox 2191 3558 2688 3630; baseline 0 -18"><span class='ocrx_word' id='word_1_651' title='bbox 2191 3560 2256 3614; x_wconf 90' lang='lat' dir='ltr'><strong>de</strong></span> <span class='ocrx_word' id='word_1_652' title='bbox 2289 3558 2688 3630; x_wconf 82' lang='lat' dir='ltr'><strong>Polygraphia).</strong></span> 
     </span>
    </p>
   </div>
   <div class='ocr_carea' id='block_1_93' title="bbox 2268 3627 3806 3700">
    <p class='ocr_par' dir='ltr' id='par_1_93' title="bbox 2268 3627 3806 3700">
     <span class='ocr_line' id='line_1_94' title="bbox 2268 3627 3806 3700; baseline -0.001 -16"><span class='ocrx_word' id='word_1_653' title='bbox 2268 3641 2289 3669; x_wconf 77' lang='grc' dir='ltr'><em>ε</em></span> <span class='ocrx_word' id='word_1_654' title='bbox 2335 3627 2540 3684; x_wconf 64' lang='grc' dir='ltr'>Εἱιίιιίει</span> <span class='ocrx_word' id='word_1_655' title='bbox 2573 3639 2630 3686; x_wconf 90' lang='lat' dir='ltr'><strong>et</strong></span> <span class='ocrx_word' id='word_1_656' title='bbox 2649 3627 2987 3700; x_wconf 86' lang='lat' dir='ltr'><strong>amplissima</strong></span> <span class='ocrx_word' id='word_1_657' title='bbox 3019 3629 3420 3684; x_wconf 90' lang='lat' dir='ltr'><strong>commendatio</strong></span> <span class='ocrx_word' id='word_1_658' title='bbox 3450 3627 3592 3684; x_wconf 90' lang='lat' dir='ltr'><strong>illius</strong></span> <span class='ocrx_word' id='word_1_659' title='bbox 3616 3627 3806 3683; x_wconf 86' lang='lat' dir='ltr'><strong>versi-</strong></span> 
     </span>
    </p>
   </div>
   <div class='ocr_carea' id='block_1_94' title="bbox 2193 3699 3804 3769">
    <p class='ocr_par' dir='ltr' id='par_1_94' title="bbox 2193 3699 3804 3769">
     <span class='ocr_line' id='line_1_95' title="bbox 2193 3699 3804 3769; baseline -0.001 -15"><span class='ocrx_word' id='word_1_660' title='bbox 2193 3701 2298 3754; x_wconf 88' lang='lat' dir='ltr'><strong>culi</strong></span> <span class='ocrx_word' id='word_1_661' title='bbox 2343 3700 2584 3756; x_wconf 82' lang='lat' dir='ltr'><strong>Davidici</strong></span> <span class='ocrx_word' id='word_1_662' title='bbox 2623 3719 2636 3756; x_wconf 91' lang='lat'><strong>:</strong></span> <span class='ocrx_word' id='word_1_663' title='bbox 2678 3699 2841 3764; x_wconf 84' lang='lat' dir='ltr'><strong>Deus,</strong></span> <span class='ocrx_word' id='word_1_664' title='bbox 2883 3701 2936 3754; x_wconf 90' lang='lat' dir='ltr'><strong>in</strong></span> <span class='ocrx_word' id='word_1_665' title='bbox 2979 3702 3299 3769; x_wconf 73' lang='lat' dir='ltr'><strong>adiutorium</strong></span> <span class='ocrx_word' id='word_1_666' title='bbox 3339 3716 3506 3754; x_wconf 89' lang='lat' dir='ltr'><strong>meum</strong></span> <span class='ocrx_word' id='word_1_667' title='bbox 3546 3701 3804 3766; x_wconf 78' lang='lat' dir='ltr'><strong>intende;</strong></span> 
     </span>
    </p>
   </div>
   <div class='ocr_carea' id='block_1_95' title="bbox 2194 3770 3804 3844">
    <p class='ocr_par' dir='ltr' id='par_1_95' title="bbox 2194 3770 3804 3844">
     <span class='ocr_line' id='line_1_96' title="bbox 2194 3770 3804 3844; baseline 0.002 -20"><span class='ocrx_word' id='word_1_668' title='bbox 2194 3771 2436 3838; x_wconf 87' lang='lat' dir='ltr'><strong>Domine,</strong></span> <span class='ocrx_word' id='word_1_669' title='bbox 2463 3773 2532 3825; x_wconf 90' lang='lat' dir='ltr'><strong>ad</strong></span> <span class='ocrx_word' id='word_1_670' title='bbox 2553 3772 2911 3844; x_wconf 85' lang='lat' dir='ltr'><strong>adjuvandttm</strong></span> <span class='ocrx_word' id='word_1_671' title='bbox 2937 3789 3017 3826; x_wconf 90' lang='lat' dir='ltr'><strong>me</strong></span> <span class='ocrx_word' id='word_1_672' title='bbox 3041 3773 3248 3844; x_wconf 79' lang='lat' dir='ltr'><strong>festina.</strong></span> <span class='ocrx_word' id='word_1_673' title='bbox 3273 3770 3438 3844; x_wconf 83' lang='lat' dir='ltr'><strong>Cujus</strong></span> <span class='ocrx_word' id='word_1_674' title='bbox 3466 3770 3804 3844; x_wconf 80' lang='lat' dir='ltr'><strong>multiplices</strong></span> 
     </span>
    </p>
   </div>
   <div class='ocr_carea' id='block_1_96' title="bbox 2193 3841 3804 3914">
    <p class='ocr_par' dir='ltr' id='par_1_96' title="bbox 2193 3841 3804 3914">
     <span class='ocr_line' id='line_1_97' title="bbox 2193 3841 3804 3914; baseline 0.001 -17"><span class='ocrx_word' id='word_1_675' title='bbox 2193 3858 2327 3897; x_wconf 91' lang='lat' dir='ltr'><strong>usus</strong></span> <span class='ocrx_word' id='word_1_676' title='bbox 2366 3841 2735 3914; x_wconf 71' lang='lat' dir='ltr'><strong>utilitateSque</strong></span> <span class='ocrx_word' id='word_1_677' title='bbox 2765 3851 2914 3896; x_wconf 91' lang='lat' dir='ltr'><strong>tanta</strong></span> <span class='ocrx_word' id='word_1_678' title='bbox 2945 3843 3208 3898; x_wconf 90' lang='lat' dir='ltr'><strong>orationis</strong></span> <span class='ocrx_word' id='word_1_679' title='bbox 3233 3843 3388 3912; x_wconf 88' lang='lat' dir='ltr'><strong>copia</strong></span> <span class='ocrx_word' id='word_1_680' title='bbox 3414 3850 3472 3898; x_wconf 92' lang='lat' dir='ltr'><strong>et</strong></span> <span class='ocrx_word' id='word_1_681' title='bbox 3496 3841 3804 3914; x_wconf 79' lang='lat' dir='ltr'><strong>splendore</strong></span> 
     </span>
    </p>
   </div>
   <div class='ocr_carea' id='block_1_97' title="bbox 2195 3911 3806 3984">
    <p class='ocr_par' dir='ltr' id='par_1_97' title="bbox 2195 3911 3806 3984">
     <span class='ocr_line' id='line_1_98' title="bbox 2195 3911 3806 3984; baseline 0.001 -17"><span class='ocrx_word' id='word_1_682' title='bbox 2195 3916 2568 3982; x_wconf 88' lang='lat' dir='ltr'><strong>prosequitur,</strong></span> <span class='ocrx_word' id='word_1_683' title='bbox 2604 3911 2663 3968; x_wconf 74' lang='lat' dir='ltr'><strong>ui</strong></span> <span class='ocrx_word' id='word_1_684' title='bbox 2691 3914 2826 3968; x_wconf 86' lang='lat' dir='ltr'><strong>nihil</strong></span> <span class='ocrx_word' id='word_1_685' title='bbox 2857 3914 2977 3968; x_wconf 89' lang='lat' dir='ltr'><strong>addi</strong></span> <span class='ocrx_word' id='word_1_686' title='bbox 3008 3929 3168 3984; x_wconf 81' lang='lat' dir='ltr'><strong>posse</strong></span> <span class='ocrx_word' id='word_1_687' title='bbox 3195 3911 3459 3968; x_wconf 86' lang='lat' dir='ltr'><strong>videatur.</strong></span> <span class='ocrx_word' id='word_1_688' title='bbox 3495 3911 3628 3984; x_wconf 69' lang='lat' dir='ltr'><strong>[line</strong></span> <span class='ocrx_word' id='word_1_689' title='bbox 3657 3911 3806 3968; x_wconf 85' lang='lat' dir='ltr'><strong>Cas-</strong></span> 
     </span>
    </p>
   </div>
   <div class='ocr_carea' id='block_1_98' title="bbox 2196 3982 3804 4055">
    <p class='ocr_par' dir='ltr' id='par_1_98' title="bbox 2196 3982 3804 4055">
     <span class='ocr_line' id='line_1_99' title="bbox 2196 3982 3804 4055; baseline -0.001 -17"><span class='ocrx_word' id='word_1_690' title='bbox 2196 3985 2449 4038; x_wconf 90' lang='lat' dir='ltr'><strong>siodorus</strong></span> <span class='ocrx_word' id='word_1_691' title='bbox 2489 3987 2542 4040; x_wconf 89' lang='lat' dir='ltr'><strong>in</strong></span> <span class='ocrx_word' id='word_1_692' title='bbox 2583 3985 2919 4055; x_wconf 88' lang='lat' dir='ltr'><strong>expositione</strong></span> <span class='ocrx_word' id='word_1_693' title='bbox 2960 3982 3205 4054; x_wconf 86' lang='lat' dir='ltr'><strong>ejusdem</strong></span> <span class='ocrx_word' id='word_1_694' title='bbox 3251 3985 3440 4055; x_wconf 85' lang='lat' dir='ltr'><strong>psalmi</strong></span> <span class='ocrx_word' id='word_1_695' title='bbox 3469 3999 3481 4035; x_wconf 89' lang='lat'><strong>:</strong></span> <span class='ocrx_word' id='word_1_696' title='bbox 3510 3982 3669 4037; x_wconf 85' lang='lat' dir='ltr'><strong>Hunc</strong></span> <span class='ocrx_word' id='word_1_697' title='bbox 3698 3988 3804 4055; x_wconf 74' lang='lat' dir='ltr'><strong>to—</strong></span> 
     </span>
    </p>
   </div>
   <div class='ocr_carea' id='block_1_99' title="bbox 2195 4052 3805 4126">
    <p class='ocr_par' dir='ltr' id='par_1_99' title="bbox 2195 4052 3805 4126">
     <span class='ocr_line' id='line_1_100' title="bbox 2195 4052 3805 4126; baseline 0 -18"><span class='ocrx_word' id='word_1_698' title='bbox 2195 4071 2332 4121; x_wconf 89' lang='lat' dir='ltr'><strong>cum,</strong></span> <span class='ocrx_word' id='word_1_699' title='bbox 2363 4057 2560 4124; x_wconf 86' lang='lat' dir='ltr'><strong>inquit,</strong></span> <span class='ocrx_word' id='word_1_700' title='bbox 2591 4052 3292 4126; x_wconf 39' lang='lat' dir='ltr'><strong>facundissimus—Cassianus</strong></span> <span class='ocrx_word' id='word_1_701' title='bbox 3321 4057 3376 4108; x_wconf 91' lang='lat' dir='ltr'><strong>in</strong></span> <span class='ocrx_word' id='word_1_702' title='bbox 3405 4053 3600 4108; x_wconf 85' lang='lat' dir='ltr'><strong>decima</strong></span> <span class='ocrx_word' id='word_1_703' title='bbox 3625 4052 3805 4108; x_wconf 83' lang='lat' dir='ltr'><strong>colla-</strong></span> 
     </span>
    </p>
   </div>
   <div class='ocr_carea' id='block_1_100' title="bbox 2199 4126 3804 4198">
    <p class='ocr_par' dir='ltr' id='par_1_100' title="bbox 2199 4126 3804 4198">
     <span class='ocr_line' id='line_1_101' title="bbox 2199 4126 3804 4198; baseline -0.001 -18"><span class='ocrx_word' id='word_1_704' title='bbox 2199 4128 2359 4187; x_wconf 86' lang='lat' dir='ltr'><strong>tione,</strong></span> <span class='ocrx_word' id='word_1_705' title='bbox 2392 4127 2621 4198; x_wconf 88' lang='lat' dir='ltr'><strong>plurima</strong></span> <span class='ocrx_word' id='word_1_706' title='bbox 2649 4129 2712 4181; x_wconf 90' lang='lat' dir='ltr'><strong>de</strong></span> <span class='ocrx_word' id='word_1_707' title='bbox 2741 4130 2853 4198; x_wconf 85' lang='lat' dir='ltr'><strong>ejus</strong></span> <span class='ocrx_word' id='word_1_708' title='bbox 2876 4127 3099 4181; x_wconf 87' lang='lat' dir='ltr'><strong>utilitate</strong></span> <span class='ocrx_word' id='word_1_709' title='bbox 3120 4127 3399 4188; x_wconf 84' lang='lat' dir='ltr'><strong>disserens,</strong></span> <span class='ocrx_word' id='word_1_710' title='bbox 3425 4135 3567 4178; x_wconf 91' lang='lat' dir='ltr'><strong>tanto</strong></span> <span class='ocrx_word' id='word_1_711' title='bbox 3592 4126 3804 4198; x_wconf 85' lang='lat' dir='ltr'><strong>honore</strong></span> 
     </span>
    </p>
   </div>
   <div class='ocr_carea' id='block_1_101' title="bbox 2196 4197 3804 4269">
    <p class='ocr_par' dir='ltr' id='par_1_101' title="bbox 2196 4197 3804 4269">
     <span class='ocr_line' id='line_1_102' title="bbox 2196 4197 3804 4269; baseline 0 -18"><span class='ocrx_word' id='word_1_712' title='bbox 2196 4197 2539 4269; x_wconf 87' lang='lat' dir='ltr'><strong>concelebrat.</strong></span> <span class='ocrx_word' id='word_1_713' title='bbox 2570 4209 2626 4252; x_wconf 87' lang='lat' dir='ltr'><strong>ut</strong></span> <span class='ocrx_word' id='word_1_714' title='bbox 2661 4197 2916 4269; x_wconf 87' lang='lat' dir='ltr'><strong>quidquid</strong></span> <span class='ocrx_word' id='word_1_715' title='bbox 2956 4199 3197 4252; x_wconf 87' lang='lat' dir='ltr'><strong>monachi</strong></span> <span class='ocrx_word' id='word_1_716' title='bbox 3241 4199 3632 4269; x_wconf 81' lang='lat' dir='ltr'><strong>assumpserint,</strong></span> <span class='ocrx_word' id='word_1_717' title='bbox 3681 4197 3804 4251; x_wconf 82' lang='lat' dir='ltr'><strong>sine</strong></span> 
     </span>
    </p>
   </div>
   <div class='ocr_carea' id='block_1_102' title="bbox 2198 4267 3805 4342">
    <p class='ocr_par' dir='ltr' id='par_1_102' title="bbox 2198 4267 3805 4342">
     <span class='ocr_line' id='line_1_103' title="bbox 2198 4267 3805 4342; baseline 0.001 -21"><span class='ocrx_word' id='word_1_718' title='bbox 2198 4267 2357 4342; x_wconf 86' lang='lat' dir='ltr'><strong>hujus</strong></span> <span class='ocrx_word' id='word_1_719' title='bbox 2409 4271 2646 4324; x_wconf 86' lang='lat' dir='ltr'><strong>versiculi</strong></span> <span class='ocrx_word' id='word_1_720' title='bbox 2675 4267 2819 4342; x_wconf 69' lang='lat' dir='ltr'><strong>trina</strong></span> <span class='ocrx_word' id='word_1_721' title='bbox 2871 4271 3135 4324; x_wconf 83' lang='lat' dir='ltr'><strong>iteratione</strong></span> <span class='ocrx_word' id='word_1_722' title='bbox 3182 4285 3285 4322; x_wconf 85' lang='lat' dir='ltr'><strong>non</strong></span> <span class='ocrx_word' id='word_1_723' title='bbox 3321 4268 3600 4342; x_wconf 74' lang='lat' dir='ltr'><strong>inchoent;</strong></span> <span class='ocrx_word' id='word_1_724' title='bbox 3643 4284 3805 4338; x_wconf 74' lang='lat' dir='ltr'><strong>quas:</strong></span> 
     </span>
    </p>
   </div>
   <div class='ocr_carea' id='block_1_103' title="bbox 2198 4339 3804 4413">
    <p class='ocr_par' dir='ltr' id='par_1_103' title="bbox 2198 4339 3804 4413">
     <span class='ocr_line' id='line_1_104' title="bbox 2198 4339 3804 4413; baseline 0.001 -20"><span class='ocrx_word' id='word_1_725' title='bbox 2198 4339 2416 4413; x_wconf 82' lang='lat' dir='ltr'><strong>repetita</strong></span> <span class='ocrx_word' id='word_1_726' title='bbox 2439 4344 2630 4413; x_wconf 70' lang='lat' dir='ltr'><strong>stepius</strong></span> <span class='ocrx_word' id='word_1_727' title='bbox 2667 4341 2820 4396; x_wconf 89' lang='lat' dir='ltr'><strong>laude</strong></span> <span class='ocrx_word' id='word_1_728' title='bbox 2849 4343 3232 4413; x_wconf 82' lang='lat' dir='ltr'><strong>congeminans,</strong></span> <span class='ocrx_word' id='word_1_729' title='bbox 3275 4339 3428 4413; x_wconf 60' lang='lat' dir='ltr'><strong>nintis</strong></span> <span class='ocrx_word' id='word_1_730' title='bbox 3468 4340 3645 4413; x_wconf 79' lang='lat' dir='ltr'><strong>utilem</strong></span> <span class='ocrx_word' id='word_1_731' title='bbox 3683 4355 3804 4413; x_wconf 79' lang='lat' dir='ltr'><strong>esse</strong></span> 
     </span>
    </p>
   </div>
   <div class='ocr_carea' id='block_1_104' title="bbox 2201 4408 3800 4480">
    <p class='ocr_par' dir='ltr' id='par_1_104' title="bbox 2201 4408 3800 4480">
     <span class='ocr_line' id='line_1_105' title="bbox 2201 4408 3800 4480; baseline 0.001 -16"><span class='ocrx_word' id='word_1_732' title='bbox 2201 4412 2386 4480; x_wconf 85' lang='lat' dir='ltr'><strong>probat</strong></span> <span class='ocrx_word' id='word_1_733' title='bbox 2434 4408 2546 4479; x_wconf 69' lang='lat' dir='ltr'><strong>eius</strong></span> <span class='ocrx_word' id='word_1_734' title='bbox 2588 4414 2905 4467; x_wconf 78' lang='lat' dir='ltr'><strong>memoriam.</strong></span> <span class='ocrx_word' id='word_1_735' title='bbox 2949 4408 3125 4466; x_wconf 84' lang='lat' dir='ltr'><strong>Porro</strong></span> <span class='ocrx_word' id='word_1_736' title='bbox 3173 4411 3311 4465; x_wconf 86' lang='lat' dir='ltr'><strong>hanc</strong></span> <span class='ocrx_word' id='word_1_737' title='bbox 3355 4408 3622 4477; x_wconf 90' lang='lat' dir='ltr'><strong>Cassiani,</strong></span> <span class='ocrx_word' id='word_1_738' title='bbox 3675 4411 3800 4467; x_wconf 88' lang='lat' dir='ltr'><strong>sive</strong></span> 
     </span>
    </p>
   </div>
   <div class='ocr_carea' id='block_1_105' title="bbox 2200 4481 3799 4539">
    <p class='ocr_par' dir='ltr' id='par_1_105' title="bbox 2200 4481 3799 4539">
     <span class='ocr_line' id='line_1_106' title="bbox 2200 4481 3799 4539; baseline 0 -3"><span class='ocrx_word' id='word_1_739' title='bbox 2200 4483 2409 4538; x_wconf 90' lang='lat' dir='ltr'><strong>abbatis</strong></span> <span class='ocrx_word' id='word_1_740' title='bbox 2439 4483 2606 4539; x_wconf 87' lang='lat' dir='ltr'><strong>lsaaci</strong></span> <span class='ocrx_word' id='word_1_741' title='bbox 2633 4485 2933 4539; x_wconf 90' lang='lat' dir='ltr'><strong>doctrinam</strong></span> <span class='ocrx_word' id='word_1_742' title='bbox 2961 4482 3153 4539; x_wconf 87' lang='lat' dir='ltr'><strong>doctor</strong></span> <span class='ocrx_word' id='word_1_743' title='bbox 3182 4481 3456 4538; x_wconf 81' lang='lat' dir='ltr'><strong>Navarrns</strong></span> <span class='ocrx_word' id='word_1_744' title='bbox 3483 4483 3614 4536; x_wconf 84' lang='lat' dir='ltr'><strong>tanti</strong></span> <span class='ocrx_word' id='word_1_745' title='bbox 3639 4481 3799 4536; x_wconf 82' lang='lat' dir='ltr'><strong>fecit‘</strong></span> 
     </span>
    </p>
   </div>
   <div class='ocr_carea' id='block_1_106' title="bbox 2201 4553 3804 4625">
    <p class='ocr_par' dir='ltr' id='par_1_106' title="bbox 2201 4553 3804 4625">
     <span class='ocr_line' id='line_1_107' title="bbox 2201 4553 3804 4625; baseline 0.001 -19"><span class='ocrx_word' id='word_1_746' title='bbox 2201 4565 2261 4608; x_wconf 91' lang='lat' dir='ltr'><strong>ut</strong></span> <span class='ocrx_word' id='word_1_747' title='bbox 2303 4570 2443 4623; x_wconf 84' lang='lat' dir='ltr'><strong>pene</strong></span> <span class='ocrx_word' id='word_1_748' title='bbox 2488 4565 2658 4610; x_wconf 91' lang='lat' dir='ltr'><strong>totum</strong></span> <span class='ocrx_word' id='word_1_749' title='bbox 2703 4557 2805 4609; x_wconf 92' lang='lat' dir='ltr'><strong>hoc</strong></span> <span class='ocrx_word' id='word_1_750' title='bbox 2847 4564 3009 4625; x_wconf 88' lang='lat' dir='ltr'><strong>caput</strong></span> <span class='ocrx_word' id='word_1_751' title='bbox 3039 4555 3091 4608; x_wconf 90' lang='lat' dir='ltr'><strong>in</strong></span> <span class='ocrx_word' id='word_1_752' title='bbox 3123 4569 3278 4608; x_wconf 92' lang='lat' dir='ltr'><strong>suum</strong></span> <span class='ocrx_word' id='word_1_753' title='bbox 3310 4553 3804 4625; x_wconf 12' lang='lat' dir='ltr'><strong>inserueritrcom-</strong></span> 
     </span>
    </p>
   </div>
   <div class='ocr_carea' id='block_1_107' title="bbox 2201 4624 3799 4696">
    <p class='ocr_par' dir='ltr' id='par_1_107' title="bbox 2201 4624 3799 4696">
     <span class='ocr_line' id='line_1_108' title="bbox 2201 4624 3799 4696; baseline 0 -16"><span class='ocrx_word' id='word_1_754' title='bbox 2201 4627 2526 4696; x_wconf 80' lang='lat' dir='ltr'><strong>mentarinm</strong></span> <span class='ocrx_word' id='word_1_755' title='bbox 2558 4627 2627 4682; x_wconf 92' lang='lat' dir='ltr'><strong>de</strong></span> <span class='ocrx_word' id='word_1_756' title='bbox 2658 4624 2922 4682; x_wconf 88' lang='lat' dir='ltr'><strong>Oratione</strong></span> <span class='ocrx_word' id='word_1_757' title='bbox 2951 4641 3072 4696; x_wconf 85' lang='lat' dir='ltr'><strong>cap.</strong></span> <span class='ocrx_word' id='word_1_758' title='bbox 3114 4625 3204 4689; x_wconf 84' lang='lat' dir='ltr'><strong>l9,</strong></span> <span class='ocrx_word' id='word_1_759' title='bbox 3237 4625 3328 4680; x_wconf 91' lang='lat' dir='ltr'><strong>ubi</strong></span> <span class='ocrx_word' id='word_1_760' title='bbox 3355 4627 3435 4679; x_wconf 90' lang='lat' dir='ltr'><strong>sic</strong></span> <span class='ocrx_word' id='word_1_761' title='bbox 3460 4624 3749 4680; x_wconf 88' lang='lat' dir='ltr'><strong>exorditur</strong></span> <span class='ocrx_word' id='word_1_762' title='bbox 3780 4641 3799 4680; x_wconf 90' lang='lat'>:</span> 
     </span>
    </p>
   </div>
   <div class='ocr_carea' id='block_1_108' title="bbox 2205 4694 3805 4770">
    <p class='ocr_par' dir='ltr' id='par_1_108' title="bbox 2205 4694 3805 4770">
     <span class='ocr_line' id='line_1_109' title="bbox 2205 4694 3805 4770; baseline 0 -20"><span class='ocrx_word' id='word_1_763' title='bbox 2205 4694 2274 4750; x_wconf 89' lang='lat' dir='ltr'><strong>Ut</strong></span> <span class='ocrx_word' id='word_1_764' title='bbox 2292 4698 2491 4770; x_wconf 79' lang='lat' dir='ltr'><strong>jugiter</strong></span> <span class='ocrx_word' id='word_1_765' title='bbox 2526 4697 2624 4752; x_wconf 88' lang='lat' dir='ltr'><strong>Dei</strong></span> <span class='ocrx_word' id='word_1_766' title='bbox 2654 4707 2762 4770; x_wconf 90' lang='lat' dir='ltr'><strong>opt.</strong></span> <span class='ocrx_word' id='word_1_767' title='bbox 2788 4713 2930 4751; x_wconf 70' lang='lat' dir='ltr'><strong>max.</strong></span> <span class='ocrx_word' id='word_1_768' title='bbox 2962 4694 3317 4770; x_wconf 67' lang='lat' dir='ltr'><strong>recordemur,</strong></span> <span class='ocrx_word' id='word_1_769' title='bbox 3358 4705 3404 4749; x_wconf 89' lang='lat' dir='ltr'><strong>et</strong></span> <span class='ocrx_word' id='word_1_770' title='bbox 3426 4711 3805 4770; x_wconf 78' lang='lat' dir='ltr'><strong>assuescamus</strong></span> 
     </span>
    </p>
   </div>
   <div class='ocr_carea' id='block_1_109' title="bbox 2193 4767 3806 4839">
    <p class='ocr_par' dir='ltr' id='par_1_109' title="bbox 2193 4767 3806 4839">
     <span class='ocr_line' id='line_1_110' title="bbox 2193 4767 3806 4839; baseline -0.001 -16"><span class='ocrx_word' id='word_1_771' title='bbox 2193 4768 2315 4839; x_wconf 86' lang='lat' dir='ltr'><strong>jugi</strong></span> <span class='ocrx_word' id='word_1_772' title='bbox 2360 4769 2608 4835; x_wconf 89' lang='lat' dir='ltr'><strong>orationi,</strong></span> <span class='ocrx_word' id='word_1_773' title='bbox 2638 4767 2920 4838; x_wconf 69' lang='lat' dir='ltr'><strong>praesertim</strong></span> <span class='ocrx_word' id='word_1_774' title='bbox 2951 4768 3162 4822; x_wconf 87' lang='lat' dir='ltr'><strong>mentali</strong></span> <span class='ocrx_word' id='word_1_775' title='bbox 3208 4777 3256 4822; x_wconf 89' lang='lat' dir='ltr'><strong>et</strong></span> <span class='ocrx_word' id='word_1_776' title='bbox 3299 4767 3458 4832; x_wconf 89' lang='lat' dir='ltr'><strong>brevi,</strong></span> <span class='ocrx_word' id='word_1_777' title='bbox 3491 4767 3806 4836; x_wconf 82' lang='lat' dir='ltr'><strong>ubicumque</strong></span> 
     </span>
    </p>
   </div>
   <div class='ocr_carea' id='block_1_110' title="bbox 501 4839 3806 4912">
    <p class='ocr_par' dir='ltr' id='par_1_110' title="bbox 501 4839 3806 4912">
     <span class='ocr_line' id='line_1_111' title="bbox 501 4839 3806 4912; baseline -0.001 -19"><span class='ocrx_word' id='word_1_778' title='bbox 501 4839 643 4893; x_wconf 36' lang='lat' dir='ltr'><strong>stol.’</strong></span> <span class='ocrx_word' id='word_1_779' title='bbox 661 4840 733 4897; x_wconf 72' lang='grc'><strong>20</strong></span> <span class='ocrx_word' id='word_1_780' title='bbox 764 4858 778 4896; x_wconf 90' lang='lat'><strong>:</strong></span> <span class='ocrx_word' id='word_1_781' title='bbox 813 4839 1055 4895; x_wconf 83' lang='lat' dir='ltr'><strong>Tremula</strong></span> <span class='ocrx_word' id='word_1_782' title='bbox 1085 4856 1267 4895; x_wconf 89' lang='lat' dir='ltr'><strong>manus</strong></span> <span class='ocrx_word' id='word_1_783' title='bbox 1298 4856 1385 4912; x_wconf 83' lang='lat' dir='ltr'><strong>per</strong></span> <span class='ocrx_word' id='word_1_784' title='bbox 1408 4839 1585 4896; x_wconf 74' lang='lat' dir='ltr'><strong>curvos</strong></span> <span class='ocrx_word' id='word_1_785' title='bbox 1611 4856 1741 4912; x_wconf 76' lang='lat' dir='ltr'><strong>certe</strong></span> <span class='ocrx_word' id='word_1_786' title='bbox 1762 4843 1990 4894; x_wconf 85' lang='lat' dir='ltr'><strong>tramites</strong></span> <span class='ocrx_word' id='word_1_787' title='bbox 2017 4839 2098 4896; x_wconf 84' lang='lat' dir='ltr'><strong>er-</strong></span> <span class='ocrx_word' id='word_1_788' title='bbox 2124 4845 2180 4906; x_wconf 82' lang='lat'><strong>1)</strong></span> <span class='ocrx_word' id='word_1_789' title='bbox 2205 4840 2381 4904; x_wconf 86' lang='lat' dir='ltr'><strong>simus,</strong></span> <span class='ocrx_word' id='word_1_790' title='bbox 2427 4847 2475 4893; x_wconf 93' lang='lat' dir='ltr'><strong>et</strong></span> <span class='ocrx_word' id='word_1_791' title='bbox 2519 4841 2771 4910; x_wconf 89' lang='lat' dir='ltr'><strong>quidquid</strong></span> <span class='ocrx_word' id='word_1_792' title='bbox 2815 4855 3054 4911; x_wconf 86' lang='lat' dir='ltr'><strong>agamus,</strong></span> <span class='ocrx_word' id='word_1_793' title='bbox 3081 4839 3210 4894; x_wconf 90' lang='lat' dir='ltr'><strong>citra</strong></span> <span class='ocrx_word' id='word_1_794' title='bbox 3249 4839 3672 4912; x_wconf 86' lang='lat' dir='ltr'><strong>impedimentum</strong></span> <span class='ocrx_word' id='word_1_795' title='bbox 3702 4853 3806 4890; x_wconf 80' lang='lat' dir='ltr'><strong>no-</strong></span> 
     </span>
    </p>
   </div>
   <div class='ocr_carea' id='block_1_111' title="bbox 500 4911 2091 4983">
    <p class='ocr_par' dir='ltr' id='par_1_111' title="bbox 500 4911 2091 4983">
     <span class='ocr_line' id='line_1_112' title="bbox 500 4911 2091 4983; baseline 0.002 -22"><span class='ocrx_word' id='word_1_796' title='bbox 500 4919 698 4983; x_wconf 86' lang='lat' dir='ltr'><strong>rantem</strong></span> <span class='ocrx_word' id='word_1_797' title='bbox 736 4914 926 4983; x_wconf 73' lang='lat' dir='ltr'><strong>stylum</strong></span> <span class='ocrx_word' id='word_1_798' title='bbox 961 4913 1122 4983; x_wconf 73' lang='lat' dir='ltr'><strong>ducit.</strong></span> <span class='ocrx_word' id='word_1_799' title='bbox 1171 4911 1444 4976; x_wconf 75' lang='lat' dir='ltr'><strong>Secunde,</strong></span> <span class='ocrx_word' id='word_1_800' title='bbox 1489 4913 1539 4964; x_wconf 92' lang='lat' dir='ltr'><strong>in</strong></span> <span class='ocrx_word' id='word_1_801' title='bbox 1579 4911 1888 4983; x_wconf 64' lang='lat' dir='ltr'><strong>palmarum</strong></span> <span class='ocrx_word' id='word_1_802' title='bbox 1927 4912 2091 4983; x_wconf 86' lang='lat' dir='ltr'><strong>foliis.</strong></span> 
     </span>
    </p>
   </div>
   <div class='ocr_carea' id='block_1_112' title="bbox 503 4979 2096 5052">
    <p class='ocr_par' dir='ltr' id='par_1_112' title="bbox 503 4979 2096 5052">
     <span class='ocr_line' id='line_1_113' title="bbox 503 4979 2096 5052; baseline 0.002 -16"><span class='ocrx_word' id='word_1_803' title='bbox 503 4982 708 5036; x_wconf 78' lang='lat' dir='ltr'><strong>Auctor</strong></span> <span class='ocrx_word' id='word_1_804' title='bbox 735 4979 911 5037; x_wconf 73' lang='lat' dir='ltr'><strong>Virro</strong></span> <span class='ocrx_word' id='word_1_805' title='bbox 939 4983 1078 5052; x_wconf 89' lang='lat' dir='ltr'><strong>apud</strong></span> <span class='ocrx_word' id='word_1_806' title='bbox 1103 4982 1352 5038; x_wconf 83' lang='lat' dir='ltr'><strong>Servium</strong></span> <span class='ocrx_word' id='word_1_807' title='bbox 1381 4984 1449 5037; x_wconf 89' lang='lat' dir='ltr'><strong>ad</strong></span> <span class='ocrx_word' id='word_1_808' title='bbox 1477 4997 1528 5036; x_wconf 80' lang='grc' dir='ltr'>νι</span> <span class='ocrx_word' id='word_1_809' title='bbox 1560 4979 1782 5036; x_wconf 72' lang='lat' dir='ltr'><strong>Atineid.</strong></span> <span class='ocrx_word' id='word_1_810' title='bbox 1809 4999 1823 5036; x_wconf 89' lang='lat'><strong>:</strong></span> <span class='ocrx_word' id='word_1_811' title='bbox 1857 4979 1924 5034; x_wconf 87' lang='lat' dir='ltr'><strong>In</strong></span> <span class='ocrx_word' id='word_1_812' title='bbox 1955 4982 2096 5052; x_wconf 79' lang='lat' dir='ltr'><strong>foliis</strong></span> 
     </span>
    </p>
   </div>
   <div class='ocr_carea' id='block_1_113' title="bbox 502 5053 2096 5138">
    <p class='ocr_par' dir='ltr' id='par_1_113' title="bbox 502 5053 2096 5138">
     <span class='ocr_line' id='line_1_114' title="bbox 502 5053 2096 5138; baseline 0.003 -35"><span class='ocrx_word' id='word_1_813' title='bbox 502 5053 695 5138; x_wconf 40' lang='lat' dir='ltr'><strong>palm-ce</strong></span> <span class='ocrx_word' id='word_1_814' title='bbox 721 5054 980 5138; x_wconf 76' lang='lat' dir='ltr'><strong>interdum</strong></span> <span class='ocrx_word' id='word_1_815' title='bbox 1004 5055 1170 5137; x_wconf 71' lang='lat' dir='ltr'><strong>notis,</strong></span> <span class='ocrx_word' id='word_1_816' title='bbox 1189 5055 1450 5138; x_wconf 61' lang='lat' dir='ltr'><strong>interdum</strong></span> <span class='ocrx_word' id='word_1_817' title='bbox 1477 5054 1799 5138; x_wconf 70' lang='lat' dir='ltr'><strong>sermonibus</strong></span> <span class='ocrx_word' id='word_1_818' title='bbox 1826 5053 2096 5136; x_wconf 73' lang='lat' dir='ltr'><strong>scribebat.</strong></span> 
     </span>
    </p>
   </div>
   <div class='ocr_carea' id='block_1_114' title="bbox 516 5123 2096 5195">
    <p class='ocr_par' dir='ltr' id='par_1_114' title="bbox 516 5123 2096 5195">
     <span class='ocr_line' id='line_1_115' title="bbox 516 5123 2096 5195; baseline 0.003 -21"><span class='ocrx_word' id='word_1_819' title='bbox 516 5123 709 5190; x_wconf 86' lang='lat' dir='ltr'><strong>l‘ertio,</strong></span> <span class='ocrx_word' id='word_1_820' title='bbox 765 5125 816 5178; x_wconf 91' lang='lat' dir='ltr'><strong>in</strong></span> <span class='ocrx_word' id='word_1_821' title='bbox 867 5123 1205 5180; x_wconf 85' lang='lat' dir='ltr'><strong>tenuissimis</strong></span> <span class='ocrx_word' id='word_1_822' title='bbox 1249 5125 1526 5195; x_wconf 74' lang='lat' dir='ltr'><strong>arborum</strong></span> <span class='ocrx_word' id='word_1_823' title='bbox 1557 5125 1850 5178; x_wconf 88' lang='lat' dir='ltr'><strong>corticibus</strong></span> <span class='ocrx_word' id='word_1_824' title='bbox 1885 5141 1896 5176; x_wconf 86' lang='lat'><strong>:</strong></span> <span class='ocrx_word' id='word_1_825' title='bbox 1940 5126 2096 5195; x_wconf 88' lang='lat' dir='ltr'><strong>cujus</strong></span> 
     </span>
    </p>
   </div>
   <div class='ocr_carea' id='block_1_115' title="bbox 503 5193 2094 5267">
    <p class='ocr_par' dir='ltr' id='par_1_115' title="bbox 503 5193 2094 5267">
     <span class='ocr_line' id='line_1_116' title="bbox 503 5193 2094 5267; baseline 0.002 -19"><span class='ocrx_word' id='word_1_826' title='bbox 503 5196 717 5267; x_wconf 79' lang='lat' dir='ltr'><strong>generis</strong></span> <span class='ocrx_word' id='word_1_827' title='bbox 765 5197 931 5250; x_wconf 87' lang='lat' dir='ltr'><strong>arbor</strong></span> <span class='ocrx_word' id='word_1_828' title='bbox 977 5210 1215 5267; x_wconf 86' lang='lat' dir='ltr'><strong>papyrus</strong></span> <span class='ocrx_word' id='word_1_829' title='bbox 1270 5193 1748 5267; x_wconf 74' lang='lat' dir='ltr'><strong>apud/Egyptios</strong></span> <span class='ocrx_word' id='word_1_830' title='bbox 1800 5195 1922 5267; x_wconf 81' lang='lat' dir='ltr'><strong>huic</strong></span> <span class='ocrx_word' id='word_1_831' title='bbox 1975 5193 2094 5267; x_wconf 72' lang='lat' dir='ltr'><strong>naui</strong></span> 
     </span>
    </p>
   </div>
   <div class='ocr_carea' id='block_1_116' title="bbox 499 5264 2095 5392">
    <p class='ocr_par' dir='ltr' id='par_1_116' title="bbox 499 5264 2095 5392">
     <span class='ocr_line' id='line_1_117' title="bbox 499 5264 2095 5392; baseline 0.004 -76"><span class='ocrx_word' id='word_1_832' title='bbox 499 5265 805 5333; x_wconf 80' lang='lat' dir='ltr'><strong>aptissima,</strong></span> <span class='ocrx_word' id='word_1_833' title='bbox 838 5275 897 5322; x_wconf 90' lang='lat' dir='ltr'><strong>ut</strong></span> <span class='ocrx_word' id='word_1_834' title='bbox 926 5267 1060 5321; x_wconf 89' lang='lat' dir='ltr'><strong>alias</strong></span> <span class='ocrx_word' id='word_1_835' title='bbox 1087 5264 1336 5321; x_wconf 74' lang='lat' dir='ltr'><strong>notatum</strong></span> <span class='ocrx_word' id='word_1_836' title='bbox 1367 5266 1596 5392; x_wconf 46' lang='lat' dir='ltr'><strong>siCollat.</strong></span> <span class='ocrx_word' id='word_1_837' title='bbox 1632 5267 1688 5333; x_wconf 81' lang='grc'><strong>5,</strong></span> <span class='ocrx_word' id='word_1_838' title='bbox 1721 5282 1836 5337; x_wconf 86' lang='lat' dir='ltr'><strong>cap.</strong></span> <span class='ocrx_word' id='word_1_839' title='bbox 1866 5264 2024 5337; x_wconf 85' lang='lat' dir='ltr'><strong>ult.);</strong></span> <span class='ocrx_word' id='word_1_840' title='bbox 2063 5282 2095 5322; x_wconf 83' lang='lat' dir='ltr'><strong>a</strong></span> 
     </span>
     <span class='ocr_line' id='line_1_118' title="bbox 502 5337 2094 5392; baseline 0.003 -4"><span class='ocrx_word' id='word_1_841' title='bbox 502 5337 656 5392; x_wconf 90' lang='lat' dir='ltr'><strong>cuius</strong></span> <span class='ocrx_word' id='word_1_842' title='bbox 686 5338 905 5392; x_wconf 85' lang='lat' dir='ltr'><strong>nomine</strong></span> <span class='ocrx_word' id='word_1_843' title='bbox 938 5337 1102 5392; x_wconf 90' lang='lat' dir='ltr'><strong>etiam</strong></span> <span class='ocrx_word' id='word_1_844' title='bbox 1141 5337 1302 5392; x_wconf 91' lang='lat' dir='ltr'><strong>hodie</strong></span> <span class='ocrx_word' id='word_1_845' title='bbox 1339 5351 1367 5391; x_wconf 93' lang='lat' dir='ltr'><strong>c</strong></span> <span class='ocrx_word' id='word_1_846' title='bbox 1411 5347 1555 5392; x_wconf 90' lang='lat' dir='ltr'><strong>artas</strong></span> <span class='ocrx_word' id='word_1_847' title='bbox 1585 5345 1819 5392; x_wconf 89' lang='lat' dir='ltr'><strong>nostras.</strong></span> <span class='ocrx_word' id='word_1_848' title='bbox 1860 5353 1979 5392; x_wconf 76' lang='lat' dir='ltr'><strong>ante</strong></span> <span class='ocrx_word' id='word_1_849' title='bbox 2021 5353 2094 5392; x_wconf 85' lang='lat' dir='ltr'><strong>ex</strong></span> 
     </span>
    </p>
   </div>
   <div class='ocr_carea' id='block_1_117' title="bbox 502 5337 2094 5403">
    <p class='ocr_par' dir='ltr' id='par_1_117' title="bbox 502 5337 2094 5403">
     <span class='ocr_line' id='line_1_119' title="bbox 502 5337 2094 5403; baseline 0.003 -15"><span class='ocrx_word' id='word_1_850' title='bbox 502 5337 656 5401; x_wconf 89' lang='lat' dir='ltr'><strong>cujus</strong></span> <span class='ocrx_word' id='word_1_851' title='bbox 686 5338 905 5392; x_wconf 85' lang='lat' dir='ltr'><strong>nomine</strong></span> <span class='ocrx_word' id='word_1_852' title='bbox 938 5337 1102 5392; x_wconf 90' lang='lat' dir='ltr'><strong>etiam</strong></span> <span class='ocrx_word' id='word_1_853' title='bbox 1141 5337 1302 5394; x_wconf 91' lang='lat' dir='ltr'><strong>hodie</strong></span> <span class='ocrx_word' id='word_1_854' title='bbox 1339 5337 1555 5392; x_wconf 89' lang='lat' dir='ltr'><strong>chartas</strong></span> <span class='ocrx_word' id='word_1_855' title='bbox 1585 5345 1819 5403; x_wconf 89' lang='lat' dir='ltr'><strong>nostras,</strong></span> <span class='ocrx_word' id='word_1_856' title='bbox 1860 5353 1979 5403; x_wconf 70' lang='lat' dir='ltr'><strong>quae</strong></span> <span class='ocrx_word' id='word_1_857' title='bbox 2021 5353 2094 5392; x_wconf 85' lang='lat' dir='ltr'><strong>ex</strong></span> 
     </span>
    </p>
   </div>
   <div class='ocr_carea' id='block_1_118' title="bbox 502 5407 2091 5480">
    <p class='ocr_par' dir='ltr' id='par_1_118' title="bbox 502 5407 2091 5480">
     <span class='ocr_line' id='line_1_120' title="bbox 502 5407 2091 5480; baseline 0.001 -21"><span class='ocrx_word' id='word_1_858' title='bbox 502 5407 750 5480; x_wconf 84' lang='lat' dir='ltr'><strong>contritis</strong></span> <span class='ocrx_word' id='word_1_859' title='bbox 789 5409 969 5463; x_wconf 91' lang='lat' dir='ltr'><strong>linteis</strong></span> <span class='ocrx_word' id='word_1_860' title='bbox 1009 5408 1168 5473; x_wconf 77' lang='lat' dir='ltr'><strong>(lunt,</strong></span> <span class='ocrx_word' id='word_1_861' title='bbox 1215 5424 1474 5480; x_wconf 86' lang='lat' dir='ltr'><strong>papyrum</strong></span> <span class='ocrx_word' id='word_1_862' title='bbox 1516 5408 1702 5463; x_wconf 92' lang='lat' dir='ltr'><strong>rudem</strong></span> <span class='ocrx_word' id='word_1_863' title='bbox 1737 5407 2091 5480; x_wconf 64' lang='lat' dir='ltr'><strong>appellamus,</strong></span> 
     </span>
    </p>
   </div>
   <div class='ocr_carea' id='block_1_119' title="bbox 502 5477 2092 5548">
    <p class='ocr_par' dir='ltr' id='par_1_119' title="bbox 502 5477 2092 5548">
     <span class='ocr_line' id='line_1_121' title="bbox 502 5477 2092 5548; baseline 0.005 -21"><span class='ocrx_word' id='word_1_864' title='bbox 502 5478 644 5545; x_wconf 86' lang='lat' dir='ltr'><strong>quod</strong></span> <span class='ocrx_word' id='word_1_865' title='bbox 676 5480 929 5534; x_wconf 91' lang='lat' dir='ltr'><strong>eumdem</strong></span> <span class='ocrx_word' id='word_1_866' title='bbox 965 5480 1120 5534; x_wconf 89' lang='lat' dir='ltr'><strong>nobis</strong></span> <span class='ocrx_word' id='word_1_867' title='bbox 1151 5477 1409 5548; x_wconf 64' lang='lat' dir='ltr'><strong>praestent</strong></span> <span class='ocrx_word' id='word_1_868' title='bbox 1435 5495 1612 5546; x_wconf 72' lang='lat' dir='ltr'><strong>usum,</strong></span> <span class='ocrx_word' id='word_1_869' title='bbox 1645 5477 1960 5548; x_wconf 33' lang='lat' dir='ltr'><strong>quem’oiim</strong></span> <span class='ocrx_word' id='word_1_870' title='bbox 1991 5477 2092 5535; x_wconf 66' lang='lat' dir='ltr'><strong>E-</strong></span> 
     </span>
    </p>
   </div>
   <div class='ocr_carea' id='block_1_120' title="bbox 503 5549 2093 5622">
    <p class='ocr_par' dir='ltr' id='par_1_120' title="bbox 503 5549 2093 5622">
     <span class='ocr_line' id='line_1_122' title="bbox 503 5549 2093 5622; baseline 0.004 -23"><span class='ocrx_word' id='word_1_871' title='bbox 503 5549 705 5615; x_wconf 76' lang='lat' dir='ltr'><strong>gyptiis</strong></span> <span class='ocrx_word' id='word_1_872' title='bbox 750 5552 1042 5618; x_wconf 81' lang='lat' dir='ltr'><strong>pra-stabat</strong></span> <span class='ocrx_word' id='word_1_873' title='bbox 1086 5566 1345 5622; x_wconf 83' lang='lat' dir='ltr'><strong>papyrus.</strong></span> <span class='ocrx_word' id='word_1_874' title='bbox 1392 5552 1617 5622; x_wconf 82' lang='lat' dir='ltr'><strong>Quarto,</strong></span> <span class='ocrx_word' id='word_1_875' title='bbox 1673 5552 1722 5622; x_wconf 85' lang='lat' dir='ltr'><strong>in</strong></span> <span class='ocrx_word' id='word_1_876' title='bbox 1767 5551 2093 5605; x_wconf 83' lang='lat' dir='ltr'><strong>membranis</strong></span> 
     </span>
    </p>
   </div>
   <div class='ocr_carea' id='block_1_121' title="bbox 505 5621 2093 5692">
    <p class='ocr_par' dir='ltr' id='par_1_121' title="bbox 505 5621 2093 5692">
     <span class='ocr_line' id='line_1_123' title="bbox 505 5621 2093 5692; baseline 0.003 -22"><span class='ocrx_word' id='word_1_877' title='bbox 505 5631 600 5670; x_wconf 71' lang='lat' dir='ltr'><strong>seu</strong></span> <span class='ocrx_word' id='word_1_878' title='bbox 636 5622 886 5675; x_wconf 66' lang='lat' dir='ltr'><strong>tenuibus</strong></span> <span class='ocrx_word' id='word_1_879' title='bbox 920 5621 1338 5692; x_wconf 38' lang='lat' dir='ltr'><strong>pelliculis’quae</strong></span> <span class='ocrx_word' id='word_1_880' title='bbox 1365 5621 1607 5690; x_wconf 86' lang='lat' dir='ltr'><strong>Pergami</strong></span> <span class='ocrx_word' id='word_1_881' title='bbox 1635 5621 1864 5690; x_wconf 88' lang='lat' dir='ltr'><strong>primum</strong></span> <span class='ocrx_word' id='word_1_882' title='bbox 1898 5621 2093 5675; x_wconf 87' lang='lat' dir='ltr'><strong>inven-</strong></span> 
     </span>
    </p>
   </div>
   <div class='ocr_carea' id='block_1_122' title="bbox 513 5692 2092 5763">
    <p class='ocr_par' dir='ltr' id='par_1_122' title="bbox 513 5692 2092 5763">
     <span class='ocr_line' id='line_1_124' title="bbox 513 5692 2092 5763; baseline 0.007 -27"><span class='ocrx_word' id='word_1_883' title='bbox 513 5698 602 5749; x_wconf 57' lang='lat' dir='ltr'><strong>tae,</strong></span> <span class='ocrx_word' id='word_1_884' title='bbox 635 5693 776 5745; x_wconf 86' lang='lat' dir='ltr'><strong>unde</strong></span> <span class='ocrx_word' id='word_1_885' title='bbox 803 5703 857 5746; x_wconf 89' lang='lat' dir='ltr'><strong>et</strong></span> <span class='ocrx_word' id='word_1_886' title='bbox 889 5709 1229 5763; x_wconf 66' lang='lat' dir='ltr'><strong>pergamenaa</strong></span> <span class='ocrx_word' id='word_1_887' title='bbox 1267 5703 1392 5746; x_wconf 88' lang='lat' dir='ltr'><strong>sunt</strong></span> <span class='ocrx_word' id='word_1_888' title='bbox 1423 5692 1726 5763; x_wconf 63' lang='lat' dir='ltr'><strong>appellalu&#39;.</strong></span> <span class='ocrx_word' id='word_1_889' title='bbox 1757 5692 1958 5763; x_wconf 77' lang='lat' dir='ltr'><strong>Plinius</strong></span> <span class='ocrx_word' id='word_1_890' title='bbox 1998 5693 2092 5747; x_wconf 87' lang='lat' dir='ltr'><strong>lib.</strong></span> 
     </span>
    </p>
   </div>
   <div class='ocr_carea' id='block_1_123' title="bbox 513 5759 2092 5829">
    <p class='ocr_par' dir='ltr' id='par_1_123' title="bbox 513 5759 2092 5829">
     <span class='ocr_line' id='line_1_125' title="bbox 513 5759 2092 5829; baseline 0.005 -20"><span class='ocrx_word' id='word_1_891' title='bbox 513 5772 582 5810; x_wconf 84' lang='lat' dir='ltr'><strong>vn</strong></span> <span class='ocrx_word' id='word_1_892' title='bbox 615 5775 729 5829; x_wconf 80' lang='lat' dir='ltr'><strong>(-ap.</strong></span> <span class='ocrx_word' id='word_1_893' title='bbox 769 5763 828 5816; x_wconf 83' lang='lat' dir='ltr'><strong>li</strong></span> <span class='ocrx_word' id='word_1_894' title='bbox 867 5759 1166 5827; x_wconf 43' lang='lat' dir='ltr'><strong>z&#39;ln&#39;nuce,</strong></span> <span class='ocrx_word' id='word_1_895' title='bbox 1208 5764 1302 5826; x_wconf 87' lang='lat' dir='ltr'><strong>ait,</strong></span> <span class='ocrx_word' id='word_1_896' title='bbox 1337 5759 1632 5817; x_wconf 81' lang='lat' dir='ltr'><strong>conclusam</strong></span> <span class='ocrx_word' id='word_1_897' title='bbox 1664 5759 1838 5816; x_wconf 87' lang='lat' dir='ltr'><strong>Iliada</strong></span> <span class='ocrx_word' id='word_1_898' title='bbox 1854 5760 2092 5829; x_wconf 81' lang='lat' dir='ltr'><strong>Homeri,</strong></span> 
     </span>
    </p>
   </div>
   <div class='ocr_carea' id='block_1_124' title="bbox 513 5829 2090 5903">
    <p class='ocr_par' dir='ltr' id='par_1_124' title="bbox 513 5829 2090 5903">
     <span class='ocr_line' id='line_1_126' title="bbox 513 5829 2090 5903; baseline 0.005 -23"><span class='ocrx_word' id='word_1_899' title='bbox 513 5841 720 5886; x_wconf 81' lang='lat' dir='ltr'><strong>carmen</strong></span> <span class='ocrx_word' id='word_1_900' title='bbox 758 5833 812 5886; x_wconf 88' lang='lat' dir='ltr'><strong>in</strong></span> <span class='ocrx_word' id='word_1_901' title='bbox 857 5835 1156 5890; x_wconf 83' lang='lat' dir='ltr'><strong>membrana</strong></span> <span class='ocrx_word' id='word_1_902' title='bbox 1189 5833 1438 5903; x_wconf 82' lang='lat' dir='ltr'><strong>scriptum</strong></span> <span class='ocrx_word' id='word_1_903' title='bbox 1477 5834 1689 5887; x_wconf 80' lang='lat' dir='ltr'><strong>tradidit</strong></span> <span class='ocrx_word' id='word_1_904' title='bbox 1731 5832 1924 5889; x_wconf 76' lang='lat' dir='ltr'><strong>Cicera.</strong></span> <span class='ocrx_word' id='word_1_905' title='bbox 1975 5829 2090 5891; x_wconf 69' lang='lat' dir='ltr'><strong>Div.</strong></span> 
     </span>
    </p>
   </div>
   <div class='ocr_carea' id='block_1_125' title="bbox 2202 4911 3806 4983">
    <p class='ocr_par' dir='ltr' id='par_1_125' title="bbox 2202 4911 3806 4983">
     <span class='ocr_line' id='line_1_127' title="bbox 2202 4911 3806 4983; baseline 0 -21"><span class='ocrx_word' id='word_1_906' title='bbox 2202 4919 2429 4983; x_wconf 89' lang='lat' dir='ltr'><strong>strarum</strong></span> <span class='ocrx_word' id='word_1_907' title='bbox 2458 4912 2742 4983; x_wconf 84' lang='lat' dir='ltr'><strong>actionum,</strong></span> <span class='ocrx_word' id='word_1_908' title='bbox 2779 4926 2897 4964; x_wconf 89' lang='lat' dir='ltr'><strong>cum</strong></span> <span class='ocrx_word' id='word_1_909' title='bbox 2921 4925 3128 4983; x_wconf 85' lang='lat' dir='ltr'><strong>magna</strong></span> <span class='ocrx_word' id='word_1_910' title='bbox 3155 4911 3506 4983; x_wconf 66' lang='lat' dir='ltr'><strong>consolatione</strong></span> <span class='ocrx_word' id='word_1_911' title='bbox 3535 4920 3582 4962; x_wconf 86' lang='lat' dir='ltr'><strong>et</strong></span> <span class='ocrx_word' id='word_1_912' title='bbox 3621 4911 3806 4983; x_wconf 73' lang='lat' dir='ltr'><strong>fructu</strong></span> 
     </span>
    </p>
   </div>
   <div class='ocr_carea' id='block_1_126' title="bbox 2203 4978 3806 5052">
    <p class='ocr_par' dir='ltr' id='par_1_126' title="bbox 2203 4978 3806 5052">
     <span class='ocr_line' id='line_1_128' title="bbox 2203 4978 3806 5052; baseline 0.001 -18"><span class='ocrx_word' id='word_1_913' title='bbox 2203 4982 2518 5052; x_wconf 82' lang='lat' dir='ltr'><strong>animarum,</strong></span> <span class='ocrx_word' id='word_1_914' title='bbox 2545 4981 2732 5036; x_wconf 88' lang='lat' dir='ltr'><strong>bonum</strong></span> <span class='ocrx_word' id='word_1_915' title='bbox 2756 4991 2829 5036; x_wconf 89' lang='lat' dir='ltr'><strong>est</strong></span> <span class='ocrx_word' id='word_1_916' title='bbox 2856 4982 2930 5035; x_wconf 90' lang='lat' dir='ltr'><strong>uti</strong></span> <span class='ocrx_word' id='word_1_917' title='bbox 2955 4978 3048 5035; x_wconf 80' lang='lat' dir='ltr'><strong>illo</strong></span> <span class='ocrx_word' id='word_1_918' title='bbox 3078 4982 3329 5035; x_wconf 78' lang='lat' dir='ltr'><strong>versiculo</strong></span> <span class='ocrx_word' id='word_1_919' title='bbox 3358 4978 3764 5052; x_wconf 61' lang='lat' dir='ltr'><strong>PsalmOgraphi</strong></span> <span class='ocrx_word' id='word_1_920' title='bbox 3785 4997 3806 5035; x_wconf 92' lang='lat'><strong><em>:</em></strong></span> 
     </span>
    </p>
   </div>
   <div class='ocr_carea' id='block_1_127' title="bbox 2208 5050 3808 5126">
    <p class='ocr_par' dir='ltr' id='par_1_127' title="bbox 2208 5050 3808 5126">
     <span class='ocr_line' id='line_1_129' title="bbox 2208 5050 3808 5126; baseline 0.001 -22"><span class='ocrx_word' id='word_1_921' title='bbox 2208 5051 2455 5126; x_wconf 74' lang='lat' dir='ltr'><strong>Deus,_in</strong></span> <span class='ocrx_word' id='word_1_922' title='bbox 2486 5054 2811 5126; x_wconf 69' lang='lat' dir='ltr'><strong>adjutorium</strong></span> <span class='ocrx_word' id='word_1_923' title='bbox 2855 5068 3024 5126; x_wconf 84' lang='lat' dir='ltr'><strong>meum</strong></span> <span class='ocrx_word' id='word_1_924' title='bbox 3067 5053 3294 5126; x_wconf 84' lang='lat' dir='ltr'><strong>intende,</strong></span> <span class='ocrx_word' id='word_1_925' title='bbox 3327 5061 3434 5106; x_wconf 89' lang='lat' dir='ltr'><strong>etc.</strong></span> <span class='ocrx_word' id='word_1_926' title='bbox 3477 5050 3808 5126; x_wconf 46' lang='lat' dir='ltr'><strong>lta_&#39;Navar-</strong></span> 
     </span>
    </p>
   </div>
   <div class='ocr_carea' id='block_1_128' title="bbox 2203 5121 3809 5192">
    <p class='ocr_par' dir='ltr' id='par_1_128' title="bbox 2203 5121 3809 5192">
     <span class='ocr_line' id='line_1_130' title="bbox 2203 5121 3809 5192; baseline 0.002 -17"><span class='ocrx_word' id='word_1_927' title='bbox 2203 5138 2318 5178; x_wconf 90' lang='lat' dir='ltr'><strong>rus.</strong></span> <span class='ocrx_word' id='word_1_928' title='bbox 2372 5121 2442 5178; x_wconf 88' lang='lat' dir='ltr'><strong>Ut</strong></span> <span class='ocrx_word' id='word_1_929' title='bbox 2489 5121 2679 5178; x_wconf 45' lang='lat' dir='ltr'><strong>autem.</strong></span> <span class='ocrx_word' id='word_1_930' title='bbox 2725 5124 2884 5192; x_wconf 88' lang='lat' dir='ltr'><strong>hujus</strong></span> <span class='ocrx_word' id='word_1_931' title='bbox 2934 5124 3196 5178; x_wconf 67' lang='lat' dir='ltr'><strong>doctrinae</strong></span> <span class='ocrx_word' id='word_1_932' title='bbox 3245 5138 3510 5177; x_wconf 84' lang='lat' dir='ltr'><strong>summam</strong></span> <span class='ocrx_word' id='word_1_933' title='bbox 3556 5121 3809 5178; x_wconf 86' lang='lat' dir='ltr'><strong>breviter</strong></span> 
     </span>
    </p>
   </div>
   <div class='ocr_carea' id='block_1_129' title="bbox 2203 5193 3809 5265">
    <p class='ocr_par' dir='ltr' id='par_1_129' title="bbox 2203 5193 3809 5265">
     <span class='ocr_line' id='line_1_131' title="bbox 2203 5193 3809 5265; baseline 0 -16"><span class='ocrx_word' id='word_1_934' title='bbox 2203 5196 2657 5264; x_wconf 89' lang='lat' dir='ltr'><strong>perstringamus,</strong></span> <span class='ocrx_word' id='word_1_935' title='bbox 2683 5196 2827 5250; x_wconf 83' lang='lat' dir='ltr'><strong>valet</strong></span> <span class='ocrx_word' id='word_1_936' title='bbox 2854 5196 2907 5249; x_wconf 93' lang='lat' dir='ltr'><strong>in</strong></span> <span class='ocrx_word' id='word_1_937' title='bbox 2938 5195 3125 5265; x_wconf 88' lang='lat' dir='ltr'><strong>primis</strong></span> <span class='ocrx_word' id='word_1_938' title='bbox 3168 5195 3262 5250; x_wconf 91' lang='lat' dir='ltr'><strong>ille</strong></span> <span class='ocrx_word' id='word_1_939' title='bbox 3293 5193 3594 5265; x_wconf 79' lang='lat' dir='ltr'><strong>versiculus</strong></span> <span class='ocrx_word' id='word_1_940' title='bbox 3638 5195 3809 5249; x_wconf 86' lang='lat' dir='ltr'><strong>toties</strong></span> 
     </span>
    </p>
   </div>
   <div class='ocr_carea' id='block_1_130' title="bbox 2205 5263 3809 5337">
    <p class='ocr_par' dir='ltr' id='par_1_130' title="bbox 2205 5263 3809 5337">
     <span class='ocr_line' id='line_1_132' title="bbox 2205 5263 3809 5337; baseline 0 -19"><span class='ocrx_word' id='word_1_941' title='bbox 2205 5265 2293 5320; x_wconf 88' lang='lat' dir='ltr'><strong>hic</strong></span> <span class='ocrx_word' id='word_1_942' title='bbox 2339 5263 2648 5334; x_wconf 87' lang='lat' dir='ltr'><strong>repetitus,</strong></span> <span class='ocrx_word' id='word_1_943' title='bbox 2682 5267 2856 5337; x_wconf 88' lang='lat' dir='ltr'><strong>primo</strong></span> <span class='ocrx_word' id='word_1_944' title='bbox 2887 5263 2953 5320; x_wconf 90' lang='lat' dir='ltr'><strong>ad</strong></span> <span class='ocrx_word' id='word_1_945' title='bbox 2998 5279 3201 5337; x_wconf 10' lang='lat' dir='ltr'><strong>omnes,</strong></span> <span class='ocrx_word' id='word_1_946' title='bbox 3237 5267 3355 5335; x_wconf 89' lang='lat' dir='ltr'><strong>pios</strong></span> <span class='ocrx_word' id='word_1_947' title='bbox 3388 5263 3612 5319; x_wconf 82' lang='lat' dir='ltr'><strong>ail‘ectus</strong></span> <span class='ocrx_word' id='word_1_948' title='bbox 3653 5265 3809 5318; x_wconf 75' lang='lat' dir='ltr'><strong>exci-</strong></span> 
     </span>
    </p>
   </div>
   <div class='ocr_carea' id='block_1_131' title="bbox 2204 5336 3803 5406">
    <p class='ocr_par' dir='ltr' id='par_1_131' title="bbox 2204 5336 3803 5406">
     <span class='ocr_line' id='line_1_133' title="bbox 2204 5336 3803 5406; baseline 0.001 -17"><span class='ocrx_word' id='word_1_949' title='bbox 2204 5337 2430 5402; x_wconf 88' lang='lat' dir='ltr'><strong>tandos;</strong></span> <span class='ocrx_word' id='word_1_950' title='bbox 2457 5337 2599 5392; x_wconf 89' lang='lat' dir='ltr'><strong>unde</strong></span> <span class='ocrx_word' id='word_1_951' title='bbox 2620 5336 2992 5393; x_wconf 82' lang='lat' dir='ltr'><strong>etformulam</strong></span> <span class='ocrx_word' id='word_1_952' title='bbox 3023 5336 3238 5403; x_wconf 83' lang='lat' dir='ltr'><strong>pietatis</strong></span> <span class='ocrx_word' id='word_1_953' title='bbox 3267 5348 3535 5406; x_wconf 88' lang='lat' dir='ltr'><strong>nuncupat</strong></span> <span class='ocrx_word' id='word_1_954' title='bbox 3569 5337 3803 5391; x_wconf 81' lang='lat' dir='ltr'><strong>Auctor.</strong></span> 
     </span>
    </p>
   </div>
   <div class='ocr_carea' id='block_1_132' title="bbox 2205 5407 3812 5476">
    <p class='ocr_par' dir='ltr' id='par_1_132' title="bbox 2205 5407 3812 5476">
     <span class='ocr_line' id='line_1_134' title="bbox 2205 5407 3812 5476; baseline -0.002 -14"><span class='ocrx_word' id='word_1_955' title='bbox 2205 5408 2480 5476; x_wconf 91' lang='lat' dir='ltr'><strong>Secundo,</strong></span> <span class='ocrx_word' id='word_1_956' title='bbox 2512 5409 2579 5463; x_wconf 91' lang='lat' dir='ltr'><strong>ad</strong></span> <span class='ocrx_word' id='word_1_957' title='bbox 2625 5424 2814 5464; x_wconf 91' lang='lat' dir='ltr'><strong>omnes</strong></span> <span class='ocrx_word' id='word_1_958' title='bbox 2846 5407 3177 5463; x_wconf 90' lang='lat' dir='ltr'><strong>tentationes</strong></span> <span class='ocrx_word' id='word_1_959' title='bbox 3221 5409 3562 5476; x_wconf 78' lang='lat' dir='ltr'><strong>superandus</strong></span> <span class='ocrx_word' id='word_1_960' title='bbox 3592 5415 3687 5460; x_wconf 88' lang='lat' dir='ltr'><strong>aut</strong></span> <span class='ocrx_word' id='word_1_961' title='bbox 3715 5422 3812 5460; x_wconf 76' lang='lat' dir='ltr'><strong>re-</strong></span> 
     </span>
    </p>
   </div>
   <div class='ocr_carea' id='block_1_133' title="bbox 2206 5478 3811 5550">
    <p class='ocr_par' dir='ltr' id='par_1_133' title="bbox 2206 5478 3811 5550">
     <span class='ocr_line' id='line_1_135' title="bbox 2206 5478 3811 5550; baseline -0.001 -16"><span class='ocrx_word' id='word_1_962' title='bbox 2206 5479 2521 5548; x_wconf 87' lang='lat' dir='ltr'><strong>pellendas;</strong></span> <span class='ocrx_word' id='word_1_963' title='bbox 2549 5495 2650 5550; x_wconf 92' lang='lat' dir='ltr'><strong>qua</strong></span> <span class='ocrx_word' id='word_1_964' title='bbox 2684 5481 2896 5535; x_wconf 90' lang='lat' dir='ltr'><strong>ratione</strong></span> <span class='ocrx_word' id='word_1_965' title='bbox 2927 5493 3111 5534; x_wconf 90' lang='lat' dir='ltr'><strong>murus</strong></span> <span class='ocrx_word' id='word_1_966' title='bbox 3140 5478 3603 5548; x_wconf 85' lang='lat' dir='ltr'><strong>inexpugnabilis.</strong></span> <span class='ocrx_word' id='word_1_967' title='bbox 3632 5478 3811 5533; x_wconf 87' lang='lat' dir='ltr'><strong>lorica</strong></span> 
     </span>
    </p>
   </div>
   <div class='ocr_carea' id='block_1_134' title="bbox 2207 5549 3812 5620">
    <p class='ocr_par' dir='ltr' id='par_1_134' title="bbox 2207 5549 3812 5620">
     <span class='ocr_line' id='line_1_136' title="bbox 2207 5549 3812 5620; baseline -0.001 -17"><span class='ocrx_word' id='word_1_968' title='bbox 2207 5549 2658 5620; x_wconf 70' lang='lat' dir='ltr'><strong>impenetrabilis,</strong></span> <span class='ocrx_word' id='word_1_969' title='bbox 2688 5567 2750 5606; x_wconf 91' lang='lat' dir='ltr'><strong>ac</strong></span> <span class='ocrx_word' id='word_1_970' title='bbox 2791 5551 3180 5606; x_wconf 88' lang='lat' dir='ltr'><strong>munitissimus</strong></span> <span class='ocrx_word' id='word_1_971' title='bbox 3210 5550 3433 5618; x_wconf 83' lang='lat' dir='ltr'><strong>clypcus</strong></span> <span class='ocrx_word' id='word_1_972' title='bbox 3483 5551 3677 5604; x_wconf 91' lang='lat' dir='ltr'><strong>merito</strong></span> <span class='ocrx_word' id='word_1_973' title='bbox 3716 5551 3812 5603; x_wconf 78' lang='lat' dir='ltr'><strong>di-</strong></span> 
     </span>
    </p>
   </div>
   <div class='ocr_carea' id='block_1_135' title="bbox 2207 5621 3808 5692">
    <p class='ocr_par' dir='ltr' id='par_1_135' title="bbox 2207 5621 3808 5692">
     <span class='ocr_line' id='line_1_137' title="bbox 2207 5621 3808 5692; baseline 0 -18"><span class='ocrx_word' id='word_1_974' title='bbox 2207 5621 2409 5676; x_wconf 87' lang='lat' dir='ltr'><strong>cendus</strong></span> <span class='ocrx_word' id='word_1_975' title='bbox 2451 5632 2555 5676; x_wconf 76' lang='lat' dir='ltr'><strong>est.</strong></span> <span class='ocrx_word' id='word_1_976' title='bbox 2599 5624 2803 5689; x_wconf 83' lang='lat' dir='ltr'><strong>Tertio,</strong></span> <span class='ocrx_word' id='word_1_977' title='bbox 2830 5623 3090 5676; x_wconf 85' lang='lat' dir='ltr'><strong>adversus</strong></span> <span class='ocrx_word' id='word_1_978' title='bbox 3117 5636 3308 5677; x_wconf 88' lang='lat' dir='ltr'><strong>omnes</strong></span> <span class='ocrx_word' id='word_1_979' title='bbox 3347 5621 3510 5674; x_wconf 90' lang='lat' dir='ltr'><strong>animi</strong></span> <span class='ocrx_word' id='word_1_980' title='bbox 3540 5621 3808 5692; x_wconf 67' lang='lat' dir='ltr'><strong>morbos;</strong></span> 
     </span>
    </p>
   </div>
   <div class='ocr_carea' id='block_1_136' title="bbox 2209 5693 3809 5760">
    <p class='ocr_par' dir='ltr' id='par_1_136' title="bbox 2209 5693 3809 5760">
     <span class='ocr_line' id='line_1_138' title="bbox 2209 5693 3809 5760; baseline -0.001 -14"><span class='ocrx_word' id='word_1_981' title='bbox 2209 5709 2397 5760; x_wconf 75' lang='lat' dir='ltr'><strong>pravas</strong></span> <span class='ocrx_word' id='word_1_982' title='bbox 2431 5695 2828 5757; x_wconf 85' lang='lat' dir='ltr'><strong>inclinationes,</strong></span> <span class='ocrx_word' id='word_1_983' title='bbox 2877 5693 3209 5755; x_wconf 75' lang='lat' dir='ltr'><strong>ail&#39;ecliones,</strong></span> <span class='ocrx_word' id='word_1_984' title='bbox 3259 5695 3532 5760; x_wconf 77' lang='lat' dir='ltr'><strong>Vitiorum,</strong></span> <span class='ocrx_word' id='word_1_985' title='bbox 3568 5707 3809 5758; x_wconf 70' lang='lat' dir='ltr'><strong>pra-ser-</strong></span> 
     </span>
    </p>
   </div>
   <div class='ocr_carea' id='block_1_137' title="bbox 2211 5763 3776 5833">
    <p class='ocr_par' dir='ltr' id='par_1_137' title="bbox 2211 5763 3776 5833">
     <span class='ocr_line' id='line_1_139' title="bbox 2211 5763 3776 5833; baseline 0.001 -17"><span class='ocrx_word' id='word_1_986' title='bbox 2211 5767 2301 5816; x_wconf 90' lang='lat' dir='ltr'><strong>tim</strong></span> <span class='ocrx_word' id='word_1_987' title='bbox 2349 5765 2665 5828; x_wconf 78' lang='lat' dir='ltr'><strong>carnalium,</strong></span> <span class='ocrx_word' id='word_1_988' title='bbox 2701 5766 3062 5826; x_wconf 85' lang='lat' dir='ltr'><strong>titillationes,</strong></span> <span class='ocrx_word' id='word_1_989' title='bbox 3115 5765 3472 5827; x_wconf 75' lang='lat' dir='ltr'><strong>irritamenta,</strong></span> <span class='ocrx_word' id='word_1_990' title='bbox 3524 5763 3776 5833; x_wconf 83' lang='lat' dir='ltr'><strong>pericula</strong></span> 
     </span>
    </p>
   </div>
   <div class='ocr_carea' id='block_1_138' title="bbox 2208 5825 3816 5907">
    <p class='ocr_par' dir='ltr' id='par_1_138' title="bbox 2208 5825 3816 5907">
     <span class='ocr_line' id='line_1_140' title="bbox 2208 5825 3816 5907; baseline -0.002 -16"><span class='ocrx_word' id='word_1_991' title='bbox 2208 5838 2623 5906; x_wconf 67' lang='lat' dir='ltr'><strong>occasionesqvc</strong></span> <span class='ocrx_word' id='word_1_992' title='bbox 2655 5825 3015 5907; x_wconf 65' lang='lat' dir='ltr'><strong>peccatorum.</strong></span> <span class='ocrx_word' id='word_1_993' title='bbox 3043 5825 3262 5902; x_wconf 64' lang='lat' dir='ltr'><strong>Quarto,</strong></span> <span class='ocrx_word' id='word_1_994' title='bbox 3294 5825 3555 5890; x_wconf 52' lang='lat' dir='ltr'><strong>adversus</strong></span> <span class='ocrx_word' id='word_1_995' title='bbox 3587 5825 3816 5900; x_wconf 61' lang='lat' dir='ltr'><strong>nectar;</strong></span> 
     </span>
    </p>
   </div>
  </div>
