4078 6332
231 929 304 1100 ᾗ

323 244 437 303 833

1449 235 1788 296 COLLATIO
1826 238 1898 296 Χ.
1925 268 1998 284 —-
2024 240 2112 297 DE
2149 240 2520 299 ORATIONE.

3516 252 3629 316 834

320 353 628 413 versiculus
647 366 761 410 non
780 346 1057 408 immerito
1081 345 1152 406 de
1173 354 1290 405 toto
1308 348 1710 417 Scripturai-um
1735 365 1930 406 excer-
1957 356 2016 418 Α
2037 352 2326 423 unicuique
2357 363 2604 410 nostrum
2633 353 2687 411 in
2713 356 2954 427 qualibet
2979 359 3241 431 qualitate
3279 361 3495 437 degenti
3527 384 3632 427 ne.

323 461 453 519 ptus
493 459 579 505 est
606 449 992 504 instrumento.
1046 444 1266 514 Recipit
1310 444 1454 500 enim
1493 459 1685 500 omnes
1710 444 1935 501 allectus

319 545 660 613 quicumque
701 540 891 596 inferri
943 539 1195 593 humana:
1226 547 1456 607 possunt
1498 546 1707 593 naturae
1730 581 1745 606 ,
1779 545 1835 593 et
1863 538 1930 592 ad

320 652 546 693 omnem
600 644 804 691 statum
857 643 1020 704 atque
1077 633 1364 688 universos
1413 631 1670 688 incursus
1715 631 1932 702 proprie

316 730 456 783 satis
486 739 540 784 et
569 734 949 798 competenter
973 732 1212 795 aptatur.
1253 723 1423 778 Habet
1447 723 1716 793 siquidem
1739 723 1929 778 adver-

237 799 417 898 ivisus
461 819 726 877 universa
774 816 1094 875 discrimina
1137 817 1541 872 invocationem
1597 817 1712 882 Dei,
1767 817 1930 872 habet

251 913 302 986 ’ξς
318 915 689 972 humilitatem
720 915 823 986 pia:
851 912 1238 980 confessionis,
1269 912 1434 967 habet
1453 912 1836 968 sollicitudinis
1863 927 1928 970 ac

317 1007 539 1062 timoris
566 1006 816 1077 perpetui
845 1005 1204 1075 vigilantiam,
1232 1003 1395 1059 habet
1432 1004 1926 1072 considerationem

315 1098 640 1170 fragilitatis
660 1113 798 1163 suae,
829 1096 1194 1152 exauditionis
1223 1095 1509 1163 ﬁduciam;
1538 1095 1924 1152 confidentiam

315 1191 656 1262 praesentis,
691 1205 1018 1261 semperque
1057 1191 1286 1246 astantis
1335 1191 1598 1261 prmsidii.
1645 1192 1747 1260 Qui
1775 1193 1921 1248 enim

311 1287 524 1357 iugiter
555 1300 714 1341 suum
750 1284 981 1340 invocat
1013 1293 1397 1354 protectorem,
1423 1291 1612 1340 certus
1669 1294 1754 1341 est
1794 1300 1919 1341 eum

313 1393 442 1435 esse
469 1393 688 1448 semper
727 1387 1080 1442 praesentem.
1121 1376 1295 1433 Habet
1323 1377 1528 1433 amoris
1552 1387 1606 1433 et
1636 1379 1921 1435 charitatis

315 1471 603 1538 ardorem,
639 1470 806 1526 habet
837 1471 1152 1527 insidiarum
1184 1472 1702 1542 contemplationem
1736 1473 1917 1529 inimi-

311 1576 619 1634 corumque
653 1562 1025 1630 formidinem,
1073 1563 1272 1634 quibus
1317 1565 1656 1635 perspiciens
1698 1568 1920 1622 semeti-

311 1673 477 1728 psum
534 1657 624 1713 die
676 1666 952 1729 noctuque
1007 1658 1304 1729 vallatum,
1351 1660 1646 1716 conﬁtetur
1689 1675 1750 1717 se
1802 1677 1915 1718 non

2037 450 2308 503 cessarius
2335 459 2392 504 et
2421 450 2572 506 utilis
2597 451 2892 510 invenitur.
2924 455 3058 512 Nam
3099 459 3191 530 qui
3226 473 3287 516 se
3325 476 3544 536 semper
3567 477 3624 525 et

2035 539 2090 594 in
2117 541 2368 596 omnibus
2395 542 2671 598 desiderat
2701 546 2965 615 adjuvari,
3004 550 3318 610 manifestat
3344 558 3488 627 quod
3517 576 3624 618 non

2036 641 2243 688 tantum
2275 634 2332 691 in
2364 635 2527 691 rebus
2556 637 2707 692 duris
2727 653 2791 694 ac
2821 642 3095 710 tristibus,
3135 645 3229 701 sed
3255 648 3421 704 etiam
3450 651 3503 707 in
3532 669 3624 710 se-

2032 724 2225 780 cundis
2271 740 2335 781 ac
2383 727 2521 783 lretis
2550 731 2662 799 pari
2710 731 2872 787 modo
2901 733 3014 790 Deo
3045 749 3205 807 egeat
3240 741 3541 822 adjutores
3564 761 3626 806 ut

2031 817 2485 886 quemadmodum
2527 835 2594 876 ex
2637 822 2745 877 illis
2778 825 2919 894 erui,
2957 826 3032 882 ita
3061 828 3116 883 in
3145 829 3266 888 istis
3295 848 3418 890 eum
3460 817 3627 896 faciat

2031 907 2331 978 immorari,
2357 912 2409 966 in
2462 922 2658 969 neutro
2705 916 2887 973 sciens
2935 918 3228 978 humanam
3267 925 3623 998 fragilitatem

2030 1005 2340 1098 sinetillius
2397 1009 2753 1076 opitulatione
2820 1013 3146 1075 subsistere.
3216 1019 3627 1098 Gastrimargize

2030 1096 2287 1167 passione
2331 1102 2707 1172 perstringor,
2756 1105 2909 1161 cibos
2955 1124 3094 1179 quos
3135 1127 3353 1170 eremus
3409 1096 3624 1188 ignorat

2029 1191 2279 1265 inquiro;
2317 1203 2373 1251 et
2405 1196 2458 1252 in
2501 1199 2746 1268 squalida
2790 1201 3085 1260 solitudine
3128 1207 3448 1278 ingeruntur
3488 1213 3622 1269 tnihi

2027 1285 2226 1354 odores
2253 1287 2520 1359 regalium
2553 1288 2904 1357 ferculorum,
2943 1304 3106 1366 atque
3127 1299 3193 1353 ad
3228 1299 3446 1356 illorum
3477 1303 3624 1359 desi-

2025 1379 2174 1435 deria
2235 1382 2415 1436 sentio
2477 1397 2564 1438 me
2633 1383 3017 1441 invitissimum
3089 1391 3256 1456 trahi;
3329 1394 3620 1450 dicendum

2023 1475 2252 1545 proinde
2281 1476 2414 1530 mihi
2440 1485 2523 1532 est
2547 1494 2562 1530 :
2589 1477 2750 1547 Deus,
2775 1480 2828 1532 in
2851 1480 3174 1549 adiutorium
3195 1501 3361 1540 meum
3382 1489 3621 1558 intende;

2021 1565 2261 1634 Domine,
2289 1568 2358 1622 ad
2378 1570 2737 1641 adjuvandum
2758 1587 2836 1626 me
2858 1575 3064 1640 festina.
3088 1577 3405 1648 Anticipare
3427 1581 3620 1640 horam
3701 1583 3713 1595 ’

2020 1668 2234 1716 statutae
2264 1660 2579 1717 refectionis
2629 1662 2877 1733 instigor,
2929 1679 3023 1720 seu
3077 1669 3296 1724 modum
3334 1672 3494 1742 justas
3551 1688 3617 1731 ac

310 1765 482 1822 posse
513 1750 635 1806 sine
661 1752 744 1805 sui
789 1751 1099 1808 defensoris
1120 1751 1323 1806 auxilio
1355 1751 1595 1808 liberari.
1625 1752 1722 1809 llic
1747 1755 1916 1810 versi-
1944 1753 1992 1814 Β
2018 1752 2198 1806 solitae
2218 1752 2498 1821 parcitatis
2528 1753 2770 1811 retinere
2790 1770 2913 1810 cum
2953 1772 3150 1828 magno
3179 1762 3360 1816 cordis
3383 1764 3492 1820 mei
3519 1766 3620 1820 do-

309 1842 471 1897 culus
502 1843 759 1898 omnibus
802 1844 1151 1900 lnlestatione
1195 1843 1507 1899 daemonum
1539 1844 1914 1904 laborantibus

309 1935 756 2006 inexpugnabilis
789 1949 976 1990 murus
1008 1944 1114 2005 est,
1159 1944 1216 1990 et
1242 1936 1675 2007 impenetrabilis
1723 1937 1911 2004 lorica,

306 2043 376 2084 ac
410 2029 807 2085 munitissimus
828 2031 1075 2102 clypeus.
1112 2030 1222 2086 Iste
1259 2031 1313 2084 in
1335 2030 1522 2086 acedia
1549 2039 1605 2085 et
1643 2032 1915 2088 anxietate

302 2121 486 2176 animi
537 2122 860 2190 collocatos,
918 2138 1015 2179 seu
1054 2122 1304 2192 tristitia,
1359 2124 1445 2180 vel
1494 2124 1913 2195 cogitationibus

300 2213 752 2286 quibuscumque
775 2216 1089 2286 depressos,
1121 2218 1314 2272 salutis
1340 2218 1583 2274 remedia
1615 2218 1914 2288 desperare

301 2323 422 2364 non
451 2309 673 2378 patitur,
700 2309 997 2364 ostendens
1027 2310 1180 2364 illum
1202 2325 1362 2380 quem
1397 2311 1608 2366 invocat
1638 2311 1912 2381 inspicere

298 2402 517 2472 iugiter
541 2412 728 2458 nostra
765 2403 1090 2472 certamina,
1123 2412 1284 2474 atque
1331 2419 1361 2459 a
1413 2405 1529 2462 suis
1577 2406 1911 2477 supplicibus

299 2510 420 2550 non
450 2495 666 2552 abesse.
699 2495 806 2552 lste
834 2510 940 2552 nos
961 2497 1012 2552 in
1040 2497 1382 2567 spiritalibus
1409 2498 1754 2555 successibus
1781 2513 1908 2555 cor-

297 2587 506 2659 disque
547 2587 732 2642 laetitia
783 2587 1116 2643 constitutos
1143 2587 1402 2644 admonet
1447 2589 1635 2646 extolli
1689 2591 1907 2660 penitus

299 2695 418 2735 non
468 2679 709 2744 debere,
752 2695 853 2736 nec
883 2680 1062 2736 inﬂari
1101 2679 1170 2736 de
1206 2695 1473 2751 prospero
1519 2691 1686 2750 statu,
1740 2698 1903 2752 quem

299 2776 434 2827 sine
480 2781 797 2841 protectore
843 2773 959 2829 Deo
1005 2773 1230 2829 retineri
1285 2789 1393 2828 non
1440 2788 1602 2844 posse
1649 2783 1901 2845 testatur,

295 2862 436 2918 dum
468 2879 576 2920 non
605 2865 779 2920 solum
803 2880 928 2920 eum
951 2881 1190 2937 semper,
1222 2866 1318 2923 sed
1352 2867 1519 2923 etiam
1545 2868 1808 2925 velociter
1846 2880 1907 2926 ut

296 2955 405 3011 sibi
433 2957 761 3023 auxilietur,
797 2959 1071 3028 implorat.
1119 2958 1255 3027 Iste,
1303 2958 1556 3031 inquam,
1599 2961 1904 3018 versiculus

2022 1846 2136 1901 lore
2153 1846 2458 1912 contendo;
2483 1861 2606 1902 cum
2632 1849 2837 1918 gemitu
2860 1850 2990 1906 mihi
3016 1861 3102 1908 est
3125 1856 3572 1921 proclamandum
3595 1877 3610 1915 :

2021 1937 2184 2006 Deus,
2215 1941 2269 1994 in
2298 1941 2618 2012 adjutorium
2648 1958 2817 1996 meum
2839 1944 3074 2011 intende;
3108 1945 3342 2016 Domine,
3369 1952 3440 2004 ad
3460 1954 3619 2027 adju—

2018 2033 2243 2086 vandum
2271 2048 2349 2086 me
2391 2032 2602 2100 festina.
2647 2033 2881 2103 Jejuniis
2912 2051 2999 2092 me
3042 2037 3112 2093 ob
3156 2038 3613 2110 impugnationem

2019 2125 2200 2178 carnis
2229 2123 2651 2180 districtioribus
2691 2125 3023 2197 indigentem
3055 2133 3318 2188 stomachi
3361 2137 3616 2206 prohibet

2019 2215 2305 2282 lassitudo,
2337 2231 2432 2271 seu
2473 2216 2679 2272 ventris
2709 2217 2934 2272 ariditas
2973 2225 3394 2295 constrictioque
3432 2229 3615 2286 deter-

2015 2318 2134 2374 ret;
2169 2315 2228 2362 ut
2247 2307 2474 2364 effectus
2496 2323 2618 2364 meo
2646 2309 2922 2365 desiderio
2951 2311 3239 2385 tribuatur,
3273 2319 3357 2374 vel
3384 2331 3613 2379 certent

2014 2408 2183 2456 aestus
2213 2400 2448 2456 carnalis
2467 2401 2925 2470 concupiscentiae
2948 2405 3155 2475 absque
3178 2416 3611 2479 temperamento

2013 2493 2362 2550 districtioris
2381 2492 2570 2563 jejunii
2598 2495 2976 2564 conquiescat,
3017 2498 3284 2556 orandum
3316 2504 3447 2558 mihi
3479 2517 3562 2561 est
3590 2526 3604 2561 :

2014 2586 2179 2652 Deus,
2208 2587 2262 2639 in
2286 2585 2356 2638 ad
2351 2587 2608 2658 jutorium
2628 2601 2798 2640 meum
2823 2588 3064 2654 intende;
3094 2588 3333 2658 Domine,
3359 2594 3430 2648 ad
3452 2597 3612 2668 adju-

2010 2680 2236 2734 vandum
2268 2696 2345 2734 me
2368 2679 2574 2750 festina.
2610 2679 2887 2734 Accedens
2929 2680 2996 2735 ad
3044 2683 3423 2752 refectionem,
3471 2689 3607 2746 hora

2007 2772 2247 2845 legitima
2277 2782 2637 2843 suggerente,
2674 2773 3079 2839 perceptionem
3111 2779 3266 2846 panis
3293 2780 3566 2838 exborreo
3587 2823 3605 2851 ,

2007 2877 2173 2938 atque
2202 2867 2272 2922 ab
2301 2867 2447 2921 omni
2497 2880 2593 2922 esu
2637 2866 2900 2920 naturalis
2931 2869 3270 2925 necessitatis
3311 2873 3605 2940 excludor;

2006 2975 2130 3017 cum
2161 2960 2362 3030 ejulatu
2386 2957 2831 3028 proclamandum
2863 2966 2950 3014 est
2977 2960 3111 3018 mihi
3137 2979 3150 3016 :
3177 2961 3342 3032 Deus,
3369 2965 3424 3020 in
3450 2968 3608 3038 adju-

1381 3097 1650 3154 ALARDI
1692 3098 1928 3155 GAZIEI
1970 3095 2536 3155 COMMENTARIUS.

293 3227 398 3290 nas
427 3211 612 3290 etiam.
642 3212 948 3290 daemonum
1003 3212 1307 3290 illusiones,
1353 3211 1758 3290 infestationes,
1794 3223 1900 3270 etc.
1929 3212 1976 3275 C
2009 3211 2152 3290 illius
2177 3210 2690 3290 insultus‘attailt'um
2735 3220 2855 3265 ante
2893 3212 3067 3290 omnia
3097 3229 3129 3267 a
3161 3212 3388 3290 Domino
3425 3230 3607 3290 ροεηι-

294 3282 458 3339 Valet
484 3283 720 3353 denique
740 3285 808 3338 ad
841 3293 1153 3353 perpetuam
1184 3285 1274 3339 Dei
1309 3285 1631 3338 memoriam
1658 3285 1899 3338 retinen-

293 3356 446 3420 dam,
478 3355 545 3408 ad
574 3354 759 3423 jugem
790 3365 843 3409 et
872 3355 1147 3409 assiduam
1178 3355 1482 3409 orationem
1510 3353 1672 3409 facile
1695 3367 1746 3408 et
1779 3355 1899 3411 sine

293 3425 550 3480 molestia
600 3427 888 3481 tenendam
929 3425 1090 3494 (Vide
1119 3425 1598 3496 Bellarminumiin
1651 3428 1898 3496 prooemio

293 3499 453 3568 uujus
484 3497 720 3568 psalmi).
758 3497 990 3553 Proinde
1019 3497 1258 3561 assidue,
1295 3497 1347 3550 in
1385 3495 1533 3550 omni
1581 3495 1723 3568 Inoo,
1759 3506 1898 3552 tem-

293 3566 450 3636 pore,
487 3566 684 3632 noctu,
714 3570 971 3634 interdiu,
1002 3570 1054 3622 in
1089 3568 1383 3637 prosperis,
1434 3568 1486 3621 in
1534 3566 1805 3632 adversis,
1840 3570 1896 3624 in

291 3639 444 3692 omni
493 3641 715 3708 negotio
760 3640 1047 3711 spirituali,
1094 3639 1149 3695 in
1197 3640 1345 3694 omni
1391 3639 1690 3711 tentatione
1737 3640 1896 3694 nobis

293 3711 754 3778 pronnntiandus,
787 3708 967 3767 mente
1008 3720 1062 3766 et
1089 3726 1183 3766 ore
1226 3708 1525 3765 versandus
1551 3724 1614 3764 ac
1642 3719 1894 3778 repeten-

292 3781 437 3853 dus:
471 3782 930 3853 quemadmodum
975 3791 1030 3838 et
1069 3781 1137 3837 de
1179 3781 1348 3853 signg
1374 3783 1572 3853 crucis,
1601 3783 1741 3850 quod
1770 3797 1892 3837 cum

294 3851 398 3905 hoc
431 3852 710 3907 versiculo
739 3854 983 3909 adhiberi
1011 3854 1171 3920 solet,
1201 3851 1278 3906 ait
1307 3851 1674 3906 Tertullianus
1704 3853 1798 3908 lib.
1825 3854 1893 3909 de

290 3922 505 3978 Corona
567 3923 755 3980 Militis
808 3925 958 3995 (Cap.
1007 3924 1065 3995 5)
1107 3942 1120 3977 :
1175 3923 1256 3976 Ad
1310 3939 1510 3976 omnem
1564 3939 1892 3995 progressum

290 4003 439 4062 atque
480 4005 798 4063 promotum,
845 3994 914 4050 ad
959 3994 1159 4051 omnem
1197 3995 1418 4061 aditum,
1466 4004 1513 4047 et
1558 3994 1773 4062 exitum,
1819 3994 1891 4049 ad

291 4067 562 4131 vestitum,
604 4066 674 4119 ad
715 4070 1031 4135 calceatum,
1079 4068 1145 4121 ad
1182 4066 1410 4127 lavacra,
1447 4065 1516 4118 ad
1555 4081 1778 4130 mensas,
1821 4067 1892 4119 ad

291 4136 494 4202 limina,
539 4138 610 4191 ad
647 4138 904 4203 cubicula,
945 4140 1013 4193 ad
1061 4139 1270 4200 sedilia,
1321 4135 1751 4207 quandocumque
1797 4153 1891 4192 nos

293 4209 614 4280 gorwersatio
645 4220 867 4275 exercet,
899 4211 1117 4280 frontem
1145 4210 1314 4262 crucis
1345 4208 1612 4280 signaculo
1656 4209 1886 4280 terimus.

291 4276 575 4334 Postremo
617 4283 855 4336 occurrit
890 4276 1052 4336 etiam
1091 4280 1222 4335 illud
1267 4276 1585 4345 notandum,
1629 4279 1772 4349 quod
1818 4279 1886 4334 ad

291 4349 453 4418 hujus
493 4352 754 4407 versiculi
803 4353 1332 4408 commendationem
1364 4364 1691 4418 magnopere
1721 4350 1888 4419 perti-

291 4434 400 4486 net,
449 4423 599 4490 quod
651 4426 801 4478 horse
853 4425 1128 4480 canonica:
1175 4423 1243 4477 ab
1297 4421 1490 4476 eodem
1539 4421 1883 4475 inchoentur.

289 4490 440 4566 Quod
475 4495 685 4550 notavit
713 4495 1160 4566 fl‘urrecremattts
1201 4492 1350 4566 (Post
1395 4491 1705 4566 Durandum
1734 4492 1829 4566 lib._
1850 4507 1885 4545 ν

292 4562 504 4656 βξρὶονὲ
551 4582 668 4656 cap.
694 4565 759 4656 ς)
796 4568 865 4622 ita
897 4562 1271 4656 cgmmLentans
1320 4563 1372 4618 in
1414 4577 1541 4656 lgap.
1570 4563 1884 4656 .9‘Regulae
1914 4596 1964 4656 Β

289 4633 431 4701 (Diu.
456 4632 749 4700 Benedicti,
772 4655 888 4707 cap.
913 4638 994 4705 8),
1028 4637 1128 4707 ubi
1144 4636 1341 4689 dicitur
1366 4652 1378 4686 :
1405 4632 1606 4707 Hiemis
1635 4645 1881 4702 tempore,

224 4704 268 4755 ζ’
289 4708 555 4777 praemisso
586 4709 638 4777 in
670 4704 847 4776 primis
874 4704 1021 4762 versu
1046 4725 1064 4766 :
1096 4705 1255 4768 Deus.
1287 4707 1342 4760 in
1363 4706 1684 4777 adjutorium
1714 4721 1884 4759 meum

289 4775 528 4850 intende;
585 4775 828 4843 Domine,
882 4779 951 4832 ad
997 4778 1352 4850 adjuvandum
1403 4775 1722 4850 mefestina,
1769 4786 1877 4833 etc.

232 4859 234 4861 ’
291 4845 449 4918 Quid,
478 4849 669 4918 inquit,
701 4860 757 4904 ut
786 4849 1039 4903 Dominus
1058 4845 1137 4902 'ait
1168 4851 1219 4902 in
1256 4847 1539 4918 Evangelia
1568 4847 1726 4902 Joan.
1761 4863 1874 4904 xv;

290 4915 419 4989 Sine
445 4935 523 4973 me
546 4915 684 4974 nihil
714 4922 925 4989 potestis
952 4922 1140 4989 facere,
1170 4921 1350 4973 merito
1378 4915 1439 4974 S.
1477 4918 1629 4972 Pater
1657 4919 1876 4989 ofﬁcium

287 4987 516 5043 divinum
546 5008 578 5045 a
607 4987 792 5046 deuota
834 4987 1066 5046 oratione
1093 4989 1444 5044 inchoandum
1483 4987 1731 5059 disponit,
1762 5006 1877 5058 qua:

287 5061 566 5115 secundum
590 5063 879 5118 doctrinam
901 5065 954 5117 in
975 5061 1337 5117 collationibus
1359 5059 1578 5113 Patrum
1606 5062 1873 5128 traditam,

285 5128 338 5180 in
369 5135 505 5184 omni
531 5133 775 5200 articulo,
817 5134 1107 5188 incessabili
1133 5134 1360 5203 jugitate
1389 5132 1655 5202 fundendo
1689 5141 1788 5198 est,
1825 5134 1881 5187 in

286 5205 543 5275 proer
569 5216 618 5260 et
648 5207 700 5259 in
729 5206 977 5260 adversis.
1014 5204 1080 5258 In
1105 5205 1360 5275 prosperis
1389 5245 1402 5270 ,
1436 5220 1498 5257 ne
1536 5203 1878 5268 extollantur;

286 5271 341 5345 in
387 5275 638 5345 aduersis,
687 5285 747 5330 ut
799 5292 1061 5330 eruantur.
1105 5271 1376 5330 'Prw'terea
1432 5291 1546 5327 rum
1598 5279 1879 5329 secundum

287 5340 632 5415 Apostolum,
688 5346 888 5401 Omnia
928 5348 982 5400 in
1044 5346 1143 5400 Dei
1205 5348 1409 5400 nomine
1477 5346 1720 5415 facienda
1774 5347 1880 5400 sint

288 5409 334 5482 (Ι
363 5411 480 5469 Cor.
506 5417 584 5485 x),
613 5409 799 5472 merito
826 5428 900 5472 est
933 5418 998 5472 ab
1032 5434 1091 5474 eo
1121 5409 1486 5471 inchoandum:
1522 5415 1654 5470 Item
1691 5414 1881 5470 Glossa

285 5497 462 5572 teper.
481 5487 616 5572 illud
641 5491 987 5572 ρεαιηιεωηκ
1015 5489 1221 5572 ειυειιδε
1248 5493 1308 5572 in.
1350 5490 1671 5572 adiutorium
1711 5503 1878 5541 nteant

285 5557 512 5629 intende,
545 5557 716 5615 dicit:
743 5560 886 5614 Nota
922 5561 1058 5629 quod
1087 5560 1372 5616 versiculus
1413 5557 1511 5614 istc
1557 5571 1676 5612 ante
1705 5574 1879 5611 omnes

286 5621 439 5702 horas
468 5621 520 5683 in
557 5632 704 5686 initio
749 5621 1085 5702 prtedicitur;
1129 5632 1250 5702 quia
1287 5647 1402 5684 cum
1443 5647 1590 5684 orare
1616 5631 1874 5694 debemus,

285 5699 508 5754 maxime
559 5712 679 5757 tunc
726 5699 907 5759 nititur
959 5699 1217 5762 diabolus.
1269 5711 1324 5756 ut
1372 5718 1560 5756 musca:
1603 5703 1877 5756 morientes

285 5769 504 5874 perdunt
530 5775 842 5864 suauitatem
876 5776 1126 5848 unguenti
1161 5771 1389 5848 (Ecclus.
1423 5776 1499 5846 ι).
1535 5771 1725 5832 Contra
1754 5786 1877 5846 ergo

2007 3286 2196 3363 lamus.
2226 3282 2380 3363 Circa
2410 3281 2506 3335 hoc
2533 3291 2711 3363 autent
2732 3284 3018 3363 notandum
3051 3293 3142 3363 est,
3176 3289 3316 3356 quod
3352 3281 3607 3363 contingit

2003 3357 2166 3433 tribus
2195 3355 2363 3433 modis
2391 3368 2624 3433 peccare,
2663 3353 2899 3433 videlicet
2944 3355 3100 3433 corde
3129 3395 3145 3433 ,
3188 3353 3288 3433 ore
3322 3371 3370 3433 et
3404 3353 3605 3433 opere;

2001 3426 2215 3491 ideoque
2241 3423 2404 3478 tribus
2437 3424 2625 3486 modis,
2651 3434 2706 3475 ut
2730 3423 2919 3476 dicitur
2941 3425 2992 3476 in
3017 3424 3288 3481 Rationali
3307 3423 3602 3488 divinorum

2002 3497 2306 3566 ofﬁciorum,
2353 3497 2494 3549 hora:
2538 3492 2868 3566 inchoantur,
2911 3495 3144 3549 uidelicet
3191 3498 3597 3563 Completorinm

2000 3564 2091 3637 per
2114 3583 2132 3620 :
2159 3568 2402 3642 Converte
2429 3582 2542 3632 nos,
2581 3565 2725 3642 Deus.
2748 3564 2996 3618 salutaris
3037 3575 3226 3642 noster,
3261 3579 3441 3642 contra
3483 3593 3604 3642 pec-

2000 3633 2170 3692 catum
2191 3639 2394 3696 cordis:
2419 3646 2685 3690 nocturna:
2705 3633 2865 3694 Itone.
2893 3652 2981 3703 per
3003 3652 3022 3690 :
3050 3635 3292 3701 Domine,
3323 3640 3459 3693 labia
3483 3633 3598 3700 mea

1999 3711 2217 3784 aperies,
2247 3718 2426 3784 contra
2458 3716 2721 3784 peccatum
2753 3706 2894 3784 oris_,'
2925 3707 3045 3784 alite
3094 3723 3212 3762 vero
3255 3708 3422 3776 Itorw,
3454 3731 3547 3784 per
3576 3733 3594 3770 :

2001 3778 2161 3848 Deus,
2194 3782 2253 3852 in
2276 3779 2614 3852 adjutoriunt
2643 3793 2809 3852 meum
2838 3778 3065 3843 intende,
3097 3789 3279 3852 contra
3327 3778 3595 3848 peccatum

1998 3847 2166 3922 operis
2195 3847 2462 3923 (Durand.
2497 3850 2705 3905 Ration.
2738 3847 2830 3923 lib.
2857 3865 3033 3923 vtcap.
3061 3852 3143 3918 2).
3175 3848 3243 3904 Et
3272 3847 3514 3922 quoniam
3542 3859 3595 3912 in

1996 3921 2211 3993 peccato
2233 3923 2401 3977 cordis
2427 3933 2476 3976 et
2517 3924 2622 3977 oris
2649 3930 2724 3975 est
2750 3921 2946 3990 aliquid
2977 3925 3171 3993 operis,
3201 3921 3317 3976 ideo
3341 3924 3394 3978 in
3425 3930 3595 3982 omni-

1997 3993 2089 4069 bus
2128 3994 2270 4069 boris
2299 4005 2422 4069 tam
2449 3994 2717 4069 nocturnis
2747 3993 3127 4069 quamdiurnis
3154 3993 3343 4048 dicitur
3418 3995 3585 4069 Deus,

1996 4065 2048 4138 in
2080 4065 2400 4138 adjutorium
2422 4064 2844 4138 meumintende.
2877 4062 3124 4118 Monac/ti
3145 4080 3261 4138 uero
3286 4081 3353 4120 ex
3383 4062 3591 4125 instita;

1995 4135 2156 4190 tione’
2181 4137 2242 4192 S.
2296 4135 2362 4189 P.
2413 4135 2679 4190 Benedicti
2724 4137 2778 4188 in
2819 4138 2915 4188 hoc
2958 4152 3074 4206 cap.
3123 4136 3303 4190 dicunt
3333 4139 3499 4205 primo
3539 4143 3593 4197 in

1995 4209 2259 4262 nocturnis
2291 4208 2431 4262 horis
2458 4225 2476 4262 :
2509 4207 2671 4273 Deus,
2713 4207 2768 4261 in
2808 4207 3129 4278 adjutorium
3160 4224 3326 4262 meum
3358 4211 3588 4279 intende,

1993 4288 2041 4331 et
2072 4287 2289 4346 postea:
2318 4279 2558 4345 Domine,
2592 4279 2729 4332 labia
2776 4294 2886 4331 mea
2927 4279 3144 4347 aperies.
3179 4279 3315 4344 Quid
3354 4282 3465 4334 sine
3495 4283 3588 4337 Dei

1992 4349 2261 4424 adiutorio
2308 4368 2400 4424 n_ec
2427 4367 2515 4402 cor
2546 4366 2636 4404 nec
2662 4349 2797 4403 labia
2834 4350 2903 4424 ad
2945 4350 3108 4415 ipsius
3148 4350 3355 4424 laudem
3399 4354 3592 4424 aperiri

1992 4421 2184 4475 valent.
2214 4422 2288 4476 lla
2324 4421 2795 4475 Turrecrematus.
2831 4417 3000 4472 Porro
3032 4421 3264 4474 eumdem
3294 4417 3443 4476 illum
3470 4439 3585 4478 ver-

1991 4492 2214 4545 siculum
2238 4492 2326 4562 qui
2350 4509 2382 4544 a
2417 4492 2476 4545 S.
2511 4490 2578 4544 P.
2611 4491 2684 4544 N.
2713 4489 2994 4543 Benedicto
3024 4491 3163 4545 horis
3188 4494 3453 4548 canonicis
3479 4497 3588 4559 pri-

1993 4578 2128 4614 mum
2156 4563 2207 4614 in
2236 4565 2345 4616 suis
2381 4563 2702 4616 monasteriis
2739 4562 2984 4630 anteponi
3002 4565 3187 4632 jussus
3223 4564 3430 4632 fuerat,
3460 4564 3588 4620 Gre-

1993 4633 2164 4702 gorius
2216 4632 2436 4704 Magnus
2489 4630 3100 4704 pontifex,_abruniversa
3133 4630 3364 4687 Ecclesia
3393 4635 3583 4690 eisdem

1991 4704 2232 4772 prarmitti
2264 4702 2572 4772 auctoritate
2609 4702 2887 4769 Pontiﬁcio
2928 4703 3192 4772 praecepit,
3225 4704 3442 4769 adjectis
3474 4722 3585 4759 ver-

1989 4768 2169 4828 siculis
2198 4773 2378 4828 Gloria
2409 4768 2576 4838 Patri,
2607 4782 2676 4839 et,
2713 4768 2863 4827 Sicut
2884 4768 3011 4839 erat,
3043 4768 3299 4827 ut'scribit
3321 4775 3584 4830 Arnoldus

1994 4843 2149 4899 Wion
2181 4845 2499 4899 Cassinensis
2530 4845 2621 4899 lib.
2656 4860 2688 4899 ν
2719 4843 2873 4915 Ligni
2918 4845 3054 4915 vitta,
3096 4845 3148 4898 in
3177 4843 3471 4915 iGregorio.
3509 4849 3582 4902 lie

1987 4917 2178 4971 eodem
2215 4932 2370 4972 verSn
2403 4915 2695 4970 Walfridus
2727 4914 2924 4970 Strabo
2957 4914 3049 4969 lib.
3084 4916 3150 4970 de
3177 4914 3358 4970 Rebus
3389 4917 3573 4972 Eccle-

1985 4989 2218 5042 siasticis
2242 5003 2358 5056 cap.
2387 4987 2457 5042 25
2487 4989 2646 5042 habet
2669 5005 2682 5042 :
2715 4985 2854 5042 Sane
2877 5003 3075 5041 urrsnm
3095 4988 3181 5057 qui
3207 4988 3260 5041 in
3283 4989 3452 5056 capite
3472 5007 3582 5042 0m-

1986 5059 2128 5112 nium
2167 5062 2374 5128 (prater
2426 5057 2638 5130 Missas)
2670 5058 3096 5130 ofﬁciorumguw
3138 5060 3276 5112 horis
3323 5063 3581 5115 canonicis

1983 5131 2309 5195 exhibentur,
2359 5131 2461 5184 dici
2509 5127 2656 5194 solet,
2709 5129 2781 5200 id;
2812 5127 3116 5194 est:Deus,
3163 5131 3217 5183 in
3260 5130 3580 5200 adjutorium

1983 5216 2152 5254 meum
2173 5203 2396 5269 intende,
2427 5211 2472 5256 et
2504 5204 2724 5272 reliqua,
2751 5198 2934 5272 Patres
2974 5201 3169 5270 antiqui
3198 5202 3305 5254 suis
3323 5198 3577 5256 collatio-

1982 5272 2128 5325 nibus
2161 5274 2395 5326 videntur
2423 5271 2688 5338 statuisse,
2719 5271 2972 5335 omnibus,
3013 5287 3114 5324 non
3147 5281 3341 5325 tantum
3377 5273 3575 5343 oﬂiciis,

1979 5345 2070 5396 sed
2095 5347 2252 5398 etiam
2288 5345 2526 5410 operibus
2555 5343 2966 5411 prcemittendum
2990 5359 3009 5396 :
3034 5351 3089 5398 ut
3115 5344 3365 5397 invocatio
3393 5346 3580 5398 divinis-

1982 5416 2362 5486 opitulationis,
2401 5419 2547 5469 initio
2586 5414 2856 5484 cujuslibet
2887 5415 3102 5467 actionis
3131 5426 3418 5486 assumpta,
3447 5415 3580 5485 faci-

1983 5484 2166 5540 liorem
2210 5488 2332 5556 facit
2381 5496 2428 5540 et
2479 5487 2772 5554 postulandi
2816 5486 3179 5549 constantiam,
3225 5494 3276 5538 et
3320 5484 3578 5544 obtinendi

1985 5559 2243 5611 virtutem.
2286 5557 2352 5610 In
2390 5559 2600 5627 agendis
2631 5566 2802 5609 autem
2831 5565 3172 5628 imirtnorum,
3214 5566 3261 5610 et
3291 5556 3426 5628 cirqa
3453 5574 3575 5628 pas-

1982 5629 2143 5683 sionis
2185 5625 2471 5682 Dmninica
2495 5628 2885 5700 solemnitatem,
2924 5625 3274 5700 inclinationes
3319 5625 3577 5700 eti'epple‘w

1982 5699 2145 5770 tiones
2176 5701 2477 5770 oﬂiciorum,
2504 5715 2604 5754 non
2633 5709 2686 5750 ut
2709 5698 2760 5770 in
2787 5699 2980 5770 ceteris
3011 5698 3179 5768 ﬁunt;
3201 5698 3422 5755 tristitia
3441 5698 3575 5756 viden

1986 5769 2102 5826 licet
2126 5768 2480 5848 signiﬁcanda
2505 5785 2680 5827 causa.
2707 5768 2835 5826 Hac
2850 5769 2966 5828 ille.
