4078 6332
523 330 633 396 835

1577 337 1859 397 JOANNIB
1894 337 2206 398 CKSSIANI
2247 335 2744 397 COLLATIONES.

527 457 715 510 torium
743 471 911 511 meum
931 454 1169 523 intende;
1194 453 1437 522 Domine,
1464 456 1532 510 ad
1553 458 1912 526 adiuvandum
1937 475 2012 510 me
2035 461 2108 528 fe-
2136 461 2185 518 Α
2213 463 2483 522 secutum,
2531 457 2881 513 exuberantia
2932 471 3146 528 quoque
3191 453 3520 528 spiritalium
3547 473 3808 517 sensuum

526 549 677 603 siina.
712 549 987 604 Volentem
1031 563 1116 602 me
1141 549 1210 604 ob
1242 549 1590 604 stabilitatem
1631 550 1810 605 cordis
1855 551 2108 605 insistere

527 642 765 706 lectioni,
795 639 1145 710 interpellans
1170 641 1364 710 capitis
1394 640 1645 710 prohibet
1665 641 1842 707 dolor,
1872 640 2110 710 horaque

526 735 678 792 tertia
708 732 899 788 faciem
929 748 1102 787 meam
1127 733 1193 787 ad
1223 747 1431 787 sacram
1463 733 1709 803 paginam
1741 748 1963 789 somnus
1984 732 2108 787 alli-

524 827 639 892 dit;
668 841 730 882 ac
754 826 1068 895 deputatum
1100 825 1269 898 quieti
1303 835 1534 896 tempus,
1557 826 1641 881 vel
1664 827 1985 897 transgredi,
2023 827 2109 883 vel

525 927 824 996 praevenire
883 928 1214 998 compellor,
1271 927 1448 999 ipsum
1495 927 1729 997 denique
1789 925 2104 981 canonicum

523 1034 791 1090 synaxeos
817 1021 1254 1092 psaltnorumque
1285 1021 1501 1076 modum
1526 1018 1856 1075 intercidere
1879 1033 1964 1073 me
1987 1031 2110 1087 gra-

522 1113 741 1172 vissima
771 1113 945 1169 somni
976 1116 1123 1183 cogit
1154 1114 1473 1183 impressio;
1498 1112 1748 1166 similiter
1772 1110 2109 1180 proclaman-

521 1205 648 1260 dttm
677 1217 756 1261 est
789 1205 917 1261 mihi
953 1224 965 1259 :
1001 1207 1160 1272 Deus,
1209 1207 1259 1259 in
1293 1207 1616 1278 adjutorium
1647 1221 1812 1258 meum
1859 1203 2108 1267 intende;

521 1295 759 1364 Domine,
785 1298 852 1350 ad
878 1298 1231 1365 adiuvandum
1254 1314 1330 1351 me
1354 1300 1558 1369 festina.
1583 1297 1809 1352 Sublato
1839 1296 1904 1350 ab
1936 1294 2107 1350 oculis

522 1391 654 1447 meis
686 1407 904 1460 sopore,
940 1390 1127 1445 multis
1158 1407 1242 1445 me
1271 1393 1542 1455 noctibus,
1567 1389 1853 1445 diabolicis
1897 1389 2105 1444 insom-

522 1484 648 1550 niis,
684 1486 838 1539 video
879 1484 1184 1554 fatigatum,
1230 1498 1558 1553 omnemque
1587 1500 1616 1536 a
1652 1482 1924 1552 palpebris
1971 1481 2107 1536 meis

521 1578 872 1632 refectionem
903 1589 1182 1631 nocturnae
1207 1577 1403 1647 quietis
1442 1577 1750 1642 exclusam;
1783 1591 1903 1630 cum
1933 1575 2106 1643 Suspi-

518 1670 614 1725 riis
636 1670 898 1726 orandum
920 1680 1002 1725 est
1028 1671 1157 1724 mihi
1183 1689 1194 1724 :
1217 1670 1376 1734 Dens,
1403 1671 1455 1722 in
1483 1670 1806 1741 adjutorium
1831 1684 1998 1721 meum
2023 1669 2107 1722 in-

519 1767 699 1832 tende;
731 1765 968 1829 Domine,
991 1765 1057 1818 ad
1079 1766 1430 1834 adjuvandum
1460 1780 1539 1818 me
1569 1765 1777 1834 festina.
1806 1761 1995 1817 Adhuc
2019 1777 2104 1817 me

2210 550 2540 618 redundare,
2601 550 2994 607 revelationem
3043 553 3536 608 sacratissimorum
3587 553 3809 610 intelle-

2210 653 2416 713 ctuum,
2451 654 2506 699 et
2535 654 2692 700 antea
2725 648 2940 720 penitus
2967 647 3101 702 milii
3130 648 3488 718 occultorum,
3518 650 3807 720 repentina

2213 736 2423 791 Domini
2457 737 2825 794 illustratione
2857 741 3108 810 percepi;
3137 749 3194 796 ut
3223 740 3276 795 in
3306 741 3392 796 his
3434 757 3645 797 merear
3686 743 3812 797 diu-

2211 830 2314 884 tius
2339 830 2640 895 immorari,
2674 831 2907 886 sollicite
2949 832 3079 886 mihi
3111 841 3194 886 est
3237 831 3660 904 frequenterque
3689 831 3809 889 cla-

2210 923 2465 978 mandum
2490 924 2682 993 :Deus,
2703 925 2754 978 in
2775 926 3095 998 adjutorium
3113 943 3277 980 meum
3297 927 3536 995 intende;
3563 927 3807 994 Domine,

2208 1016 2275 1068 ad
2301 1015 2649 1090 adjuvandum
2672 1032 2752 1070 me
2782 1018 2991 1092 festina.
3025 1016 3314 1073 Nocturnis
3354 1018 3662 1074 daemonum
3696 1029 3811 1075 ter-

2210 1093 2430 1162 roribus
2455 1108 2992 1164 circumvallantibus
3016 1111 3285 1180 exagitor,
3315 1121 3367 1166 et
3399 1111 3808 1166 immundorum

2209 1199 2493 1268 spirituum
2535 1200 3004 1269 phantasniatlbus
3035 1201 3342 1270 inquietor;
3371 1215 3498 1272 spes
3531 1203 3646 1272 ipsa
3671 1201 3811 1256 mihi

2210 1293 2399 1348 salutis
2431 1309 2494 1348 ac
2519 1295 2664 1363 vitai,
2693 1294 3074 1364 trepidationis
3099 1297 3328 1350 horrore
3352 1294 3712 1359 subtrahitur,
3736 1292 3811 1349 ad

2208 1386 2504 1441 salutarem
2530 1387 2786 1442 versiculi
2814 1385 2975 1456 hujus
2999 1397 3214 1457 portum
3236 1387 3552 1458 confugiens
3572 1388 3704 1442 totis
3723 1388 3810 1442 vi-

2209 1478 2362 1532 ribus
2389 1478 2741 1534 exclainabo:
2769 1478 2926 1548 Deus,
2953 1479 3006 1532 in
3028 1481 3345 1551 adjutorium
3369 1496 3532 1534 meum
3561 1480 3770 1534 intende
3787 1494 3811 1541 :

2211 1569 2447 1638 Domine,
2474 1572 2541 1624 ad
2561 1572 2920 1642 adjui'andum
2940 1588 3019 1626 me
3041 1572 3248 1641 festina.
3266 1571 3476 1626 Rursus
3497 1587 3619 1626 cum
3647 1571 3812 1627 fuero

2208 1665 2579 1718 consolatione
2609 1664 2821 1718 Domini
2861 1675 3171 1735 reparatus,
3216 1674 3270 1720 et
3312 1665 3484 1736 ipsius
3527 1667 3809 1720 animatus

2210 1755 2443 1810 adventu
2503 1757 2650 1812 velut
2697 1757 2998 1812 innumeris
3042 1757 3359 1826 angelorum
3411 1757 3651 1812 millibus
3714 1771 3810 1813 nte

518 1857 572 1912 in
622 1856 1013 1912 colluctatione
1056 1858 1286 1928 positum
1341 1855 1592 1909 vitiorum
1648 1854 1882 1908 titillatio
1925 1854 2103 1908 carnis

2210 1861 2434 1902 sensero
2463 1849 2918 1919 circnmseptum,
2972 1849 3045 1902 ita
3094 1858 3149 1902 ut
3194 1862 3383 1903 eorum
3437 1863 3578 1918 quos
3623 1857 3811 1903 morte

518 1958 742 2019 repente
789 1948 1102 2017 compungit
1131 1988 1145 2012 ,
1202 1959 1254 2002 et
1303 1946 1368 2001 ad
1426 1962 1751 2001 consensum
1796 1946 2109 2015 pertrahere

517 2043 880 2097 dormientem
929 2041 1120 2096 blanda
1164 2042 1529 2096 oblectatione
1555 2051 1817 2106 conatur;
1860 2057 1929 2096 ne
1973 2041 2109 2111 ignis

517 2133 726 2188 alienus
751 2143 1056 2189 extestuans
1085 2143 1205 2187 urat
1227 2148 1390 2187 suave
1416 2134 1625 2188 olentes
1657 2132 1914 2188 ﬂosculos
1945 2133 2109 2188 casti-

518 2229 1016 2298 tatis,clamandnm
1038 2229 1167 2282 mihi
1192 2239 1269 2282 est
1295 2245 1306 2280 :
1329 2228 1488 2296 Deus,
1520 2229 1572 2281 in
1595 2229 1914 2300 odjntorium
1938 2244 2107 2281 meum

514 2320 753 2380 intende:
779 2320 1014 2386 Domine,
1039 2321 1106 2373 ad
1127 2322 1474 2391 adjuvandum
1497 2338 1576 2375 me
1597 2322 1802 2390 festina.
1829 2321 2107 2375 Exstincta

514 2411 690 2466 sentio
737 2412 976 2466 libidinis
1031 2413 1338 2481 incentiva,
1393 2424 1445 2470 et
1500 2414 1790 2482 genitalem
1846 2414 2107 2468 membris

515 2504 651 2559 meis
681 2504 976 2573 intepuisse
1006 2504 1296 2570 fervorem,
1319 2513 1381 2558 ut
1411 2513 1562 2573 parta
1591 2504 1704 2558 hrrc
1729 2504 1919 2570 virtus,
1942 2505 2107 2559 immo

514 2597 685 2667 gratia
727 2597 818 2651 Dei
862 2598 914 2651 in
968 2612 1054 2651 me
1103 2597 1303 2651 diutius
1334 2597 1417 2650 vel
1462 2605 1724 2666 perpetuo
1758 2605 2103 2666 perseveret,

514 2689 721 2744 intente
742 2690 1030 2746 dicendum
1054 2700 1136 2745 est
1158 2690 1318 2743 mihi:
1341 2689 1500 2754 Deus,
1525 2691 1576 2742 in
1595 2691 1916 2762 adjutortum
1941 2707 2108 2744 nteant

514 2785 754 2852 intende;
783 2786 1015 2850 Domine,
1039 2786 1108 2839 ad
1132 2786 1486 2857 adjuvanduni
1510 2804 1585 2840 me
1613 2787 1817 2855 festina.
1840 2785 1959 2851 Irae,
1989 2787 2109 2855 phi-

517 2877 789 2949 largyrite,
825 2879 1059 2933 tristitia:
1098 2880 1333 2933 stimulis
1361 2881 1656 2949 inquietor,
1687 2894 1959 2948 cogorque
1985 2893 2108 2946 pro-

516 2974 745 3041 positam
769 2983 928 3042 atque
959 2973 1189 3027 amicam
1213 2972 1341 3026 mihi
1367 2973 1761 3039 interrumpere
1794 2973 2104 3037 lenitatem;

518 3078 587 3118 ne
617 3063 670 3116 in
711 3063 1129 3117 amaritudinem
1159 3062 1306 3118 fellis
1335 3064 1746 3134 perturbatione
1784 3065 1983 3119 furoris
2014 3065 2107 3120 ab-

519 3154 711 3222 ducar,
739 3168 860 3216 cum
884 3169 1094 3212 summo
1127 3155 1482 3224 mihigemitu
1511 3155 1949 3225 proclamaudum
1980 3165 2065 3212 est
2088 3181 2108 3220 ι

2210 1943 2429 2010 gravius
2453 1952 2611 1996 antea
2636 1933 3040 2009 tremlscebam,
3064 1951 3118 1996 et
3135 1956 3363 2011 quorum
3391 1949 3611 2008 tactum,
3634 1943 3811 1998 immo

2211 2033 2489 2098 viciniam,
2523 2035 2750 2088 horrore
2779 2035 2974 2088 mentis
3000 2043 3054 2090 et
3083 2034 3330 2104 corporis
3360 2033 3680 2097 sentiebam,
3710 2049 3809 2090 re-

2212 2134 2373 2194 pente
2425 2141 2751 2196 congressus
2804 2134 3061 2195 expetere
3112 2127 3340 2181 audeam
3388 2140 3452 2181 ac
3506 2141 3815 2196 provocare

2209 2217 2517 2283 c0nilictus,
2563 2227 2621 2271 ut
2651 2217 2700 2271 in
2745 2233 2832 2272 me
2862 2219 3179 2273 constantia:
3210 2218 3370 2288 hujus
3400 2219 3554 2289 vigor
3582 2234 3678 2288 per
3711 2219 3817 2274 Dei

2208 2308 2434 2376 gratiam
2486 2309 2686 2364 diutius
2719 2310 3067 2374 imtnoretur,
3119 2310 3248 2364 totis
3289 2309 3421 2364 mihi
3474 2319 3558 2365 est
3597 2310 3817 2366 viribus

2209 2399 2651 2467 proclamandum
2685 2418 2696 2453 :
2735 2400 2890 2465 Deus,
2922 2402 2975 2453 in
3013 2399 3339 2472 adjutorium
3364 2416 3532 2454 meum
3560 2400 3816 2465 intende;

2211 2489 2450 2557 Domine,
2476 2492 2542 2544 ad
2572 2491 2926 2562 adjuvandum
2948 2507 3028 2544 me
3054 2492 3264 2558 festina.
3291 2491 3464 2562 Hujus
3495 2491 3656 2562 igitur
3683 2507 3820 2548 ver-

2209 2585 2366 2640 siculi
2395 2585 2591 2651 oratio,
2623 2586 2673 2639 in
2697 2585 2944 2640 adversis
2976 2594 3034 2640 ut
3058 2601 3330 2652 eruamur,
3357 2587 3410 2640 in
3440 2587 3723 2656 prosperis
3757 2595 3816 2641 ut

2209 2695 2490 2736 servemur
2537 2695 2606 2734 ne
2650 2681 2999 2746 extollamur,
3052 2680 3355 2735 incessabili
3400 2680 3628 2751 jugitate
3676 2680 3816 2734 fun-

2209 2775 2384 2828 dentia
2408 2783 2512 2829 est.
2540 2773 2731 2843 Hujus,
2760 2774 2999 2843 inquam,
3031 2774 3284 2829 versiculi
3315 2774 3592 2828 meditatio
3628 2774 3679 2827 in
3713 2782 3818 2828 tuo

2211 2878 2432 2938 pectore
2464 2867 2738 2936 indirupta
2773 2867 3040 2921 volvatur.
3072 2866 3225 2921 Hunc
3255 2867 3308 2920 in
3331 2881 3498 2935 opere
3519 2865 3769 2935 quolibet
3797 2907 3815 2932 ,

2209 2973 2304 3014 seu
2334 2960 2660 3025 ministerio,
2691 2959 2772 3014 vel
2805 2960 2860 3013 in
2893 2959 3093 3014 itinere
3133 2961 3462 3014 constitutus
3509 2959 3818 3012 decantare

2212 3067 2316 3108 non
2337 3052 2573 3112 desinas.
2616 3052 2766 3112 llunc
2792 3061 2849 3107 et
2891 3052 3199 3117 dormiens,
3243 3060 3299 3106 et
3350 3051 3634 3114 reﬁciens,
3665 3059 3723 3104 et
3759 3051 3817 3102 in

2211 3145 2418 3199 ultimis
2450 3155 2660 3200 naturre
2711 3143 3126 3198 necessitatibus
3155 3142 3440 3198 meditare.
3476 3141 3598 3195 llaec
3650 3139 3814 3194 volu-

519 3219 766 3314 Deu's,in
785 3249 1102 3317 adiutorium
1319 3219 1553 3312 intende;
1582 3249 1824 3315 Domine,
1857 3250 1925 3310 ad
1951 3251 2105 3318 adju.
2131 3219 2178 3283 (ἶ
2212 3243 2344 3302 tatio
2373 3238 2553 3294 cordis
2585 3238 2736 3294 velut
2757 3236 2986 3300 lorninla
3029 3236 3126 3294 tibi
3164 3237 3418 3297 salutaris
3448 3234 3657 3298 eli'ecla,
3690 3249 3815 3290 non

520 3341 744 3398 nandum
786 3357 866 3394 me
913 3340 1118 3410 festina.
1153 3342 1399 3411 Acedite,
1433 3341 1747 3397 cenodoxize
1771 3384 1786 3409 ,
1837 3343 2106 3412 superbiat

521 3432 754 3496 elatione
779 3440 1077 3501 pertentor,
1101 3448 1163 3487 ac
1203 3433 1272 3490 de
1301 3433 1528 3490 aliorum
1563 3435 1886 3506 negligentia
1914 3435 1998 3489 vel
2023 3444 2106 3489 te-

523 3540 655 3596 pore
682 3525 935 3596 quiddam
968 3526 1072 3582 sibi
1116 3542 1274 3586 mens,
1292 3528 1480 3588 subtili
1523 3529 1851 3599 cogitatione
1887 3529 2103 3588 blandi-

521 3625 638 3680 tur;
671 3632 742 3672 ne
781 3618 836 3670 in
868 3632 956 3672 me
1004 3619 1301 3687 praevaleat
1335 3618 1449 3674 base
1482 3620 1688 3674 inimici
1725 3621 1778 3674 in
1811 3635 1896 3674 me
1922 3620 2107 3689 perni-

521 3714 668 3785 ciosa
685 3716 982 3786 suggestio,
998 3729 1117 3784 cum
1135 3716 1285 3779 omni
1303 3716 1630 3772 contritione
1643 3716 1819 3772 cordis
1840 3717 2106 3770 orandum

523 3817 606 3864 est
627 3808 760 3872 mihi
783 3827 793 3861 :
821 3808 983 3876 Deus,
1005 3809 1058 3862 in
1074 3809 1395 3878 adjutorium
1416 3827 1581 3870 meum
1599 3811 1834 3876 intende;
1863 3808 2105 3877 Domine,

523 3901 592 3954 ad
616 3901 967 3970 adjuvandum
999 3917 1080 3954 me
1107 3903 1311 3978 festina.
1348 3901 1685 3956 Humilitatis
1707 3911 1760 3956 et
1786 3901 2107 3971 simplicita-

527 3993 596 4047 tis
622 3993 876 4068 gratiam,
897 3993 1170 4074 superbia;
1195 4003 1404 4048 tumore
1420 3995 1689 4065 deposito,
1710 3995 1824 4066 jugi
1848 4010 2110 4066 compun-

526 4085 703 4140 ctione
749 4084 970 4156 spiritus
1013 4087 1306 4157 vauisivi;
1341 4105 1402 4140 ne
1422 4102 1634 4144 rursum
1675 4091 1838 4143 veniat
1867 4088 1990 4142 mihi
2024 4105 2110 4156 per

525 4175 792 4246 superbiat,
821 4185 870 4230 et
889 4194 1075 4231 manus
1093 4179 1370 4249 peccatoris
1397 4190 1592 4233 morem
1613 4196 1692 4234 me
1720 4180 1890 4249 (Psal.
1920 4180 2106 4249 xxxv),

525 4270 856 4340 graviusque
881 4270 950 4325 de
979 4271 1224 4325 victoriae
1255 4286 1389 4325 mete
1419 4272 1656 4326 elatione
1686 4272 1986 4334 confodiar,
2021 4280 2106 4325 to-

527 4363 598 4422 tis
627 4363 758 4435 mihi
787 4363 1226 4433 proclamandum
1251 4375 1334 4432 est
1364 4364 1602 4421 viribus:
1637 4366 1796 4430 Deus,
1819 4366 1872 4418 in
1903 4367 2112 4430 adiuto-

525 4457 660 4516 rium
679 4458 1058 4514 meumintende
1071 4475 1089 4522 ;
1104 4457 1339 4522 Domine,
1355 4459 1424 4518 ad
1440 4459 1789 4529 adjut'andum
1806 4474 1883 4512 me
1900 4459 2106 4527 festina.

527 4548 945 4618 Evagationibus
971 4549 1169 4604 animas
1212 4550 1514 4607 innumeris
1553 4566 1617 4606 ac
1651 4549 1908 4614 diversis,
1944 4559 1999 4604 et
2029 4549 2110 4603 iii-

524 4629 821 4708 stabilitate
863 4644 1042 4700 cordis
1069 4654 1334 4710 exmstuo,
1368 4661 1465 4700 nec
1496 4644 1873 4716 cogitationum
1899 4644 2111 4714 disper-

524 4734 707 4800 siones
738 4735 892 4797 valeo
915 4750 1170 4794 coercere
1196 4777 1210 4800 ,
1258 4737 1536 4807 ipsamque
1580 4738 1879 4798 orationem
1931 4753 2107 4794 meam

525 4826 756 4881 fundare
791 4826 993 4896 absque
1048 4825 1488 4895 interpellatione
1525 4837 1686 4898 atque
1732 4828 2108 4896 phantasmate

455 4940 467 4968 ~.
523 4917 760 4988 inanium
795 4917 1090 4990 ﬁgurarum
1111 4958 1130 4990 ,_
1153 4912 1568 4988 sermonumque
1600 4927 1654 4974 et
1690 4929 1904 4974 actuum
1933 4929 2108 4974 retra-

419 5080 424 5084 ‘
519 5008 756 5074 ctatione
786 5023 890 5064 non
921 5024 1163 5080 possum,
1195 5018 1447 5080 tantaque
1480 5023 1563 5072 me
1590 5011 1762 5066 sentio
1803 5011 2106 5068 sterilitatis

522 5099 688 5169 hujus
709 5101 961 5170 ariditate
990 5101 1367 5164 constrictum,
1391 5109 1449 5154 ut
1477 5100 1652 5155 nullas
1681 5102 1899 5156 omnino
1940 5102 2105 5170 spiri-

519 5192 706 5256 talium
743 5207 996 5248 sensuum
1023 5194 1400 5264 generationes
1430 5194 1697 5261 parturire
1725 5209 1809 5248 me
1830 5195 2100 5258 sentiam;

518 5283 794 5354 utdejhoc
819 5284 984 5338 animi
1012 5286 1263 5354 squalore
1294 5299 1504 5352 merear
1545 5285 1796 5351 liberari,
1830 5286 1971 5340 unde
2019 5299 2106 5340 me

518 5375 810 5443 gemitibus
854 5375 1041 5432 multis
1071 5365 1248 5444 atque
1277 5377 1526 5446 suspiriis
1545 5377 1802 5446 expedire
1849 5393 1956 5432 non
1981 5393 2108 5447 pos-

519 5481 663 5532 sum,
711 5470 1022 5523 necessarie
1066 5469 1415 5537 proclamabo
1447 5487 1458 5520 :
1491 5469 1647 5534 Deus,
1692 5470 1747 5522 in
1789 5471 2104 5540 adjutoiium
2171 5459 2180 5470 ’

520 5576 686 5626 meum
706 5561 941 5628 intende;
966 5560 1202 5627 Domine,
1225 5562 1292 5613 ad
1311 5561 1665 5630 adjuvandum
1685 5577 1764 5613 me
1786 5562 1991 5630 festina.
2014 5563 2105 5618 Di-

519 5652 816 5718 reaionem
839 5666 1029 5708 rursus
1054 5652 1274 5718 animm,
1296 5651 1652 5714 stabilitatem
1673 5655 2060 5722 cogitationum
2081 5697 2097 5723 ,

519 5740 854 5797 alacritatem
895 5743 1100 5808 cordis,
1143 5757 1268 5799 cum
1297 5742 1558 5799 inell‘abili
1593 5744 1788 5813 gaudio
1816 5753 1870 5799 et
1907 5747 2102 5804 mentis

520 5845 775 5902 excessu,
811 5833 1117 5889 visitatione
1145 5835 1316 5889 sancti
1362 5833 1595 5904 Spiritus
1638 5850 1726 5891 me
1774 5839 1952 5892 sentio
1978 5855 2100 5897 con-

2209 3334 2384 3388 solum
2419 3332 2648 3385 illaesum
2679 3331 2747 3385 ab
2774 3330 2921 3384 omni
2949 3329 3258 3384 dainionum
3287 3329 3594 3386 incursione
3618 3336 3816 3382 casto-

2209 3425 2340 3489 diet,
2378 3423 2471 3477 sed
2505 3423 2663 3478 etiam
2697 3423 2908 3476 cunctis
2940 3431 2992 3476 te
3021 3421 3170 3475 vitiis
3200 3430 3430 3475 terrente
3457 3418 3817 3487 contagionis

2211 3532 2518 3588 expurgatis
2541 3557 2556 3583 ,
2587 3517 2652 3572 ad
2684 3517 2804 3582 illas
2837 3515 3135 3575 invisibiles
3168 3516 3406 3572 tlieorias
3446 3514 3818 3586 etelestesque

2212 3609 2492 3679 perducet,
2543 3617 2708 3677 atque
2753 3607 2820 3662 ad
2860 3607 3010 3662 illum
3064 3607 3393 3664 inelfabilem
3423 3622 3487 3662 ac
3518 3607 3820 3676 perpaucis

2211 3710 2494 3771 expertum
2518 3700 2778 3770 proveliet
2821 3701 3082 3754 orationis
3111 3700 3388 3754 ardorem.
3435 3700 3586 3753 llunc
3631 3699 3785 3754 veni

2211 3797 2390 3852 culum
2422 3794 2700 3850 meditanti
2743 3795 2839 3849 tibi
2883 3809 3108 3850 somnus
3140 3795 3370 3866 irrepat,
3410 3795 3580 3849 donec
3609 3793 3816 3860 ἰηειῖκ-Δ

2213 3888 2308 3948 bili
2336 3887 2459 3957 ejus
2483 3887 2872 3950 exercitatione
2910 3886 3192 3953 formatus,
3237 3889 3399 3946 etiam
3428 3902 3523 3955 per
3548 3901 3818 3954 soporem

2211 3994 2334 4034 eum
2389 3978 2684 4033 decantare
2731 3993 3071 4033 consuescas.
3135 3977 3229 4034 llic
3285 3978 3381 4031 tibi
3423 3977 3820 4046 expergefacta

2212 4073 2423 4154 primus
2447 4079 2715 4138 occurrat,
2744 4072 2790 4126 is
2822 4080 2875 4126 te
2902 4071 3196 4141 evigilante
3225 4071 3578 4142 cogitationes
3603 4069 3820 4124 antici-

2215 4175 2307 4235 pet
2332 4167 2640 4232 universas,
2673 4165 2774 4222 iste
2817 4173 2874 4224 te
2895 4165 2964 4220 de
2996 4174 3086 4222 tuo
3112 4174 3421 4234 surgentem
3469 4163 3631 4220 cubili
3675 4177 3821 4228 cur-

2217 4258 2417 4314 vationi
2447 4273 2684 4328 genuum
2731 4256 2948 4321 tradat,
3009 4266 3172 4327 atque
3221 4257 3372 4314 iliinc
3417 4257 3676 4325 deinceps
3738 4257 3820 4312 ad

2215 4365 2376 4406 omne
2418 4363 2552 4418 Opus
2597 4359 2860 4419 actusque
2888 4348 3141 4416 deducat,
3181 4348 3270 4404 hic
3298 4359 3350 4404 te
3379 4349 3524 4403 omni
3552 4357 3820 4417 tempore

2215 4453 2607 4516 prosequatur;
2637 4443 2780 4500 hunc
2820 4442 3169 4506 meditaberis
3194 4443 3489 4500 secundum
3529 4451 3819 4513 pracepta

2221 4537 2569 4607 legislatoris,
2597 4536 2793 4590 sedens
2822 4535 2876 4592 in
2906 4535 3070 4592 domo
3094 4544 3150 4592 et
3178 4536 3461 4596 ambulans
3497 4536 3550 4588 in
3580 4533 3814 4603 ωηο-το,

2136 4607 2196 4668 D-
2215 4629 2492 4684 dormiens
2524 4637 2685 4698 atque
2711 4641 3084 4704 consurgens;
3117 4630 3261 4683 hunc
3291 4628 3497 4682 scribes
3526 4628 3580 4680 in
3608 4626 3818 4682 limine

2211 4733 2266 4797 et
2289 4724 2470 4793 januis
2496 4727 2606 4780 oris
2637 4726 2712 4779 tui
2738 4741 2752 4790 ;
2788 4725 2928 4782 hunc
2951 4725 3010 4788 in
3039 4721 3333 4792 parietibus
3362 4720 3553 4782 domus
3593 4728 3696 4771 tuze
3738 4732 3818 4784 ac

2209 4817 2579 4886 penetralibus
2619 4819 2696 4873 tui
2741 4818 2978 4888 pectoris
3010 4814 3330 4879 collocabis,
3372 4814 3440 4866 ita
3486 4821 3543 4876 ut
3570 4809 3685 4864 hinc
3730 4810 3819 4867 ad

2209 4911 2506 4967 orationem
2537 4912 2912 4982 procumbenti
2958 4913 3029 4964 sit
3076 4909 3170 4964 tibi
3200 4908 3424 4962 acclivis
3454 4905 3816 4974 demntatio;

2207 5013 2258 5059 et
2310 5005 2504 5060 exinde
2533 5003 2877 5075 consurgenti
2927 5012 3087 5072 atque
3137 5001 3202 5055 ad
3259 5015 3450 5055 omnes
3495 5013 3620 5066 usus
3673 4996 3818 5054 vitae

2206 5100 2547 5156 necessarios
2577 5098 2850 5158 incedenti
2879 5097 2972 5159 fiat
2999 5107 3184 5153 erecta
3208 5105 3264 5158 et
3286 5095 3432 5166 jugis
3454 5094 3646 5158 oratio.

2809 5211 3038 5268 CAPUT
3078 5210 3169 5265 XI.

2211 5304 2286 5362 De
2313 5307 2624 5377 perfectione
2654 5308 2924 5372 orationis,
2957 5306 3024 5360 ad
3056 5322 3216 5372 quam
3244 5305 3500 5375 praedicta
3523 5303 3820 5372 traditione

2812 5379 3192 5440 conscenditur.

2281 5469 2442 5523 Istam
2475 5485 2628 5524 mons
2669 5470 3038 5525 indesinenter
3069 5469 3356 5524 [immittam
3387 5476 3594 5534 teneat,
3625 5467 3819 5525 donec

2206 5575 2306 5616 usu
2333 5561 2452 5631 ejus
2484 5561 2791 5616 incessabili
2815 5563 2999 5640 ctjugl
3024 5562 3376 5617 meditatione
3401 5561 3633 5626 ﬁrmata,
3663 5575 3815 5632 cuq-

2205 5667 2420 5722 ctaruin.
2442 5655 2826 5726 cogitationum
2857 5655 3070 5720 divitias
3102 5655 3425 5734 amplasun
3454 5653 3814 5720 substantias

2203 5750 2428 5819 abjiciat
2456 5759 2510 5805 et
2538 5749 2760 5817 refutet,
2785 5759 2952 5820 atque
2979 5748 3056 5810 ita
3081 5749 3338 5812 versiculi
3373 5747 3531 5818 hujus
3561 5761 3812 5818 pauper»

2205 5852 2316 5898 tate
2346 5842 2659 5907 constricta,
2689 5840 2757 5896 ad
2804 5840 2950 5896 illam
2995 5840 3371 5913 Evangelicam
3399 5837 3811 5898 beatitudinem
