4078 6332
455 318 564 381 839

1512 313 1795 375 JOANNlS
1830 280 2132 373 cassum
2171 303 2668 369 COLLATIONES.

3617 300 3722 360 840

453 433 759 508 affectibus]
800 434 1010 501 eruditi,
1041 448 1146 490 non
1179 442 1237 488 ut
1266 432 1472 500 audita,
1505 433 1600 487 sed
1628 445 1898 502 tamquam
1919 433 2124 504 per-1A
2145 446 2264 486 rum
2307 429 2458 484 brevi
2508 441 2762 484 sermone
2811 423 3172 483 concluderei
3207 420 3273 479 Et
3312 421 3514 480 idcirco
3561 437 3729 477 unum

453 531 593 588 fecta
634 531 938 602 palpemus,
972 543 1072 584 nec
1120 538 1390 597 tamquam
1442 526 1717 581 memoria:
1765 539 2042 580 commcn-

454 624 600 690 data,
629 623 724 678 sed
753 624 898 678 velut
923 622 1023 691 ipsi
1049 635 1232 675 rerum
1261 629 1476 673 naturae
1517 617 1702 684 insita,
1731 617 1799 671 de
1829 617 2041 671 interno

453 716 636 770 cordis
683 715 1050 785 parturiamus
1093 711 1310 779 affectu,
1355 721 1413 766 ut
1459 725 1649 766 eorum
1700 721 1892 764 sensus
1934 722 2042 762 non

456 817 607 865 textu
638 808 909 876 lectionis,
935 807 1031 862 sed
1059 805 1397 875 experientia
1424 801 1767 874 praecedente
1796 809 2045 870 penetre-

456 919 608 969 mus,
641 911 803 971 atque
853 903 925 956 ita
975 901 1040 955 ad
1089 901 1238 955 illam
1282 898 1549 954 orationis
1587 894 2043 964 incorruptionem

454 1015 610 1055 mens
633 1008 815 1052 nostra
841 996 1145 1066 perveniat,
1173 995 1240 1049 ad
1269 1009 1428 1064 quam
1458 992 1512 1047 in
1542 989 1823 1062 superiore
1854 996 2047 1042 tracta-

455 1099 533 1157 tu,
559 1099 819 1160 quantum
851 1087 1111 1142 Dominus
1136 1086 1341 1140 donare
1365 1084 1619 1154 dignatus
1647 1091 1750 1150 est,
1777 1079 1913 1134 ordo
1937 1078 2049 1133 col-

457 1183 672 1236 lationis
701 1180 947 1237 ascendit
974 1178 1188 1250 (Collat.
1221 1178 1255 1234 9
1277 1195 1397 1247 cap.
1426 1176 1543 1248 29),
1577 1190 1702 1246 quae
1733 1188 1842 1228 nott
1871 1171 2045 1226 solum

458 1276 659 1330 nullius
700 1275 953 1345 imaginis
1000 1282 1296 1342 occupatur
1325 1270 1542 1339 intuitu,
1578 1270 1676 1324 sed
1708 1269 1870 1323 etiam
1901 1264 2046 1319 nulla

457 1371 629 1434 vocis,
693 1369 838 1423 nulla
897 1367 1182 1422 verborum
1237 1364 1621 1436 prosecutione
1675 1358 2047 1430 distinguitur,

459 1462 627 1533 ignita
665 1477 794 1516 vero
830 1461 1029 1514 mentis
1060 1459 1361 1514 intentione
1390 1472 1488 1528 per
1518 1454 1844 1511 ineffabilem
1871 1451 2049 1507 cordis

455 1570 747 1612 excessum
797 1553 1196 1624 inexpugnabili
1247 1552 1472 1621 spiritus
1515 1549 1795 1605 alacritate
1837 1546 2047 1619 profer-

455 1655 572 1713 tur,
603 1662 874 1718 quamque
905 1660 1060 1700 mens
1085 1653 1236 1699 extra
1265 1658 1454 1699 omnes
1478 1655 1674 1698 sensus
1707 1655 1771 1696 ac
1808 1637 2050 1695 visibiles

457 1742 648 1798 eﬂ‘ecta
703 1741 990 1805 materias,
1038 1737 1328 1810 gemitibus
1383 1735 1839 1793 inenarrabilibus
1889 1739 2050 1801 atque

458 1835 706 1906 suspiriis
738 1832 1016 1901 profundit
1045 1831 1111 1886 ad
1139 1830 1327 1885 Deum.

1055 1922 1282 1979 CAPUT
1321 1921 1438 1977 XII.

531 2017 875 2091 Interrogatio
902 2015 1334 2091 quemadmodum
1363 2014 1620 2084 spiritales
1645 2015 1978 2081 cogitationes

919 2088 1249 2142 immobiliter
1287 2095 1580 2139 teneantur.

531 2207 834 2263 Germanus
868 2223 882 2261 :
917 2203 1034 2259 Non
1077 2202 1254 2256 solum
1295 2201 1454 2256 nobis
1496 2199 1849 2256 traditionem
1889 2199 2051 2270 spiri-

463 2301 585 2355 talis
617 2299 775 2369 hujus
802 2313 960 2370 quam
992 2295 1337 2367 poposcimus
1367 2293 1687 2363 disciplinae,
1737 2295 1832 2349 sed
1880 2293 2049 2363 ipsam

468 2394 627 2464 plane
672 2391 1058 2461 perfectionem
1102 2390 1231 2443 satis
1262 2394 1449 2458 aperte
1486 2397 1647 2457 atque
1691 2385 1926 2442 dilucide
1957 2400 2054 2454 pu-

462 2495 646 2542 tamus
674 2498 1008 2553 expressam.
1039 2481 1179 2548 Quid
1207 2481 1351 2536 enim
1380 2488 1562 2549 potest
1588 2495 1709 2536 esse
1738 2481 2056 2551 perfectius,

467 2578 666 2650 quidve
712 2577 1014 2642 sublimius,
1058 2590 1222 2646 quam
1253 2574 1350 2629 Dei
1390 2574 1704 2629 memoriam
1758 2586 1864 2629 tam
1910 2589 2060 2630 com-

465 2672 729 2742 pendiosa
758 2671 1110 2727 meditatione
1136 2667 1446 2736 complecti,
1472 2676 1631 2737 atque
1656 2676 1679 2704 ⁸
1710 2669 1868 2722 unius
1890 2669 2060 2723 versi-

468 2767 577 2820 culi
607 2767 941 2820 volutatione
970 2778 1000 2817 a
1028 2761 1240 2816 cunctis
1278 2758 1568 2815 visibilium
1605 2759 1849 2814 terminis
1879 2759 2057 2814 demi-

469 2873 653 2929 grare,
687 2867 740 2912 et
767 2853 1168 2927 quodammodo
1213 2851 1437 2906 aﬂ‘ectus
1477 2851 1783 2906 orationum
1839 2860 2056 2907 cuncta-

2143 523 2284 595 quod
2307 531 2577 592 superest,
2602 520 2776 575 adhuc
2801 519 2958 574 nobis
2982 533 3268 589 precamur
3289 515 3508 586 exponi,
3542 529 3734 584 quem-

2142 616 2432 671 admodum
2483 614 2625 667 hunc
2679 611 2927 666 eumdem
2976 609 3298 666 versiculum
3354 623 3511 678 quem
3571 605 3732 661 nobis

2143 709 2261 766 vice
2289 707 2532 764 formulae
2561 705 2852 773 tradidisti,
2880 705 3144 760 stabiliter
3171 705 3409 760 retinere
3432 703 3735 772 possimus,

2143 811 2204 856 ut
2231 801 2372 854 sicut
2397 813 2495 868 per
2524 797 2616 852 Dei
2645 798 2870 867 gratiam
2903 808 3089 850 sumus
3135 809 3164 848 a
3197 793 3537 848 saecularium
3584 793 3738 861 cogi-

2147 891 2412 947 tationum
2443 888 2658 959 ineptiis
2687 885 2919 952 liberati,
2954 886 3025 941 ita
3063 884 3332 956 spiritales
3359 898 3605 955 quasque
3635 884 3710 938 im

2147 983 2422 1040 mobiliter
2450 982 2801 1038 retineamus.

2737 1109 2967 1168 CAPUT
2991 1110 3132 1167 XIII.

2507 1232 2586 1286 De
2621 1231 2960 1286 mutabilitate
2983 1230 3376 1300 cogitationum.

2221 1371 2352 1427 Cum
2384 1370 2526 1426 enim
2548 1368 2575 1408 ι’
2607 1368 2901 1440 capitulum
2933 1368 3217 1437 cujuslibet
3250 1368 3442 1437 psalmi
3469 1382 3623 1424 mens
3647 1383 3742 1423 no-

2149 1474 2259 1521 stra
2289 1465 2617 1535 conceperit,
2648 1463 3036 1518 insensibiliter
3063 1476 3126 1518 eo
3163 1463 3466 1528 subtracto,
3510 1463 3574 1516 ad
3607 1463 3752 1516 alte-

2151 1559 2266 1614 rius
2307 1558 2604 1627 Scriptura:
2630 1565 2835 1611 textum
2867 1555 3117 1609 nesciens
3145 1563 3478 1624 stupensque
3507 1554 3754 1608 devolvi-

2152 1659 2260 1705 tur.
2289 1647 2532 1718 Cumque
2582 1647 2715 1701 illud
2765 1647 2817 1700 in
2861 1647 3156 1714 semetipsa
3204 1644 3433 1715 cmperit
3477 1645 3752 1711 volutare,

2154 1743 2384 1800 necdum
2422 1744 2511 1797 illo
2541 1743 2606 1796 ad
2649 1741 2917 1811 integrum
2967 1739 3248 1805 ventilato,
3301 1738 3492 1793 oborta
3519 1737 3755 1792 alterius

2079 1827 2128 1886 B
2157 1835 2450 1892 testimonii
2498 1834 2790 1900 memoria,
2822 1832 3224 1887 meditationem
3257 1832 3496 1885 materia:
3550 1831 3755 1900 prioris

2154 1927 2417 1987 excludit.
2451 1926 2519 1982 de
2550 1927 2650 1981 hac
2677 1941 2891 1996 quoque
2910 1925 2976 1980 ad
3005 1924 3255 1992 alteram,
3282 1924 3624 1979 subintrante
3646 1923 3755 1977 alia

2156 2021 2507 2076 meditatione
2539 2018 2888 2080 transfertur.
2942 2027 2999 2074 et
3044 2018 3116 2072 ita
3163 2017 3376 2072 animus
3424 2032 3638 2086 semper
3685 2017 3799 2075 de.

2155 2114 2366 2183 psalmo
2412 2119 2623 2166 rotatus
2664 2111 2731 2164 ad
2778 2111 3068 2181 psalmum,
3103 2109 3172 2164 de
3199 2109 3470 2179 Evangelii
3499 2119 3654 2165 textu
3684 2108 3758 2162 ad

2159 2203 2400 2273 Apostoli
2453 2202 2762 2257 transiliens
2813 2201 3130 2268 leCIionem,
3165 2201 3233 2256 de
3285 2201 3384 2257 hac
3418 2217 3631 2272 quoque
3683 2201 3761 2255 ad

2159 2296 2477 2367 prophetica
2505 2295 2790 2350 devolutus
2819 2293 3056 2364 eloquia,
3091 2303 3148 2348 et
3173 2294 3370 2348 exinde
3399 2295 3465 2347 ad
3492 2293 3762 2362 quasdam

2159 2388 2437 2461 spiritales
2465 2387 2675 2442 delatus
2707 2385 2979 2452 historias,
3015 2400 3111 2455 per
3150 2401 3314 2440 omne
3357 2385 3765 2455 Scripturarum

2161 2495 2356 2550 corpus
2375 2479 2642 2535 instabilis
2659 2492 2938 2548 vagusque
2951 2477 3220 2546 iactatur;
3251 2478 3379 2533 nihil
3411 2493 3506 2547 pro
3527 2477 3769 2532 arbitrio

2162 2589 2263 2629 suo
2294 2573 2597 2643 praevalens
2644 2571 2728 2627 vel
2780 2570 3020 2640 abjicere
3064 2570 3152 2625 vel
3202 2578 3411 2636 tenere,
3455 2585 3554 2624 nec
3599 2570 3772 2638 pleno

2164 2666 2452 2737 quidquam
2479 2664 2684 2734 judicio
2732 2669 2787 2717 et
2841 2661 3239 2717 examinatione
3289 2662 3464 2729 finiri,
3511 2660 3773 2731 palpator

2167 2758 2541 2814 tantummodo
2570 2755 2892 2827 Spiritalium
2922 2769 3178 2810 sensuum
3201 2769 3265 2809 ac
3288 2754 3624 2826 degustator,
3650 2771 3770 2810 non

2164 2859 2448 2922 generator
2500 2863 2600 2904 nec
2646 2860 2928 2918 possessor
2956 2845 3211 2912 eb‘ectus;
3256 2857 3277 2885 ε
3311 2857 3472 2917 atque
3502 2847 3571 2902 ita
3602 2861 3772 2902 mens

1561 2971 1819 3026 ALABDI
1860 2969 2095 3026 GAZEI
2132 2969 2692 3028 COMMENTARIUS.

476 3065 732 3121 dentibus
758 3072 813 3120 et
841 3064 1298 3134 consequentibus
1321 3062 1580 3118 cohteret.
1611 3063 1682 3118 At
1711 3064 1956 3133 plerique
1978 3064 2072 3119 alii

2180 3082 2302 3119 rans
2330 3082 2347 3119 :
2375 3064 2495 3130 Eia,
2518 3065 2702 3134 inquit,
2729 3081 2822 3120 cur
2847 3064 3129 3119 dormitas?
3155 3049 3576 3134 Cachinnansque
3605 3065 3776 3118 desu-

477 3139 678 3192 habent
715 3154 729 3189 :
765 3130 1042 3206 Magistris'
1078 3133 1346 3200 affectibus
1380 3134 1609 3206 eruditi.
1660 3130 1808 3201 Quos
1848 3130 2065 3190 secutus
2093 3138 2139 3201 C
2171 3154 2281 3206 per,
2302 3153 2418 3190 cum
2446 3130 2811 3204 defecissenan
2829 3137 3073 3191 hordeum
3099 3134 3245 3206 vellet
3265 3130 3514 3201 accipere,
3531 3135 3775 3187 sciscita-

479 3203 869 3277 Paraphrastes
898 3203 1191 3290 :.Er.uditi,
1229 3204 1452 3290 .inquit,
1502 3203 1768 3273 aﬁ‘ectibus
1821 3207 2064 3290 prOpriis,

481 3276 740 3348 tamquam
796 3277 1096 3346 magistris,
1125 3276 1424 3348 _palpsmus
1476 3293 1575 3340 ea,
1626 3293 1729 3329 non
1783 3276 1927 3346 quasi
1975 3294 2068 3330 au~

480 3346 622 3414 dita,
673 3359 810 3416 etc.,
845 3363 967 3418 quae
1011 3355 1068 3402 et
1111 3346 1352 3403 Gallicus
1396 3346 1665 3418 interpres
1697 3348 1867 3402 verbo
1919 3359 2074 3404 tenus

483 3423 772 3476 expressit.

557 3439 772 3545 L“misti;
812 3488 1024 3562 scilicet
1061 3487 1320 3562 versiculi
1364 3506 1377 3541 :
1439 3488 1612 3562 Dens,
1657 3489 1731 3562 in_
1754 3488 2075 3562 adjutorium

488 3579 655 3616 meum
686 3561 912 3625 intende,
936 3569 1070 3626 etc.,
1099 3560 1166 3615 de
1193 3573 1301 3629 quo
1331 3574 1492 3629 supra
1522 3557 1675 3629 (Cap.
1711 3557 1822 3629 i0).

557 3631 585 3671 ι’
613 3631 916 3703 Capitulum
948 3647 1043 3698 pro
1070 3641 1408 3703 argumento,
1442 3632 1524 3703 vel
1554 3645 1655 3703 pro
1685 3631 1921 3703 exordio
1961 3630 2076 3686 sive

490 3701 778 3774 principio,
813 3703 1080 3768 sumitur;
1109 3701 1381 3774 quomodo
1421 3701 1584 3754 etiam
1619 3701 1681 3755 D.
1718 3701 2076 3774 Hieronymus

491 3770 593 3848 (In,
618 3770 815 3840 Qutest.
847 3773 1018 3848 Hebr.
1037 3770 1168 3848 etin
1197 3770 1308 3848 _Isa.
1341 3788 1388 3848 ς.
1419 3787 1554 3848 sxtx
1580 3781 1628 3826 et
1657 3770 1932 3848 in_Ezeclt.
1958 3788 2072 3848 cap.

490 3841 550 3917 ii)
585 3847 713 3916 legit
741 3856 795 3917 et
825 3846 1054 3917 exponit
1083 3843 1216 3898 illud
1246 3843 1436 3917 psalmi
1470 3858 1637 3917 xxxix
1664 3861 1676 3895 :
1713 3841 1779 3896 In
1806 3844 1979 3917 capite
1999 3844 2077 3917 vel

491 3913 544 3971 in
570 3913 798 3980 capitulo
819 3916 937 3968 libri
957 3915 1202 3982 scriptum
1221 3925 1295 3968 est
1317 3915 1379 3968 de
1404 3929 1506 3978 me,
1530 3913 1582 3966 id
1603 3922 1708 3979 est,
1733 3916 1783 3967 iu
1819 3914 2078 3984 principio

491 3987 763 4044 Geneseos
778 3987 864 4040 vel
888 3987 938 4038 in
957 3985 1235 4055 Scriptura
1257 3993 1476 4047 sancta,
1505 3999 1625 4052 qua:
1652 3999 1791 4038 unus
1820 3984 1953 4038 liber
1981 4001 2080 4052 ap-

494 4059 746 4128 pellatur.
773 4057 944 4128 Porro
975 4056 1260 4126 Dionysius
1292 4056 1394 4128 hoc
1422 4057 1670 4128 locopro
1700 4055 1936 4124 capitulo
1984 4071 2078 4124 po-

494 4125 604 4183 suit
634 4142 846 4189 versum
877 4125 1348 4196 alicujus’psalmi,
1380 4139 1486 4194 quo
1520 4125 1734 4180 videtur
1764 4141 2082 4194 quemcum-

496 4214 599 4270 que
629 4199 1175 4270 versumgcnjuslibet
1201 4196 1396 4267 psalmi
1432 4196 1751 4266 intelligere.
1789 4197 1940 4264 Quod
1981 4213 2079 4254 nec

499 4270 658 4326 velim
681 4269 1008 4340 improbare.
1191 4338 1203 4340 _
1637 4275 1644 4280 '

572 4352 594 4380 ο
626 4337 776 4394 lianc
805 4340 1001 4393 mentis
1048 4337 1455 4393 instabilitatem
1501 4346 1555 4392 et
1601 4337 1972 4407 evagationem
2023 4339 2078 4394 in

502 4411 748 4466 oratione
773 4411 1023 4479 deplorat
1051 4411 1208 4464 etiam
1263 4409 1327 4462 D.
1365 4409 1727 4479 Hieronymus
1757 4409 1809 4463 in
1859 4409 2080 4480 Dialogo

498 4483 758 4571 adversus
781 4481 1175 4562 Luciferianos,
1200 4481 1347 4571 velut
1369 4494 1653 4571 perso‘nam
1685 4481 1961 4562 hominum
1994 4483 2076 4564 in-
2104 4511 2157 4571 Β

498 4555 814 4609 devotorurn
847 4555 899 4606 in
947 4567 1006 4606 se
1033 4557 1430 4620 repraesentans
1461 4569 1476 4605 :
1508 4550 1591 4604 Ad
1639 4552 1920 4604 orationem
1945 4593 1959 4616 ,
1993 4551 2078 4606 in-

498 4627 635 4694 quit,
665 4624 850 4677 assiste
871 4639 888 4690 ;
910 4638 1012 4676 non
1041 4639 1242 4676 orarem
1270 4622 1449 4694 si_non
1479 4623 1763 4687 crederem;
1793 4622 1881 4674 sed
1907 4623 1949 4674 si
1969 4639 2081 4676 vere

499 4692 772 4758 crederem,
823 4693 956 4747 illud
1005 4711 1114 4759 cor,
1153 4709 1256 4763 quo
1303 4692 1444 4746 Deus
1486 4694 1707 4756 videtur,
1758 4694 2080 4758 ntundarcm,

499 4766 736 4820 manibus
782 4765 1050 4818 tunderem
1099 4775 1307 4836 pectus,
1351 4780 1509 4836 genas
1559 4765 1800 4836 lacrgmis
1838 4764 2081 4836 rigorem,

501 4853 715 4905 corpore
739 4834 1134 4890 inhorrescerem
1154 4875 1168 4899 ,
1200 4850 1286 4889 ore
1314 4835 1558 4905 pullerem
1577 4877 1590 4898 ,
1617 4835 1842 4900 iacerem
1867 4834 1936 4887 rid
1970 4834 2081 4889 Do-

501 4909 625 4961 mini
655 4908 754 4960 mei
782 4907 959 4975 pedes,
985 4922 1171 4974 eosque
1194 4907 1321 4974 ﬂetu
1349 4907 1731 4977 perfunderent,
1764 4906 1902 4958 crine
1923 4916 2086 4977 terge-

503 4996 632 5045 rem,
657 4979 899 5032 haererem
919 4988 1053 5032 certo
1079 4989 1259 5030 trunco
1281 4976 1467 5041 crucis,
1484 4993 1584 5048 nec
1605 4977 1748 5048 prius
1777 4976 2080 5048 amitterem,

501 5065 654 5117 quam
678 5048 1083 5102 misericordiam
1103 5048 1450 5116 impetrarem.
1473 5046 1624 5100 Nunc
1645 5063 1762 5100 vero
1788 5046 2086 5101 creberrime

501 5120 554 5172 in
585 5121 811 5173 oratione
839 5135 953 5172 mea
981 5136 1068 5188 per
1096 5118 1326 5186 porticus
1354 5118 1625 5171 deambula
1645 5159 1658 5180 ,
1691 5128 1777 5172 aut
1821 5119 1884 5168 de
1915 5122 2087 5187 fenore

501 5190 763 5258 computo,
810 5199 899 5243 aut
938 5190 1186 5242 abductus
1217 5190 1361 5257 turpi
1400 5190 1727 5260 cogitatione,
1777 5189 1928 5260 etiam
1973 5205 2088 5260 qua:

501 5264 652 5315 dictis
691 5261 1036 5314 erubescenda
1075 5266 1194 5313 sunt
1238 5275 1379 5329 gero.
1417 5258 1516 5313 Ubi
1553 5269 1628 5312 est
1668 5260 1844 5329 ﬁdes?
1887 5258 2088 5314 Siccine

504 5343 746 5399 putamus
768 5348 942 5385 orasse
963 5330 1193 5385 Jonatn?
1219 5330 1309 5384 Sic
1330 5337 1428 5384 tres
1454 5332 1674 5401 pueros?
1699 5331 1786 5385 Sic
1819 5330 2089 5383 Danielem

504 5405 636 5455 inter
659 5400 892 5456 Leones?
921 5401 1010 5457 Sic
1039 5403 1290 5455 latronem
1316 5403 1368 5454 in
1399 5400 1585 5455 cruce?
1624 5403 1698 5457 Ita
1731 5401 1787 5456 S.
1822 5401 2086 5470 Hierony-

507 5489 644 5524 lltltS.
692 5473 803 5527 lloc
832 5475 1004 5541 ipsum
1033 5481 1294 5538 expertus
1336 5474 1495 5526 etiam
1523 5483 1604 5527 est
1632 5474 1687 5527 S.
1723 5473 1983 5536 HilariOn,
2021 5471 2089 5526 de

505 5558 610 5611 quo
643 5542 782 5596 idem
818 5543 878 5596 D.
914 5543 1269 5610 Hieronymus
1293 5541 1392 5612 (ln
1428 5542 1548 5596 Vita
1578 5542 1876 5612 Hilarion.)
1907 5558 1922 5596 :
1959 5541 2091 5595 Ora-

507 5612 614 5676 bat,
642 5614 850 5684 inquit,
890 5615 1046 5668 semel
1074 5614 1178 5682 ﬁxo
1209 5612 1476 5684 interrom
1507 5616 1692 5684 capite,
1726 5623 1772 5666 et
1817 5622 1873 5665 ut
1904 5624 2091 5668 natura

509 5684 605 5752 fert
632 5680 896 5737 hominum
914 5725 930 5752 ,
973 5680 1197 5753 abducta
1224 5683 1289 5737 ab
1329 5680 1578 5738 oratione
1605 5700 1742 5737 mens
1772 5684 1940 5738 nescio
1968 5685 2090 5753 quid

507 5753 652 5827 aliud
691 5755 963 5827 cegitabat.
1014 5752 1215 5827 Insiliit
1251 5753 1404 5827 dorso
1449 5757 1562 5827 ejus
1611 5755 1823 5826 festinus
1852 5752 2092 5827 agitator

509 5823 832 5906 (diabolus)
859 5836 907 5886 et
945 5827 1104 5886 latera
1132 5823 1382 5894 calcibus,
1410 5823 1657 5882 cervicem
1687 5823 2092 5899 ﬂagellq'uerbe-

2175 3203 2345 3261 batur.
2375 3207 2497 3260 Haec
2527 3207 2902 3276 Hieronymus.
2923 3208 3188 3262 Caeterum
3208 3203 3274 3258 de
3301 3206 3614 3276 evagatione
3659 3220 3772 3260 seu

2175 3279 2529 3333 distractione
2556 3273 2749 3332 mentis
2773 3279 2825 3332 in
2854 3278 3101 3332 oratione
3137 3276 3401 3330 videndus
3442 3275 3528 3328 hic
3553 3273 3771 3330 Turre-

2175 3349 2571 3418 crematus,qui
2595 3349 2692 3402 hac
2717 3349 2784 3403 de
2813 3364 2872 3404 re
2894 3347 3026 3402 satis
3047 3347 3266 3418 copiose
3291 3344 3769 3418 disserittractatn

2175 3421 2242 3474 77
2272 3422 2322 3473 in
2347 3419 2604 3489 Regulam
2630 3419 2693 3472 D.
2722 3419 3022 3482 Benedicti,
3049 3417 3140 3471 ubi
3164 3418 3280 3472 haec
3304 3417 3446 3489 inter
3472 3417 3614 3471 alia:
3651 3417 3776 3470 No.

2177 3493 2396 3545 tandum
2420 3487 2560 3556 quod
2589 3505 2709 3543 cum
2733 3505 2828 3544 cor
2848 3491 3219 3559 cvagationem
3246 3487 3446 3554 patitur
3472 3491 3523 3540 in
3552 3489 3773 3544 oratio-

2175 3563 2353 3621 nibus.
2385 3561 2673 3630 aliquando
2703 3562 2896 3616 accidit
2921 3577 2991 3617 ex
3025 3561 3337 3614 inlirmitate
3370 3562 3626 3630 humana,
3651 3559 3768 3614 ali-

2175 3632 2392 3702 quando
2410 3629 2847 3702 exinegligeutia,
2872 3630 3158 3702 aliquando
3185 3645 3250 3683 ex
3281 3629 3576 3698 proposito.
3605 3629 3776 3684 Licet

2176 3716 2353 3758 autem
2387 3715 2554 3759 tntum
2579 3705 2646 3757 sit
2676 3701 3124 3771 reprehensihile,
3144 3709 3319 3754 tamen
3344 3702 3559 3754 tertium
3584 3702 3772 3769 magis

2176 3791 2335 3838 quam
2367 3774 2691 3838 secundum,
2727 3782 2782 3827 et
2806 3773 3098 3829 seetindutn
3125 3773 3292 3839 magis
3315 3786 3474 3840 quam
3499 3772 3770 3839 primum.

2177 3845 2306 3900 Item
2331 3853 2456 3898 sunt
2479 3844 2722 3913 quaedam
2749 3845 3100 3914 cogitationes
3130 3841 3201 3914 de
3217 3842 3536 3910 quibusdam
3566 3858 3773 3896 neces-

2178 3915 2355 3979 sariis,
2381 3912 2520 3970 sicut
2545 3930 2664 3968 cum
2697 3912 2955 3968 incumbit
2983 3912 3142 3967 alicui
3174 3912 3240 3964 de
3271 3929 3376 3980 quo
3398 3919 3615 3981 oportet
3635 3928 3771 3968 eum

2178 3986 2437 4055 cogitare.
2489 3985 2565 4040 De
2599 3987 2791 4054 quibus
2838 3985 3067 4039 habetur
3116 3982 3362 4055 Sapient.
3398 4000 3446 4038 ιι
3484 3981 3774 4055 :fl‘errena

2178 4054 2424 4128 cogitatio
2449 4057 2685 4125 deprimit
2706 4073 2915 4128 sensum
2940 4057 3098 4128 multa
3119 4054 3445 4128 cogitantem.
3477 4054 3607 4128 Alite
3638 4067 3778 4108 sunt

2183 4125 2449 4207 vanitatis,
2483 4129 2550 4207 de
2579 4128 2768 4196 quibus
2799 4127 3080 4207 Dsalmista
3114 4145 3128 4181 :
3159 4125 3414 4207 Dominus
3439 4125 3534 4179 scit
3564 4128 3775 4207 regitq-

2180 4201 2341 4253 tioues
2371 4200 2652 4262 hominum,
2672 4198 2914 4265 quoniam
2935 4212 3080 4250 vana:
3103 4208 3242 4250 sunt.
3260 4197 3391 4252 Aliae
3414 4205 3537 4250 sunt
3567 4197 3779 4260 iniqui-

2183 4271 2326 4334 tatis,
2372 4271 2499 4338 Sap.
2531 4286 2544 4322 ι
2579 4286 2592 4322 :
2641 4267 2904 4323 Perversa:
2934 4268 3266 4338 cogitationes
3295 4275 3541 4335 separant
3569 4282 3600 4318 a
3631 4265 3773 4324 Deo.

2184 4341 2237 4395 In
2270 4341 2609 4394 orationibus
2648 4341 2947 4395 cavendum
2977 4351 3059 4392 est
3106 4355 3133 4390 ει
3189 4338 3406 4405 primis;
3457 4339 3549 4391 sed
3582 4338 3703 4405 plus
3736 4357 3769 4392 ει

2183 4412 2456 4475 secundis,
2487 4412 2605 4479 plus
2636 4425 2664 4462 a
2695 4410 2890 4464 tertiis.
2937 4410 3068 4464 Item
3111 4410 3354 4478 qutedam
3405 4409 3776 4478 cogitationes

2185 4484 2430 4536 oriuntur
2443 4499 2507 4534 ex
2529 4481 2867 4536 immissione
2891 4480 3227 4543 daemonum;
3251 4480 3496 4547 quaedam
3519 4495 3583 4533 ex
3606 4479 3774 4548 culpa

2188 4553 2533 4623 prtem-denti,
2561 4563 2618 4606 ut
2647 4568 2768 4606 cum
2801 4552 2920 4622 quis
2947 4562 3070 4604 ante
3100 4553 3398 4604 orationem
3429 4550 3566 4623 adeo
3596 4567 3771 4618 vagus

2183 4635 2286 4686 est,
2320 4625 2460 4693 quod
2503 4624 2596 4677 illa
2636 4625 2925 4680 occasione
2965 4635 3253 4693 occurrant
3280 4623 3327 4676 ei
3362 4622 3590 4693 orando,
3625 4624 3775 4676 sicut

2185 4708 2236 4749 et
2265 4692 2586 4748 somniando
2613 4710 2733 4763 qua:
2766 4709 2884 4749 eum
2907 4692 3229 4763 impediunt;
3257 4692 3501 4763 quzedatn
3524 4707 3588 4746 ex
3608 4692 3775 4760 culpa

2185 4769 2454 4835 prmsenti.
2484 4776 2538 4818 ut
2561 4761 2679 4819 cuiu
2711 4763 2940 4820 dicendo
2970 4762 3207 4817 divinum
3225 4761 3498 4835 alliciunt,
3519 4777 3580 4818 se
3607 4777 3773 4816 occu-

2189 4833 2274 4906 pat
2299 4840 2348 4890 in
2368 4837 2506 4890 aliis.
2533 4836 2769 4890 Primum
2797 4837 3017 4898 malum,
3037 4833 3328 4888 secundum
3357 4835 3529 4902 pejus,
3548 4836 3772 4888 tertium

2188 4907 2501 4976 pessimum.
2537 4908 2664 4961 Item
2702 4907 2909 4961 orando
2945 4914 3237 4960 occurrunt
3284 4907 3531 4974 qttzxrtiant
3563 4907 3774 4974 Cagita-

2189 4981 2361 5033 tiones
2397 4979 2558 5032 utiles
2585 4987 2640 5032 et
2679 4980 2745 5031 de
2796 4977 3190 5042 pertinentibus
3239 4978 3303 5028 ad
3333 4977 3659 5039 orationem,
3716 4989 3778 5029 ιιι

2186 5065 2306 5102 cum
2336 5054 2620 5102 occasione
2643 5048 2868 5117 alicujus
2894 5046 3041 5101 verbi
3067 5048 3400 5117 occurrentis
3423 5047 3477 5099 in
3497 5045 3778 5104 oratione.

2187 5120 2382 5188 cogitat
2407 5121 2527 5187 quis
2559 5120 2758 5187 aliquid
2782 5115 2919 5173 utile
2962 5117 3026 5170 ad
3050 5115 3386 5188 faciendum
3412 5132 3729 5172 sermonem
3756 5159 3772 5180 ,

2147 5198 2152 5201 ‘
2188 5187 2272 5243 vel
2299 5191 2363 5243 ad
2409 5191 2712 5245 orationem
2763 5187 3181 5250 conlicicndam;
3214 5187 3534 5258 quandoque
3571 5203 3772 5242 occur-

2190 5271 2314 5315 runt
2338 5262 2519 5328 utiles,
2549 5261 2644 5316 sed
2669 5261 2736 5316 de
2760 5259 3257 5330 impertinentibus;
3281 5261 3604 5328 quandoque
3629 5274 3778 5328 qutu-

2189 5331 2310 5385 darn
2340 5333 2746 5402 irupertinentes
2775 5341 2830 5385 et
2857 5331 3094 5396 inutiles,
3129 5331 3297 5402 immo
3321 5331 3648 5398 quandoque
3676 5345 3777 5402 no-

2189 5405 2344 5457 civaa.
2371 5400 2558 5456 Prima-
2586 5403 2786 5457 habent
2813 5403 3042 5466 aliquam
3067 5401 3489 5468 excusationem,
3515 5400 3777 5454 secunda:

2191 5475 2452 5527 minorem
2477 5513 2490 5533 ,
2543 5477 2715 5528 tertia:
2741 5474 3036 5527 minimam.
3071 5470 3374 5526 Secundum
3410 5488 3539 5542 ergo
3566 5487 3777 5542 praece-

2191 5545 2381 5624 dentes
2430 5542 3234 5624 differentiasJcngitatiouum,
3291 5553 3472 5624 potest
3516 5542 3776 5606 adverti,

2191 5615 2407 5683 quando
2431 5615 2550 5683 plus
2581 5616 2741 5669 debet
2769 5614 2958 5683 timere
2975 5613 3098 5683 quis
3127 5613 3469 5667 conscientia:
3493 5627 3628 5676 suae,
3652 5627 3783 5667 cum

2193 5682 2391 5754 patitur
2419 5682 2788 5754 evagationem
2834 5682 3229 5754 cogitationum,
3277 5685 3331 5754 in
3373 5684 3604 5754 orando.
3653 5683 3785 5740 Haec

2193 5753 2663 5810 Turrecrematus.
2696 5755 2890 5810 Subdit
2919 5753 3112 5808 deinde
3157 5753 3371 5808 salubre
3414 5753 3678 5806 monitum
3711 5754 3786 5811 D.

2195 5825 2460 5886 Beruardi
2490 5828 2509 5901 ζ
2533 5827 2706 5884 Serm.
2749 5828 2817 5886 47
2861 5828 2912 5883 in
2942 5826 3093 5880 Cant.
3118 5825 3170 5898 ),
3209 5825 3396 5881 eodem
3438 5834 3697 5897 spectans
3727 5828 3792 5892 in
