4078 6332
487 266 588 324 851

491 494 615 534 cum
650 487 675 514 ³
708 481 1080 535 centenarium
1110 480 1235 535 vita
1273 495 1469 536 annum
1503 482 1694 551 spiritu
1725 491 1929 538 tantum
1953 485 2071 540 ala-

492 583 586 624 cer
639 575 981 638 excessisset,
1027 573 1096 626 ita
1149 572 1370 628 dorsum
1421 573 1536 644 ejus
1588 575 1844 646 temporis
1898 575 2074 633 fuerat

492 671 765 718 vetusmte
811 675 970 734 alque
1015 665 1318 720 orationum
1361 665 1585 736 jugitate
1639 678 1962 734 curvatum,
2016 681 2074 726 ut

491 755 644 825 quasi
679 755 1072 826 inprimavam
1125 755 1378 812 redactus
1433 755 1731 825 infantiam,
1783 759 2074 817 submissis

491 864 553 904 ac
571 850 826 917 protentis
850 859 1150 904 terratenus
1175 851 1424 904 manibus
1447 851 1880 920 progrederetur.
1907 853 2075 924 Hujus

491 941 652 1012 igitur
683 950 737 994 et
767 941 974 996 vultum
1007 943 1308 998 mirabilem
1351 955 1404 998 et
1445 944 1714 1000 incessum
1748 947 1949 1016 pariter
1986 947 2073 1003 in-

490 1049 704 1095 tuentes
737 1040 1024 1112 (siquidem
1050 1040 1273 1097 defectis
1293 1040 1737 1112 mortiﬁcatisque
1762 1043 1874 1113 jam
1903 1045 2076 1099 omni-

488 1133 591 1188 bus
619 1133 898 1200 membris,
943 1149 1282 1204 nequaquam
1340 1150 1623 1191 censuram
1659 1138 1941 1205 praterita
1994 1138 2077 1192 di-

487 1226 786 1282 strictionis
814 1226 1117 1298 amiserat),
1137 1243 1257 1282 cum
1274 1243 1576 1284 sermonem
1593 1240 1750 1302 atque
1777 1230 2075 1287 doctrinam

488 1321 808 1391 suppliciter
839 1336 1208 1392 posceremus,
1236 1337 1298 1377 ac
1326 1323 1651 1378 desiderium
1679 1333 1888 1380 tantum
1916 1325 2074 1395 Spiri-

489 1415 678 1472 talium
728 1415 1122 1471 institutionum
1175 1431 1389 1472 causam
1423 1417 1588 1474 fuisse
1613 1419 1879 1476 adventus
1901 1419 2078 1476 nostri

489 1515 938 1578 protestarcmur,
977 1509 1214 1578 graviter
1247 1508 1336 1564 ille
1367 1511 1646 1582 suspirans
1677 1529 1688 1564 :
1723 1511 1860 1580 Quid
1903 1513 2074 1580 vobis,

491 1601 588 1671 ait,
624 1615 839 1668 possum
871 1600 1118 1657 conferre
1148 1600 1432 1671 doctrina,
1461 1620 1583 1660 cum
1626 1605 1967 1662 imbecillitas
1989 1622 2075 1664 se-

491 1695 726 1750 nectutis
749 1703 806 1751 ut
835 1697 1067 1766 rigorem
1092 1697 1374 1766 pristinum
1405 1700 1689 1766 relaxavit,
1715 1701 1784 1757 ita
1823 1701 2078 1774 loquendi

1543 267 1826 329 JOANNIS
1863 269 2169 331 CASSIANI
2205 274 2694 333 COLLATIONES.

489 385 730 457 propior,
751 392 804 441 et
833 384 1042 442 duobus
1065 384 1185 442 aliis
1206 385 1509 458 provectior
1531 397 1675 444 esset
1715 397 1894 446 atate.
1933 390 2068 446 Nam
2095 398 2149 458 Α

3655 281 3775 344 882

2789 395 3019 455 CAPUT
3057 395 3148 455 Vl.

2211 506 2214 507 ν
2248 484 2546 559 Propositio
2564 485 2763 543 abbatis
2784 488 3150 562 Charemonis.
3176 488 3317 562 quod
3343 490 3505 548 tribus
3525 490 3694 547 modis

2747 561 2871 617 uitia
2894 563 3187 622 uincantur.

2247 671 2398 728 Tunc
2440 673 2630 732 beatus
2679 674 3039 736 Chaeremon:
3068 677 3195 733 Tria
3231 685 3377 746 sunt,
3421 677 3616 750 inquit,
3642 694 3774 750 qua

2176 762 2638 824 faciunthomines
2663 783 2693 822 a
2714 769 2860 824 vitiis
2892 780 3217 838 temperare,
3245 770 3300 826 id
3328 778 3433 836 est,
3467 781 3557 826 aut
3587 780 3772 826 metus

2175 856 2462 928 gehenna,
2493 860 2609 916 sive
2657 862 3004 930 prasentium
3043 863 3244 934 legum,
3287 873 3381 920 aut
3431 879 3555 936 spes
3600 875 3774 935 atque

2177 950 2506 1008 desiderium
2538 955 2687 1024 regni
2717 956 3003 1018 calorum,
3037 966 3129 1012 aut
3170 955 3394 1013 aﬂ‘ectus
3425 958 3548 1016 boni
3595 959 3774 1028 ipsius

2177 1057 2436 1114 amorque
2467 1046 2743 1101 virtutum.
2790 1047 2922 1102 Nam
2957 1050 3121 1102 timor
3169 1049 3242 1102 ita
3291 1050 3417 1104 mali
3456 1051 3774 1119 contagium

2179 1135 2372 1206 legitur
2401 1139 2674 1194 exsecrari
2698 1157 2709 1192 :
2737 1137 2911 1192 Timor
2936 1138 3146 1193 Domini
3183 1141 3290 1195 odit
3309 1141 3565 1195 malitiam
3589 1143 3604 1206 (
3630 1141 3780 1196 Pro-

2176 1229 2310 1283 νει-ὁ.
2346 1227 2483 1301 viti).
2538 1229 2674 1300 Spes
2714 1232 2897 1295 etiam,
2931 1229 3183 1286 vitiorum
3236 1231 3475 1289 omnium
3530 1232 3781 1289 excludit

2177 1321 2474 1378 incursum.
2508 1322 2628 1378 Non
2648 1325 2790 1380 enim
2823 1325 3118 1397 delinquent
3161 1343 3334 1382 omnes
3364 1329 3451 1398 qui
3471 1338 3672 1400 sperant
3713 1303 3815 1382 in‘

2179 1429 2294 1468 eum
2319 1412 2494 1486 (Psal.
2527 1414 2742 1486 χχχιιι).
2771 1415 2939 1470 Amor
2960 1432 3172 1488 quoque
3203 1419 3412 1472 ruinam
3441 1434 3545 1474 non
3578 1419 3784 1474 metuit

2179 1521 2520 1580 peccatorum
2547 1551 2562 1577 ,
2591 1510 2719 1581 quia
2756 1522 2776 1550 ο
2808 1509 3051 1566 Charitas
3103 1529 3380 1581 numquam
3408 1513 3545 1566 cadit
3574 1512 3616 1584 (l
3644 1511 3780 1569 Cor.

2181 1603 2319 1672 χιιι).
2355 1602 2422 1657 Ει
2443 1603 2640 1658 iterum
2681 1621 2693 1656 :
2727 1602 2962 1659 Charitas
2988 1604 3152 1674 operit
3177 1605 3552 1660 multitudinem
3581 1621 3785 1678 pecca-

2182 1704 2351 1750 torum
2371 1695 2415 1768 (l
2438 1695 2578 1751 Petr.
2601 1694 2698 1768 tv).
2723 1698 2787 1752 Et
2809 1696 3012 1754 idcirco
3031 1697 3218 1755 beatus
3241 1697 3531 1768 Apostolus
3552 1711 3784 1753 onmem

493 1807 709 1864 quoque
737 1792 938 1848 ademit
968 1793 1262 1848 ﬁduciam?
1307 1794 1766 1861 Quemadmodum
1810 1797 1954 1856 enim
1985 1797 2082 1854 do-
2112 1797 2159 1858 Β
2186 1791 2371 1847 salutis
2395 1806 2659 1848 summam
2684 1791 2906 1846 istarum
2937 1793 3098 1847 trium
3133 1793 3394 1848 virtutum
3427 1805 3787 1849 consumma-

493 1901 622 1943 cere
646 1901 990 1955 prasumam,
1021 1887 1165 1958 quod
1210 1888 1325 1958 ipse
1364 1904 1472 1944 non
1503 1890 1681 1956 facio;
1707 1900 1799 1948 aut
1837 1892 2002 1948 alium
2024 1893 2079 1948 iit

495 1995 563 2036 eo
593 1981 879 2042 instruam,
913 1980 1056 2052 quod
1084 1995 1171 2038 me
1197 1979 1306 2052 jam
1335 1981 1514 2038 minus
1553 1983 1636 2038 vel
1673 1983 1902 2052 tepidius
1924 1999 2082 2041 exer-

497 2086 627 2130 cere
653 2087 924 2143 cognosco
950 2073 1073 2129 ?0b
1094 2089 1255 2145 quam
1285 2090 1400 2131 rem
1427 2076 1633 2131 nullum
1657 2077 1927 2147 juniorem
1951 2078 2083 2134 mihi

497 2164 553 2220 in
585 2164 724 2220 hanc
757 2179 928 2235 usque
957 2173 1172 2221 atatem
1197 2167 1512 2223 cohabitare
1535 2169 1776 2239 permisi,
1807 2184 1876 2224 ne
1903 2185 2085 2226 exem-

495 2259 590 2329 plo
616 2273 738 2314 meo
759 2259 984 2316 alterius
1005 2259 1268 2317 districtio
1295 2261 1915 2334 laxaretur..Numquam
1938 2265 2082 2320 enim

497 2352 604 2408 erit
629 2352 818 2407 efﬁcax
864 2352 1195 2410 instituentis
1228 2355 1546 2426 auctoritas,
1582 2357 1680 2414 nisi
1731 2372 1851 2416 eam
1889 2356 2084 2416 effectu

496 2445 682 2514 operis
709 2445 790 2501 sui
821 2445 972 2502 cordi
995 2445 1232 2502 alﬁxerit
1260 2448 1550 2506 audientis.

1123 2537 1350 2594 CAPUT
1391 2538 1458 2592 ν.

569 2631 652 2687 Dc
679 2631 1011 2702 responsione
1041 2638 1218 2686 nostra
1256 2641 1433 2687 contra
1471 2633 1851 2688 excusationem
1879 2637 2015 2708 ejus.

557 2723 640 2780 Ad
667 2726 782 2780 haec
799 2738 897 2779 nos
918 2739 1023 2780 non
1048 2723 1303 2780 mediocri
1326 2723 1642 2782 confusione
1657 2729 1988 2799 compuncti,
2019 2729 2089 2784 ita

503 2815 920 2886 respondimus:
963 2815 1120 2871 Licet
1148 2814 1397 2872 sufﬁcere
1438 2817 1595 2872 nobis
1639 2818 1706 2874 ad
1751 2833 1967 2876 omnem
2013 2821 2092 2876 in-

503 2908 856 2964 structionem
884 2907 1080 2963 debeat
1109 2908 1192 2963 vel
1219 2907 1322 2964 loci
1349 2910 1505 2964 istius
1522 2909 1834 2980 difﬁcultas,
1866 2912 1952 2967 vel
1979 2913 2090 2983 ipsa

505 3001 667 3056 etiam
697 2999 934 3056 solitaria
984 3001 1159 3057 adhuc
1189 3002 1322 3069 vita,
1374 3019 1534 3072 quam
1575 3005 1836 3074 juventus
1881 3022 2095 3078 quoque

505 3092 728 3148 robusta
757 3092 842 3147 vix
875 3101 1063 3162 posset
1087 3093 1343 3162 tolerare,
1371 3110 1488 3164 quae
1533 3111 1634 3151 nos
1693 3098 1884 3164 etiam,
1935 3108 1986 3155 te
2017 3109 2095 3154 ta-

2185 1886 2334 1942 tione
2365 1887 2695 1942 concludens
2722 1903 2735 1941 :
2771 1885 2952 1955 Nunc,
3002 1888 3197 1958 inquit,
3227 1898 3434 1942 manent
3455 1886 3605 1955 ﬁdes,
3631 1902 3782 1955 spes,

2185 1980 2409 2037 charitas
2441 1983 2584 2036 :tria
2616 1982 2722 2037 IllBC
2749 1981 2791 2053 (l
2818 1979 2942 2037 Cor.
2989 1982 3128 2052 xm).
3157 1978 3182 2017 ἀ
3215 1981 3374 2036 Fides
3403 1996 3630 2052 namque
3663 1989 3784 2050 est,

2186 2089 2309 2144 qua
2355 2074 2519 2128 futuri
2557 2073 2745 2144 judicii
2785 2089 2848 2128 ac
2893 2073 3276 2146 suppliciorum
3329 2083 3477 2129 metu
3518 2075 3788 2129 vitiorum

2187 2165 2314 2221 facit
2340 2166 2582 2236 contagia
2624 2165 2916 2233 declinari;
2941 2181 3086 2236 spes,
3118 2181 3236 2235 qua
3263 2175 3496 2220 mentem
3534 2174 3789 2220 uestram

2188 2258 2257 2314 de
2307 2257 2664 2330 prasentibus
2710 2273 2962 2326 avocans,
2995 2258 3278 2315 universas
3334 2258 3577 2328 corporis
3622 2257 3792 2313 volu-

2187 2360 2361 2424 ptates
2391 2341 2690 2408 caelestium
2747 2352 3088 2422 pramiorum
3141 2351 3545 2422 exspectatione
3589 2361 3796 2407 conte-

2187 2447 2353 2512 mnit;
2377 2446 2632 2512 charitas,
2658 2459 2781 2516 qua
2811 2459 2911 2500 nos
2933 2443 3000 2502 ad
3030 2458 3270 2500 amorem
3295 2443 3495 2500 Christi
3524 2452 3580 2499 et
3605 2441 3791 2515 spiri-

2190 2539 2378 2595 talium
2409 2540 2664 2595 virtutum
2693 2537 2922 2592 fructum
2954 2537 3154 2594 mentis
3183 2535 3379 2592 ardore
3405 2535 3747 2592 succendens
3770 2574 3790 2599 ,

2191 2631 2449 2705 quidquid
2499 2631 2608 2688 illis
2635 2631 2967 2687 contrarium
3005 2640 3112 2698 est,
3155 2637 3272 2685 toto
3301 2629 3428 2684 facit
3467 2629 3592 2684 odio
3625 2627 3795 2684 dete-

2191 2725 2345 2781 stari.
2377 2724 2508 2792 Qua:
2537 2724 2658 2789 tria,
2684 2723 2809 2780 licet
2827 2722 2894 2778 ad
2922 2739 3087 2782 unum
3121 2723 3283 2779 ﬁnem
3308 2721 3534 2778 tendere
3558 2720 3795 2776 videan-

2194 2825 2302 2884 tur,
2335 2816 2796 2888 provocantenim
2837 2830 2936 2872 nos
2962 2830 2992 2871 a
3022 2815 3188 2872 rebus
3229 2814 3430 2872 illicitis
3471 2813 3746 2870 abstinere
3767 2858 3787 2883 ,

2195 2909 2403 2979 magnis
2435 2917 2614 2964 tamen
2645 2908 2985 2964 excellentia
3028 2923 3140 2964 sua
3166 2906 3422 2978 gradibus
3442 2907 3510 2960 ab
3549 2905 3792 2962 invicem

2196 3007 2560 3077 disparantur.
2609 3004 2723 3059 Duo
2772 3017 3006 3073 namque
3045 3002 3325 3072 superiora
3365 3001 3577 3071 proprie
3603 2999 3796 3056 homi-

2199 3114 2324 3154 num
2375 3106 2499 3152 sunt
2525 3111 2710 3153 eorum
2742 3097 2831 3168 qui
2882 3097 2948 3150 ad
2982 3095 3280 3165 profectum
3319 3093 3623 3160 tendentes,
3651 3109 3798 3151 nec-

508 3194 686 3250 cente,
719 3183 851 3240 satis
874 3185 1191 3257 abundeque
1232 3188 1501 3243 instruunt
1522 3198 1682 3260 atque
1704 3203 2096 3265 compungunt,
2125 3193 2169 3256 C
2203 3193 2328 3249 dum
2355 3191 2603 3248 aﬁ‘ectum
2635 3205 2933 3262 concepere
2959 3191 3238 3246 virtutum.
3287 3187 3531 3245 Tertium
3574 3189 3797 3258 specia-

507 3290 765 3345 mgamus
789 3285 968 3333 tamen
1020 3286 1077 3332 ut
1137 3279 1500 3336 taciturnitate
1541 3283 1818 3351 paululum
1869 3295 2093 3355 prater-

509 3371 701 3435 missa,
725 3384 788 3425 ea
815 3369 970 3426 nobis
1003 3369 1179 3440 potius
1207 3372 1492 3444 dignanter
1531 3374 1817 3446 infundas,
1844 3392 1940 3448 per
1977 3395 2097 3451 qua

511 3461 656 3518 hanc
681 3479 839 3534 quam
870 3465 1111 3521 videmus
1137 3465 1191 3522 in
1223 3476 1276 3523 te
1307 3469 1558 3525 virtutem
1606 3486 1712 3527 non
1760 3483 1869 3527 tam
1922 3473 2094 3530 imita-

511 3556 660 3611 tione
683 3557 995 3627 complecti,
1021 3574 1184 3628 quam
1220 3560 1576 3618 admiratione
1617 3565 1908 3634 possimus.
1961 3567 2094 3623 Nam

511 3649 720 3704 etiamsi
751 3652 1134 3722 revelatusjtibi
1162 3664 1317 3722 tepor
1345 3666 1530 3711 noster
1564 3659 1855 3729 impetrare
1879 3660 1928 3716 id
1952 3661 2095 3731 quod

511 3741 814 3812 expetimus
865 3759 971 3798 tton
1029 3756 1288 3816 meretur,
1337 3748 1502 3804 debet
1553 3749 1657 3806 hoc
1710 3751 1900 3808 saltem
1944 3753 2097 3811 labor

510 3837 650 3892 tanti
689 3837 898 3893 itineris
920 3838 1190 3906 obtinere,
1234 3842 1375 3912 quod
1406 3843 1510 3898 huc
1532 3842 1560 3884 δ
1603 3845 1672 3902 de
1706 3844 2096 3907 Bethleemitiei

513 3930 746 3984 canobii
777 3932 1119 4002 rudimentis,
1151 3934 1507 3992 institutionis
1534 3947 1730 3996 vestrae
1751 3940 2026 3999 desiderio
2045 3951 2102 4000 et

512 4021 789 4094 profectus
810 4025 985 4082 nostri
1014 4041 1219 4096 amore,
1245 4032 1673 4101 properavimus.

2198 3285 2322 3341 liter
2342 3285 2439 3341 Dei
2461 3294 2563 3353 est,
2590 3296 2644 3341 et
2665 3301 2851 3340 eorum
2881 3283 2971 3354 qui
2991 3283 3044 3340 in
3072 3298 3194 3339 sese
3225 3291 3250 3320 ο
3277 3281 3561 3352 imaginem
3590 3280 3686 3336 Dei
3714 3295 3797 3338 ac

2197 3377 2602 3434 similitudinem
2632 3384 2972 3445 receperunt.
3007 3375 3103 3430 Ille
3130 3389 3364 3446 namque
3390 3373 3539 3430 solus
3565 3387 3626 3428 ea
3657 3389 3796 3443 quae

2201 3472 2339 3529 bona
2385 3480 2530 3539 sunt,
2558 3471 2706 3526 nullo
2737 3481 2902 3535 metu,
2947 3470 3094 3526 nulla
3124 3467 3577 3526 remunerationis
3610 3468 3794 3538 gratia

2199 3578 2556 3638 provocante,
2611 3566 2707 3622 sed
2762 3566 2883 3622 solo
2942 3564 3200 3620 bonitatis
3246 3562 3442 3618 affectu
3480 3569 3734 3632 operatur
3775 3579 3792 3617 :

2204 3660 2393 3717 Omnia
2421 3662 2587 3725 enim,
2631 3671 2686 3715 ut
2716 3662 2788 3715 ait
2827 3660 3104 3726 Salomon,
3135 3664 3374 3730 operatus
3415 3664 3486 3711 est
3529 3653 3798 3710 Dominus

2201 3767 2410 3827 propter
2430 3755 2750 3827 semetipsum
2775 3751 2954 3825 (Prov.
2984 3749 3116 3823 xvi).
3151 3755 3272 3807 Sua
3305 3763 3537 3818 namque
3573 3747 3799 3803 bonita-

2199 3851 2272 3906 tis
2293 3851 2540 3916 obtentu,
2565 3864 2782 3904 omnem
2808 3847 3074 3904 bonorum
3097 3846 3305 3916 copiam
3327 3843 3503 3915 dignis
3528 3839 3800 3913 indignis-

2203 3959 2308 4014 que
2333 3942 2587 4014 largitur,
2621 3942 2745 4013 quia
2787 3956 2888 3996 nec
2920 3938 3132 4010 fatigari
3175 3938 3386 4009 injuriis
3436 3943 3633 4006 potest,
3685 3948 3800 3992 nec

2205 4037 2573 4110 iniquitatibus
2599 4037 2876 4092 hominum
2905 4033 3236 4110 passibiliter
3263 4028 3595 4104 promoveri.
3640 4041 3800 4086 sein-

1583 4195 1844 4252 ALARDI
1881 4195 2114 4257 GAZKEI
2149 4195 2718 4256 COMMENTARIUS.

511 4311 684 4368 nibus.
708 4308 811 4366 Ubi
835 4309 935 4364 tria
961 4315 1215 4363 notantur
1241 4323 1255 4361 :
1285 4308 1344 4362 1ο
1398 4306 1638 4378 ἄσκησις,
1671 4310 1724 4364 id
1761 4318 1864 4377 est,
1892 4312 2097 4368 exerci-

515 4384 669 4442 tatio.
695 4382 835 4436 unde
859 4382 1204 4448 exercitator,
1235 4380 1287 4436 id
1319 4390 1421 4444 est,
1451 4394 1625 4437 asceta
1655 4381 1885 4448 dieitur;
1916 4382 1980 4435 2°
2008 4397 2095 4437 se-

516 4463 707 4510 nectus
735 4453 1027 4523 decrepita,
1058 4452 1125 4523 ob
1155 4468 1313 4521 quam
1363 4453 1679 4508 Chaeremon
1723 4453 1914 4508 sedere
1940 4469 2098 4523 coge-

516 4525 708 4588 batur;
759 4525 820 4578 30
879 4521 1178 4577 Assduitas
1225 4525 1410 4593 operis
1455 4541 1625 4595 usque
1683 4525 1750 4578 ad
1797 4521 2096 4581 extremum

518 4596 662 4662 vita,
691 4594 779 4649 tibi
808 4595 1084 4648 inventum
1116 4609 1249 4665 opus
1281 4596 1332 4648 in
1366 4594 1632 4650 manibus.

2200 4311 2413 4368 concilii
2443 4310 2742 4385 Tridentini
2773 4308 2945 4385 (δοες.
2977 4305 3031 4378 6)
3072 4305 3126 4361 in
3158 4303 3374 4385 decreto
3416 4303 3483 4385 de
3523 4301 3804 4385 justiﬁca;

2201 4385 2350 4438 tione
2374 4399 2490 4454 cap.
2519 4383 2581 4454 6,
2606 4383 2691 4437 ulti
2725 4373 2912 4454 modos
2941 4373 3343 4454 praparationis
3367 4374 3431 4428 ad
3450 4373 3806 4454 justiﬁcatio-

2202 4471 2326 4510 nem
2359 4444 2453 4528 hic.
2475 4444 2698 4509 traditur
2723 4469 2737 4507 :
2761 4444 3126 4528 Disponttntur
3146 4450 3164 4518 (
3181 4444 3514 4528 peccatores)
3538 4445 3606 4527 ad
3627 4446 3808 4528 ipsam

2193 4527 2473 4598 justitiam,
2507 4529 2625 4579 duro
2660 4518 2870 4598 excitati
2896 4523 3069 4598 divina
3099 4520 3286 4591 gratia,
3321 4529 3378 4598 et.
3401 4518 3568 4598 adiuti
3592 4561 3604 4584 ,
3639 4518 3807 4581 ﬁdem

2205 4591 2268 4652 ex
2294 4600 2471 4652 auditu
2500 4597 2858 4667 concipientes,
2888 4594 3042 4667 libere
3072 4603 3335 4667 marentur
3361 4591 3416 4641 in
3453 4591 3646 4667 Deum,
3680 4602 3805 4638 cre-

596 4677 621 4704 τι
653 4659 849 4742 Deliae
875 4676 1115 4719 veterum
1150 4659 1539 4742 itionachorum
1567 4676 1622 4742 ct
1650 4668 2100 4725 auacltoretarum
2135 4731 2172 4742 _
2206 4670 2386 4724 dentes
2413 4684 2530 4742 uera
2552 4659 2659 4742 esse
2681 4683 2794 4742 qua:
2815 4659 2868 4717 di
2900 4665 3056 4742 irritus
3075 4662 3361 4742 revelata-et
3384 4659 3633 4741 promissa
3653 4668 3806 4724 sunt;

520 4739 862 4809 lctigawitate
887 4751 1055 4804 usque
1085 4746 1139 4790 et
1165 4737 1318 4810 ultra_
1350 4740 1714 4810 cetttenariam
1764 4749 1999 4804 atatem,
2048 4743 2102 4796 in
2129 4731 2174 4794 C
2205 4751 2356 4810 atque
2385 4739 2520 4793 illud
2546 4741 2598 4791 in
2619 4731 2817 4810 primis,
2841 4753 2873 4790 α
2902 4733 3011 4789 Deo
3029 4732 3551 4810 justiﬁcariimpium
3576 4745 3810 4810 pergra-

523 4806 735 4866 sunima
767 4811 894 4863 vitae
944 4806 1463 4874 austeritate,latius
1505 4812 1714 4881 egimus
1743 4811 1810 4865 ad
1859 4811 2040 4868 collat.
2073 4815 2109 4870 5

523 4898 641 4938 can.
673 4883 724 4936 i.

755 4967 860 5019 quo
888 4965 1072 5019 supra,
1103 4949 1170 5004 ad
1201 4964 1320 5020 cap.
1357 4949 1383 5003 1
1421 4951 1577 5021 huius
1595 4953 1804 5020 collat.,
1825 4952 2109 5021 ubi,,velut

528 5015 976 5096 antonomastice,
1005 5030 1224 5078 vocatur
1268 5015 1575 5079 coenobium
1610 5015 1802 5096 Syria,
1840 5015 1968 5096 quia
2003 5041 2109 5082 ca-

531 5098 657 5150 tcris
687 5095 1020 5159 pracellcns.

604 5178 625 5204 ε
661 5167 771 5220 Non
804 5167 975 5238 placet
1006 5165 1165 5238 modo
1206 5165 1507 5238 conjectura
1546 5166 1600 5222 in
1651 5167 1831 5238 priore
1873 5169 2111 5226 editione

528 5238 724 5308 posita,
745 5237 949 5290 scilicet
964 5237 1216 5309 mendum
1238 5251 1357 5291 esse
1373 5278 1388 5300 ,
1411 5235 1940 5309 Charitas—numquam
1961 5244 2116 5307 cadit,

530 5307 628 5378 pro
659 5309 876 5369 excidit.
910 5319 966 5380 ut
1008 5307 1170 5362 habet
1199 5311 1407 5378 vulgata
1449 5310 1611 5364 lectio
1659 5307 1903 5378 Apostoli
1931 5354 1945 5378 ,
1995 5316 2118 5380 quia

532 5381 674 5433 cadit
707 5390 760 5433 et
790 5379 990 5433 excidit
1019 5380 1159 5432 idem
1191 5380 1390 5444 valent,
1426 5391 1478 5434 et
1503 5382 1588 5436 hic
1613 5381 1815 5437 Auctor
1840 5400 1946 5438 non
1973 5379 2119 5438 sem-

533 5467 630 5518 per
661 5464 837 5503 servat
864 5453 1027 5503 verlia
1068 5450 1384 5520 Scriptura.
1428 5451 1498 5505 Et
1543 5468 1675 5506 vero
1721 5455 1888 5507 utitur
1934 5455 2120 5510 eadem

536 5521 1003 5596 pltrasihcapidﬁ
1042 5520 1199 5588 hujus
1244 5522 1427 5576 collat.
1480 5522 1620 5596 Alibi
1660 5539 1790 5596 vero
1823 5525 2030 5596 (Collat.
2068 5527 2120 5592 1,

537 5609 650 5660 cup.
687 5591 810 5658 tl):
848 5591 1092 5663 Charitas
1115 5609 1388 5663 numquam
1413 5595 1628 5662 excidet,
1665 5595 1750 5648 ubi
1801 5591 1850 5650 id
1889 5591 2123 5663 explica?

540 5672 655 5743 tuni
729 5663 995 5730 quomodo
1023 5661 1229 5718 scilicet
1250 5661 1488 5719 ﬁcitaritas
1517 5661 1804 5737 numquam
1836 5661 1990 5722 cadat
2030 5676 2124 5723 aut

540 5749 676 5779 0‘0”
702 5745 773 5779 ΩΙ.

539 5745 773 5788 ΟΧΟΙΗΩΙ.

612 5799 636 5840 ά
677 5802 810 5860 Huic
854 5803 974 5864 loco
1016 5815 1138 5878 apte
1179 5808 1430 5878 congruit
1477 5817 1532 5867 et
1576 5817 1836 5867 consonat
1881 5809 2124 5869 doctrina

2214 4797 2342 4866 litim
2371 4816 2502 4886 ejus,
2536 4797 2630 4880 per.
2649 4797 3047 4886 redemptionem
3073 4797 3186 4886 qua
3211 4813 3283 4858 est
3315 4803 3369 4855 in
3403 4797 3604 4886 Christo
3645 4797 3806 4886 fests,

2215 4893 2260 4938 et
2288 4873 2409 4938 duo?
2439 4873 2937 4955 peccatoresse'esse
2965 4873 3321 4955 intelligentes,
3341 4888 3382 4955 ,α
3422 4873 3608 4955 div-inor
3633 4873 3811 4955 justi-

2217 4956 2301 5009 tia:
2322 4943 2520 5011 timore.
2541 4970 2642 5024 quo
2669 4950 2859 5005 utiliter
2881 4943 3265 5024 concutiunt-ur,
3286 4945 3353 4998 ad
3373 4943 3812 5024 considerandam

2216 5026 2313 5081 Dei
2343 5019 2753 5096 misericordiam
2777 5039 2830 5096 se
2874 5019 3206 5096 convertenda
3249 5021 3303 5070 in
3345 5029 3486 5087 spem
3507 5019 3811 5096 eriguntur,

2217 5099 2433 5167 ﬁdentes
2485 5095 2647 5148 Deum
2691 5094 2787 5148 sibi
2834 5103 3036 5167 propter
3078 5088 3339 5167 ‘Cltristum
3367 5087 3642 5167 prOpitium
3670 5087 3808 5164 fore,

2216 5154 2467 5239 illumque
2493 5177 2749 5237 tamquam
2777 5154 2939 5219 omnis
2953 5162 3177 5236 justitiw
3204 5154 3394 5231 fantem
3414 5199 3428 5223 ,
3473 5154 3686 5226 diligere
3725 5155 3811 5207 in-

2219 5242 2435 5309 cipiunt,
2468 5248 2571 5294 etc.
2781 5306 2794 5312 _
2995 5305 3028 5312 __
3205 5303 3239 5312 _
3283 5302 3296 5312 .
3337 5299 3390 5312 ..
3538 5297 3573 5312 ,.
3614 5297 3626 5310 .

2297 5321 2319 5349 ε
2353 5295 2639 5379 Imaginem
2666 5315 2721 5364 et
2749 5305 3156 5379 similitudinem
3191 5302 3298 5379 _Dei
3337 5299 3426 5355 hic
3465 5297 3652 5379 accipit
3692 5295 3814 5379 ειυς

2221 5392 2339 5438 ctor
2369 5367 2788 5451 prouimitatione
2815 5377 3068 5451 bonitatis
3095 5377 3311 5442 divina,
3345 5385 3446 5440 qua
3495 5367 3815 5451 ltomo_l_)co

2223 5439 2572 5517 assimilatur,
2606 5463 2657 5506 et
2689 5451 2878 5505 similis
2927 5447 3195 5526 efficitur,
3222 5439 3308 5526 _ut‘
3350 5439 3415 5496 ex
3440 5439 3816 5526 .scqttentibus

2225 5527 2456 5595 μιῑμιιὶι,
2488 5516 2787 5596 ρνξιιεριιιίιη
2813 5535 2933 5587 cap.
2962 5520 2995 5574 9
3024 5529 3076 5572 et
3107 5520 3193 5574 10.
3222 5516 3412 5596 Itaque
3439 5516 3741 5596 imagineml
3759 5519 3818 5596 et

2228 5580 2628 5650 situilitu'dinettt
2660 5593 2753 5646 Dei
2780 5607 2829 5645 ru
2857 5580 2916 5645 se
2943 5597 3292 5653 receperunt,
3314 5580 3686 5660 _qtti_divi’nam
3705 5580 3818 5660 _bo~

2229 5666 2451 5721 nitatem
2482 5676 2534 5720 et
2567 5651 3291 5736 beneficentiam,omnibus;
3313 5651 3466 5736 bonis
3513 5659 3565 5708 et
3615 5651 3821 5736 malis,

2229 5737 2416 5790 amicis
2461 5747 2513 5789 et
2552 5733 2822 5798 inimicis,
2864 5725 3249 5787 benefaciendo
3279 5728 3577 5794 imitantur,
3603 5725 3693 5781 vel
3725 5725 3823 5794 qui

2227 5807 2610 5876 perfectionem
2637 5804 2914 5861 charitatis
2941 5808 3247 5872 attigerunt.
