4078 6332
317 285 426 348 855

1334 281 1675 341 COLLATIO
1713 281 1806 340 XI.
1838 311 1908 325 —
1935 281 2026 339 DE
2067 281 2570 345 PERFECTIONE.

3499 295 3606 354 εει

317 419 412 478 per
431 397 644 461 scilicet
669 413 915 475 _manens
935 399 1176 474 perlecta
1194 397 1410 458 bonitas
1445 397 1900 472 immutabilisque
1926 403 1982 466 Α
2005 399 2144 470 ﬁlius
2183 409 2298 459 tuus
2322 420 2340 470 ;
2383 405 2468 476 fac
2513 411 2594 462 me
2642 404 2772 461 sicut
2819 421 2979 462 unum
3026 407 3090 464 de
3134 409 3457 468 mercenariis
3503 413 3607 470 tuis

317 509 502 558 natura
511 541 526 556 .

295 601 300 604 ’
921 587 1152 647 CAPUT
1197 587 1304 644 VII.

385 683 584 753 Quibus
606 681 855 758 gradibus
885 683 954 738 ad
982 684 1343 758 sublimitatem
1382 683 1646 758 cbir‘ritatis
1681 687 1840 758 possit

621 753 831 813 escendi
859 765 906 811 et
935 769 1048 826 quat
1071 764 1139 810 sit
1163 757 1218 810 tu
1241 771 1304 810 ea
1327 753 1600 810 stabilitas.

383 871 441 932 Si
469 873 590 946 quis
617 873 779 946 igitur
808 871 872 927 ad
904 869 1290 940 perfectionem
1313 869 1502 938 tendit,
1534 877 1559 908 α
1585 869 1654 927 de
1682 869 1774 926 illo
1799 871 1911 942 pri-

305 981 396 1022 mo
423 966 635 1022 timoris
664 965 853 1036 gradu,
887 979 1046 1035 quem
1076 965 1292 1034 proprie
1319 961 1554 1018 diximus
1581 979 1702 1020 esse
1731 965 1906 1020 servi-

305 1061 436 1126 lem,
467 1057 536 1114 de
561 1073 671 1127 quo
697 1055 896 1114 dicitur
921 1074 934 1113 :
969 1055 1095 1112 Cum
1124 1057 1295 1112 omnia
1326 1057 1565 1129 feceritis,
1594 1057 1760 1124 dicite,
1790 1059 1910 1128 quia

304 1155 438 1209 serui
467 1154 680 1209 inutiles
709 1169 882 1208 sumus
910 1151 1064 1224 (Luc.
1095 1151 1224 1223 xvu)
1250 1194 1265 1219 ,
1309 1149 1338 1190 δ
1385 1151 1451 1206 ad
1500 1151 1746 1206 altiorem
1792 1151 1909 1224 spei

295 1245 578 1301 tramitem
606 1243 772 1317 gradu
803 1245 1118 1315 proliciente
1144 1243 1504 1312 conscendet,
1540 1244 1632 1315 qui
1660 1243 1768 1315 jam
1803 1260 1908 1301 non

305 1351 489 1402 servo,
519 1337 616 1393 sed
650 1337 983 1393 mercenario
1011 1347 1352 1407 comparatur
1375 1383 1389 1408 ,
1434 1337 1557 1409 quia
1601 1337 1908 1394 mercedem

307 1429 686 1486 retributionis
715 1441 1014 1502 exspectat,
1048 1439 1105 1486 et
1133 1431 1284 1502 quasi
1313 1429 1380 1486 de
1421 1443 1764 1501 peccatorum
1809 1429 1908 1486 ah-

307 1526 585 1584 solutione
614 1535 670 1582 et.
697 1527 893 1596 pcenali
925 1527 1118 1581 timore
1147 1539 1393 1592 securus,
1426 1539 1490 1580 ac
1517 1527 1778 1580 bonorum
1807 1525 1907 1581 sibi

305 1635 534 1692 cperum
561 1617 834 1688 conscius,
867 1617 990 1674 licet
1021 1617 1196 1688 placiti
1227 1619 1506 1688 praemium
1539 1617 1785 1674 videatur
1811 1633 1908 1674 ex-

315 1724 524 1784 petere,
558 1723 736 1769 tamen
765 1711 833 1768 ad
863 1711 1112 1768 allectum
1143 1711 1290 1766 illum
1327 1711 1424 1766 lilii
1455 1713 1542 1780 qui
1571 1711 1639 1768 de
1665 1721 1906 1784 paternae

2015 491 2224 565 (Ibid).

2603 591 2832 652 CAPUT
2879 593 3016 653 VIII.

2129 681 2390 748 Quantum
2421 685 2693 762 excellant,
2723 691 2812 760 qui
2840 705 2929 762 per
2956 691 3222 748 clmritalis
3250 691 3492 760 affectum

2563 759 2886 816 declinante
2913 764 3064 818 uitiis.

2081 865 2187 924 Sed
2221 867 2286 924 ad
2313 869 2472 926 istam
2501 869 2716 930 humilis
2743 875 3074 945 poenitentiae
3100 893 3287 935 vocem
3317 879 3372 934 in
3419 863 3608 937 occur-

2014 975 2132 1016 sum
2163 963 2280 1032 ejus
2311 973 2464 1034 pater
2495 965 2804 1036 prosiliens,
2837 969 3039 1041 majore
3067 987 3226 1043 quam
3267 971 3462 1028 emissa
3490 973 3608 1030 lue-

2011 1067 2092 1112 rat
2127 1055 2324 1126 pietate
2352 1059 2619 1128 suscepit,
2650 1075 2878 1133 eumque
2927 1077 3032 1118 non
3077 1071 3362 1122 contentus
3399 1065 3610 1122 minora

2011 1150 2331 1218 concedere,
2363 1159 2386 1189 ο
2417 1159 2644 1223 utroque
2663 1154 2830 1223 gradu
2855 1156 2970 1211 sine
2991 1155 3246 1213 dilatione
3271 1165 3610 1226 transcurso,

2013 1245 2256 1316 pristina:
2307 1246 2536 1302 ﬁliorum
2587 1249 2823 1304 restituit
2888 1249 3154 1321 dignitati.
3221 1251 3610 1308 Festinandum

2013 1339 2234 1409 proinde
2264 1339 2420 1394 nobis
2447 1341 2612 1396 etiam
2641 1353 2745 1410 est,
2775 1351 2834 1398 ut
2863 1343 2928 1398 ad
2961 1345 3180 1399 tertium
3213 1345 3446 1400 ﬁliorum
3479 1357 3608 1415 gra-

2011 1431 2162 1498 dum,
2188 1433 2277 1502 qui
2311 1433 2490 1488 omnia
2518 1447 2638 1504 qua:
2667 1434 2832 1504 patris
2877 1445 3000 1490 sunt
3032 1452 3126 1491 sua
3171 1451 3294 1493 esse
3345 1437 3608 1506 credunt,

2012 1541 2110 1596 per
2143 1527 2573 1584 indissolubilem
2600 1527 2880 1585 charitatis
2907 1529 3130 1602 gratiam
3155 1531 3608 1602 conscendentes,

2010 1625 2248 1679 cmlcstis
2272 1621 2421 1680 illius
2447 1623 2620 1679 Patris
2642 1626 2926 1696 imaginem
2952 1641 3013 1680 ac
3039 1623 3447 1680 similitudinem
3471 1623 3613 1681 reci-

2011 1733 2140 1790 pere
2177 1735 2504 1786 mereamur,
2539 1727 2593 1774 et
2634 1719 2700 1773 ad
2747 1719 3102 1773 imitationem
3149 1718 3264 1772 veri
3309 1717 3448 1775 illius
3487 1716 3612 1773 Filii

305 1805 665 1878 indulgentiae
695 1807 1012 1862 liberalitate
1039 1805 1337 1874 conlidens,
1371 1805 1552 1862 omnia
1589 1823 1706 1878 quae
1739 1809 1906 1878 patris
1937 1815 1983 1877 Β
2015 1813 2350 1881 proclamare
2395 1813 2702 1880 possimus:
2753 1811 2942 1864 Omnia
2985 1825 3099 1881 qua
3124 1809 3270 1864 habet
3302 1819 3466 1880 pater,
3497 1825 3614 1866 mea

306 1909 432 1955 Sunt
461 1913 559 1952 sua
591 1915 714 1954 esse
745 1915 850 1955 non
877 1899 1120 1970 ambigit,
1151 1899 1432 1972 pervenire
1459 1916 1566 1955 non
1599 1901 1792 1970 potuit.
1824 1901 1906 1956 Ad

307 2007 466 2062 quem
497 1993 664 2046 etiam
695 1991 786 2048 ille
818 1993 1091 2062 prodigus,
1122 1993 1212 2064 qui
1241 2009 1360 2049 cum
1399 1993 1696 2049 substantia
1739 1996 1906 2065 patris

305 2085 470 2142 etiam
501 2085 599 2142 lilii
629 2103 825 2142 nomen
855 2089 1134 2164 amiserat,
1167 2089 1408 2158 aspirare
1449 2105 1555 2144 non
1603 2091 1795 2158 audet,
1826 2091 1906 2147 di-

307 2195 478 2235 cens:
505 2173 632 2234 Iam
657 2197 760 2235 non
788 2197 899 2236 sum
929 2181 1118 2255 dignus
1146 2183 1314 2237 uocari
1347 2183 1486 2252 ﬁlius
1513 2191 1630 2238 tuus
1653 2201 1672 2249 ;
1702 2185 1787 2252 fac
1829 2201 1907 2238 me

306 2273 435 2326 sicut
465 2289 632 2328 unum
660 2271 726 2328 de
764 2275 1090 2330 mercenariis
1126 2275 1228 2330 tuis
1257 2273 1408 2350 (Luc.
1463 2275 1573 2348 xv).
1619 2275 1748 2334 Post
1790 2279 1907 2334 illas

307 2367 450 2420 enim
481 2381 772 2434 porcorum
797 2367 1040 2438 siliquas,
1069 2383 1296 2440 quarum
1327 2373 1374 2424 ei
1405 2371 1624 2426 satietas
1667 2372 1905 2440 negaba-

307 2467 417 2524 tur,
447 2459 502 2515 id
535 2469 642 2524 est,
673 2461 925 2516 vitiorum
976 2461 1226 2518 sordidos
1257 2463 1406 2518 cibos
1427 2505 1442 2529 ,
1477 2463 1566 2534 qui
1609 2465 1662 2520 in
1709 2475 1908 2520 semet-

307 2551 486 2621 ipsum
521 2566 796 2620 reversus,
831 2561 886 2608 et
910 2551 1130 2608 salutari
1163 2555 1358 2611 timore
1383 2565 1762 2626 compunctus,
1809 2557 1908 2612 im-

307 2645 632 2700 munditiam
669 2661 951 2714 porcorum
983 2647 1208 2704 horrere
1232 2649 1346 2722 jam
1377 2660 1642 2722 coeperat,
1683 2667 1745 2707 ac
1774 2651 1906 2708 dirae

307 2735 464 2792 lamis
486 2738 752 2809 supplicia
778 2739 1124 2810 formidabat,
1145 2743 1291 2798 velut
1312 2745 1422 2814 jam
1447 2759 1634 2798 servus
1657 2745 1902 2812 ell'ectus,

307 2829 470 2886 etiam
519 2832 842 2888 mercenarii
881 2841 1079 2890 statum
1112 2835 1178 2891 de
1213 2836 1461 2892 mercede
1489 2839 1599 2908 jam
1634 2845 1898 2908 cogitans,

305 2923 644 2990 concupiscit
669 2940 734 2980 ac
755 2924 885 2980 dicit
908 2943 922 2980 :
953 2927 1143 2996 Quanti
1165 2933 1465 2984 mercenarii
1491 2933 1540 2985 in
1567 2931 1718 2986 domo
1745 2933 1906 3004 patris

307 3015 404 3068 mei
433 3015 702 3070 abundant
730 3019 968 3088 panibus,
997 3031 1044 3074 et
1073 3037 1165 3094 ego
1209 3021 1293 3075 hic
1325 3025 1460 3092 fante
1495 3041 1644 3096 pzreo
1663 3023 1684 3078 .'
1717 3023 1904 3079 Rever-

306 3119 388 3164 tar
415 3127 536 3182 ergo
563 3111 632 3166 ad
657 3121 860 3184 patrem
883 3130 1072 3184 meum,
1107 3123 1156 3170 et
1184 3115 1354 3170 dicam
1383 3117 1463 3170 illi
1485 3133 1503 3170 :
1542 3115 1700 3172 Pater
1723 3161 1736 3184 ,
1789 3136 1907 3188 pec-

2009 1915 2130 1958 sunt
2162 1903 2352 1978 (Joan.
2385 1904 2518 1974 xw).
2553 1904 2706 1971 Quod
2733 1903 2892 1959 etiam
2927 1903 2994 1958 dc
3033 1903 3190 1958 nobis
3235 1903 3423 1958 beatus
3467 1903 3615 1974 Apo-

2011 1999 2184 2052 stolus
2232 1997 2532 2068 proﬁtetur,
2582 1997 2770 2054 dicens
2813 2013 2828 2055 :
2879 1995 3068 2052 Omnia
3107 2007 3276 2050 uestra
3313 2005 3468 2064 sunt,
3510 1997 3616 2050 sive

2012 2091 2234 2152 Paulus.
2265 2094 2367 2146 sive
2393 2092 2602 2162 Apollo,
2633 2094 2735 2146 sive
2775 2091 3006 2160 Cephas,
3056 2091 3158 2144 sive
3207 2091 3426 2144 mundus
3449 2131 3464 2158 ,
3509 2091 3616 2146 sive

2009 2185 2134 2254 vita,
2163 2185 2264 2240 sive
2284 2201 2442 2252 mors,
2469 2185 2570 2240 sive
2593 2185 2888 2255 praesentia,
2909 2185 3012 2238 sive
3035 2185 3236 2254 futura,
3257 2181 3428 2236 omnia
3449 2191 3616 2237 uestra

2010 2287 2130 2332 sunt
2157 2277 2210 2348 (Ι
2237 2273 2354 2330 Cor.
2380 2277 2482 2346 In).
2512 2277 2590 2332 Ad
2619 2291 2777 2348 quam
2801 2275 3211 2332 similitudinem
3240 2275 3400 2330 etiam
3425 2273 3616 2330 Salva-

2011 2371 2142 2427 toris
2173 2379 2437 2441 praecepta
2470 2385 2566 2424 nos
2615 2379 2948 2438 provocant:
2981 2365 3008 2404 ιι
3040 2365 3256 2434 Estote,
3303 2366 3512 2436 inquit,
3561 2371 3615 2419 et

2008 2481 2096 2520 uos
2127 2465 2364 2536 perfecti,
2398 2463 2532 2517 sicut
2559 2471 2604 2516 et
2637 2459 2794 2515 Pater
2825 2469 2984 2514 rester
3010 2459 3224 2514 caelestis
3253 2460 3507 2530 perfectus
3535 2461 3614 2512 est

2013 2555 2240 2630 (Matth.
2275 2555 2351 2626 ν).
2385 2555 2440 2611 In
2471 2555 2581 2610 illis
2624 2555 2767 2610 enim
2815 2569 3214 2624 nonnumquam
3259 2553 3397 2608 solet
3443 2549 3608 2606 inter-

2009 2651 2184 2721 rumpi
2219 2651 2472 2706 bonitatis
2501 2649 2746 2716 ali‘ectus,
2777 2663 2896 2704 cum
2929 2649 3110 2715 aliquo
3143 2647 3223 2702 vel
3266 2655 3452 2718 tepore
3473 2687 3487 2712 ,
3521 2643 3612 2700 vel

2009 2743 2191 2799 laetitia
2214 2785 2228 2810 ,
2267 2745 2350 2799 vel
2396 2743 2752 2798 oblectatione
2799 2743 2950 2812 vigor
2981 2740 3144 2796 animi
3174 2743 3477 2804 relaxatus,
3511 2745 3610 2794 aut

2011 2847 2212 2893 metum
2246 2837 2310 2892 ad
2344 2851 2584 2907 praesens
2609 2837 2888 2906 gehennae,
2917 2841 3010 2890 aut
3033 2831 3362 2889 desiderium
3393 2831 3610 2888 subtra-

2009 2931 2086 2985 hit
2117 2931 2437 2986 luturorum.
2477 2929 2542 2984 Et
2571 2937 2652 2984 est
2685 2927 2904 3002 quidem
2941 2925 2994 2982 in
3024 2925 3130 2982 illis
3181 2924 3374 2996 gradus
3421 2921 3612 2993 cujus-

2007 3023 2130 3078 dam
2179 3025 2454 3094 prolectus
2507 3021 2752 3076 imbuens
2797 3035 2932 3086 nos,
2968 3025 3027 3074 ιιι
3055 3017 3179 3073 dum
3209 3015 3295 3071 vel
3323 3027 3608 3086 plenarum

2010 3127 2176 3184 metu,
2211 3119 2292 3174 vel
2317 3119 2662 3188 prtemiorum
2693 3129 2788 3186 spe
2817 3113 3104 3186 incipimus
3136 3111 3266 3167 vitia
3297 3109 3599 3180 declinare,

305 3204 415 3258 caci
441 3205 498 3260 in
525 3203 710 3262 caelum
739 3213 786 3262 et
815 3222 989 3262 coram
1035 3215 1105 3278 te,
1121 3209 1236 3278 jam
1256 3226 1360 3264 non
1383 3226 1498 3264 sum
1523 3211 1706 3282 dignus
1733 3213 1906 3266 vocari
1934 3203 1980 3266 C
2013 3209 2078 3266 ad
2111 3210 2387 3266 citaritatis
2417 3209 2638 3282 gradum
2663 3209 2892 3266 transire
2923 3207 3208 3280 possimus,
3240 3203 3364 3276 quia
3399 3201 3602 3272 Timor,

1393 3389 1649 3445 ALARDI
1690 3389 1922 3446 GAZlEI
1961 3389 2531 3448 COMMENTARIUS.

377 3562 408 3592 ι
435 3553 856 3624 Βίςιίυειιυηιιιτ
883 3563 996 3610 tres
1021 3559 1196 3608 status
1222 3551 1338 3624 sive
1377 3551 1576 3624 gradus
1621 3550 1901 3624 hominum

304 3627 364 3682 in
407 3625 514 3682 vit
545 3623 831 3696 spirituali.
861 3625 1076 3682 Primus
1103 3633 1160 3680 et
1187 3623 1404 3680 iniimus
1432 3633 1516 3680 est
1553 3633 1726 3696 status
1761 3623 1901 3680 inci-

301 3695 602 3768 pientium,
629 3698 721 3768 qui
752 3704 946 3752 timore
973 3697 1154 3768 servili
1187 3695 1568 3768 trahuntur-ad
1599 3695 1820 3760 bonum,
1847 3705 1902 3752 et

302 3765 332 3823 ᾖ
369 3771 514 3822 maio
561 3765 941 3830 retrahuntur,
985 3767 1136 3840 juxta
1185 3768 1360 3822 illud:
1411 3765 1657 3840 Oderunt,
1689 3785 1904 3840 peccare

301 3841 432 3892 mali
479 3840 758 3910 formidine
803 3855 984 3911 parte.
1036 3839 1324 3911 Secundus
1353 3837 1779 3907 proﬁcientium,
1809 3841 1900 3910 qui

303 3925 406 3980 spe
429 3909 489 3966 et
513 3913 785 3966 desiderio
805 3909 1266 3966 remunerationis
1296 3909 1590 3964 dtu-untur.
1641 3909 1854 3966 Tertius
1882 3953 1898 3976 ,

303 3985 700 4052 perfectorem.
729 3983 818 4052 qui
853 3982 969 4036 solo
998 3997 1183 4036 amore
1210 3993 1262 4036 et
1292 3983 1556 4052 cbaritate
1589 3997 1898 4049 moventur,

303 4055 606 4108 secundum
635 4051 766 4108 illud
794 4072 806 4106 :
841 4053 1072 4108 Oderunt
1102 4069 1314 4124 peccare
1335 4052 1455 4106 boui
1477 4051 1674 4107 uirtutis
1701 4071 1895 4110 amore.

305 4128 484 4194 Atque
515 4125 566 4180 hi
621 4135 732 4180 tres
777 4135 949 4180 status
991 4125 1112 4178 aliis
1155 4125 1380 4180 VuClbllS
1424 4125 1679 4180 dicuntur
1728 4135 1900 4182 status

303 4209 614 4258 servorum,
645 4199 1098 4252 mercentur-lorum
1125 4205 1180 4250 et
1211 4196 1462 4250 liliorun't.

379 4265 406 4304 ³³
445 4271 486 4322 Δ
541 4273 734 4322 timore
779 4269 922 4322 enim
973 4268 1154 4322 servili
1200 4266 1650 4337 progrediendum
1699 4277 1781 4322 est
1829 4269 1894 4324 ad

303 4353 476 4404 spem.
517 4339 669 4392 Unde
699 4339 1030 4408 Augustinus
1053 4353 1332 4408 exptmens
1367 4337 1496 4392 Illud
1525 4337 1846 4394 Davidicum
1877 4357 1894 4396 :

303 4408 696 4482 Beneplacilum
715 4423 788 4464 est
815 4407 1040 4464 Domino
1063 4407 1214 4482 super
1241 4411 1472 4482 timentes
1497 4425 1634 4470 cuiu,
1665 4421 1710 4482 et
1741 4411 1790 4482 in
1819 4412 1894 4466 eis

299 4479 392 4544 qui
415 4491 622 4550 sperant
643 4497 794 4550 super
809 4479 1156 4534 misericordia
1176 4483 1288 4550 ejus
1305 4479 1478 4548 (l’sal.
1515 4480 1710 4550 cum).
1735 4479 1892 4548 Ecce,

301 4551 508 4619 inquit,
533 4555 704 4606 timuit
725 4551 892 4608 ludas
919 4553 1136 4620 tradilor
1163 4551 1372 4616 Christi,
1405 4551 1493 4606 sed
1533 4569 1636 4606 non
1673 4555 1892 4620 sperauit

299 4623 356 4674 in
385 4615 742 4678 misericordia
763 4625 944 4690 ipsius.
979 4615 1170 4678 Posiea
1195 4625 1326 4678 enim
1355 4615 1590 4692 plenitut't
1616 4615 1728 4676 eum
1754 4625 1892 4691 quod

301 4695 578 4748 tradiderit
611 4695 894 4748 Christum.
925 4693 1064 4749 Bene
1086 4697 1292 4766 quidem
1325 4695 1560 4766 timuisti,
1583 4696 1676 4766 sed
1705 4697 1746 4750 si
1778 4713 1892 4766 spe-

295 4779 444 4838 mres
471 4767 904 4838 inmiserit-ordia
933 4769 1046 4838 ejus
1087 4765 1234 4834 quem
1282 4765 1514 4838 ιὶηψὶειί.
1556 4765 1667 4838 llle
1711 4765 1890 4838 despe-

295 4836 464 4888 rando
487 4836 634 4902 abiit,
665 4848 712 4891 et
747 4839 930 4907 laqueo
951 4835 1002 4890 se
1025 4839 1310 4904 suspendit.
1345 4835 1482 4907 Ergo
1501 4837 1591 4907 sic
1623 4838 1740 4890 time
1783 4837 1890 4890 Do-

2010 3553 2146 3620 pius,
2181 3562 2227 3606 et
2255 3551 2542 3622 religiosus,
2569 3559 2616 3608 et
2643 3563 2699 3608 ut
2727 3553 2972 3616 tolerans,
3002 3559 3049 3604 et
3075 3557 3129 3604 ut
3159 3550 3442 3620 continens,
3474 3563 3522 3608 et
3551 3564 3610 3613 ut

2009 3625 2295 3692 operarius,
2328 3635 2372 3678 et
2403 3633 2456 3678 ul
2487 3633 2703 3694 martyr,
2735 3633 2779 3677 et
2810 3631 2861 3677 ut
2903 3623 3188 3692 cngnilione
3229 3621 3495 3694 prtedilus.
3537 3623 3610 3684 In

2007 3695 2242 3778 omnibus
2274 3705 2441 3750 autem
2473 3697 2726 3780 perfectus
2751 3695 2921 3780 nescio
2951 3711 3018 3746 an
3045 3695 3183 3780 ullus
3204 3695 3289 3780 sit,
3315 3694 3413 3776 nisi
3435 3695 3608 3780 solum

2005 3765 2050 3818 is
2077 3767 2164 3834 qui
2204 3777 2410 3834 prouter
2438 3763 2530 3820 nos
2561 3763 2726 3819 induit
2759 3767 3031 3818 hominem.
3062 3765 3117 3820 S.
3151 3763 3472 3819 Ambrosius
3503 3767 3606 3825 lib.

2005 3851 2064 3891 tu
2094 3837 2246 3892 Uflic.
2278 3837 2408 3906 (Cap
2454 3836 2540 3904 2):
2569 3835 2748 3904 Ipsum
2767 3835 3014 3902 Paulum,
3044 3837 3137 3902 ait,
3163 3835 3272 3906 lego
3295 3837 3602 3906 perfectum,

2005 3917 2050 3960 cl
2081 3925 2180 3962 non
2205 3905 2502 3982 perfectum.
2543 3909 2678 3962 Nam
2704 3927 2818 3962 cum
2859 3911 3066 3962 dixisset
3096 3925 3113 3966 :
3157 3905 3280 3962 Non
3314 3905 3450 3982 quod
3483 3905 3606 3982 jam

2003 3987 2280 4051 acceperim
2309 3991 2396 4034 aut
2421 3981 2532 4050 jam
2559 3985 2807 4050 perfectus
2835 3981 2951 4046 sim,
2980 3995 3166 4051 sequar
3187 3989 3374 4046 autem,
3400 3981 3444 4034 si
3465 3981 3608 4036 com-

2001 4051 2312 4122 preltendam
2337 4097 2349 4112 .
2382 4057 2554 4106 statim
2597 4053 2810 4121 subjecit
2838 4067 2854 4106 :
2889 4051 3208 4118 Quicumque
3236 4067 3358 4122 ergo
3391 4054 3605 4119 perfecti

2001 4068 2312 4122 preuenaam
2337 4097 2349 4112 .
2382 4068 2554 4106 staum
2597 4068 2810 4121 sutrjrcu
2838 4068 2854 4106 :
2889 4068 3208 4118 unicumque
3236 4068 3358 4175 erqo
3391 4068 3602 4119 per/cols

2000 4140 2194 4176 sumus.
2224 4123 2428 4193 Duplex
2449 4127 2580 4176 enim
2602 4135 2673 4176 est
2699 4129 2862 4194 forma
2887 4125 3233 4194 perfectionis,
3259 4139 3288 4175 a
3315 4123 3362 4194 ia
3385 4125 3602 4192 medios,

2000 4196 2104 4248 alia
2127 4192 2556 4264 plenosnumeros
2583 4192 2794 4260 habens;
2812 4197 2916 4247 alia
2938 4195 3036 4260 hic,
3059 4193 3162 4246 alta
3183 4194 3285 4257 ibi;
3307 4192 3408 4246 alia
3422 4210 3602 4250 secun-

2000 4267 2118 4320 dum
2138 4269 2358 4322 hominis
2383 4267 2790 4332 possibilitatem,
2815 4267 2918 4318 alia
2944 4265 3218 4318 secundum
3239 4265 3602 4336 perfectionem

1997 4340 2250 4406 futuram.
2279 4339 2415 4392 Deus
2437 4349 2604 4392 autem
2625 4339 2798 4408 justus
2821 4351 2910 4408 per
2939 4337 3349 4408 omnia,sapiens
3370 4351 3461 4406 per
3489 4353 3602 4391 ont-

1999 4411 2106 4474 ttitt,
2128 4414 2384 4480 pcrfccltts
2413 4427 2502 4476 per
2531 4413 2722 4480 omnia.
2747 4407 3310 4480 ltiti-tnjerehnbcl‘D.
3337 4407 3600 4480 liierony-

1999 4477 2224 4536 muslib.
2241 4481 2522 4534 tadversns
2535 4479 2847 4549 Pelagianos
2863 4477 3078 4548 (Cap.5)
3093 4478 3335 4532 eumdem
3353 4477 3600 4545 Apostoli

1997 4549 2169 4620 locum
2195 4563 2526 4618 pertracmns
2552 4547 2811 4620 :Ex'quo,
2833 4547 2924 4610 ειη,
2950 4547 3276 4618 perspicuum
3289 4559 3359 4602 esl
3381 4551 3512 4604 duas
3539 4553 3596 4607 its

1997 4619 2278 4692 scripturis
2304 4631 2489 4676 sanctis
2517 4638 2621 4676 esse
2648 4619 3000 4692 perfectiones,
3030 4621 3523 4692 duasquejustitias,
3544 4633 3596 4678 et

1993 4690 2122 4744 duos
2142 4695 2367 4747 timores.
2395 4692 2626 4746 Primam
2651 4690 3040 4762 perfectionem,
3075 4697 3118 4762 cl
3143 4690 3594 4762 incomparabilem

1991 4764 2272 4826 veritatem,
2289 4765 2657 4834 perfectamque
2661 4767 2689 4835 j
2695 4759 2920 4816 ustiliam
2944 4759 3040 4835 Dei
3055 4761 3320 4835 virtutibus
3344 4772 3593 4832 coaptan-

1995 4835 2131 4887 dam.
2160 4833 2448 4890 Secundam
2475 4845 2644 4890 autem
2662 4833 2775 4902 quis
2799 4833 3038 4898 competit
3073 4841 3259 4904 nostra:
3288 4834 3586 4904 fragilitati,

293 4907 518 4974 missum,
551 4901 888 4974 utsperes'its
913 4901 1263 4964 misericordia
1307 4901 1439 4979 ejus:
1482 4906 1724 4963 Placabis
1753 4915 1888 4964 enim
1915 4901 1967 4927 ν
1981 4909 2138 4978 juxta
2163 4907 2292 4960 illud
2313 4907 2448 4976 quod
2475 4909 2524 4962 in
2551 4905 2776 4960 Psalmis
2797 4905 3020 4979 dicitur;
3066 4901 3183 4956 Non
3204 4901 3591 4979 justi/imbitur

291 4993 444 5051 eum,
464 4982 510 5033 si
539 4996 710 5050 speres
737 4981 790 5051 in
813 4981 1161 5034 misericordia
1189 4983 1318 5051 ejus.

371 5060 398 5090 ο
425 5043 722 5106 Servornm
753 5043 978 5114 Scilicet,
1012 5061 1066 5106 et
1096 5043 1572 5106 tueri-enariorttm.

365 5118 396 5193 ἐ
426 5121 600 5182 Sicut.
633 5139 738 5176 non
767 5125 1158 5193 aequalitatem,
1192 5123 1286 5178 sed
1325 5121 1644 5186 qualitatum
1686 5123 1882 5178 simili-

292 5192 534 5265 tudinem
579 5192 908 5258 deuotat,"et
937 5209 1054 5248 eam
1083 5193 1296 5264 quidem
1328 5193 1732 5249 similitudinem
1762 5211 1884 5265 quas

289 5263 436 5334 inter
469 5267 634 5320 Deum
663 5275 718 5322 et
745 5267 1036 5331 iteminem,
1075 5263 1180 5320 non
1211 5281 1330 5334 qua:
1357 5267 1496 5320 inter
1525 5263 1798 5320 hominem
1830 5275 1886 5322 et

287 5333 570 5390 hominem
593 5351 716 5392 esse
743 5345 952 5405 potest;
985 5352 1090 5392 non
1115 5333 1258 5392 enim
1305 5337 1450 5392 illam
1495 5337 1878 5405 perfectionem

285 5421 412 5474 qua
443 5409 496 5462 in
529 5407 642 5462 Deo
667 5419 750 5462 est
779 5409 994 5478 assequi
1023 5419 1116 5464 aut
1153 5424 1368 5476 multare
1413 5423 1698 5476 possumus
1725 5450 1740 5472 ,
1779 5409 1874 5464 sed

287 5491 581 5546 possumus
629 5487 812 5534 tamen
857 5480 1076 5534 imitari.
1123 5481 1274 5536 Unde
1315 5481 1504 5536 Patres
1549 5489 1882 5536 annotarunt

283 5563 396 5620 non
425 5565 590 5602 unam
609 5564 754 5616 esse,
781 5552 878 5606 sed
899 5551 1248 5619 multiplicent
1275 5551 1618 5620 perfectionis
1640 5553 1876 5620 speciem
1905 5615 1908 5618 _

283 5618 342 5672 in
367 5619 666 5689 Scripturis
697 5618 1328 5692 designatant.Clemens
1356 5618 1750 5677 Alexandrinus
1781 5623 1876 5678 lib.

279 5703 342 5766 ly
361 5695 700 5766 Strumatum
725 5709 740 5746 :
768 5691 1000 5763 Invenio,
1033 5696 1230 5765 inquit,
1257 5698 1536 5766 perfectum
1567 5695 1740 5748 multis
1769 5711 1880 5748 mo-

279 5761 764 5839 dis_ucipi,-_pr_out
789 5767 834 5839 is
859 5775 937 5820 est
1147 5761 1732 5839 unaquaquegrirtutese
1749 5774 1882 5824 recte

275 5834 439 5905 gerit.
487 5831 769 5903 Perﬁcitur
803 5831 988 5905 itaque
1014 5846 1062 5892 et
1103 5831 1486 5892 consummata?
1513 5837 1720 5906 aliquis,
1751 5844 1804 5890 ut
1836 5845 1884 5889 et

1985 4973 2040 5031 in
2061 4973 2334 5050 conspectu
2362 4989 2446 5034 tuo
2477 4979 2640 5032 omnis
2667 4981 2834 5032 vivens
2859 4973 3031 5050 (Psal-
3057 4975 3240 5050 εἴκω),
3277 4975 3346 5050 σε(
3371 4981 3590 5050 semiu-

1987 5045 2200 5110 slitiam'.
2227 5067 2338 5116 ante
2368 5067 2468 5122 non
2491 5045 2902 5122 camparalt‘ane,
2929 5048 3035 5122 sed
3051 5045 3144 5098 Dei
3163 5047 3374 5099 scientia
3397 5045 3588 5122 dicitur

1989 5137 2094 5192 esse
2113 5123 2355 5192 perfecta.
2385 5119 2622 5190 Denique
2645 5121 2931 5174 Cassianus
2959 5119 3091 5171 inira
3115 5121 3474 5192 sXﬁeltintitt
3491 5119 3587 5192 ab-

1991 5187 2126 5246 bati;
2143 5195 2507 5248 Cilml‘l'ﬂlﬂllls
2534 5187 2600 5248 ita
2626 5193 2692 5248 de
2717 5193 3043 5260 perfectione
3064 5190 3257 5262 scribit
3276 5187 3428 5262 (Cap.
3454 5190 3582 5262 12):

1992 5261 2098 5316 Pro
2112 5273 2246 5318 statu
2262 5277 2410 5330 atque
2429 5281 2666 5320 mensura
2686 5259 3086 5332 uniuscujusque
3105 5259 3292 5332 mentis.
3308 5259 3586 5329 Scriptura

1988 5335 2162 5388 divina
2191 5337 2258 5390 ad
2291 5341 2512 5392 dirersos
2542 5331 2907 5404 perfectionum
2941 5335 3132 5403 gradus
3172 5331 3375 5404 arbitrii
3416 5335 3582 5388 nostri

1985 5418 2226 5476 provocat
2255 5407 2576 5472 libertatem;
2605 5403 2695 5460 nec
2722 5407 2853 5460 enim
2885 5413 3082 5475 ρωποι-αι
3109 5403 3382 5476 uniformis
3413 5405 3581 5458 omni-

1986 5473 2078 5530 bus
2110 5479 2431 5548 perfectionis
2459 5495 2651 5532 corona
2676 5473 2924 5548 proponi;
2954 5475 3074 5546 quia
3101 5489 3188 5548 nec
3217 5473 3446 5548 omnium
3473 5491 3580 5530 una

1987 5545 2163 5614 virtus,
2201 5545 2300 5604 una
2331 5551 2586 5612 uoluntas,
2620 5545 2708 5602 aut
2736 5545 2901 5618 fervor
2923 5545 3037 5600 est:
3065 5553 3112 5598 et
3135 5545 3326 5618 idcirco
3347 5547 3577 5616 ipsarum

1983 5625 2208 5688 quodam
2231 5619 2380 5674 ntodo
2413 5617 2782 5692 perfectionunt
2811 5618 3034 5692 diuersos
3057 5617 3261 5692 ordines
3279 5657 3294 5678 .
3314 5617 3576 5692 diversas-

1983 5707 2081 5759 que
2131 5689 2596 5746 ntensuras'scrmo
2644 5693 2840 5744 dit-inus
2883 5691 3123 5742 instituit.
3173 5689 3322 5752 Quod
3365 5691 3438 5742 ita
3465 5704 3576 5743 esse

1987 5761 2410 5832 Evangelicarum
2438 5761 2634 5832 duoque
2661 5761 3029 5832 beatitudinum
3066 5761 3280 5814 varietas
3317 5759 3574 5832 euidenter

1985 5828 2226 5904 ostendit,
2259 5845 2361 5891 etc.
2391 5828 2642 5904 (Vides.
2671 5831 2858 5889 Tltom.
2887 5831 3004 5902 "2-2,
3032 5849 3082 5903 q.
3118 5833 3310 5902 184m.
3340 5828 3422 5900 2).
