4078 6332
1328 305 1670 380 οοιιιιτιο
1708 318 1797 380 ιιι.
1830 350 1901 368 --
1936 323 2027 384 DE
2064 326 2567 389 PERFECTIONE.

315 450 533 505 suarum
562 434 983 506 conscientiam,
1021 432 1099 491 illi
1137 422 1475 507 potissimum
1520 437 1735 493 studere
1777 451 1905 494 con-
1931 442 1983 507 Α
2010 449 2226 513 propter
2255 443 2380 498 boni
2408 442 2578 511 ipsius
2617 441 2971 501 delectabitur
2990 444 3374 519 'voluntatem;
3405 464 3471 509 ac
3507 452 3590 509 si.

317 532 505 595 tendit.
533 548 695 605 quem
723 532 884 587 etiam
915 532 1317 600 circumveniri,
1348 548 1446 588 nec
1471 531 1497 588 ι
1509 532 1604 599 .lli,
1639 549 1737 589 nec
1776 534 1901 589 sub-

318 630 588 705 terfugere
612 642 673 684 se
698 640 857 699 posse
884 629 1181 698 cognoscit.

936 740 1163 797 CAPUT
1202 739 1273 797 Χ.

320 832 472 900 Quod
495 836 744 908 perfectio
775 832 1064 908 charitatis
1079 834 1142 887 sit
1169 851 1263 902 pro
1289 834 1513 890 inimicis
1538 850 1706 899 orare,
1736 846 1900 908 etquo

510 905 705 959 indicio
730 906 905 957 anima
937 904 1155 959 necdum
1178 920 1398 975 purgata
1428 920 1690 963 noscatur.

382 998 553 1068 Quem
582 1012 783 1054 statum
811 999 857 1053 si
876 1000 994 1069 quis
1020 1001 1087 1054 de
1112 1001 1383 1069 adjttturiu
1413 1000 1528 1067 Dei,
1557 1017 1662 1057 non
1686 1002 1754 1057 de
1779 1009 1899 1057 stu-

313 1093 385 1149 dii
442 1092 528 1149 sui
583 1093 770 1149 labore
806 1109 1161 1162 praesumens,
1194 1106 1450 1149 meruerit
1492 1096 1797 1165 possidere.
1830 1096 1901 1152 de

311 1186 629 1242 conditione
658 1188 842 1243 servili
884 1187 963 1258 (in
1005 1203 1108 1259 qua
1140 1189 1302 1244 timor
1330 1197 1438 1258 est)
1488 1202 1539 1246 et
1570 1192 1899 1247 mercenaria

310 1284 425 1351 spei
458 1281 757 1351 cupiditate
805 1284 883 1355 (tn
931 1299 1033 1354 qua
1064 1303 1169 1339 non
1210 1294 1316 1339 tam
1369 1286 1581 1340 b0nitas
1622 1287 1898 1357 largientis

310 1387 472 1443 quam
500 1374 781 1444 prmmium
822 1375 1192 1430 retributionis
1218 1377 1507 1447 expetitur)
1550 1377 1604 1433 in
1650 1380 1898 1449 adoptio-

309 1479 431 1519 nem
485 1466 705 1535 incipiet
744 1468 975 1521 transire
1014 1468 1267 1535 liliorum,
1306 1468 1394 1523 ubi
1425 1468 1533 1538 jam
1567 1486 1673 1523 lltm
1713 1474 1893 1538 timor,

308 1571 414 1612 non
442 1557 743 1628 cupiditas,
772 1560 868 1614 sed
900 1560 985 1614 illa
1018 1563 1279 1625 cbaritas,
1312 1577 1434 1632 quas
1468 1578 1757 1632 numquam
1800 1579 1896 1619 ca-

305 1647 402 1716 dit,
423 1649 627 1719 jugiter
642 1663 960 1719 perseverat
989 1652 1033 1724 (l
1064 1649 1183 1707 Cor.
1214 1656 1351 1726 xm).
1389 1654 1465 1710 lie
1492 1671 1597 1727 quo
1629 1656 1821 1713 timore
1842 1666 1897 1713 et

305 1738 570 1797 charitate
605 1744 869 1813 quosdam
915 1745 1203 1817 increpans
1234 1746 1511 1815 Dominus,
1543 1747 1669 1817 quid
1699 1749 1896 1819 cuique

2006 534 2187 588 ntilem
2212 533 2612 605 quodammodo
2643 535 2927 608 possidens
2965 539 3236 607 patientiae
3264 556 3328 598 ac
3351 542 3589 602 lenitatis

2004 624 2281 692 all‘ectum,
2323 627 2487 683 unllis
2529 629 2786 700 deinceps
2833 632 3165 696 peccantium
3197 633 3343 688 vitiis
3391 635 3594 692 irasce-

2006 726 2115 786 tur,
2148 720 2244 773 sod
2268 718 2480 775 veniam
2513 720 2711 790 putius,
2752 721 3157 779 inﬁrmitatibus
3179 741 3369 781 eorum
3391 729 3593 782 condo-

2004 810 2124 865 lens
2150 822 2312 883 atque
2360 816 2716 884 compatiens,
2769 815 3096 882 itnploraliit,
3127 820 3484 874 reminiscens
3529 835 3589 876 se

2006 903 2207 958 tamdiu
2256 903 2514 959 similium
2565 909 2873 974 passionum
2920 909 3154 963 stimulis
3196 909 3589 981 impugnatum,

2003 996 2177 1053 donec
2202 998 2549 1053 miseratione
2579 997 2791 1054 Domini
2823 1002 3145 1069 salvaretur,
3177 1019 3277 1058 nec
3324 1020 3423 1059 suo
3465 1021 3591 1062 eru-

2003 1097 2115 1145 tum
2154 1088 2335 1144 studio
2363 1090 2431 1143 ab
2472 1090 2872 1161 impugnatione
2899 1094 3126 1159 carnali,
3157 1095 3251 1149 sed
3284 1095 3377 1151 Dei
3409 1109 3591 1166 prote-

2001 1185 2182 1238 ctione
2211 1184 2497 1248 salvatum,
2529 1195 2584 1237 ut
2621 1200 2727 1238 non
2758 1185 3113 1253 iracundiam,
3147 1187 3242 1242 sed
3274 1188 3587 1243 misericor-

2001 1274 2144 1330 diam
2190 1275 2498 1329 errantibus
2564 1275 2892 1346 intelligeret
2941 1279 3379 1350 impendet-dam,
3433 1279 3586 1336 illum

2000 1369 2325 1423 versiculum
2356 1367 2422 1422 ad
2464 1369 2629 1423 lieutn
2660 1383 2781 1423 cum
2812 1368 2961 1425 omni
2990 1371 3170 1425 cordis
3201 1372 3590 1442 tranquillitate

2001 1463 2302 1517 decantans
2331 1481 2343 1515 :
2374 1462 2451 1516 Tu
2493 1462 2737 1532 dirupisti
2764 1463 2967 1519 vincula
2997 1482 3137 1530 mea,
3168 1466 3257 1520 tibi
3285 1466 3589 1536 sacrificabo

1998 1554 2219 1610 hostiam
2241 1554 2412 1610 laudis
2437 1553 2556 1626 (Ps.
2589 1562 2742 1626 ειν).
2773 1557 2861 1623 Et,
2896 1556 3017 1611 Nisi
3040 1558 3164 1628 quia
3198 1557 3452 1615 Dominus
3483 1560 3587 1614 ad-

1990 1649 2125 1719 juvit
2152 1664 2248 1715 me,
2266 1648 2594 1717 paulomintts
2616 1648 2933 1703 habitaverat
2962 1652 3013 1702 in
3043 1650 3249 1719 inferno
3277 1652 3452 1706 anima
3474 1668 3589 1707 mea

2004 1740 2173 1812 (Psat.
2202 1744 2375 1811 xcnt).
2408 1741 2472 1795 Et
2495 1741 2550 1797 itt
2582 1744 2683 1797 bac
2706 1741 2903 1797 mentis
2930 1740 3233 1798 humilitate
3258 1748 3582 1813 consistens,

304 1850 551 1905 persona:
587 1838 929 1905 conveniret,
975 1840 1233 1895 ostendit.
1269 1849 1295 1879 ι
1332 1839 1503 1895 Filius
1543 1844 1762 1895 honorat
1792 1858 1888 1911 pa-

1999 1836 2194 1906 pnterit
2235 1837 2397 1890 etiam
2430 1833 2457 1873 ι)
2491 1834 2873 1905 EVaingelicunt
2923 1835 3053 1889 illud
3102 1838 3449 1905 perfectionis
3489 1851 3587 1893 ex-

302 1940 457 1994 trem,
488 1942 537 1986 et
559 1947 731 1986 servus
758 1931 1021 1988 dominunt
1050 1951 1201 1988 suum
1243 1936 1403 1991 timet.
1452 1936 1514 1990 Et
1543 1939 1587 1992 si
1614 1936 1775 1991 Pater
1799 1953 1892 2009 ego

297 2038 432 2085 sum,
470 2023 558 2076 ubi
582 2035 657 2077 est
686 2027 850 2078 honor
871 2025 1048 2080 meus?
1078 2024 1146 2080 Et
1176 2028 1219 2081 si
1248 2025 1499 2083 Dominus
1526 2046 1621 2099 ego
1647 2046 1781 2094 sum,
1806 2028 1894 2082 ubi

297 2125 370 2171 est
392 2116 551 2172 timor
578 2134 717 2172 meus
741 2115 998 2191 (Malach.
1031 2119 1112 2191 t)?
1139 2120 1374 2176 Necesse
1395 2131 1479 2175 est
1504 2122 1648 2175 enim
1675 2140 1798 2175 cum
1824 2122 1891 2176 ti-

295 2223 445 2264 mere
468 2209 560 2279 qui
598 2224 789 2264 servus
809 2223 927 2277 est;
964 2210 1088 2278 quia
1120 2214 1281 2265 sciens
1323 2214 1644 2267 voluntatem
1690 2212 1890 2267 domini

294 2300 399 2364 sui,
428 2301 478 2354 si
506 2316 612 2354 non
644 2302 846 2371 fecerit,
880 2302 1033 2373 digne
1056 2302 1321 2373 vapulabit
1348 2304 1514 2375 plagis
1542 2306 1716 2358 multis
1734 2304 1886 2377 (Luc.

294 2393 421 2464 ιιι).
454 2391 560 2447 Per
588 2396 726 2448 hanc
768 2394 949 2463 itaque
992 2395 1314 2451 cltaritatem
1345 2400 1587 2470 quisquis
1612 2398 1679 2452 ad
1703 2398 1891 2468 imagi~

295 2498 420 2540 netu
470 2482 568 2541 Dei
623 2485 1143 2559 similitudinetnque
1192 2491 1546 2560 pervenerit,
1601 2490 1742 2546 bono
1775 2489 1890 2561 jam

2000 1931 2147 1999 plere
2176 1928 2487 1983 mandatum
2520 1946 2533 1982 :
2572 1927 2783 2000 Dittgitc
2806 1928 3043 1983 inimicos
3066 1938 3279 1994 vestros,
3306 1942 3351 1984 et
3379 1930 3587 2001 benefa-

1998 2023 2095 2077 cite
2132 2021 2214 2075 his
2243 2022 2330 2092 qui
2358 2022 2581 2075 oderunt
2611 2037 2717 2086 vos,
2772 2032 2818 2075 et
2860 2031 3005 2077 orate
3041 2039 3134 2095 pro
3166 2023 3587 2095 persequentibus

1995 2127 2045 2171 et
2074 2116 2507 2171 calumniantibus
2535 2131 2620 2169 vos
2645 2114 2796 2185 (Luc.
2832 2114 2939 2189 vt);
2971 2119 3117 2172 etita
3141 2117 3163 2144 π
3193 2118 3260 2171 ad
3284 2116 3413 2171 illud
3449 2130 3584 2185 prae-

1995 2227 2160 2267 miuin
2186 2210 2329 2282 quod
2356 2210 2717 2280 subjttttgitttr,
2753 2211 2949 2281 pcterit
2983 2210 3288 2281 pervenire,
3320 2225 3414 2281 per
3441 2209 3587 2278 quod

1996 2319 2102 2359 non
2134 2305 2307 2358 solum
2338 2303 2628 2372 imaginem
2669 2300 2763 2357 Dei
2803 2312 2857 2357 et
2880 2300 3288 2357 similitudinem
3337 2303 3589 2372 perieraa

1998 2411 2137 2462 mus,
2182 2411 2371 2450 vi-rum
2401 2396 2563 2449 etiam
2606 2393 2705 2449 lilii
2737 2394 2830 2449 Dei
2879 2407 3300 2463 nuncupentur:
3353 2392 3421 2448 Ut
3447 2394 3583 2461 sitis,

1998 2489 2193 2559 inquit,
2217 2488 2315 2559 filii
2350 2486 2525 2541 Patris
2549 2486 2701 2541 vestri
2748 2485 2836 2556 qui
2887 2485 2943 2539 in
2985 2484 3124 2539 stetis
3164 2492 3262 2553 est,
3302 2484 3583 2556 qulsolem

1369 2628 1629 2684 ALARDI
1667 2628 1799 2684 6A1
1812 2626 1903 2684 [EI
1940 2625 2510 2684 COMMENTARIUS.

296 2744 421 2791 rant
442 2736 649 2791 ethnici
670 2738 965 2803 scriptores
992 2736 1214 2793 :Ciecro
1231 2738 1325 2793 lib.
1351 2755 1385 2794 ιι
1418 2740 1843 2797 Tusculanarum
1867 2758 1880 2794 :

298 2806 351 2881 ιν
360 2808 543 2873 ullum,
573 2818 668 2881 ait,
694 2810 945 2863 theatrum
972 2811 1144 2864 virtuti
1174 2812 1483 2865 conscientia
1511 2814 1702 2881 majus.
1736 2816 1797 2867 tt
1831 2813 1881 2867 in

296 2877 548 2954 Catone:
606 2878 948 2954 Conscientia
980 2882 1104 2935 bene
1164 2894 1301 2954 acttzi
1341 2893 1458 2937 vute
1506 2877 1882 2954 multorumque

299 2953 689 3023 benefactorum
728 2952 1106 3023 jucundiuima
1136 2964 1225 3007 est.
1287 2953 1349 3007 Et
1400 2956 1450 3007 in
1495 2967 1738 3011 oratione
1788 2952 1883 3023 pro

294 3019 547 3096 Cluentio
582 3040 595 3076 :
631 3019 1027 3096 :Jiootimorum
1062 3022 1395 3079 consiltorum
1430 3036 1581 3096 atque
1628 3019 1881 3096 factor-um

301 3094 440 3147 testis
471 3095 525 3146 in
564 3094 703 3146 onmi
740 3094 842 3147 vita
890 3096 1197 3150 conscientia
1236 3095 1412 3160 fuerit,
1455 3094 1565 3151 sine
1605 3094 1715 3152 ulla
1748 3109 1881 3151 metu

294 3180 498 3217 summa
527 3180 641 3217 cum
672 3164 933 3218 honestate
963 3166 1203 3220 vivemus.
1233 3151 1441 3222 Seneca
1472 3184 1560 3227 en.
1594 3168 1664 3224 45
1696 3151 1712 3221 7;
1744 3170 1882 3234 Quid
1910 3151 1957 3215 (ἶ

294 3236 512 3312 prodest
527 3236 806 3291 recondere
852 3253 925 3312 se,
948 3247 997 3291 et
1026 3236 1202 3290 oculos
1248 3238 1511 3312 hominum
1540 3257 1788 3312 auresque
1812 3243 1887 3294 vi—

296 3304 444 3361 tare?
468 3304 615 3360 Bona
638 3309 950 3362 conscientia
988 3312 1185 3364 turbam
1218 3308 1454 3371 advocat,
1482 3313 1617 3365 malo
1641 3304 1793 3366 etiam
1831 3312 1885 3366 in

294 3377 579 3432 solitudine
631 3381 789 3433 anxia
835 3392 983 3450 atque
1011 3380 1230 3434 sollicita
1277 3391 1370 3433 est.
1406 3382 1466 3435 bi
1498 3384 1713 3437 honesta
1766 3392 1887 3437 sunt

294 3463 415 3517 quae
445 3450 597 3518 facis,
646 3465 819 3506 omnes
838 3464 1037 3513 sciant;
1083 3453 1126 3504 si
1155 3450 1350 3517 turpia,
1388 3453 1513 3520 quid
1538 3457 1694 3519 refert
1724 3456 1886 3507 nemi-

294 3535 415 3573 nem
440 3524 602 3583 seire,
627 3536 761 3574 .cum
792 3535 845 3574 tu
873 3523 1044 3578 scias?
1076 3522 1120 3576 0
1157 3532 1205 3575 te
1235 3524 1477 3577 miseram
1495 3524 1517 3579 !
1537 3528 1581 3580 si
1602 3526 1885 3580 contemnis

293 3590 432 3644 hunc
462 3601 659 3646 testem.
692 3593 962 3648 Accedant
987 3606 1040 3650 et
1072 3602 1265 3663 poetae.
1300 3593 1553 3653 Horatius
1582 3599 1639 3653 iu
1672 3600 1887 3669 Episto-

288 3659 357 3720 lis
390 3660 584 3734 (Epist.
618 3662 696 3732 t):

464 3672 584 3733 ptst.
618 3672 659 3732 I)
684 3680 696 3714 :

826 3756 913 3808 His
932 3772 1101 3823 murus
1123 3760 1344 3812 abeneus
1369 3769 1493 3823 esto,

420 3813 500 3865 Nil
522 3818 746 3868 conscire
771 3820 884 3882 sibi,
909 3822 1036 3871 nulla
1065 3823 1335 3885 patlcscere
1350 3813 1508 3887 culpa".

290 3918 361 3974 Δι
394 3917 462 3974 de
501 3922 642 3977 mala
665 3921 992 3979 conscientia
1025 3924 1297 3983 iuvenalis
1327 3930 1489 3984 satira
1517 3928 1551 3983 3
1582 3947 1595 3985 :

418 4032 489 4106 ἓξ
682 4034 1022 4106 quodcumque
1039 4040 1164 4089 malo
1181 4043 1515 4106 committitur,
1541 4044 1635 4106 ipsi

418 4095 658 4170 Displicet
680 4095 860 4148 a’uctOri
889 4113 901 4149 :
925 4095 1075 4170 prima
1108 4108 1189 4170 est
1205 4105 1311 4154 btec
1333 4106 1466 4168 ultio,
1488 4095 1615 4170 quod
1639 4118 1697 4157 se

417 4156 612 4218 Iudice,
637 4174 782 4209 nemo
803 4156 985 4213 nocens
1010 4165 1291 4218 absolvitur.

291 4282 366 4368 Et
394 4281 587 4338 CiCero
614 4300 711 4354 pro
752 4284 949 4368 R.»scio
981 4288 1234 4344 Amerino
1264 4308 1277 4344 :
1319 4290 1429 4348 Sua
1456 4310 1704 4367 quemque
1734 4298 1882 4368 fraus

290 4366 339 4409 et
361 4373 486 4409 suus
511 4371 654 4439 error
684 4360 901 4439 munitur
928 4371 1106 4425 vexat;
1132 4378 1282 4439 suum
1311 4381 1437 4434 que»
1461 4360 1557 4432 que
1581 4360 1744 4421 sEelus'
1773 4373 1885 4439 agi-

291 4437 391 4505 tat,
428 4428 754 4505 amentiaque
788 4429 980 4505 animi;
1022 4448 1129 4505 sua:
1172 4428 1333 4490 ntalte'
1371 4428 1705 4505 cngita'iones
1760 4428 1884 4493 αἴη-

290 4499 616 4574 scientia-que
639 4500 795 4574 animi
826 4499 1013 4555 ξαντα
1039 4520 1051 4555 :
1093 4504 1173 4557 ha:
1200 4516 1313 4559 sunt
1338 4499 1506 4574 impiis
1540 4511 1764 4565 assidute
1791 4512 1885 4565 do-

292 4570 618 4640 mestictzque
639 4569 808 4640 furite.
846 4575 967 4627 llmc
990 4574 1064 4627 illi
1086 4576 1153 4630 de
1178 4569 1527 4636 conscientia.
1546 4582 1803 4635 bonarum
1827 4597 1880 4638 et

291 4638 557 4718 malarum
590 4638 856 4718 actionum
886 4654 940 4697 et
979 4646 1362 4712 C~tgilali0ltlIlll
1393 4650 1489 4705 arb
1514 4661 1614 4717 trzt,
1650 4661 1787 4708 teste
1828 4664 1884 4711 et

293 4710 491 4791 indice,
515 4728 635 4777 quae
665 4712 854 4791 {intecti
885 4710 1194 4791 πγτήρησις
1216 4719 1442 4791 dicitur;
1467 4710 1614 4789 quae,
1639 4734 1692 4778 ιιι
1712 4724 1787 4778 ait
1818 4710 1878 4780 D.

345 4784 660 4858 ie‘l'QItYIIIUS
689 4782 779 4853 (In
811 4785 996 4839 Επειδὴ.
1025 4782 1142 4858 c'ap.
1176 4798 1241 4855 ι),
1279 4782 1519 4848 Scintilla
1561 4782 1884 4852 conscientia:

291 4854 348 4937 in
373 4850 743 4937 Cain'quaque.
764 4865 986 4937 pectore,
1020 4850 1290 4937 postquam
1321 4865 1509 4928 rit-ctus
1537 4877 1609 4918 est
1641 4868 1704 4919 de
1728 4850 1884 4937 para-

292 4926 431 5002 diso,
479 4940 583 5002 non
613 4928 979 5002 exstinguitur,
1020 4926 1080 4982 ἰι
1106 4926 1207 4998 qua
1242 4926 1361 4986 victi
1409 4926 1773 5002 voluptatibus,
1805 4941 1885 4994 vel

293 4996 495 5066 furare,
526 4996 745 5064 ipsoque
770 5000 1032 5081 interdum
1055 4996 1272 5058 rationis
1297 5006 1498 5081 decepti
1520 4996 1881 5081 similitudine,

290 5081 386 5146 nos
413 5080 628 5149 peccare
652 5070 921 5123 sentimus.
950 5070 1217 5149 Czeterum
1245 5076 1598 5149 con~cientia,
1625 5079 1748 5132 lictet
1773 5070 1883 5149 ipsa

291 5137 375 5216 sui
411 5139 586 5202 ipsius
616 5154 943 5216 suartttttque
968 5142 1240 5216 actionum
1272 5147 1472 5200 arbitra
1497 5159 1544 5200 et
1570 5137 1755 5216 jtttlex,
1792 5137 1881 5205 ita-

293 5208 381 5260 bet
415 5220 592 5283 tamen
613 5208 1194 5283 superiaceinjudicum
1217 5225 1269 5268 et
1292 5217 1449 5269 arbttt
1467 5208 1587 5283 unt,~
1604 5235 1701 5274 nec
1721 5208 1885 5278 alium

288 5292 459 5359 qqiim.
500 5277 667 5332 Deum
698 5281 895 5359 ipsum,
935 5284 1027 5359 qui
1062 5294 1195 5338 novit
1227 5288 1382 5359 corda
1412 5277 1695 5359 hominum,
1724 5303 1770 5344 et
1799 5277 1884 5346 in;

292 5348 686 5420 tetligit_omues
723 5348 1072 5419 cogitationes
1107 5370 1305 5413 eorum.
1341 5358 1492 5413 Unde
1542 5348 1836 5419 Arus'tolus
1867 5361 1886 5417 ι

287 5418 543 5498 this-iniu.
579 5435 676 5498 liti
703 5420 854 5474 Nihil
878 5422 1029 5488 mihi,
1062 5425 1256 5496 inquit,
1283 5432 1517 5484 conscius
1539 5450 1685 5498 sum;
1716 5418 1887 5488 tamen

286 5490 476 5571 inohoe
502 5490 823 5571 justi/iectus
850 5510 953 5571 non
978 5512 1110 5551 sum.
1136 5490 1253 5571 Qui:
1266 5503 1399 5554 enim
1430 5502 1626 5566 iudicat
1653 5490 1751 5563 me.
1779 5505 1890 5558 Do-

288 5562 467 5633 minus
482 5573 578 5616 est.
596 5562 665 5616 Et
686 5565 1017 5633 Augustinus
1038 5562 1204 5624 serui.
1229 5570 1298 5625 25
1325 5574 1392 5626 tle
1418 5562 1605 5628 Verbis
1637 5562 1845 5631 Domini
1870 5594 1883 5629 :

286 5628 571 5714 fortasse,
599 5628 795 5714 inquit,
828 5646 887 5714 tu
928 5640 1293 5714 nihiliuvenis
1320 5647 1372 5697 in
1408 5628 1887 5714 conscictttia'itua,‘

286 5704 601 5786 ineenitille
628 5707 951 5786 qui__ntelius
1001 5712 1154 5786 videt.
1188 5716 1261 5767 Ex
1302 5719 1494 5785 quibus
1539 5704 1889 5785 intelligimus

284 5777 668 5852 testimonium
694 5777 831 5852 illud
873 5781 989 5852 sive
1033 5783 1291 5852 judicium
1320 5777 1497 5840 "bona:
1542 5777 1888 5844 conscientias

283 5860 548 5915 magnam
577 5847 798 5917 quidem
826 5847 1281 5910 aﬂ'erre'ti'rtitiam
1312 5868 1364 5913 et
1396 5857 1556 5915 animi
1591 5860 1887 5930 tranquilli-

1988 2747 2171 2799 tatem,
2201 2739 2296 2795 sed
2332 2755 2438 2794 non
2468 2738 2806 2796 inlallibilem
2835 2739 3243 2797 certitudinem.
3270 2740 3387 2798 Non
3429 2743 3577 2801 enim

1989 2811 2165 2867 solum
2200 2811 2445 2865 laetamur
2484 2820 2537 2864 et
2572 2812 2871 2884 gloriamur
2899 2813 2966 2869 de
2994 2814 3056 2867 iis
3084 2814 3246 2870 rebus
3273 2830 3411 2884 quas
3438 2817 3579 2871 certi

1986 2898 2175 2937 sumus
2219 2898 2317 2937 nos
2355 2884 2572 2941 habere.
2603 2883 2685 2937 vel
2738 2882 3052 2950 habituros;
3083 2884 3179 2941 sed
3225 2882 3388 2940 etiam
3420 2886 3486 2941 de
3519 2887 3584 2942 iis

1986 2968 2121 3024 quas
2144 2953 2229 3007 vel
2275 2968 2372 3009 nos
2405 2954 2608 3009 habere
2637 2954 2981 3016 confidimus.
3013 2956 3097 3011 vel
3149 2954 3429 3012 habituros
3454 2972 3580 3015 esse

1987 3038 2290 3091 speramus,
2333 3024 2582 3096 quamvis
2621 3042 2727 3080 non
2759 3027 2874 3081 sine
2922 3029 3120 3081 timore
3149 3037 3243 3083 aut
3290 3027 3587 3087 formidine
3660 3030 3663 3035 ’

1988 3096 2057 3149 de
2085 3100 2362 3167 opposito,
2393 3110 2447 3149 ut
2480 3096 2639 3167 vulgo
2658 3096 2876 3153 dicitur.
2909 3098 3062 3156 Unde
3082 3109 3137 3153 et
3164 3100 3369 3159 psalmo
3392 3113 3586 3156 secun-

1988 3168 2057 3239 do
2082 3166 2335 3239 iubemur
2357 3166 2629 3222 exsultare
2656 3184 2781 3239 cum
2807 3180 3068 3226 tremore.
3095 3166 3228 3225 Vide
3257 3177 3409 3239 plura
3441 3171 3580 3239 apud

1993 3237 2054 3292 ι).
2089 3238 2420 3293 Bernardum
2460 3239 2512 3293 in
2543 3238 2727 3295 libello
2756 3241 2848 3295 illo
2875 3255 3002 3295 vere
3030 3256 3196 3296 aureo
3225 3237 3295 3296 de
3333 3237 3581 3297 Interiori

1991 3307 2183 3381 Domo,
2205 3324 2258 3365 et
2288 3312 2460 3364 altero
2499 3310 2568 3365 de
2607 3307 2953 3366 Conscientia
2996 3312 3279 3381 inscripto.
3308 3313 3373 3369 Et
3403 3312 3586 3369 conci-

1988 3379 2117 3433 littnt
2148 3379 2518 3452 Tridentinum
2544 3397 2681 3437 sess.
2707 3382 2740 3438 6
2770 3398 2887 3452 cap.
2917 3384 2974 3441 9.

2062 3459 2087 3487 ι
2130 3451 2190 3505 D.
2226 3451 2586 3523 Hieronymus
2616 3452 2671 3523 in
2720 3451 2862 3509 hunc
2908 3454 3084 3509 locum
3132 3453 3413 3509 Malachite
3463 3461 3584 3522 post

1989 3523 2155 3577 multa
2181 3534 2365 3577 natatu
2388 3525 2548 3585 digna
2584 3541 2596 3575 :
2629 3522 2785 3586 Deus,
2814 3524 3001 3591 inquit,
3035 3529 3201 3578 sciens
3227 3524 3575 3592 differentiam

1986 3592 2088 3664 ριιι
2116 3603 2163 3648 et
2185 3595 2334 3653 servi.
2369 3610 2398 3646 tt
2427 3593 2538 3661 ﬁlio
2568 3593 2808 3663 gloriam,
2831 3613 2863 3650 a
2910 3611 3054 3650 servo
3108 3597 3338 3649 timorem
3368 3597 3579 3664 expetit.

1986 3662 2313 3733 Princip-um
2335 3669 2474 3719 enim
2503 3662 2767 3733 sapientia:
2795 3666 2945 3721 timor
2974 3664 3201 3721 Domini.
3229 3664 3296 3720 Ut
3309 3666 3374 3720 de
3400 3662 3583 3721 timore

1986 3750 2245 3789 servorum
2273 3740 2340 3789 ad
2368 3735 2596 3805 ﬁliorum
2623 3736 2839 3804 gloriam
2866 3746 3202 3791 transeamus.

2059 3805 2087 3845 δ
2129 3807 2355 3861 Odi-etin
2384 3806 2726 3861 inimicorum
2758 3806 2860 3860 alia
2883 3809 3153 3876 generalis
3176 3818 3228 3863 et
3250 3807 3577 3873 communis,

1986 3876 2089 3931 alia
2123 3878 2405 3943 s,.ecialis;
2440 3878 2527 3932 illa
2574 3879 2857 3948 prmtfepti,
2892 3881 3005 3934 [nec
3046 3879 3260 3933 consilii
3297 3890 3351 3935 et
3396 3881 3572 3948 perle-

1988 3950 2205 4013 ctlonis,
2236 3965 2286 4003 ιιι
2319 3950 2402 4003 hic
2447 3948 2663 4003 dicitur.
2698 3947 2961 4018 Prteccpti
2990 3948 3132 4004 enim
3174 3960 3279 4017 est,
3322 3947 3577 4020 nequem

1988 4020 2267 4075 hominum
2286 4020 2633 4086 quantumvis
2651 4021 2806 4075 nobis
2822 4021 3094 4077 inimicum
3113 4024 3239 4077 odio
3258 4023 3577 4088 habeamus,

1988 4092 2123 4147 nulli
2174 4093 2372 4147 malum
2422 4108 2519 4161 pro
2565 4092 2710 4147 malo
2762 4094 3070 4159 reddamus,
3106 4093 3239 4148 nulli
3284 4092 3578 4164 quidquam

1987 4171 2236 4226 optemus
2279 4164 2423 4228 mali,
2459 4173 2516 4217 ut
2544 4179 2731 4218 omnes
2778 4166 3049 4228 bontines.
3104 4167 3403 4234 prmertim
3453 4179 3580 4219 vero

1985 4235 2364 4302 Christianos,
2416 4236 2653 4305 generali
2699 4236 2964 4292 cbaritate
3014 4236 3459 4301 complectamur.
3507 4244 3579 4305 Διιι

1986 4308 2361 4361 communibus
2412 4302 2774 4371 orationibus,
2824 4308 3220 4379 eleetnosynis,
3274 4302 3575 4374 benelictis,

1987 4392 2107 4445 qute
2140 4381 2191 4433 in
2219 4394 2407 4433 omnes
2436 4380 2591 4444 tiu-tt,
2626 4394 2729 4433 non
2758 4381 3135 4440 excludamus.
3179 4388 3236 4431 ut
3268 4383 3344 4435 eis
3384 4380 3578 4432 saltem

1989 4448 2043 4502 in
2066 4458 2307 4503 extrema
2336 4450 2651 4503 ttcct-ssitate
2682 4464 3081 4503 succurramus.
3107 4448 3330 4503 Consilii
3356 4465 3485 4503 vero
3513 4457 3571 4501 et

1991 4519 2361 4585 periectioni~,
2394 4531 2451 4574 ut
2473 4522 2551 4573 eis
2574 4531 2724 4573 extra
2756 4521 3131 4573 nece-sitatem
3156 4520 3577 4584 benefaciunus,

1987 4603 2045 4643 ut
2075 4606 2170 4644 eos
2192 4591 2505 4643 nominatim
2537 4594 2854 4655 salutemus,
2886 4601 2939 4643 ut
2962 4591 3304 4645 lntniliariter
3330 4591 3575 4659 alloqua-

1989 4676 2129 4730 mur,
2161 4673 2216 4715 ιιι
2247 4660 2590 4730 peculiariter
2622 4675 2718 4726 pro
2740 4663 2817 4713 eis
2847 4674 3087 4723 oremus,
3119 4670 3176 4715 ut
3201 4660 3377 4716 tnodis
3401 4661 3577 4715 omni-

1987 4729 2090 4785 bus
2116 4729 2309 4799 quibus
2341 4746 2626 4799 possumus
2657 4746 2751 4783 eos
2776 4730 3044 4799 juventus.

2065 4748 2090 4784 s
2116 4748 2309 4856 {Bubus
2341 4748 2626 4799 possumus
2657 4748 2751 4783 eos
2776 4748 3044 4799 μινειιιιιε.

2062 4811 2086 4840 ο
2179 4843 2191 4857 .
2222 4804 2546 4862 Augustinus
2580 4802 2630 4854 in
2662 4817 2841 4856 set-mo
2866 4817 2912 4855 te
2942 4804 3130 4871 quinto
3160 4801 3228 4856 de
3248 4802 3306 4856 S.
3334 4801 3569 4870 Stepha-

1988 4888 2061 4928 no
2088 4877 2332 4940 apposite
2370 4875 2436 4927 ad
2480 4880 2621 4927 nunc
2663 4874 2838 4927 locum
2869 4891 2881 4925 :
2910 4872 3157 4938 Grandis,
3201 4874 3251 4926 in
3276 4875 3394 4939 tuit,
3428 4875 3573 4927 labor

1989 4953 2062 4997 est
2102 4944 2337 4997 inimicos
2382 4944 2619 5012 diligere,
2652 4960 2745 5014 pro
2795 4947 3197 5016 persecutoribus
3240 4942 3574 5015 supplicare;

1990 5030 2085 5069 nec
2109 5032 2201 5086 nos
2228 5031 2496 5085 negamus,
2545 5016 2731 5085 fratres
2764 5031 2781 5068 :
2814 5032 2915 5068 non
2953 5032 3142 5083 parrus
3186 5017 3391 5086 quidem
3432 5016 3574 5068 labor

1990 5098 2062 5157 e_st
2091 5087 2141 5138 in
2171 5085 2267 5139 hoc
2296 5086 2512 5146 sweulo,
2545 5086 2632 5138 sed
2662 5087 2855 5157 grande
2879 5088 2975 5141 erit
3000 5089 3269 5156 prtemt'ttm
3300 5087 3351 5138 in
3375 5090 3572 5156 futuro.

1993 5154 2097 5228 ξιτ
2124 5173 2347 5209 antorem
2386 5158 2523 5228 enim
2569 5154 2788 5211 hominis
2818 5154 3041 5217 inimici.
3101 5157 3331 5228 efﬁcietis
3376 5154 3576 5212 milia“

1990 5224 2092 5299 Dei
2105 5228 2294 5289 ,‘immo
2318 5244 2418 5279 nou
2438 5227 2837 5299 solumamicus,
2867 5228 2955 5281 sed
2969 5224 3297 5297 etiam—filius,
3321 5234 3452 5281 sicut
3472 5230 3578 5299 ipse

1991 5297 2245 5351 Dominus
2274 5299 2438 5351 dicit:
2466 5298 2674 5367 Diligite
2698 5299 2930 5369 inimicas
2959 5312 3167 5361 vestros,
3200 5297 3578 5369 benefacite'his

1992 5370 2079 5436 qui
2101 5370 2315 5422 oderunt
2348 5385 2458 5432 vos,
2502 5380 2555 5421 ut
2587 5369 2698 5422 sitis
2732 5368 2826 5437 ﬁlii
2859 5368 3032 5422 Patris
3059 5368 3230 5432 vestri,
3252 5368 3337 5436 qut
3361 5372 3411 5421 in
3441 5372 3577 5421 catis

1991 5452 2064 5492 est
2093 5439 2308 5510 (Matth.
2337 5442 2414 5509 v).
2445 5440 2503 5493 Si
2531 5450 2576 5493 te
2610 5441 2799 5509 aliquis
2821 5439 2973 5493 homo
3010 5439 3148 5493 dives
3178 5441 3231 5492 in
3262 5439 3360 5492 hoc
3390 5442 3575 5492 stvculo

1994 5510 2140 5562 vellet
2163 5512 2459 5579 adoptivum
2485 5511 2652 5578 filium
2681 5519 2867 5579 facere,
2892 5514 3145 5579 quomodo
3179 5513 3413 5575 servires,
3444 5526 3574 5579 quos

1994 5583 2038 5654 ei
2066 5581 2339 5654 dignitates
2376 5582 2727 5653 impendercs;
2753 5590 2799 5633 et
2826 5597 3113 5646 servorum,
3145 5583 3357 5654 ejusque
3375 5583 3574 5635 servitia

1995 5652 2297 5719 durissima,
2345 5662 2395 5706 ct
2436 5652 2719 5722 aliquando
2764 5654 2914 5705 etiam
2963 5652 3257 5723 turpissima
3301 5657 3573 5707 sustineret

1993 5725 2242 5786 convicia,
2278 5732 2332 5776 ut
2362 5723 2431 5776 ad
2461 5728 2707 5776 caducam
2737 5733 2783 5776 et
2807 5724 3041 5793 fragilem
3075 5728 3188 5794 ejus
3214 5725 3571 5778 hwreditatem

1996 5794 2319 5861 pervenires?
2342 5795 2492 5861 Quod
2506 5809 2634 5867 ergo
2662 5795 2749 5848 ille
2770 5797 2987 5848 sustinet
3012 5807 3221 5867 propter
3247 5796 3572 5852 substantiam

1996 5873 2269 5933 terrenam,
2304 5873 2358 5917 tu
2388 5866 2582 5920 sustine
2609 5877 2817 5935 propter
2843 5870 2999 5918 vitam
3028 5866 3295 5921 meritam.
