4078 6332
395 306 508 404 ssi

1455 337 1736 401 JOANNIS
1771 335 2083 399 CASSIAN!
2119 336 2621 403 COLLATIONES.

3568 343 3675 407 660

394 475 549 518 suum
579 456 706 515 oriri
745 454 871 534 facit
899 472 1053 529 super
1080 457 1239 514 bonas
1282 462 1332 512 et
1371 454 1554 523 malas,
1589 462 1638 509 et
1664 452 1799 528 ptuit
1831 471 1984 529 super
2008 460 2062 521 Α
2087 454 2207 514 loco
2239 457 2523 531 praedictus
2554 457 2847 530 Apostolus
2884 473 2953 518 ne
2981 454 3146 518 'orari
3174 459 3393 534 quidem
3442 432 3680 543 debere,

394 548 562 631 justas
589 560 637 607 et
661 552 882 625 injustas
928 550 1142 626 (Matth.
1174 545 1257 623 v).
1300 546 1469 617 Quem
1499 544 1750 603 affectum
1797 546 1985 604 beatus

394 647 633 702 Joannes
657 654 962 701 assecutum
994 657 1056 701 se
1083 657 1205 697 esse
1229 654 1587 712 cognoscens,
1614 640 1689 695 ait
1712 656 1727 697 :
1758 638 1825 695 Ut
1847 639 1985 709 ﬁdu-

391 739 528 794 ciam
553 738 832 794 habeamus
862 737 915 792 in
939 737 1023 794 die
1058 735 1273 813 judicii,
1314 736 1437 809 quia
1478 735 1611 790 sicut
1640 742 1668 773 ι
1696 735 1787 791 ille
1815 742 1906 800 est,
1936 743 1985 790 et

392 851 485 889 nas
507 851 686 888 sumus
713 834 764 887 in
796 832 893 888 hac
920 833 1113 888 munda
1135 831 1178 905 (l
1198 834 1357 886 .Iaan.
1389 829 1487 905 tv).
1523 829 1577 885 In
1601 846 1708 904 quo
1734 832 1876 888 enim
1905 832 1984 887 in-

393 930 545 985 ﬁrma
576 939 633 985 et
660 928 868 1001 fragilis
901 930 1135 985 humana
1173 940 1364 985 natura
1393 943 1537 997 esse,
1577 930 1715 983 sicut
1752 927 1845 984 ille
1875 935 1980 997 est,

391 1032 595 1094 potest,
637 1024 737 1080 nisi
764 1038 825 1081 se
850 1022 905 1079 in
939 1021 1111 1080 bonos
1139 1031 1195 1078 et
1223 1021 1416 1087 malos,
1436 1020 1616 1093 justas
1642 1031 1695 1078 et
1726 1021 1978 1092 injustas,

387 1116 454 1171 ad
481 1118 831 1174 imitationem
854 1116 974 1182 Dei,
1000 1115 1211 1187 placida
1233 1130 1450 1185 semper
1472 1115 1555 1171 sui
1581 1115 1761 1170 cordis
1791 1124 1981 1170 exten-

391 1208 533 1265 derit
565 1208 871 1267 charitate?
899 1207 968 1265 Ut
996 1208 1195 1263 bonum
1226 1217 1452 1280 propter
1481 1207 1609 1263 boni
1642 1206 1810 1278 ipsius
1852 1221 1982 1276 ope-

388 1313 536 1358 retur
566 1301 841 1368 atfeetum,
874 1301 1198 1372 perveniens
1228 1300 1295 1356 ad
1339 1301 1484 1356 illam
1515 1315 1697 1358 veram
1727 1299 1977 1369 adoptio-

387 1410 508 1450 nem
540 1395 770 1451 ﬁliorum
803 1395 923 1460 Dei,
952 1394 1021 1450 de
1066 1409 1167 1466 qua
1206 1393 1349 1449 idem
1372 1392 1560 1449 beatus
1588 1392 1877 1463 Apostolus
1906 1391 1978 1448 ita

387 1488 697 1558 pronuntiat
729 1506 743 1541 ε
771 1487 799 1527 ι’
833 1487 1016 1542 Omnis
1047 1488 1132 1558 qui
1164 1495 1313 1541 natus
1340 1495 1415 1541 est
1457 1502 1521 1541 ex
1546 1484 1677 1550 Dea,
1712 1493 1976 1555 peccatum

385 1597 487 1635 non
514 1582 662 1653 facit,
705 1583 827 1647 quia
874 1597 1048 1637 semen
1092 1580 1255 1652 ipsius
1285 1580 1338 1634 in
1378 1595 1436 1634 ca
1463 1588 1557 1647 est,
1601 1589 1651 1634 et
1682 1595 1782 1633 nan
1815 1585 1980 1648 potest

382 1691 617 1748 peccare,
655 1677 897 1746 quoniam
937 1690 1003 1730 ea:
1049 1673 1161 1729 Dea
1209 1683 1361 1727 natus
1386 1682 1461 1727 est
1494 1669 1536 1744 (l
1566 1668 1727 1727 Jaan.
1770 1680 1873 1744 in).
1910 1669 1979 1726 Et

383 1770 580 1828 iterum
615 1787 629 1826 :
662 1771 872 1828 Scimus
892 1771 1015 1841 quia
1044 1769 1213 1825 omnis
1234 1770 1322 1840 qui
1352 1778 1503 1823 natus
1531 1778 1605 1824 est
1634 1784 1698 1822 ea:
1726 1765 1975 1833 Dea,nan

2088 552 2551 623 pronuntiat:Qui
2578 552 2693 622 scit,
2737 554 3007 624 inquiens,
3032 552 3244 624 fratrem
3273 571 3432 611 suum
3465 572 3681 628 peccare

2084 655 2349 720 peccatum
2371 664 2473 701 non
2500 647 2569 701 ad
2589 655 2824 712 mortem,
2854 654 3014 717 petat,
3043 654 3093 702 et
3113 648 3323 703 dabitur
3347 650 3394 703 ei
3420 655 3524 705 vita
3547 666 3675 724 pec-

2084 739 2225 793 canti
2247 754 2353 792 nan
2379 739 2448 794 ad
2476 747 2709 794 mortem.
2739 736 2766 775 ἀ
2792 736 2886 793 Est
2903 749 3170 809 peccatum
3192 742 3261 795 ad
3300 751 3535 803 mortem.
3565 758 3677 801 tum

2083 845 2182 904 pra
2215 827 2311 885 illa
2340 830 2454 884 dico
2493 838 2550 884 ut
2579 841 2722 900 roget
2762 832 2877 900 quis
2920 830 3131 903 (lbid.).
3161 829 3430 888 Caeterum
3459 833 3530 889 de
3563 832 3675 891 illis

2084 937 2203 994 qua:
2230 924 2644 995 pronuntiantur
2678 938 2785 978 non
2837 937 2958 979 esse
2987 922 3054 978 ad
3087 934 3343 989 mortem,
3392 939 3423 979 a
3469 927 3673 997 quibus

2083 1016 2247 1071 etiam
2281 1015 2332 1070 lii
2358 1016 2450 1087 qui
2482 1014 2711 1070 ﬁdeliter
2730 1012 2943 1070 Christo
2967 1014 3304 1083 deserviunt,
3333 1016 3675 1086 quantalibet

2083 1110 2408 1177 semetipsos
2466 1107 2953 1179 circumspectione
3001 1109 3340 1179 cusmdiant,
3399 1111 3677 1167 immunes

2082 1216 2202 1259 esse
2231 1218 2336 1257 non
2359 1214 2603 1273 possunt,
2638 1203 2706 1258 ita
2738 1203 2978 1259 dicitur:
3013 1202 3073 1260 Si
3104 1206 3389 1260 dixerimus
3418 1205 3677 1277 quoniam

2080 1305 2347 1368 peccatum
2374 1313 2476 1351 nan
2517 1297 2779 1365 habemus,
2809 1298 2911 1365 ipsi
2931 1314 3025 1353 nos
3067 1301 3377 1363 seducimus,
3411 1310 3459 1353 et
3483 1300 3677 1355 veritas

2078 1392 2134 1445 in
2161 1391 2305 1445 nabis
2326 1408 2427 1446 nan
2455 1402 2528 1446 est
2557 1392 2599 1463 (Ι
2639 1391 2799 1448 Jaan.
2832 1393 2895 1464 t).
2930 1392 2998 1448 Et
3023 1399 3214 1449 iterum
3243 1412 3256 1446 :
3299 1392 3363 1451 Si
3384 1394 3677 1449 dixerimus

2076 1485 2201 1557 quia
2222 1502 2324 1539 non
2346 1485 2683 1555 peccavimus,
2726 1489 3023 1540 mendacem
3052 1488 3273 1558 faciams
3309 1504 3451 1555 eum,
3483 1496 3531 1543 et
3557 1503 3678 1542 ver-

2080 1579 2195 1632 bum
2225 1580 2335 1651 ejus
2361 1595 2463 1632 nan
2495 1588 2569 1633 est
2611 1580 2663 1632 in
2703 1576 3102 1651 nabis(1bid.).
3146 1580 3488 1651 lmpossibile
3514 1595 3679 1636 nam-

2079 1688 2185 1743 que
2207 1673 2603 1745 estquemlibet
2628 1681 2933 1729 sanctorum
2960 1690 3065 1730 non
3085 1674 3135 1729 itt
3154 1673 3272 1731 istis
3301 1676 3521 1732 minutis
3544 1690 3674 1749 qua

2078 1781 2179 1838 per
2206 1781 2538 1835 sermonem,
2569 1783 2665 1838 per
2707 1767 3113 1839 cogitationem,
3147 1784 3244 1840 per
3276 1769 3671 1842 ignorantiam,

380 1871 583 1935 peccat,
623 1862 712 1919 sed
736 1863 999 1936 generatio
1041 1860 1137 1916 Dei
1160 1870 1424 1917 conservat
1454 1878 1591 1927 eum,
1639 1870 1686 1915 et
1716 1862 1975 1934 malignus
2004 1868 2052 1931 Β
2080 1875 2176 1932 per
2219 1860 2571 1929 oblivionem,
2617 1877 2713 1931 per
2741 1863 3139 1928 necessitatem,
3181 1879 3275 1932 per
3304 1864 3671 1935 voluntatem,

380 1978 483 2017 nan
510 1962 675 2035 tangit
723 1977 835 2016 eum
864 1961 908 2032 (l
934 1957 1092 2015 Jaan.
1122 1961 1197 2030 v).
1246 1957 1400 2027 Quod
1440 1958 1846 2030 intelligendum
1887 1964 1971 2013 est

380 2068 491 2109 non
516 2053 584 2111 de
625 2054 772 2110 omni
797 2068 997 2126 genere
1028 2061 1397 2124 peccatorum,
1443 2053 1537 2109 sed
1575 2063 1597 2092 ο
1625 2051 1694 2108 de
1724 2052 1966 2122 capitali-

378 2146 482 2202 bus
530 2158 734 2204 tantum
776 2147 1093 2205 criminibus
1128 2145 1257 2203 diei.
1288 2145 1337 2203 Α
1388 2145 1582 2218 quibus
1624 2159 1683 2200 se
1723 2143 1967 2216 quisquis

377 2241 690 2301 abstrahere
717 2252 881 2316 atque
914 2242 1214 2300 emundare
1242 2239 1503 2308 noluerit,
1534 2254 1632 2311 pro
1654 2237 1750 2294 illo
1780 2238 1836 2294 in
1860 2238 1966 2294 alio

2078 1972 2174 2028 per
2198 1955 2571 2026 obreptionem
2615 1955 2993 2025 admittuntur,
3023 1957 3321 2014 incurrere.
3356 1958 3486 2026 Quae
3535 1960 3676 2016 licet

2074 2050 2143 2105 ab
2174 2048 2266 2104 illo
2295 2041 2534 2120 peccato,
2562 2049 2706 2120 (ιω-(1
2734 2049 2801 2104 ad
2831 2057 3057 2106 mortem
3084 2066 3206 2107 esse
3234 2051 3451 2123 dicitur,
3481 2052 3670 2110 aliena

2072 2144 2200 2211 sint,
2233 2143 2395 2214 culpa
2426 2154 2605 2199 tamen
2639 2159 2700 2199 ac
2730 2144 3158 2215 reprehensione
3186 2160 3373 2201 carere
3399 2161 3502 2201 non
3539 2161 3676 2218 pos-

2073 2245 2217 2294 sunt.
2249 2233 2383 2292 Cum
2416 2252 2545 2309 ergo
2573 2236 2693 2311 quis
2714 2235 2857 2295 hunc
2883 2253 3041 2310 quem
3073 2237 3420 2310 praediximus
3446 2239 3674 2296 bonita-

1436 2399 1697 2459 ALARDI
1733 2398 1969 2459 GAZIEI
2005 2394 2562 2458 COMMENTARIUS.

448 2529 475 2559 ι
512 2520 571 2577 S.
593 2520 831 2579 Thomas
852 2520 907 2578 in
938 2520 1340 2578 Commentario
1374 2518 1566 2577 :Sicut
1584 2519 1676 2575 ille
1695 2528 1767 2575 est
1789 2520 1967 2574 clari-

374 2592 478 2649 tate
492 2593 699 2666 plenus,
730 2604 939 2649 sanctus
964 2603 1013 2648 et
1024 2597 1237 2666 justus;
1270 2597 1344 2648 ita
1365 2602 1414 2647 et
1439 2608 1536 2646 nas
1571 2602 1772 2666 sumus,
1796 2605 1852 2647 ut
1886 2592 1969 2666 dif

373 2668 441 2721 cit
476 2664 660 2721 Glassa
681 2662 1049 2721 interlinearis'.
1074 2662 1173 2720 Ubi
1200 2670 1339 2724 sicut
1366 2680 1467 2719 non
1491 2664 1852 2731 aequalitatem,
1876 2664 1966 2718 sed

374 2737 652 2820 quamdam
703 2735 1272 2820 similitudincmndicit.
1292 2811 1306 2820 _
1327 2734 1402 2819 Et.
1430 2750 1520 2818 per
1555 2734 1709 2820 hanc.
1719 2734 1965 2803 fiduciam

373 2807 636 2863 imitamur
655 2811 1017 2879 perfectionem
1038 2807 1330 2864 dilectionis
1356 2809 1467 2878 ejus
1484 2807 1535 2859 in
1549 2808 1759 2873 munda,
1782 2822 1966 2859 aman-

372 2878 663 2964 daOamicas
696 2887 742 2934 et
773 2880 1031 2950 inimicas,
1072 2878 1203 2934 sicut
1230 2881 1321 2936 ille
1350 2878 1480 2950 ptuit
1524 2892 1681 2945 super
1697 2880 1876 2952 justas
1915 2884 1968 2932 et

372 2961 674 3078 m'lg‘ﬂria
721 3028 776 3077 et
823 3018 1105 3092 multiplex
1154 3022 1419 3086 expositio
1447 3019 1624 3092 hujus
1652 3020 1962 3092 sententiae.

376 3092 557 3150 Prima
590 3109 605 3149 :
635 3093 826 3149 Omnis
854 3092 944 3163 qui
975 3090 1132 3148 natus
1159 3102 1244 3148 est
1269 3095 1379 3149 Deo
1410 3090 1463 3147 id
1501 3102 1607 3158 est,
1645 3107 1746 3163 per
1787 3091 1963 3163 bapti-

374 3179 552 3221 ειιιυηι
580 3173 799 3221 renatus
820 3178 887 3219 ex
918 3179 1054 3235 aqua
1080 3171 1135 3219 et
1159 3164 1364 3236 Spiritu
1392 3163 1627 3234 saneto),
1654 3173 1713 3217 nt
1740 3164 1890 3236 talis,
1911 3172 1967 3220 et

374 3244 643 3307 quatenus
687 3251 754 3294 ex
788 3238 898 3292 Deo
946 3245 1103 3309 natus
1133 3235 1240 3300 est,
1273 3244 1546 3309 peccatum
1580 3249 1687 3309 n_on
1730 3235 1878 3309 facit,
1918 3245 1968 3290 et

378 3304 480 3362 non
512 3314 675 3376 potest
718 3320 952 3378 peccare,
993 3308 1201 3363 scilicet
1254 3304 1525 3365 lethaliter
1566 3304 1811 3377 (Hieran.
1858 3307 1899 3378 l.
1926 3321 1965 3362 tt

377 3379 431 3433 in
456 3378 684 3452 Javin.).
713 3377 980 3452 Secunda
1007 3397 1021 3433 :
1054 3378 1170 3452 Non
1202 3390 1382 3449 potest
1411 3392 1657 3450 peccare,
1707 3377 1964 3452 quamdiu

377 3465 564 3536 semen
592 3448 683 3505 Dei
712 3451 789 3534 (iod
814 3448 1288 3536 est,cllt‘aritas_'per
1312 3448 1575 3536 Spiritum
1602 3448 1849 3536 saqctutn
1881 3449 1964 3503 itt-

374 3520 517 3594 fusa)
541 3519 731 3579 manet
751 3523 804 3577 in
850 3537 937 3578 eo.
968 3519 1236 3592 Quamdiu
1284 3519 1429 3580 enim
1474 3520 1592 3591 quis
1642 3519 1961 3578 charitatem

375 3593 561 3665 habet,
594 3609 701 3649 non
733 3603 921 3665 peccat
952 3595 1275 3662 mortaliter,
1304 3606 1477 3663 neque
1496 3606 1723 3663 peccare
1750 3602 1963 3663 potest:

376 3664 470 3719 sed
513 3668 758 3722 absolute
803 3674 1003 3736 potest,
1044 3676 1099 3720 et
1128 3666 1764 3736 cliaritatemamtttere,
1796 3664 1963 3719 immo

375 3746 431 3809 et
453 3737 711 3809 abjicere,
744 3735 1133 3809 euitat-taliter
1177 3752 1425 3809 peccare
1450 3735 1689 3809 (August.
1741 3743 1892 3809 tract.
1927 3736 1962 3792 5

375 3808 430 3860 in
461 3807 561 3878 Ep.
594 3807 806 3877 Jaun.).
832 3807 1035 3876 Tertia,
1071 3809 1135 3863 D.
1170 3807 1428 3864 Bernardi

376 3877 581 3951 ptuag.)
613 3878 784 3953 :_Nan
821 3891 1016 3953 peccat,
1049 3881 1240 3949 inquit,
1272 3877 1523 3953 quinatus
1551 3889 1623 3933 est
1651 3896 1714 3933 ετ
1747 3877 1879 3953 Dea,
1906 3878 1963 3932 id

376 3949 471 4014 est,
506 3949 899 4018 prmrlestinaius
928 3967 1027 4005 nau
1046 3949 1306 4022 permanet
1330 3954 1384 4005 in
1417 3958 1644 4019 peccata,
1674 3950 1801 4022 quia
1824 3949 1964 4006 Deus

377 4034 646 4091 presserunt
678 4037 809 4087 eum,
843 4029 897 4074 ut
923 4020 1090 4093 perire
1134 4039 1234 4077 non
1284 4022 1443 4094 possit
1469 4037 1527 4094 ea
1568 4020 1822 4094 qutefatti
1862 4037 1964 4094 nan

377 4099 574 4165 patest,_
590 4094 853 4165 generatio
883 4091 1119 4165 caelatis,
1150 4094 1206 4148 id
1238 4091 1335 4160 est,
1366 4091 1742 4165 praedestinatia
1774 4091 1889 4147 Dei.

454 4171 492 4237 ¢_
525 4162 719 4237 ld'est,
754 4162 1117 4237 mortalibus:
1151 4180 1257 4237 quo
1295 4162 1454 4237 modo
1494 4164 1580 4237 D._
1602 4162 1963 4237 Hieronymus

379 4241 437 4305 et
466 4231 797 4302 Augusﬁnus
826 4234 1146 4290 sententiam
1170 4231 1339 4289 'illam
1388 4233 1613 4305 Joannis
1663 4231 1959 4305 exponunt.

378 4304 553 4377 Porro
585 4305 1080 4377 peccatafapitalia
1109 4305 1527 4377 duobusqmodis
1554 4304 1836 4377 d_ici,alilii
1867 4321 1967 4361 no-

380 4374 610 4449 ta'vimus
632 4394 696 4433 ex
719 4377 778 4432 S.
803 4374 1006 4449 Tltuma
1039 4377 1179 4449 (1-3,
1201 4393 1254 4448 q.
1282 4375 1371 4442 85,
1396 4393 1450 4449 ᾳ.
1470 4374 1549 4447 5).
1582 4375 1792 4433 Dicitur
1821 4377 1962 4432 enim

380 4448 614 4520 capitale
643 4463 749 4504 uno
778 4448 941 4503 modo
965 4462 996 4502 a
1022 4447 1220 4520 capite
1244 4447 1459 4519 proprie
1486 4449 1657 4511 dicto,
1686 4458 1741 4504 et
1764 4462 1961 4520 secun-

379 4520 521 4593 dum,
560 4519 683 4590 hoc,
731 4529 1033 4593 peccatum,
1077 4518 1171 4577 seu
1217 4518 1454 4589 crimen,
1487 4520 1718 4589 Capitale
1744 4518 1960 4593 dicitur,

378 4592 524 4663 quod
555 4605 713 4663 poena
734 4589 958 4663 capitis,
985 4591 1036 4646 id
1056 4605 1162 4663 e5t,
1184 4602 1362 4647 morte
1393 4593 1606 4660 punitur
1630 4609 1645 4663 ς
1674 4607 1779 4660 quo
1804 4589 1966 4648 modo

380 4661 661 4732 peccatum
693 4661 853 4718 omne
883 4661 1219 4718 mortiferum
1250 4664 1481 4732 capitale
1522 4662 1834 4731 intelligitur
1860 4704 1875 4730 ,
1907 4670 1968 4720 ut

379 4734 482 4818 nge
510 4738 650 4821 loco;
682 4736 803 4807 quia
837 4743 1066 4821 martem
1100 4733 1259 4817 affert
1286 4733 1510 4800 animae;
1552 4736 1666 4821 alio
1695 4734 1856 4821 modo
1884 4735 1968 4821 di-

381 4807 523 4862 citur
551 4805 735 4863 vitium
779 4805 1007 4870 capitale
1028 4847 1043 4872 ,
1082 4822 1112 4861 a
1144 4806 1319 4875 capite
1344 4847 1361 4872 ,
1412 4814 1571 4875 prout
1598 4806 1967 4876 metaphoriee

383 4880 561 4949 signat
591 4879 913 4951 principium
945 4877 1028 4951 vel
1065 4877 1383 4951 directivum
1413 4876 1670 4951 aliorum;
1704 4888 1757 4951 et
1780 4880 1859 4951 sic
1883 4877 1969 4932 di-

382 4948 523 5005 citur
554 4954 742 5006 vitium
772 4948 1024 5018 capitale,
1055 4964 1123 5004 ex
1152 4964 1257 5016 quo
1284 4949 1434 5016 plura
1482 4948 1589 5018 alia
1626 4949 1751 5002 vitia
1783 4950 1969 5005 oriun-

381 5031 514 5076 tur:
553 5038 661 5091 quo
713 5017 872 5078 modo
923 5019 988 5076 D.
1047 5019 1340 5091 Gregorius
1394 5017 1762 5086 (xngaral.
1792 5037 1839 5074 ο.
1871 5022 1965 5087 Si)

383 5089 615 5176 septem,
640 5095 926 5218 papsianus
952 5105 1083 5149 vero
1110 5089 1248 5163 (Lib.
1268 5106 1323 5161 v,
1350 5099 1395 5146 et
1418 5090 1537 5145 calt.
1568 5090 1623 5163 5)
1646 5101 1769 5147 octo
1791 5092 1968 5162 posuit

383 5175 510 5218 vitia
538 5178 711 5218 canna
738 5181 810 5218 ta.

382 5166 510 5234 vitia
538 5166 810 5234 capitalia.

838 5228 1073 5293 Joannes
1097 5235 1373 5307 apostolus
1401 5233 1596 5305 duplex
1625 5248 1821 5307 genus
1841 5249 1963 5305 pec-
1991 5208 2044 5273 Ῐ)

381 5308 488 5362 cati
522 5326 536 5362 :
570 5305 714 5364 aliud
745 5310 953 5364 scilicet
983 5317 1263 5378 peccatum
1295 5306 1360 5360 ad
1389 5316 1616 5361 mortem
1636 5346 1655 5374 ,
1684 5305 1824 5361 aliud
1856 5322 1963 5363 non

382 5378 449 5434 ad
474 5390 722 5437 mortem.
751 5380 1029 5450 Quodnam
1059 5394 1188 5435 vero
1213 5380 1285 5434 sit
1311 5386 1586 5449 peccatum
1618 5379 1682 5433 ad
1709 5386 1962 5443 mortem,

380 5460 436 5504 et
462 5464 739 5521 peccatum
774 5449 880 5509 nan
917 5454 984 5507 ad
1015 5463 1275 5518 mortem,
1316 5449 1467 5504 Varia
1499 5458 1583 5506 est
1611 5451 1965 5521 interpretum

382 5526 672 5579 sententia.
704 5525 933 5590 Quidam
962 5526 1106 5580 enim
1139 5526 1561 5592 interpretantur
1588 5532 1867 5591 peccatum
1897 5520 1965 5575 ad

384 5602 619 5668 mortem
647 5612 805 5651 omne
836 5608 1115 5668 peccatum
1160 5595 1414 5660 mortale;
1455 5604 1739 5668 peciatum
1784 5599 1964 5668 autem

385 5663 493 5741 noli
535 5665 615 5741 ad
626 5663 860 5741 mortem
886 5711 903 5734 ,
935 5670 1310 5739 quodcumque
1346 5665 1576 5741 veniale.
1630 5663 1965 5741 Sicquidem

387 5737 559 5819 emtas
576 5734 901 5819 (lugeremou
924 5734 1022 5795 hoc
1046 5734 1299 5819 loco,.cui
1322 5744 1376 5794 et
1398 5736 1592 5819 Glossa
1615 5734 1886 5819 ordinaria
1915 5743 1970 5819 et.

384 5804 480 5895 alii
504 5804 1181 5895 au'CtO'reﬁpuﬁragantt‘trg
1200 5804 1203 5805 ⁷
1221 5808 1424 5895 Verum
1446 5866 1459 5891 ί
1472 5809 1597 5895 huic
1622 5806 1967 5895 λςξίιὲξῖξξυηὶ
1986 5855 2019 5891 ³,

386 5894 688 5952 repugnare
721 5878 932 5939 videtur
957 5878 1113 5954 'quod
1141 5878 1385 5952 ieq‘uitur
1419 5880 1569 5948 :‘Qui
1612 5878 1713 5934 scit
1754 5878 1964 5949 fratrem

1496 3808 1665 3894 Serm.
1703 3809 1726 3863 i
1758 3808 1828 3894 ge
1860 3808 1963 3894 se:
1986 3829 2034 3894 ς

2070 2538 2223 2576 suum
2252 2537 2462 2588 peccare
2490 2537 2590 2575 non
2618 2520 2688 2575 ad
2712 2529 2943 2588 mortem,
2981 2532 3138 2593 petat,
3169 2531 3222 2579 et
3247 2521 3455 2578 dabitur
3483 2524 3533 2579 ei
3555 2525 3672 2582 vita

2070 2596 2299 2663 peccanti
2326 2609 2427 2647 non
2454 2593 2522 2647 ad
2552 2602 2783 2648 martem.
2824 2593 2957 2650 Nam
2986 2595 3268 2652 venialiler
3296 2610 3522 2664 peccans
3548 2612 3672 2655 non

2069 2665 2267 2718 amittit
2294 2667 2458 2718 vitam
2488 2665 2716 2736 anilitas,
2734 2682 2853 2732 qua:
2881 2669 2932 2720 in
2957 2669 3127 2736 gratia
3158 2676 3213 2721 et
3240 2668 3502 2723 charitate
3525 2683 3671 2726 con-

2067 2736 2243 2818 sistit;
2295 2742 2615 2818 rion-potest
2653 2735 2813 2818 igitur
2847 2738 2896 2792 ei
2939 2735 3097 2792 reddi
3133 2737 3242 2818 vita
3278 2739 3663 2818 (Illa-ﬂl-IISI‘DCI.

2070 2807 2272 2861 Deinde
2304 2806 2542 2881 Ecclesia
2572 2806 2800 2881 assidue
2849 2819 2969 2863 orat
3002 2824 3102 2877 pro
3142 2810 3224 2863 his
3255 2806 3669 2881 quilethaliter

2067 2889 2336 2952 peccant,
2371 2876 2701 2952 utUChristus
2718 2893 2832 2952 (pro
2855 2876 3288 2952 lcruciﬂsoribus'
3306 2923 3321 2945 ,
3348 2879 3667 2952 Stephanus

2067 2965 2167 3020 pro
2193 2949 2585 3015 lapidantibus:
2630 2960 2684 3005 et
2714 2951 2971 3005 Dominus
3003 2954 3119 3017 ipse
3157 2950 3416 3021 praecepit
3447 2949 3462 3004 Ξ
3497 2952 3670 3011 Orate

2066 3038 2167 3099 pro
2194 3021 2609 3099 persequentibus
2636 3027 2688 3075 et
2726 3022 3154 3099 calumniantibus
3189 3036 3277 3077 vos
3327 3022 3540 3093 (Matth.
3572 3025 3665 3099 ν),

2068 3092 2378 3159 Νοηὶκίιητ
2408 3092 2549 3148 idem
2586 3103 2664 3165 est
2695 3106 2971 3165 peccatum
2998 3096 3064 3148 ad
3107 3092 3343 3150 mortem
3364 3108 3427 3150 ac
3466 3092 3669 3165 pecca-

2071 3175 2181 3220 tum
2217 3165 2475 3229 mortale,
2508 3164 2938 3238 utldistioguitur
2976 3176 3162 3221 contra
3202 3166 3445 3231 veniale;
3472 3164 3669 3238 neque

2069 3248 2350 3307 peccatum
2389 3249 2495 3290 non
2517 3236 2583 3290 ad
2607 3246 2836 3292 mortem
2868 3236 3009 3292 idem
3032 3250 3095 3292 ae
3116 3238 3326 3293 veniale
3350 3255 3363 3291 :
3392 3238 3484 3293 sed
3508 3236 3669 3298 inter

2071 3318 2286 3380 peccata
2336 3307 2583 3380 mortalia
2632 3309 2901 3377 quoddam
2940 3323 3111 3379 genus
3152 3310 3358 3379 peccati
3403 3325 3666 3380 qureren-

2067 3379 2195 3454 dum
2227 3389 2330 3454 est,
2365 3378 2504 3454 quod
2537 3378 2776 3434 Joannes
2804 3378 2955 3454 vocat
2988 3378 3267 3454 peccatum
3293 3381 3368 3454 ad
3391 3378 3655 3454 mortem,

2067 3460 2122 3505 et
2142 3450 2468 3522 distinguita
2493 3461 2715 3518 peccato
2732 3466 2837 3505 non
2861 3451 2925 3504 ad
2943 3461 3196 3522 mortem.
3218 3451 3496 3518 Quodnam
3520 3450 3665 3511 vero

2066 3522 2197 3577 illud
2225 3520 2327 3586 sit,
2357 3520 2536 3575 adhuc
2579 3524 3016 3578 controvvrtitur.
3059 3520 3236 3578 Graeci
3269 3532 3544 3591 peccatum
3582 3526 3664 3582 ad

2068 3602 2296 3647 mortem
2345 3592 2648 3661 intelligunt
2694 3597 3061 3665 μνησικακίαν,
3111 3593 3161 3648 id
3197 3603 3302 3658 est,
3332 3593 3664 3661 iniuriarum

2067 3673 2308 3719 tenacem
2338 3665 2650 3734 memoriam
2676 3664 2729 3719 et
2761 3665 3085 3719 obstinatam
3109 3664 3361 3719 vindicta:
3385 3666 3668 3734 cupiditas.

2066 3744 2195 3790 tem.
2251 3734 2323 3788 Ita
2370 3733 2754 3790 (Ecumcnius.
2803 3736 2909 3790 Alii
2962 3745 3236 3805 peceatum
3282 3738 3334 3789 in
3387 3733 3665 3804 Spiritum

2065 3819 2332 3869 sanctum,
2356 3807 2652 3878 praesertim
2683 3809 2877 3875 agnitae
2899 3806 3141 3861 veritatis
3164 3810 3661 3878 impugnationem,

2066 3894 2129 3933 ac
2150 3878 2403 3933 fraternae
2422 3877 2711 3950 (citaritatis
2740 3878 3115 3950 invidentiam.
3133 3878 3208 3934 De
3234 3894 3340 3948 quo
3367 3877 3658 3950 Dominus,

2065 3950 2292 4020 loquens
2322 3951 2370 4002 in
2407 3948 2719 4017 Evangelia,
2752 3949 2924 4008 dixit;
2961 3947 3269 4016 Quidixerit
3296 3948 3503 4003 verbum
3525 3947 3665 4005 cun;

2066 4030 2145 4075 tra
2170 4020 2426 4090 Spiritum
2456 4034 2705 4083 sanctum,
2749 4036 2849 4075 itan
2882 4030 3171 4075 restituetur
3201 4022 3249 4074 ei
3274 4036 3432 4087 neque
3470 4022 3523 4074 in
3552 4020 3663 4077 hoc

2065 4094 2284 4157 swcula,
2325 4106 2487 4161 neque
2508 4091 2561 4145 in
2593 4090 2767 4162 futura
2807 4090 3019 4164 (Matth.
3055 4092 3155 4164 si).
3202 4092 3306 4146 Alii
3341 4092 3660 4164 (maximum

2064 4164 2439 4232 quodcumque
2463 4177 2736 4229 peccatum
2763 4162 3011 4226 mortale,
3034 4170 3094 4216 ut
3116 4162 3489 4230 homicidium,
3521 4177 3656 4231 per-

2061 4234 2285 4304 jurinm,
2316 4235 2678 4303 sacrilegium.
2706 4234 2814 4290 Alii
2842 4234 3070 4303 denique
3112 4245 3386 4302 peccatum
3409 4235 3472 4288 ad
3502 4250 3663 4290 more

2066 4315 2173 4361 tein
2198 4304 2499 4376 intelligunt
2522 4304 2734 4359 finalem
2761 4305 3226 4376 imptnttitentiatn.
3250 4320 3350 4376 seu
3369 4317 3659 4373 peccatum

2066 4378 2291 4433 mortale
2320 4375 2511 4445 inquo
2543 4377 2661 4446 quis
2689 4376 2754 4429 ad
2786 4375 3011 4431 mortem
3048 4392 3213 4445 usque
3243 4384 3297 4431 et
3332 4375 3489 4431 fluent
3523 4378 3662 4434 vitm

2066 4455 2397 4518 perseverat.
2429 4447 2502 4501 Ita
2535 4447 2861 4518 Augustinus
2891 4447 2959 4502 de
2988 4447 3230 4518 ϐέλει-θοι.
3258 4455 3314 4503 et
3340 4446 3488 4504 Grat.
3522 4461 3658 4518 cap.

2069 4463 2397 4518 perseverat.
2430 4463 2502 4501 tta
2535 4463 2861 4518 AttgllSllnus
2891 4463 2959 4502 ue
2988 4463 3230 4573 ngect.
3258 4463 3314 4503 et
3340 4463 3488 4504 orat.
3522 4463 3658 4518 cap.

2069 4519 2157 4590 l2,
2186 4529 2240 4576 et
2269 4519 2561 4590 GregOrius
2586 4533 2677 4573 xvi
2704 4518 2889 4574 Moral.
2923 4533 3045 4588 cap.
3113 4523 3158 4590 ις
3188 4522 3459 4590 Annotant
3483 4533 3662 4588 porro

2065 4588 2393 4661 interpretes
2420 4590 2683 4646 Joannem
2711 4590 2819 4646 illis
2855 4589 3031 4645 verbis
3061 4607 3073 4643 :
3107 4588 3227 4647 Non
3260 4607 3351 4659 pro
3382 4588 3471 4643 illo
3505 4590 3658 4658 dico,

2065 4671 2122 4718 ut
2146 4674 2288 4734 reget
2316 4665 2459 4733 quis,
2500 4678 2607 4717 non
2638 4661 2959 4717 interdicere
2989 4670 3081 4734 aut
3110 4662 3396 4729 prohibere
3428 4677 3493 4734 ne
3519 4664 3660 4734 quis

2067 4748 2165 4807 pro
2194 4731 2403 4805 magnis
2435 4744 2503 4807 et
2518 4733 2766 4807 gravibus
2800 4733 3169 4807 peccatoribus
3198 4746 3397 4807 ,proces
3434 4731 3660 4800 fundat,

2066 4803 2160 4862 sed
2192 4803 2396 4863 tantum
2424 4804 2796 4861 difﬁcultatem
2834 4804 3193 4859 exauditionis
3234 4803 3510 4866 iudicare,
3544 4818 3662 4865 nec

2066 4888 2267 4934 certam
2304 4879 2616 4946 promittere
2646 4892 2709 4932 es
2734 4885 2889 4947 parte
2920 4875 3016 4929 1)σί
3047 4873 3441 4947 exaudilioucnt
3475 4883 3527 4927 et
3554 4891 3662 4947 ve-

2068 4950 2251 5016 niam;
2282 4945 2432 5018 quasi
2460 4947 2665 5004 diceret
2711 4945 2950 5003 {Patior
2980 4948 3196 5012 quidem
3223 4988 3240 5013 ,
3283 4945 3447 5018 immo
3477 4946 3661 5018 probo

2068 5036 2166 5093 vos
2199 5016 2692 5093 pro‘peccatoribus
2710 5019 2959 5075 omnibus
2985 5033 3180 5093 orare;
3222 5017 3317 5093 sed
3359 5032 3467 5071 non
3501 5016 3660 5085 dico,

2068 5092 2119 5147 id
2161 5088 2274 5158 est,
2321 5088 2428 5147 iiou
2468 5090 2633 5160 jttbeo
2662 5106 2759 5161 pro
2789 5088 3235 5161 peccantibus_ad
3262 5099 3545 5161 lm_ort_eiu,
3597 5101 3665 5161 ut

2069 5166 2210 5220 ullus
2234 5174 2372 5229 oret,
2398 5159 2549 5230 quasi
2570 5159 2718 5217 corio
2741 5159 3122 5216 exaudiendus.
3151 5159 3380 5215 Proinde
3405 5159 3662 5230 Ecclesia

2071 5236 2194 5291 dum
2239 5229 2477 5305 quntidie
2508 5241 2627 5290 orat
2665 5242 2720 5289 et
2764 5232 3088 5291 sacriﬁcium
3121 5232 3459 5305 incruentum
3483 5229 3665 5305 offert

2068 5323 2167 5378 pro
2188 5298 2559 5378 peccatoribus
2580 5305 3081 5378 quomodocumque
3104 5303 3466 5378 peccantibus,
3481 5298 3665 5356 immo

2069 5373 2115 5433 ἐς
2155 5373 2249 5448 pro
2280 5373 2622 5440 inﬁdelibus}
2664 5374 2908 5448 Judaeis,
2946 5373 3246 5448 haereticis,
3290 5373 3420 5448 nihil
3460 5378 3663 5448 contra

2070 5444 2456 5527 hzlt-IQ‘JQilltltiS
2483 5449 2784 5527 doctrinam
2812 5447 2957 5511 facit.
2992 5447 3050 5509 ι).
3086 5455 3266 5527 tanien
3298 5444 3659 5527 Apgustintts,

2068 5524 2232 5581 etalii
2254 5524 2449 5597 (dicunt
2486 5538 2593 5578 nou
2618 5519 2901 5597 orandum
2927 5533 3022 5597 prq
3063 5519 3396 5597 mortuj‘smiu.
3426 5523 3661 5597 peccato

2071 5596 2308 5667 mortali,
2331 5594 2381 5648 id
2408 5605 2512 5657 est,
2547 5609 2641 5667 pro
2671 5582 2959 5651 damnatis.
2988 5582 3059 5653 Ᾱι
3084 5589 3189 5667 ita};
3217 5582 3437 5667 difﬁcile,
3456 5596 3537 5667 e5!
3561 5585 3655 5667 in-
3688 5620 3729 5627 --

2071 5654 2324 5735 tellectu',
2352 5681 2473 5720 cum
2500 5654 2662 5718 nobis
2700 5673 2950 5723 constare
2981 5663 3090 5719 nou
3126 5660 3293 5735 possit
3329 5654 3394 5719 de
3422 5656 3656 5719 alti-rius

2067 5733 2397 5797 conscientia
2423 5778 2439 5804 ,
2469 5736 2555 5793 vel
2583 5737 2775 5791 animae
2805 5738 2980 5803 statu,
3009 5733 3311 5804 plauserunt
3354 5740 3474 5803 post
3505 5743 3655 5785 mor-

2070 5817 2208 5879 tem;
2241 5798 2746 5883 Apostolqs‘autent
2788 5805 2917 5863 dicit
2948 5798 3093 5874 {Qui
3127 5804 3224 5875 scit
3260 5798 3657 5877 fratremﬂum
3704 5868 3725 5883 ι,

2068 5878 2307 5951 peccare,
2337 5898 2436 5936 nan
2462 5878 2530 5934 ad
2558 5878 2794 5944 mortem,
2827 5886 2933 5932 etc.
