4078 6332
389 300 488 361 σοι

1407 286 1749 372 οοιιίτιο
1785 312 1878 372 ιιι.
1905 341 1977 358 -
2005 314 2097 373 ns
2135 313 2637 377 PERFECTIONE.

388 421 457 479 tls
506 420 757 480 allectum
787 427 843 481 et
892 424 1246 484 imitationem
1300 427 1396 485 Dei
1446 429 1614 489 fuerit
1661 439 1964 502 assecutus,
1996 438 2050 499 Α
2074 437 2388 507 imperfecta
2418 455 2541 498 esse
2569 435 2790 511 dixisti,
2817 455 2940 499 cum
2966 441 3150 515 utique
3196 443 3368 501 multo
3404 443 3554 502 aliud
3581 446 3665 504 vi-

387 527 512 575 tunc
532 517 836 575 visceribus
860 519 1152 576 Dominicm
1174 522 1592 592 longanimitatis
1617 527 1854 592 indutus,
1874 542 1974 600 pro

385 612 825 684 persecutoribus
852 628 1069 684 quoque
1102 615 1216 669 suis
1246 616 1419 671 orabit
1446 618 1718 685 similiter,
1743 620 1931 677 dicens
1957 639 1970 675 :

383 703 564 770 Pater,
590 706 796 776 ignosce
816 708 910 772 eis,
940 724 1042 762 non
1079 708 1212 762 enim
1233 709 1399 763 sciunt
1429 711 1553 780 quid
1579 713 1773 782 faciunt
1814 713 1968 787 (Luc.

382 797 563 871 χχιιι).
597 797 866 856 Caeterum
901 809 927 838 ι
953 802 1176 858 evidens
1224 803 1477 860 indicium
1511 815 1595 860 est
1620 807 1811 861 anima:
1844 824 1973 864 nec-

385 893 504 950 dum
528 896 784 950 vitiorum
815 897 1036 952 faecibus
1062 898 1335 967 eliquatzc,
1363 901 1415 953 in
1444 901 1761 956 criminibus
1777 903 1970 959 alienis

379 991 573 1047 affectu
603 993 991 1049 misericordiae
1022 1011 1126 1050 non
1160 997 1472 1063 condolere.
1503 1000 1595 1055 sed
1630 1001 1853 1070 rigidam
1876 1002 1965 1072 ju-

379 1087 603 1142 dirantis
633 1096 821 1145 tenere
846 1104 1150 1146 censuram.
1186 1091 1317 1147 Nam
1360 1095 1814 1166 quemadmodum
1848 1113 1968 1166 per-

376 1178 662 1236 fectionem
690 1183 873 1238 cordis
928 1185 1126 1254 poterit
1156 1186 1407 1241 obtinere
1455 1188 1499 1241 is
1529 1189 1617 1258 qui
1649 1203 1755 1242 non
1801 1189 1967 1246 habet

377 1273 503 1328 illud
551 1275 694 1344 quod
749 1279 1039 1346 Apostolus
1094 1279 1482 1347 plenitudinem
1546 1281 1676 1350 legis
1705 1295 1963 1337 consum-

375 1381 518 1422 mare
543 1383 703 1438 posse
731 1367 1001 1439 signavit?
1031 1370 1369 1435 Alterutrum,
1395 1372 1668 1442 inquiens,
1699 1390 1857 1428 onera
1883 1392 1966 1429 vc-

373 1472 475 1515 stra
497 1472 714 1532 portate,
737 1475 783 1518 et
804 1465 879 1517 sic
905 1463 1182 1533 implebitis
1214 1466 1375 1538 legem
1417 1466 1608 1522 Christi
1641 1467 1838 1540 (Galat.
1863 1468 1958 1541 vt).

373 1553 472 1608 Sed
508 1570 607 1609 nec
631 1555 776 1609 illam
805 1557 1059 1612 virtutem
1091 1560 1334 1629 possidet
1363 1563 1664 1626 charitatis,
1699 1579 1820 1633 qua:
1849 1580 1953 1618 non

372 1647 624 1715 irritatur,
651 1666 751 1704 non
774 1650 1003 1721 inﬂatur,
1025 1669 1125 1706 non
1152 1657 1341 1726 cogitat
1373 1656 1603 1724 malum;
1636 1674 1753 1725 qum
1786 1660 1960 1714 omnia

370 1739 563 1811 stt/fert,
614 1744 788 1796 omnia
836 1746 1054 1799 sustinet
1105 1744 1146 1818 (I
1179 1745 1300 1802 Cor.
1350 1749 1488 1821 xm).
1519 1748 1546 1788 ι’
1591 1749 1774 1806 Justus
1815 1753 1956 1807 enim

2077 531 2267 590 deatur
2290 535 2358 592 de
2381 537 2462 593 eis
2492 535 2760 609 Propheta
2785 539 3043 604 sensisse,
3070 539 3257 597 dicens
3287 557 3302 596 :
3339 540 3532 598 Timete
3556 541 3668 599 De-

2077 628 2290 691 minum,
2322 646 2496 686 omnes
2520 633 2683 686 sancti
2714 635 2863 704 ejus,
2893 633 3017 704 quia
3043 633 3174 688 nihil
3206 633 3346 688 deest
3372 635 3665 692 timentibus

2074 738 2190 776 eum
2221 721 2447 791 (Psalm.
2480 732 2692 792 nstri).
2728 725 2794 780 Et
2819 728 3018 781 iterum
3049 725 3102 780 in
3129 727 3482 783 observandis
3505 727 3666 797 justi-

2075 813 2416 872 flcationibus
2448 817 2564 883 Dei,
2597 819 2969 874 retributionis
3003 833 3062 875 se
3090 821 3558 891 contemplatione
3587 823 3664 876 fa-

2075 913 2632 968 teatur.exercitatum
2661 929 2673 965 :
2699 911 2725 966 1
2735 913 2980 979 nclinavi,
3003 913 3270 982 inquiens,
3294 929 3384 969 cor
3402 931 3571 969 meum
3590 915 3662 970 ad

2071 1002 2335 1070 faciendas
2356 1004 2763 1076 justiﬁcationes
2791 1014 2902 1059 tuas
2931 1005 2982 1059 in
3013 1013 3260 1060 ceternum
3286 1005 3312 1042 ἀ
3341 1019 3547 1080 prapter
3572 1024 3658 1064 re-

2071 1097 2402 1152 tributionem
2430 1094 2651 1169 (Psalm.
2686 1101 2894 1164 cxvttt).
2927 1100 2995 1154 Et
3017 1098 3310 1170 Apostolus
3339 1118 3352 1154 :
3384 1098 3544 1168 Fide,
3576 1103 3661 1160 in-

2069 1190 2223 1259 quit,
2260 1199 2283 1226 ο
2317 1187 2522 1260 Moyses
2562 1191 2774 1262 grandis
2813 1199 2980 1261 factus
3005 1233 3019 1256 ,
3049 1193 3249 1264 negavit
3274 1208 3329 1247 se
3353 1209 3459 1248 esse
3491 1195 3658 1264 ﬁlium

2068 1282 2192 1352 ﬁlia:
2220 1279 2539 1346 Pharaonis,
2569 1282 2732 1354 magis
2759 1282 2952 1352 eligens
2980 1283 3136 1355 aﬂligi
3165 1301 3284 1338 cum
3316 1286 3509 1354 populo
3537 1285 3653 1353 Dei,

2064 1392 2219 1447 quam
2248 1373 2542 1442 temporalis
2570 1377 2767 1443 peccati
2791 1375 2974 1432 habere
2992 1377 3406 1448 jucunditatem,
3436 1379 3658 1449 majores

2065 1467 2267 1521 divitias
2293 1467 2592 1521 existimans
2618 1466 2868 1522 thesauris
2881 1467 3025 1542 zEgg
3033 1471 3277 1537 ptiorum,
3289 1469 3656 1542 improperium

2063 1557 2253 1614 Christi
2295 1558 2482 1631 (llcbr.
2511 1558 2610 1630 xx).
2655 1560 2968 1629 Aspieiebat
2995 1560 3137 1616 enim
3170 1562 3223 1616 in
3255 1562 3654 1618 remuneratio-

2063 1670 2212 1711 nem.
2264 1655 2548 1724 Quomodo
2580 1670 2713 1725 ergo
2745 1654 3059 1725 imperfecta
3090 1671 3212 1712 esse
3250 1656 3521 1713 credenda
3547 1665 3653 1724 est,

2063 1763 2184 1803 cum
2217 1757 2272 1803 et
2300 1749 2489 1803 beatus
2520 1747 2690 1802 David
2738 1748 3115 1806 retributionis
3146 1750 3368 1806 obtentu
3391 1750 3654 1822 iustiﬁca-

368 1832 631 1885 miserelur
671 1834 873 1888 animas
915 1852 1153 1905 pecorum
1183 1837 1350 1912 [Lips.
1397 1842 1450 1895 in
1501 1860 1666 1914 marg.
1700 1855 1956 1915 peccato-
1986 1836 2034 1897 Β
2065 1842 2241 1898 tiones
2269 1841 2478 1896 Domini
2512 1856 2573 1896 se
2612 1841 2802 1897 fecisse
2826 1842 3112 1913 glorietur,
3139 1855 3191 1900 et
3215 1845 3487 1916 legislator
3512 1859 3653 1916 prae-

367 1922 502 1997 rum]
522 1941 773 1986 suorum:
801 1927 997 1982 viscera
1027 1941 1199 1985 autem
1227 1934 1503 2004 impiorum
1529 1936 1638 1991 sine
1666 1938 1958 1993 misericor-

369 2019 451 2072 dia
491 2017 674 2090 (Prov.
708 2021 848 2092 xu).
900 2021 1133 2095 Ideoque
1190 2026 1381 2082 iisdem
1429 2031 1572 2085 vitiis
1629 2035 1954 2088 monachum

365 2111 647 2182 subjacere
690 2116 1056 2172 certissimum
1087 2127 1190 2189 est,
1237 2137 1358 2190 quae
1402 2122 1455 2177 itt
1487 2124 1616 2190 alio,
1645 2125 1959 2182 inclementi

362 2215 518 2275 atque
550 2206 840 2264 inhumana
864 2213 1180 2280 severitate,
1210 2215 1561 2270 condemnat.
1587 2218 1698 2272 Iicx
1719 2221 1860 2272 enim
1881 2219 1954 2274 ri-

362 2300 511 2369 gidus
546 2300 775 2358 incurrit
815 2303 991 2371 mala;
1030 2316 1052 2344 ο
1087 2314 1143 2361 et
1184 2307 1286 2375 Qui
1312 2311 1514 2363 obturat
1544 2327 1694 2364 aures
1738 2328 1862 2365 suas
1893 2328 1956 2365 ne

362 2393 537 2446 audiat
569 2395 852 2466 inﬁrmum,
875 2407 925 2451 et
950 2398 1058 2471 ipse
1084 2401 1355 2471 invocabit,
1380 2412 1430 2457 et
1455 2419 1555 2458 non
1577 2404 1671 2456 erit
1693 2405 1778 2474 qui
1800 2421 1957 2459 errau-

362 2487 467 2542 diat
499 2505 616 2544 cum
651 2489 835 2563 (Prov.
871 2494 1024 2565 ut).

971 2585 1200 2643 CAPUT
1241 2588 1333 2644 XI.

361 2669 742 2746 Interrogatio,
787 2694 878 2731 cur
907 2677 1152 2820 affectu’m
1188 2682 1381 2737 timoris
1415 2694 1462 2737 et
1491 2685 1600 2753 spei
1640 2685 1827 2739 dixerit
1856 2686 1954 2741 int-

999 2769 1093 2820 per
1121 2767 1303 2807 ectum.

999 2767 1303 2822 perlectum.

426 2859 728 2918 Germanus
759 2883 771 2918 :
809 2865 1064 2921 Potenter
1103 2868 1319 2939 quidem
1352 2879 1513 2942 atque
1557 2872 1840 2942 magnifice
1883 2873 1951 2930 de

360 2956 592 3022 perfecta
653 2955 749 3012 Dei
798 2957 1061 3013 charitate
1091 2959 1383 3016 dissertum
1415 2973 1533 3030 est;
1579 2975 1949 3022 verumtamen

362 3045 484 3101 illud
519 3064 618 3103 nos
651 3061 950 3120 permovet,
978 3052 1120 3123 quod
1147 3069 1269 3108 cum
1299 3070 1417 3109 eam
1443 3066 1585 3111 tanta
1618 3057 1775 3113 laude
1805 3074 1950 3130 prte-

357 3139 541 3198 tuleris
567 3185 582 3211 ,
617 3144 869 3203 timorem
898 3145 996 3203 Dei
1030 3156 1083 3204 et
1113 3161 1267 3220 spem
1298 3149 1680 3207 retributionis
1728 3164 1951 3210 aeternas

2061 1935 2166 1990 mia
2196 1933 2372 1989 futura
2402 1934 2736 2005 proSpiciens
2762 1975 2778 2002 ,
2814 1939 3091 2006 sprevisse
3114 1937 3458 2007 adoptionem
3485 1937 3652 2008 regite

2059 2028 2371 2098 dignitatis,
2417 2036 2472 2082 et
2515 2027 2864 2084 altlictionem
2897 2028 3227 2084 dirissimam
3274 2027 3650 2102 Egyptiorum

2061 2123 2328 2180 thesauris
2360 2124 2659 2195 praetulisse
2684 2123 2936 2179 dicatur?

2666 2215 2896 2272 CAPUT
2934 2214 3051 2271 XII.

2282 2305 2569 2380 Responsio
2607 2308 2670 2362 de
2705 2309 2996 2363 diversitate
3036 2308 3425 2381 pcrfectionum.

2125 2399 2449 2456 Chaeremon
2482 2416 2498 2454 :
2532 2397 2552 2439 τ
2588 2399 2693 2456 Pro
2735 2410 2879 2456 statu
2913 2410 3071 2473 atque
3112 2416 3365 2457 mensura
3396 2401 3650 2458 uniuscu-

2051 2495 2248 2564 jusque
2270 2493 2466 2548 mentis
2487 2489 2769 2564 Scriptura
2794 2493 2978 2549 divina
3001 2495 3069 2550 ad
3091 2495 3334 2550 diversos
3357 2493 3648 2566 perfectio-

2056 2600 2184 2641 num
2217 2585 2420 2657 gradus
2449 2585 2658 2641 arbitrii
2691 2586 2858 2642 nostri
2889 2597 3146 2658 provocat
3180 2587 3505 2644 libertatem.
3536 2587 3647 2646 Nec

2053 2678 2198 2737 enim
2231 2690 2449 2751 poterat
2474 2679 2758 2735 uniformis
2781 2681 3036 2737 omnibus
3071 2679 3415 2752 perfectionis
3442 2699 3646 2742 corona

2052 2776 2318 2846 proponi,
2347 2776 2472 2846 quia
2515 2789 2615 2830 nec
2644 2776 2886 2830 omnium
2917 2789 3023 2831 una
3046 2775 3250 2844 virtus,
3281 2785 3375 2831 aut
3398 2778 3646 2834 voluntas

2051 2880 2145 2924 aut
2173 2869 2353 2925 fervor
2382 2879 2494 2934 est;
2524 2878 2579 2924 et
2605 2867 2808 2924 idcirco
2836 2869 3075 2939 ipsaruin
3102 2869 3497 2940 quodammodo
3525 2886 3645 2942 per-

2053 2962 2352 3018 fectionum
2404 2963 2647 3019 diverSOS
2695 2962 2916 3019 ordines
2959 2962 3312 3036 diversasque
3358 2981 3642 3021 mensuras

2051 3073 2235 3116 sermo
2262 3060 2479 3116 divinus
2519 3059 2770 3115 instituit.
2809 3059 2964 3128 Quod
2995 3059 3065 3114 ita
3098 3074 3219 3116 esse
3247 3070 3272 3107 ε
3302 3061 3642 3132 evangelica-

2051 3170 2171 3210 rum
2205 3170 2419 3226 quoque
2450 3155 2838 3211 beatitudinum
2877 3155 3115 3210 varietas
3143 3154 3424 3211 evidenter
3451 3166 3638 3211 omen-

1419 3270 1680 3326 ALARDI
1717 3271 1944 3328 GAZIEI
1984 3272 2554 3330 COMMENTARIUS.

421 3365 448 3396 ⁸
475 3356 750 3440 Sententia
775 3370 858 3416 est
877 3359 942 3416 D.
978 3361 1293 3437 Hieronymi
1323 3379 1447 3422 mox
1477 3365 1714 3432 citauda,
1738 3368 1942 3424 eisdem
1972 3371 2017 3434 C
2049 3370 2267 3440 grandis
2295 3368 2496 3434 factus,
2538 3367 2588 3422 id
2617 3375 2741 3440 est,
2763 3367 2979 3422 adultus
2998 3409 3014 3435 ,
3051 3375 3105 3423 et
3135 3376 3404 3432 provectae
3441 3375 3638 3436 aetatis,

351 3427 464 3502 fere
491 3433 669 3502 verbis
699 3443 983 3502 concepta.

415 3499 444 3542 δ
483 3501 576 3558 Sic
596 3499 951 3573 Cuychius'et
989 3504 1277 3561 Ciaconius
1315 3523 1438 3562 cum
1466 3507 1607 3565 aliis.
1653 3509 1942 3572 Dionvsius

350 3588 477 3629 vero
506 3586 558 3628 et
582 3577 671 3629 alii
700 3577 1022 3650 :hAnimabus
1045 3591 1365 3650 peccatorum
1388 3595 1622 3643 suorum.
1658 3573 1938 3648 mendose,

347 3656 400 3698 ut
455 3657 606 3716 puto.
658 3648 760 3703 Alii
812 3648 1052 3716 denique
1109 3669 1120 3704 :
1173 3651 1476 3705 Animarum
1531 3669 1768 3719 pecorum
1820 3671 1942 3707 suo-

346 3733 486 3793 rum.
516 3729 624 3774 etc.
682 3720 906 3789 Vulgata
938 3733 1117 3776 autem
1151 3722 1320 3777 editio
1363 3723 1521 3777 habet
1570 3723 1754 3793 (Prov.
1788 3729 1884 3784 xu)
1923 3743 1937 3781 :

347 3786 503 3844 Novit
516 3794 695 3859 justus
713 3786 1073 3863 juinentorum
1112 3809 1327 3848 suorum
1351 3786 1589 3862 animos}
1621 3797 1816 3850 viscera
1847 3815 1939 3852 au-

347 3870 443 3913 tem
471 3864 580 3933 imp
590 3864 750 3917 erum
781 3865 1034 3917 crudelia.

415 3943 439 3972 ο
485 3933 635 4002 Vulg.
668 3943 848 3990 textus
873 3954 884 3987 :
913 3934 1014 4001 Qui
1040 3937 1252 3990 obturat
1273 3955 1451 3992 aurem
1477 3955 1622 3993 suam
1647 3939 1716 3992 ad
1742 3941 1938 3995 clamo-

342 4021 445 4058 rem
468 4005 734 4074 pauperis,
766 4015 816 4060 et
842 4007 950 4077 ipse
977 4008 1241 4076 clamabit,
1275 4022 1323 4065 et
1353 4026 1453 4064 non
1485 4012 1805 4067 exaudietur.
1837 4011 1939 4067 Ubi

347 4078 406 4130 υ.
434 4077 792 4151 Hieronymus
818 4096 830 4131 :
864 4075 1207 4144 Generaliter,
1232 4075 1329 4148 ait,
1360 4080 1470 4136 hwc
1496 4083 1797 4151 accipienda
1826 4101 1939 4138 sen-

345 4149 532 4224 tentia,
563 4158 612 4202 et
643 4165 745 4224 non
773 4165 933 4224 egeno
961 4163 1186 4224 tantum,
1226 4154 1303 4208 vel
1341 4149 1678 4222 carparaliter
1708 4155 1935 4224 inﬁrmo.

345 4216 478 4272 Nam
509 4226 555 4272 et
579 4221 666 4288 qui
702 4216 1002 4274 criminibus
1033 4216 1247 4278 alterius
1277 4242 1380 4278 non
1418 4216 1609 4291 dilectu
1647 4216 1939 4282 miseric0r-

342 4292 442 4342 dite
471 4292 760 4356 rondolere,
792 4294 882 4346 sed
909 4293 1200 4364 judicantis
1225 4298 1416 4350 mavult
1443 4306 1614 4351 tenere
1645 4313 1934 4362 censuram,

339 4364 560 4438 ostendit
579 4369 889 4438 _se_necdum
920 4367 1155 4418 vitiorum
1191 4367 1400 4437 {cecilius
1429 4369 1740 4438 eliquatum,
1775 4385 1938 4438 neque

339 4435 523 4511 auditu
555 4434 744 4511 divinae
781 4434 1368 4511 miserationiseaistere
1397 4434 1632 4511 dignum.

407 4502 436 4540 ἀ
474 4505 533 4558 Il.
564 4505 920 4582 Hieronymus
950 4523 1015 4582 ea
1051 4508 1275 4582 IIehrmo
1301 4502 1475 4564 vertit'
1491 4527 1504 4564 :
1541 4509 1760 4582 Propter
1788 4521 1938 4566 teter-

339 4591 459 4629 nens
506 4576 908 4651 retributionem.
960 4580 1136 4651 cauSa
1187 4580 1401 4644 quidem
1443 4581 1613 4651 prima
1651 4576 1753 4650 'per
1789 4597 1848 4635 se
1881 4594 1938 4639 et

375 4649 580 4715 roprie,
612 4663 710 4704 cur
738 4649 1092 4718 applicandae
1123 4653 1193 4706 sit
1219 4649 1536 4708 aninutsad
1583 4649 1931 4719 exsequenda

417 4719 436 4772 i
464 4720 733 4785 mandata,
764 4735 846 4775 ρει
872 4725 984 4788 ipse
1013 4723 1173 4782 Βοιιις.
1205 4725 1319 4779 sive
1357 4725 1446 4779 Dei
1482 4725 1729 4780 voluntas
1754 4735 1808 4780 et
1832 4727 1935 4779 im-

2049 3439 2347 3508 nogaverit,
2379 3440 2463 3494 vel
2487 3485 2500 3508 ,
2533 3451 2587 3491 ut
2617 3441 2666 3494 iu
2705 3439 2895 3494 Graeco
2927 3449 3040 3506 est,
3077 3440 3390 3504 horruerit,
3421 3455 3641 3495 aversa-

2048 3521 2135 3566 tus
2171 3513 2240 3566 sit
2275 3525 2333 3564 se
2377 3511 2478 3564 dici
2531 3512 2695 3564 tilium
2743 3511 2867 3564 filiae
2917 3509 3214 3580 Pharaonis
3238 3552 3253 3573 ,
3291 3510 3344 3563 id
3379 3525 3553 3580 neque
3585 3513 3638 3567 in

2045 3582 2236 3638 Exodo
2261 3583 2509 3652 legimus,
2537 3596 2712 3651 neque
2735 3582 2873 3652 apud
2892 3579 3208 3649 Iosephum.
3237 3580 3389 3636 Unde
3413 3579 3475 3637 S.
3496 3581 3640 3636 Thoc

2047 3670 2161 3708 tuas
2192 3655 2271 3707 sic
2321 3651 2750 3722 interpretatur:
2791 3651 3012 3721 Negavit
3041 3667 3093 3703 se
3139 3667 3248 3704 esse
3290 3652 3455 3723 ﬁlium
3501 3656 3634 3723 ejus,

2044 3743 2144 3778 non
2173 3725 2377 3794 quidem
2407 3724 2576 3790 verba,
2617 3723 2705 3778 sed
2748 3723 2915 3793 facto,
2946 3723 3066 3791 quin
3104 3731 3282 3776 contra
3325 3722 3636 3777 voluntatem

2046 3795 2338 3850 Pharaonis
2369 3796 2626 3866 interfecit
2664 3794 2974 3866 )Eggptium
2998 3835 3014 3861 ,
3061 3795 3150 3864 qui
3176 3794 3488 3866 percutiebat
3525 3794 3636 3849 He-

2045 3869 2270 3933 brtcum;
2317 3877 2363 3922 et
2405 3864 3085 3938 flebrteorum'populogse
3129 3867 3390 3933 adjunxit.
3434 3864 3526 3920 Sic
3571 3867 3632 3921 S.

2045 3938 2301 3993 Thomas.
2360 3938 2560 3992 Verum
2601 3939 2690 3992 alii
2718 3935 2938 3992 censent
2965 3935 3183 4006 Moysen
3215 3953 3320 3996 non
3350 3939 3526 3990 solum
3557 3938 3635 3991 la-

2042 4019 2161 4076 cto,
2198 4010 2290 4065 sed
2321 4010 2480 4064 etiam
2515 4010 2698 4066 verbis
2728 4024 2988 4077 negasse,
3023 4018 3079 4064 et
3114 4024 3173 4063 se
3203 4008 3314 4064 veri
3347 4007 3438 4063 Dei
3466 4007 3633 4063 culto-

2041 4096 2156 4137 rem
2185 4094 2237 4136 et
2266 4081 2332 4136 de
2358 4089 2516 4150 gente
2544 4090 2598 4136 et
2626 4081 2888 4150 religione
2915 4080 3270 4136 Hebraeorum
3302 4080 3476 4150 palam
3509 4095 3634 4150 pro-

2041 4153 2240 4208 fessum
2279 4168 2420 4224 esse.
2463 4153 2748 4219 Quomodo
2797 4161 2976 4207 autem
3021 4152 3161 4206 idem
3212 4153 3420 4224 Moyses
3457 4152 3632 4224 adhuc

2039 4224 2220 4280 infans
2254 4223 2517 4280 Pharaoni
2548 4225 2759 4279 oblatus
2791 4241 2818 4278 a
2852 4225 2983 4290 lilia,
3011 4222 3314 4292 impositum
3347 4222 3448 4277 sibi
3475 4223 3544 4276 ab
3566 4238 3632 4278 eo

2039 4297 2287 4352 diadema
2336 4297 2636 4364 abiecerit,
2677 4296 3011 4365 pedibusque
3059 4295 3427 4360 conculcarit,
3469 4303 3632 4364 atque

2039 4369 2201 4423 etiam
2236 4370 2338 4423 hoc
2366 4368 2508 4422 farto
2537 4369 2810 4438 negaverit
2841 4383 2935 4438 seu
2966 4365 3216 4438 abnuerit
3242 4381 3300 4426 se
3326 4366 3432 4438 dici
3463 4365 3628 4420 lilium

2040 4439 2162 4494 ﬁlia:
2194 4440 2520 4503 Pharaonis,
2555 4436 2816 4507 regnique
2856 4436 3124 4492 hatredem
3172 4437 3337 4506 (quod
3373 4451 3477 4490 non
3509 4439 3627 4492 sine

2040 4511 2220 4564 divino
2250 4522 2396 4564 motu
2430 4521 2482 4564 et
2515 4510 2765 4564 instinctu
2798 4509 2996 4562 factum
3025 4509 3171 4562 credi
3191 4523 3287 4579 par
3311 4509 3441 4577 est),
3462 4509 3630 4564 refert

2037 4580 2302 4652 Joseplttts
2333 4581 2595 4649 Antiqttit.
2634 4595 2752 4649 cap.
2781 4579 2834 4633 6.

2117 4651 2133 4689 ί
2169 4649 2374 4707 Tettius
2401 4652 2766 4707 subobscurus
2793 4668 2805 4703 :
2833 4651 3176 4722 paraphrasis
3203 4649 3444 4722 Dionysii
3470 4652 3628 4719 paulo

2041 4725 2270 4787 clarior,
2305 4739 2420 4789 qua:
2452 4726 2528 4778 sic
2559 4723 2719 4776 habet
2766 4737 2780 4774 :
2827 4721 3102 4791 Scriptura
3144 4722 3315 4774 divina
3347 4721 3545 4776 excitat
3581 4733 3629 4778 et

337 4772 949 4866 periurii:neitii'pe‘quia
971 4772 1052 4848 sic
1081 4772 1276 4866 {uit’éi
1961 4772 2012 4832 D
2301 4772 2461 4848 nostri
2486 4795 2686 4847 arbitrii
2721 4772 3001 4846 libertatein
3028 4795 3094 4846 nd
3133 4797 3324 4866 gradus
3352 4795 3627 4863 perfectio-

333 4875 496 4935 causa
523 4877 621 4918 cur
649 4863 955 4932 diligendus
984 4874 1055 4919 stt
1082 4865 1224 4920 Deus
1247 4908 1262 4930 ,
1298 4863 1385 4920 est
1431 4867 1547 4935 ipse
1591 4863 1730 4923 Deus
1761 4910 1775 4929 ,
1814 4871 1931 4925 sive

335 4931 509 5010 ipsius
537 4931 994 5010 _summalhonitas
1025 4953 1038 4991 :
1074 4939 1215 4992 unde
1246 4947 1301 4993 et
1329 4931 1545 5008 propter
1576 4941 1812 5010 seipsum
1849 4941 1933 4996 di-

335 5002 428 5078 ligi
477 5003 712 5072 iubetur.
758 5006 1003 5064 Secunda
1061 5019 1240 5065 autem
1281 5002 1443 5066 causa
1496 5019 1580 5067 est
1619 5002 1926 5078 retributio,

334 5076 455 5128 sive
477 5090 598 5144 spes
621 5079 995 5151 retributionis
1020 5089 1259 5140 attentas.
1284 5098 1441 5151 quam
1470 5080 1557 5136 hic
1582 5082 1747 5138 abbas
1774 5076 1930 5140 vocat

332 5149 726 5223 mercenariam
753 5193 769 5216 ,
817 5151 942 5220 quia
987 5149 1529 5223 ntercedem'spectat
1559 5165 1613 5207 et
1652 5155 1927 5223 proprium

329 5220 716 5294 commodum;
773 5237 879 5275 non
911 5222 1054 5291 quod
1098 5224 1284 5278 vitiosa
1316 5220 1422 5289 sit,
1453 5225 1550 5279 sed
1591 5220 1714 5294 quia
1750 5220 1928 5283 minus

329 5290 572 5365 perfecta
602 5307 761 5360 quam
785 5290 1050 5365 roharitas,
1077 5309 1182 5365 qua
1210 5295 1353 5350 Deus
1385 5290 1621 5365 propter
1634 5311 1693 5351 se
1721 5295 1926 5365 absque

327 5360 531 5444 intuitu
577 5364 846 5422 mercedis
873 5360 1114 5436 diligitur
1135 5407 1150 5433 ,
1193 5376 1253 5424 ut
1283 5360 1521 5426 declarat
1553 5369 1804 5439 sequenti
1829 5360 1922 5424 ca-

327 5443 467 5503 piae.

400 5514 430 5546 ο
476 5504 648 5562 Verba
698 5517 826 5563 sunt
869 5509 1251 5578 Apostolorum
1295 5511 1361 5566 ad
1413 5511 1575 5568 Ilebr.
1627 5527 1704 5570 st.
1755 5511 1924 5568 Porro

325 5576 553 5652 Moysen
582 5594 612 5632 a
645 5579 754 5652 lilia
792 5576 1090 5636 Pharaonis
1119 5595 1430 5651 susceptum
1453 5627 1469 5650 ,
1511 5585 1824 5652 adoptatum
1869 5595 1926 5640 et

323 5649 818 5706 edsieatumfuisse
849 5668 912 5706 es
943 5653 1172 5711 historia
1204 5649 1383 5713 Eis—odi
1413 5649 1604 5718 notum
1623 5649 1728 5712 est.
1766 5656 1922 5720 Quod

320 5729 376 5775 et
419 5723 710 5797 confirmat
735 5722 796 5779 S.
820 5723 1125 5792 Stephanus
1153 5725 1377 5797 Actavtt
1401 5727 1587 5781 dicens
1623 5745 1635 5779 :
1670 5726 1931 5797 Exposita.

317 5803 497 5847 autem
543 5793 674 5863 illo,
725 5797 930 5850 sustulit
967 5813 1082 5850 eum
1125 5799 1237 5865 ﬁlia
1277 5796 1600 5862 Pharaonis,
1635 5809 1680 5852 et
1710 5793 1922 5853 nutrivit

315 5878 440 5920 eum
475 5864 572 5921 sibi
603 5865 659 5921 in
689 5866 877 5934 ﬁlium.
917 5864 1142 5934 Quando
1176 5878 1356 5925 autem
1397 5881 1450 5928 et
1495 5869 1765 5939 quomodo
1789 5873 1907 5941 iam

2039 4883 2160 4920 num
2183 4867 2427 4939 diversos.
2451 4869 2608 4939 juxta
2641 4881 2973 4939 mensuram,
3016 4864 3398 4936 dispasitionem
3427 4873 3475 4917 et
3515 4875 3625 4919 sta-

2039 4947 2149 4992 tum
2179 4936 2708 5010 cujuslibet'ptentis,
2740 4947 2846 4991 etc.

2110 5019 2133 5057 Is
2166 5005 2359 5078 Tangit
2406 5007 2759 5063 differentiam
2813 5011 2953 5063 Inter
2989 5005 3354 5063 beatitudines
3393 5020 3626 5078 evange-

2035 5079 2166 5135 licas
2193 5121 2209 5147 ,
2260 5083 2378 5134 sive
2423 5082 2476 5134 in
2511 5080 2799 5150 Evangelia
2846 5087 3294 5136 comtuemoratas
3333 5088 3388 5133 et
3431 5080 3626 5148 pra-di-

2034 5164 2202 5218 calas,
2224 5163 2275 5205 et
2301 5152 2438 5206 inter
2462 5153 2678 5218 premia
2703 5153 2781 5206 eis
2803 5153 3128 5221 repromissa
3152 5152 3290 5203 inter
3311 5165 3369 5203 sc
3393 5150 3617 5221 collata:

2035 5239 2153 5293 qua:
2210 5235 2390 5277 tamen
2444 5224 2749 5278 differentia
2806 5219 3153 5293 pr‘a‘tttiorum
3196 5237 3301 5275 non
3342 5234 3446 5274 tam
3480 5219 3532 5274 in
3564 5237 3625 5278 re

2027 5291 2188 5366 quam
2215 5295 2267 5349 in
2300 5295 2481 5366 verbis
2511 5295 2775 5366 consistit.
2809 5295 2933 5350 Sive
2964 5293 3106 5366 enim
3142 5291 3256 5347 haac
3286 5293 3351 5345 ad
3382 5306 3621 5366 ιιι-ανδρων

2029 5365 2136 5421 tem
2167 5366 2328 5421 vitam
2363 5365 2694 5434 referantur,
2729 5365 2841 5420 sive
2873 5366 2940 5419 ad
2978 5365 3211 5419 futuram
3232 5405 3248 5428 ,
3282 5365 3460 5418 omnia
3492 5380 3624 5420 conv

2028 5447 2254 5494 currunt
2293 5447 2346 5492 et
2377 5453 2436 5493 se
2480 5447 2664 5492 mutuo
2694 5439 3130 5506 complectuntur
3159 5444 3252 5491 aut
3281 5451 3622 5504 consequun-

2027 5519 2134 5564 tur.
2188 5509 2294 5568 Sed
2343 5508 2387 5564 si
2438 5511 2720 5564 verborum
2757 5511 2863 5562 vim
2915 5522 3008 5562 seu
3049 5507 3350 5576 emphasim
3384 5517 3620 5576 Spectes,

2028 5576 2206 5649 majus
2230 5583 2507 5652 przmuiunt
2535 5590 2691 5634 sonat
2716 5595 2946 5650 regnum
2985 5580 3248 5634 caelorum
3295 5580 3458 5652 (quod
3490 5581 3620 5634 duo-

2027 5653 2129 5709 bus
2158 5652 2612 5716 beatitudiuibus,
2655 5653 2840 5720 prima:
2864 5661 2916 5705 et
2944 5661 3168 5716 octavae,
3202 5651 3622 5722 reprotnittitur)

2026 5741 2187 5795 quam
2220 5728 2492 5795 possessio
2526 5733 2682 5780 terrae
2703 5766 2717 5790 ,
2743 5725 2882 5795 _sive_
2908 5732 3170 5786 terrente,
3211 5721 3328 5795 sive
3355 5721 3642 5795 cmlcstis,‘

2025 5793 2080 5866 et
2102 5798 2182 5852 sic
2208 5793 2275 5852 de
2299 5796 2527 5864 caneris,
2560 5801 2716 5866 prout
2742 5793 2829 5849 hic
2853 5793 3394 5864 decl:mitttr.'Neque
3423 5793 3614 5854 attinet

2027 5863 2304 5936 inquirere
2332 5883 2427 5924 cur
2449 5869 2547 5924 sex
2564 5863 2948 5923 tantummodo
2965 5863 3333 5924 beatitudine:
3356 5873 3411 5924 et
3431 5879 3634 5923 carum'
