4078 6332
415 285 528 348 803

1472 291 1754 352 JOANNIS
1791 291 2108 352 CASSIANI
2144 292 2640 366 COLLATIONES.

3589 302 3698 364 διιι

416 403 521 466 dit.
565 402 718 464 Licet
762 403 908 466 enim
938 403 1080 462 beati
1128 404 1376 464 dicantur
1412 423 1639 480 quorum
1679 417 1811 466 sunt
1841 425 2004 482 regna
2033 415 2224 476 Aquis
2249 415 2497 484 prazcipio
2521 415 2660 471 vobis
2700 413 2922 490 (Ibid.).
2980 417 3184 476 Videtis
3232 433 3364 493 ergo
3409 419 3710 493 perfectio-.

415 495 680 554 cwloruiu
704 539 719 565 ,
749 505 807 568 et
833 496 976 553 beati
1001 500 1090 566 qui
1125 500 1474 568 possidebunt
1503 512 1698 556 terram
1723 544 1739 568 ,
1768 512 1825 558 et
1867 502 2008 558 beati

416 589 509 660 qui
535 591 958 647 consolationem
1001 590 1304 662 recipient,
1339 604 1391 648 et
1426 594 1566 650 beati
1596 596 1685 666 qiii
1723 595 2006 652 saturitate

415 686 692 752 potientur
713 683 934 755 (Matth.
963 682 1053 754 v);
1086 693 1261 740 tanten
1291 686 1517 742 multum
1547 687 1814 743 credimus
1839 691 2006 746 inter-

412 788 535 830 esse
561 777 702 830 inter
729 775 1110 830 habitationem
1144 777 1294 847 regni
1325 780 1585 834 cmloriim
1616 789 1671 834 et
1701 781 2002 850 possessio-

412 881 536 922 nem
568 868 714 922 illius
738 882 1095 940 quaecumque
1125 878 1207 924 est
1236 879 1426 937 terrte,
1453 881 1508 926 et
1531 873 1673 928 inter
1703 873 2002 942 perceptio-

411 974 532 1014 nem
580 959 975 1016 consolatioiiis
1019 975 1072 1015 et
1120 961 1506 1028 plenitudinem
1551 965 2000 1036 saturitateuiqiie

410 1050 661 1122 iustitiae;
689 1051 1022 1123 multumque
1041 1053 1242 1109 distare
1265 1054 1406 1109 inter
1439 1055 1559 1108 illos
1576 1057 1664 1124 qui
1685 1057 2000 1112 misericor-

407 1144 552 1200 diam
585 1155 987 1216 consequentur
1016 1156 1070 1202 et
1097 1147 1222 1201 illos
1251 1149 1340 1218 qui
1369 1147 1756 1219 gloriosissima
1793 1150 1998 1207 visione

408 1236 505 1293 Dei
558 1236 760 1307 perfrui
811 1240 1182 1296 merebuntur.
1229 1241 1347 1294 Alia
1393 1240 1536 1294 enim
1569 1242 1735 1310 gloria
1765 1242 1917 1307 solis,
1948 1250 1996 1296 et

405 1332 512 1387 alia
540 1333 707 1404 gloria
734 1334 870 1388 Ιιιηω
889 1377 904 1401 ,
939 1343 984 1387 et
1015 1334 1121 1389 alia
1150 1333 1318 1403 gloria
1341 1333 1628 1388 stellarum.
1663 1334 1829 1390 Stella
1856 1336 1993 1390 enim

404 1438 438 1478 ιι
458 1424 608 1478 stella
642 1424 814 1493 differt
845 1426 898 1479 in
929 1424 1127 1496 gloria,
1158 1427 1232 1480 ita
1267 1436 1314 1480 et
1343 1427 1643 1480 resurrectio
1672 1439 1994 1483 mortuorum

403 1515 450 1589 (Ι
471 1514 592 1572 Cor.
622 1521 734 1589 xv).
765 1518 898 1574 Cum
930 1519 1091 1588 igitur
1114 1519 1265 1588 juxta
1299 1521 1441 1575 hunc
1471 1519 1688 1574 modum
1717 1519 1990 1591 Scriptura

402 1609 586 1666 divina
620 1611 874 1669 timentes
925 1614 1091 1669 Deum
1133 1615 1314 1669 laudet
1342 1625 1396 1670 et
1422 1615 1566 1670 dicat
1597 1632 1610 1668 :
1641 1613 1784 1670 Beati
1818 1631 1990 1670 omnes

400 1703 491 1774 qui
511 1704 688 1758 timent
718 1703 1004 1760 Dominum
1046 1704 1270 1778 (Psalm.
1301 1713 1538 1775 cum),
1569 1716 1622 1761 et
1652 1708 1862 1777 plenam
1895 1723 1990 1779 per

2109 522 2236 563 nom
2267 508 2466 577 gradus
2493 525 2615 564 esse
2649 509 2926 579 diversos,
2971 521 3027 567 et
3062 512 3130 567 de
3160 514 3390 570 excelsis
3416 514 3480 568 ad
3512 516 3690 572 excel-

2107 600 2252 654 siora
2281 616 2379 654 nos
2403 619 2430 654 a
2461 601 2689 656 Domino
2719 605 3025 670 provocari.
3055 613 3114 660 tit
3135 607 3206 659 ita
3238 606 3280 660 is
3309 607 3398 676 qui
3429 607 3478 660 in
3501 617 3691 663 timore

2107 691 2200 749 Dei
2235 693 2422 748 beatus
2467 704 2519 749 et
2553 694 2822 763 perfectus
2850 697 3163 765 exstiterit,
3197 699 3478 752 ambulans
3501 737 3520 763 ,
3552 701 3691 754 sicut

2102 787 2362 856 scriptum
2395 795 2500 847 est.
2528 785 2593 840 de
2621 787 2805 842 virtute
2834 789 2887 842 in
2910 790 3146 844 virtutem
3182 787 3407 859 (Psalm.
3440 793 3689 860 uxxttt),

2102 889 2154 936 et
2186 881 2252 935 de
2285 881 2615 950 perfectione
2643 883 2708 937 ad
2741 883 2902 938 aliam
2949 883 3370 953 perfectionem,
3407 885 3456 939 id
3485 896 3586 948 est,
3621 889 3692 940 ile

2101 975 2288 1029 timore
2318 975 2384 1030 ad
2415 991 2564 1047 spem
2591 1017 2608 1043 ,
2639 979 2841 1032 mentis
2870 977 3152 1034 alacritate
3177 981 3552 1034 conscendens
3573 1021 3586 1040 ,
3619 979 3688 1034 ad

2100 1065 2395 1121 beatiorem
2429 1068 2605 1122 denuo
2636 1079 2830 1123 statum
2857 1109 2874 1134 ,
2907 1070 3046 1140 quod
3077 1085 3159 1126 est
3185 1072 3424 1126 cliaritas
3446 1111 3464 1137 ,
3498 1072 3690 1126 invite-

2099 1165 2207 1214 tur.
2241 1157 2312 1214 Et
2338 1159 2426 1228 qui
2455 1159 2617 1216 fuerit
2648 1161 2824 1217 ﬁdelis
2851 1178 3041 1218 servus
3064 1179 3128 1219 ac
3162 1165 3422 1235 prudens,
3454 1166 3519 1219 ad
3547 1167 3687 1221 ami-

2097 1249 2244 1304 citite
2292 1252 2630 1309 sodalitatem
2674 1264 2730 1310 et
2771 1257 3119 1326 adoptionem
3152 1267 3393 1314 transeat
3427 1258 3683 1313 ﬁliorum.

2095 1341 2124 1383 ι’
2149 1343 2459 1402 Secundum
2483 1363 2612 1417 ergo
2635 1349 2777 1404 hunc
2799 1364 3017 1406 sensum
3045 1361 3226 1406 nostra
3255 1367 3466 1422 quoque
3489 1361 3574 1406 est
3601 1351 3687 1406 in-

2096 1437 2381 1508 telligenda
2406 1442 2698 1507 sententia,
2722 1457 2828 1497 non
2850 1443 2993 1513 quod
3016 1445 3524 1514 contemplationem
3555 1459 3682 1515 per-

2093 1539 2270 1600 petuat
2293 1532 2435 1587 illius
2463 1548 2662 1604 pinnat,
2687 1536 2769 1589 vel
2796 1535 3119 1590 beatiSsimzc
3149 1535 3534 1605 retiiliuiionis,
3561 1552 3682 1607 qua!

2092 1623 2494 1692 repromiititor
2541 1627 2785 1693 sanctis,
2842 1627 3046 1682 nullius
3099 1629 3512 1698 pronuntiemus
3559 1643 3682 1684 esse

2089 1719 2393 1783 momenti;
2443 1719 2537 1774 'sed
2583 1719 2706 1787 quia
2756 1733 2878 1775 cum
2911 1721 3018 1775 sint
3047 1719 3247 1789 utiles,
3293 1728 3348 1774 et
3385 1729 3682 1775 sectatores

401 1794 505 1851 hoc
525 1797 632 1852 illis
659 1798 1042 1855 beatitudinem
1072 1803 1442 1869 repromittat;
1484 1801 1676 1856 iterum
1705 1812 1880 1857 tamen
1912 1801 1992 1858 di-
2024 1804 2069 1864 Β
2095 1823 2220 1864 suos
2249 1809 2316 1865 ad
2349 1809 2499 1864 initia
2530 1811 2884 1867 beatitudinis
2910 1811 3272 1877 introducam,
3302 1810 3539 1866 charitas
3565 1826 3683 1865 rur.

399 1888 476 1946 cit
505 1907 517 1945 :
558 1891 726 1947 Timor
749 1909 850 1947 non
880 1904 953 1946 est
982 1894 1036 1948 in
1066 1893 1320 1949 charitate
1339 1935 1356 1962 ,
1388 1895 1477 1949 sed
1506 1898 1731 1967 perfecta
1763 1897 1990 1951 charitas

403 1986 547 2054 foras
576 1985 726 2038 mittit
750 1987 1006 2054 timorem,
1034 1988 1274 2057 quoniam
1297 1988 1447 2041 timor
1471 2004 1668 2058 poenam
1693 1988 1860 2043 habet.
1889 1988 1992 2056 Qui

399 2088 569 2130 autem
599 2079 739 2133 timet
762 2095 862 2133 non
887 2089 961 2134 est
984 2080 1240 2150 perfectus
1277 2081 1332 2134 in
1358 2079 1609 2134 charitate
1631 2063 1684 2149 (Ἰ
1707 2079 1864 2134 loan.
1891 2083 1990 2152 tv).

399 2168 471 2224 Et
485 2185 697 2236 rursus,
723 2185 844 2225 cum
869 2171 1074 2227 seriire
1102 2172 1211 2228 Deo
1234 2172 1526 2238 gloriosum
1552 2173 1640 2241 sit,
1670 2181 1723 2226 et
1743 2173 1950 2230 dicatur
1976 2192 1988 2228 :

399 2262 598 2318 Servite
622 2262 840 2320 Domino
870 2264 921 2319 in
952 2266 1133 2320 timore
1165 2265 1391 2337 (Psalm.
1426 2266 1511 2336 tt).
1552 2265 1618 2321 Et
1644 2285 1656 2320 :
1693 2275 1715 2304 ι
1743 2267 1991 2339 Magnum

397 2353 490 2410 tibi
515 2364 593 2412 est
622 2357 792 2412 vocari
815 2374 1016 2414 servum
1043 2374 1208 2412 meum
1245 2357 1378 2430 (Isa.
1427 2360 1595 2430 xux).
1646 2361 1710 2416 Et
1744 2379 1757 2415 :
1801 2361 1994 2420 Beatus

396 2461 570 2502 servus
593 2446 705 2516 ille,
736 2465 907 2518 quem,
931 2467 1049 2504 cum
1074 2453 1265 2507 venerit
1290 2453 1528 2508 dominus
1555 2471 1678 2509 suus
1695 2495 1712 2519 ,
1745 2456 1996 2512 invenerit

395 2539 470 2593 sic
493 2541 766 2612 facientem
793 2540 947 2612 (Luc.
973 2541 1091 2608 xii).
1121 2543 1325 2600 Tamen
1359 2544 1425 2600 ad
1458 2546 1733 2616 apostolos
1757 2547 1989 2604 d=citur:

397 2626 519 2684 Iam
549 2648 653 2685 non
681 2633 852 2688 dicunt
881 2650 968 2690 vos
989 2651 1190 2704 servos,
1218 2638 1340 2708 quia
1369 2654 1541 2692 servus
1571 2639 1730 2693 nescit
1754 2640 1883 2710 quid
1911 2641 1991 2710 fa-

397 2724 496 2776 ciat
522 2723 762 2780 dominus
791 2743 937 2781 suus.
967 2725 1073 2782 Vos
1094 2739 1266 2782 autem
1289 2729 1408 2783 dico
1433 2731 1645 2796 amicos,
1669 2732 1793 2802 quia
1821 2735 1992 2787 omnia

395 2833 726 2886 quacumque
749 2819 924 2874 audivi
951 2837 982 2874 a
1013 2820 1174 2876 Patre
1198 2839 1332 2890 meo,
1364 2835 1488 2878 nota
1514 2826 1614 2894 feci
1641 2827 1780 2880 vobis
1808 2826 1990 2897 (Joan.

399 2910 517 2983 xv).
561 2911 625 2967 Et
657 2911 853 2967 iterum
886 2931 900 2968 :
937 2912 1041 2969 Vos
1079 2917 1231 2970 amici
1274 2918 1373 2972 mei
1399 2918 1550 2986 satis,
1583 2919 1632 2973 si
1671 2922 1892 2989 feceritis
1930 2937 1994 2974 ea

2094 1915 2235 1966 sum,
2270 1902 2321 1956 in
2355 1917 2457 1972 qua
2493 1902 2704 1974 plenior
2736 1902 2931 1957 ﬁducia
2961 1913 3388 1972 perpetuumque
3414 1901 3523 1970 jam
3550 1915 3683 1971 gau-

2097 1996 2242 2051 dium
2271 2005 2385 2065 est,
2417 2011 2703 2052 assumens
2733 2011 2829 2052 eos
2857 1996 2923 2050 de
2951 1997 3148 2054 timore
3189 1995 3368 2050 servili
3395 2005 3452 2050 et
3477 2008 3684 2050 merce-

2099 2091 2248 2143 naria
2287 2105 2382 2159 spe
2405 2134 2419 2158 ,
2449 2089 2514 2144 ad
2549 2089 2894 2144 dilectionem
2924 2089 3020 2144 Dei
3046 2097 3103 2144 et
3129 2090 3472 2158 adeptionem
3503 2096 3683 2142 trans-

2097 2180 2202 2236 fert
2233 2181 2462 2236 liiiurum
2497 2223 2512 2246 ,
2545 2192 2597 2237 et
2641 2180 3040 2253 quodammodo
3084 2180 3430 2251 perfectiores
3457 2179 3586 2234 facit
3613 2178 3683 2232 de

2099 2275 2376 2345 perfectis.
2425 2275 2607 2331 Multa:
2631 2277 2797 2342 enim,
2832 2277 2908 2331 ait
2936 2275 3214 2338 Salvator,
3249 2273 3536 2328 mansiones
3561 2279 3684 2326 sunt

2093 2367 2231 2439 apud
2263 2365 2473 2421 Patrem
2503 2384 2669 2421 meum
2699 2367 2878 2434 (Joan.
2909 2366 3042 2435 xiv).
3089 2368 3154 2421 Et
3179 2365 3306 2420 licet
3329 2367 3504 2420 omnia
3535 2373 3684 2420 astra

2096 2475 2219 2516 esse
2250 2461 2532 2515 videantur
2563 2461 2616 2515 in
2649 2461 2814 2527 cmlo,
2845 2461 2986 2515 inter
3015 2459 3314 2517 claritatem
3344 2469 3523 2512 tamen
3553 2455 3682 2510 solis

2093 2561 2150 2606 et
2207 2551 2348 2606 luna:
2403 2563 2565 2622 atque
2615 2551 2860 2615 luciferi.
2913 2561 3342 2620 caaterarumque
3395 2547 3677 2603 stellarum

2094 2646 2263 2700 multa
2289 2645 2540 2699 distantia
2568 2654 2671 2700 est.
2698 2645 2765 2700 Et
2786 2644 2987 2700 ideirco
3017 2643 3205 2698 beatus
3232 2642 3544 2711 Apostolus,
3570 2655 3680 2696 non

2097 2739 2274 2796 solum
2305 2738 2482 2793 timori
2511 2753 2572 2794 ac
2598 2739 2747 2808 Spei,
2781 2739 2876 2794 sed
2903 2740 3066 2794 etiam
3099 2740 3308 2792 cunctis
3335 2734 3681 2792 citari-mati-

2100 2831 2220 2897 bus,
2245 2846 2366 2900 quia
2390 2845 2577 2900 magna
2605 2846 2668 2886 ac
2691 2829 2912 2885 miriﬁca
2937 2829 3222 2890 habentur.
3245 2843 3364 2884 eam
3386 2827 3682 2898 praeferens

2104 2933 2127 2962 α
2160 2939 2322 2996 supra
2350 2922 2592 2993 modum,
2620 2921 3060 2978 excellentiorem
3089 2920 3337 2976 omnibus
3363 2920 3681 2975 cltar'itatem

1469 3071 1729 3128 ALARDI
1769 3073 1905 3130 GAZ
1917 3073 2002 3130 2E1
2037 3074 2609 3132 COMMENTARIUS.

396 3183 619 3257 prtemia
649 3182 740 3240 bic
767 3193 1045 3241 enumeret
1074 3185 1278 3242 Auctor
1299 3228 1313 3253 ,
1345 3202 1466 3242 etim
1499 3187 1638 3258 apud
1672 3186 1980 3243 Matthwum
2012 3188 2057 3252 C
2089 3188 2231 3244 liutic
2256 3191 2430 3244 locum
2460 3191 2709 3256 pertinet:
2732 3188 2956 3244 Prcemia
2977 3189 3260 3243 secundum
3282 3187 3594 3244 additionem
3618 3205 3679 3245 se

395 3269 519 3312 oeto
539 3265 1057 3324 commemorentur,
1081 3259 1224 3326 quod
1254 3260 1384 3313 satis
1414 3259 1662 3316 habui-rit
1691 3259 1774 3313 bis
1794 3274 1982 3314 exeni-

396 3327 502 3399 piis
547 3329 1120 3401 ostenilerediversos
1166 3339 1222 3384 et
1273 3330 1567 3401 iuzvquales
1613 3345 1736 3385 es~e
1783 3331 1982 3400 grados

397 3398 788 3471 perfectionum
841 3398 974 3470 (qui
1029 3414 1226 3461 scentis
1276 3410 1333 3456 et
1384 3398 1757 3471 argumentum
1791 3398 1981 3469 'liiijus

394 3467 563 3539 cap.),
591 3469 730 3536 sicut
759 3467 960 3525 diver~i
992 3481 1119 3526 sunt
1144 3473 1346 3541 gradus
1390 3467 1777 3527 beatitudinum
1818 3467 1984 3528 evan-

395 3546 712 3612 gelicarum,
745 3553 796 3595 et
829 3543 1170 3606 prmiitiorunt
1203 3544 1283 3598 eis
1313 3543 1790 3612 reproinissmiim,
1826 3553 1985 3612 prout

397 3611 453 3684 i_n
485 3612 780 3682 Evangelio
805 3625 1202 3681 exprimuntur.
1249 3612 1446 3670 Verum
1477 3616 1563 3671 ltic
1589 3611 1889 3684 opportune
1918 3617 1979 3669 1).

394 3681 658 3739 Thomam
687 3686 970 3740 audiemus
1000 3685 1210 3753 plenius
1241 3686 1358 3740 bare
1386 3699 1435 3742 et
1471 3681 1772 3741 accuratius
1799 3702 1864 3741 ex
1893 3702 1984 3740 ve-

395 3763 570 3809 terum
619 3756 833 3810 Patrum
881 3758 1146 3810 sententia
1191 3758 1550 3823 explicantem
1590 3760 1640 3812 iti
1682 3757 1822 3812 hunc
1864 3773 1982 3811 mo-

398 3823 525 3900 dum
558 3825 694 3900 (1-2,
724 3844 771 3894 q.
805 3828 896 3900 69,
929 3844 981 3880 a.
1011 3827 1048 3881 ἓ
1075 3827 1205 3900 eti)
1240 3847 1253 3880 :
1293 3829 1596 3889 Dicendum.
1631 3829 1820 3900 inquit,
1846 3829 1982 3882 tuod

395 3898 532 3950 circa
562 3899 662 3952 ista
688 3899 930 3968 pra'mia,
962 3899 1277 3962 expositores
1303 3916 1462 3953 sacra:
1494 3898 1778 3968 Scriptura?
1807 3900 1979 3953 diver-

394 3967 592 4022 simode
635 3967 750 4022 sunt
781 3969 961 4023 locuti.
1003 3969 1227 4034 Quidam
1277 3971 1409 4022 enim
1437 3967 1619 4024 omnia
1641 3974 1738 4025 ista
1766 3971 1983 4038 pricoiia

393 4045 462 4111 ad
488 4038 720 4111 futuram
754 4039 1118 4111 beatitudinem
1145 4043 1396 4111 pertinere
1431 4043 1615 4111 dicunt
1642 4059 1662 4096 :
1689 4043 1815 4096 sicut
1852 4042 1982 4094 Ant-

395 4110 613 4192 brosius.
642 4126 796 4177 super
825 4109 1014 4193 Lucam
1038 4109 1282 4181 (In'cap.
1329 4112 1391 4165 de
1423 4109 1687 4195 Beatitud.
1729 4121 1864 4165 tomo
1894 4112 1978 4237 V3.

395 4179 712 4237 Auausttnus
740 4198 856 4236 vero
893 4181 1032 4237 (Lib.
1057 4197 1072 4235 t
1096 4183 1162 4235 de
1194 4198 1346 4236 scrin.
1389 4180 1538 4234 Dum.
1568 4200 1621 4235 in
1652 4199 1824 4237 monte
1849 4199 1896 4237 c.
1963 4182 1978 4237 i

394 4179 712 4253 dugustinus
740 4198 856 4236 vero
893 4181 1032 4251 (Lib.
1057 4197 1072 4235 t
1096 4183 1162 4235 de
1194 4179 1346 4236 scrin.
1389 4180 1538 4234 Dum.
1568 4182 1621 4235 in
1652 4199 1824 4237 monte
1849 4199 1896 4237 c.
1926 4179 1980 4253 9)

394 4250 519 4304 dicit
545 4267 604 4305 ea
622 4252 703 4323 ad
733 4250 1033 4316 prwsentcm
1077 4255 1228 4306 vitam
1272 4254 1540 4321 pertinere.
1591 4250 1983 4323 Chrgmstomus

393 4332 572 4374 autem
601 4321 837 4447 (Sliontil.
868 4327 900 4378 6
931 4324 984 4376 in
1015 4323 1182 4377 Matth
1211 4324 1229 4391 )
1272 4325 1324 4378 in
1354 4325 1462 4377 suis
1491 4321 1716 4378 homiliis
1746 4325 1982 4394 quaedam

393 4405 572 4444 eorum
639 4394 724 4446 icit
769 4396 1022 4447 pertinere
1052 4394 1119 4446 ad
1153 4395 1379 4447 futuram
1407 4395 1590 4447 vitam.
1621 4403 1858 4447 auautam
1887 4412 1982 4447 au-

391 4394 724 4466 eorumdicit
767 4396 1022 4464 pertinere
1052 4394 1119 4466 ad
1151 4395 1379 4465 futuram
1407 4395 1590 4458 vitam,
1621 4403 1858 4466 quaedam
1887 4412 1984 4448 au-

393 4470 492 4536 tem
522 4464 589 4516 ad
617 4477 940 4534 prtesentem.
990 4464 1068 4518 Ad
1105 4464 1253 4536 cujus
1293 4467 1599 4520 evidentiam
1635 4464 1980 4520 consideran-

393 4533 518 4608 dum
547 4533 625 4587 rst’
646 4539 784 4605 quod
816 4533 1177 4608 spesjnturte
1213 4537 1538 4592 beatitudinis
1584 4546 1749 4608 potest
1793 4553 1900 4592 esse
1927 4538 1984 4591 in

392 4604 540 4659 nobis
555 4604 770 4680 propter
789 4606 914 4680 duo.
947 4605 1122 4660 Primo
1141 4610 1342 4678 quidem
1369 4604 1829 4679 prouter'uliquam
1851 4625 1984 4680 pra:-

392 4675 714 4743 parationem
740 4678 816 4731 vel
843 4675 1230 4745 dispositionem
1251 4683 1318 4731 ad
1341 4679 1568 4744 futuram
1595 4675 1978 4746 beatitudinem,

393 4747 532 4822 quod
558 4756 633 4822 est
670 4764 760 4820 per
785 4751 994 4822 modum
1025 4750 1189 4803 merui
1207 4766 1226 4814 ;
1271 4752 1374 4803 alio
1408 4751 1557 4822 modo
1587 4767 1676 4822 per
1702 4752 1981 4818 quamdam

388 4816 765 4874 inchoationem
792 4821 1136 4891 imperfectam
1179 4822 1368 4885 fu'urte
1402 4816 1729 4874 beatitu’dinii
1775 4824 1827 4875 in
1857 4822 1980 4876 viris

387 4895 617 4958 sanctis,
669 4892 822 4943 etiam
861 4893 915 4944 in
955 4892 1049 4944 hac
1078 4893 1203 4945 vita.
1248 4892 1411 4945 Aliter
1438 4895 1574 4946 enim
1602 4891 1820 4944 habetur
1862 4909 1979 4955 spes

387 4960 801 5030 fructi/icationis
819 4963 1038 5026 arboris,
1064 4978 1179 5015 cum
1202 4964 1405 5016 virescit
1429 4961 1732 5028 frondibus;
1759 4973 1804 5016 ct
1825 4965 1978 5017 aliter

386 5044 504 5102 cum
535 5033 638 5096 iam
669 5035 954 5102 primordia
984 5039 1242 5102 fructuum
1283 5034 1533 5100 incipiunt
1563 5048 1832 5101 apparere.
1885 5033 1976 5088 Sic

384 5101 544 5171 igitur
556 5119 616 5156 ea
632 5101 747 5166 quae
771 5105 824 5158 in
843 5104 1239 5158 beatitudmibns
1262 5115 1546 5174 tanguntur
1559 5146 1574 5166 ,
1595 5116 1852 5174 tamquam
1870 5121 1975 5156 me-

384 5184 515 5234 rita,
539 5185 656 5227 sunt
685 5177 917 5245 quaedam
949 5175 1385 5246 pra’parutiones,
1415 5176 1494 5246 vel
1523 5177 1876 5242 dispositiones
1903 5175 1974 5229 ad

383 5245 753 5300 beatitudinem
773 5289 786 5307 .
817 5247 894 5300 vel
928 5248 1236 5317 perfectam,
1275 5246 1350 5298 vel
1380 5245 1675 5299 inchoatam
1701 5261 1720 5310 ;
1767 5261 1826 5298 ea
1855 5261 1972 5300 vero

380 5329 499 5388 qua
527 5329 787 5382 ponuntur
821 5327 1081 5388 tamquam
1111 5319 1352 5388 pra'mia.
1390 5329 1599 5388 possunt
1628 5332 1738 5369 esse
1760 5317 1835 5388 vel
1859 5318 1973 5386 ipsa

382 5383 640 5460 beatitudo
668 5405 730 5460 pe
763 5388 919 5458 ferta,
940 5383 1008 5442 ἐι
1039 5383 1120 5442 sic
1141 5383 1400 5460 pertinent
1424 5389 1492 5441 ad
1517 5390 1746 5460 futuram
1775 5383 1969 5460 vitam;

380 5458 459 5528 vel
486 5456 944 5528 aliqua’inc‘hoatio
977 5456 1322 5520 lentitudinis,
1361 5460 1492 5512 sicut
1517 5456 1588 5512 est
1613 5460 1665 5510 in
1697 5456 1821 5510 viris
1858 5473 1972 5519 per-

379 5526 526 5602 [fctis
551 5526 582 5590 ,V
610 5543 656 5582 et
702 5547 775 5583 sic
818 5531 1029 5597 prwmia
1072 5534 1322 5602 pertinent
1347 5531 1415 5582 ad
1455 5528 1967 5602 prtesrntemiritam.

381 5596 509 5672 Cum
542 5601 672 5653 enim
710 5596 896 5672 aliquis
926 5596 1103 5671 incipit
1142 5603 1390 5667 pro/icere
1413 5596 1464 5654 in
1493 5601 1697 5653 actibus
1727 5601 1970 5672 virtutum

376 5681 424 5743 et
449 5671 725 5736 donorum,
753 5671 916 5741 petest
936 5675 1135 5740 sperari
1158 5674 1222 5726 de
1247 5689 1306 5726 eo
1327 5673 1462 5741 quod
1483 5674 1730 5743 perveniet
1761 5671 1966 5743 ad_per-

372 5740 782 5815 (sctioncmvttr,
809 5755 854 5796 et
877 5749 945 5796 ad
969 5744 1325 5814 perfectionem
1342 5740 1552 5815 patric.
1589 5742 1711 5815 Htijc
1735 5743 1793 5815 S_.
1820 5740 1966 5815 ἸῚιος

374 5827 515 5870 mas.
559 5812 723 5870 Addit
774 5828 905 5871 vero
949 5815 1002 5870 in
1044 5811 1218 5870 altero
1247 5811 1504 5881 articulo,
1533 5813 1679 5884 quod
1702 5813 1864 5868 etiam
1891 5811 1990 5867 ad'

2087 3260 2269 3315 habent
2285 3262 2354 3314 ad
2378 3262 2610 3314 invicem.
2642 3261 2777 3314 Nam
2803 3262 2919 3331 plus
2941 3273 3015 3314 est
3042 3262 3300 3331 possidere
3322 3268 3510 3331 terram
3529 3262 3678 3328 regni

2087 3333 2333 3385 calorum
2349 3349 2504 3401 quam
2523 3329 2821 3401 simpliciter
2845 3330 3051 3385 habere.
3084 3330 3195 3384 Mal
3217 3348 3246 3383 a
3267 3332 3404 3383 enim
3427 3329 3679 3386 habemus

2085 3419 2200 3472 qua:
2227 3421 2327 3456 non
2356 3404 2570 3470 ﬁrmiter
2593 3415 2639 3457 et
2673 3405 2884 3468 paciﬁca
2904 3401 3235 3472 possidemus.
3273 3401 3400 3455 Plus
3423 3412 3494 3455 est
3519 3403 3678 3456 etiam

2088 3476 2343 3527 consolari
2374 3478 2425 3528 in
2467 3490 2628 3545 regno
2655 3490 2811 3542 quam
2841 3474 3026 3545 habere
3079 3482 3125 3526 et
3165 3473 3462 3537 possidere;
3503 3474 3671 3527 multa

2086 3547 2221 3597 enim
2250 3562 2367 3598 cum
2397 3543 2576 3598 dolore
2606 3545 2941 3614 possidemus.
2985 3544 3109 3598 Plus
3142 3555 3216 3598 est
3260 3545 3410 3598 etiam
3447 3545 3677 3598 saturari

2085 3631 2236 3684 quam
2280 3616 2578 3682 simpliciter
2627 3616 2904 3669 consolari.
2959 3614 3097 3668 Nam
3131 3615 3376 3668 saturitas
3402 3614 3677 3667 abundan-

2086 3687 2210 3739 tiam
2235 3688 2599 3740 consoliitionis
2630 3687 2874 3755 importat
2897 3702 2916 3750 ;
2957 3688 3305 3739 misericordia
3332 3700 3448 3739 vero
3473 3686 3680 3740 excedit

2086 3761 2429 3825 saturitatem,
2471 3767 2527 3810 ut
2559 3759 2673 3825 plus
2703 3758 2894 3812 scilicet
2939 3759 3088 3810 homo
3131 3758 3351 3822 accipiat
3386 3771 3535 3824 quam
3566 3771 3677 3810 ine-

2085 3830 2245 3899 ruerit
2274 3831 2350 3883 vel
2377 3829 2670 3882 desiderare
2699 3829 2940 3899 patuerit.
2989 3827 3172 3899 Adhuc
3196 3837 3369 3880 autem
3399 3829 3564 3896 majus
3592 3836 3678 3881 est

2090 3898 2251 3953 Deum
2281 3900 2492 3970 videre;
2530 3901 2660 3953 sicut
2689 3898 2857 3970 major
2881 3909 2983 3964 est,
3025 3899 3110 3969 qui
3141 3898 3191 3970 in
3232 3902 3376 3970 curia
3405 3900 3536 3967 regis
3563 3913 3676 3953 non

2084 3971 2250 4024 solum
2285 3969 2522 4038 prandet,
2547 3972 2636 4023 sed
2659 3972 2807 4024 etiam
2833 3969 3016 4038 faciem
3045 3969 3175 4038 regis
3206 3969 3342 4022 videt
3375 3983 3394 4022 :
3417 3985 3676 4023 summam

2085 4051 2257 4093 autem
2303 4042 2603 4111 dignitatem
2645 4042 2699 4094 in
2751 4043 2902 4094 domo
2953 4040 3093 4111 regia
3141 4039 3284 4108 [ilius
3326 4040 3460 4109 regis
3494 4038 3674 4095 habet.

2091 4106 2370 4167 Iluctenus
2392 4111 2591 4167 Doctor
2621 4113 2925 4179 Angelicus,
2961 4106 3123 4163 inimo
3144 4106 3407 4165 ιΙινιιιιιςΞ
3441 4114 3526 4170 uiti
3551 4113 3677 4180 titti-

2087 4181 2210 4236 dem
2263 4184 2408 4236 illaitt
2442 4185 2827 4238 beatitudinem
2860 4193 2913 4237 et
2969 4182 3314 4250 praemiorum
3351 4185 3676 4240 varietatem

2085 4263 2139 4307 et
2169 4253 2536 4309 habitudinem
2569 4256 2634 4308 ad
2661 4271 2719 4307 se.
2749 4256 2975 4308 invicem
3006 4252 3165 4305 aliter
3189 4262 3242 4305 et
3267 4253 3515 4306 subtilius
3541 4266 3677 4307 con~

2086 4325 2340 4379 siderat-it
2384 4335 2438 4378 et
2467 4325 2736 4394 exposuit.
2769 4340 2926 4394 quain
2960 4326 3067 4394 bne
3089 4325 3207 4394 loco
3239 4330 3556 4389 explicatur.

2158 4405 2185 4432 ⁸
2216 4396 2470 4465 Λειιοςςίι
2495 4393 2551 4451 et
2576 4399 2711 4451 banc
2735 4395 3017 4450 Ιιιειίιιηοιιι
3046 4393 3107 4446 D.
3136 4393 3522 4465 Hieritityiitus;
3548 4394 3660 4448 Vttl-

2086 4475 2207 4533 gata
2250 4464 2429 4520 autem
2482 4469 2646 4521 lectio
2688 4485 2700 4519 :
2748 4465 2944 4519 Parum
2982 4475 3087 4534 est,
3132 4475 3185 4518 ut
3219 4465 3288 4519 sis
3324 4464 3449 4518 mihi
3491 4481 3672 4520 servsss

2146 4538 2425 4621 iunxisti),
2460 4549 2564 4592 etc.

2012 4579 2064 4638 Β
2089 4535 2224 4608 (lsa.
2260 4538 2425 4621 nux),
2460 4549 2564 4592 elc.
2661 4607 2672 4620 ο
2815 4609 2826 4620 ο
3061 4607 3074 4622 .
3480 4607 3491 4618 .
3622 4606 3636 4618 .

2162 4606 2187 4644 δ
2220 4607 2430 4663 Solutio
2459 4621 2750 4676 propostite
2776 4606 3130 4670 difﬁcultatis.
3154 4606 3427 4672 quomodo
3456 4614 3675 4662 timoris

2084 4687 2139 4732 et
2168 4681 2282 4743 spei
2314 4679 2537 4734 affectus
2559 4680 2754 4733 dixerit
2776 4677 3160 4747 imperfectos?
3191 4677 3452 4733 Nimirum
3478 4692 3675 4746 respe-

2084 4759 2172 4820 ctu
2199 4751 2504 4815 cliariiatis,
2543 4751 2789 4820 quamvis
2825 4755 2877 4804 in
2907 4765 3004 4803 suo
3027 4765 3224 4815 genere
3243 4763 3292 4802 ei
3315 4754 3671 4820 gratiusuam

2085 4819 2314 4890 liabeziiit
2343 4817 2733 4890 perfecﬁonetn
2767 4838 2780 4875 :
2804 4822 2858 4875 in
2887 4836 2988 4885 qua
3019 4832 3194 4875 tamen
3225 4817 3445 4874 minime
3466 4817 3672 4874 sisten-

2082 4889 2239 4962 dum;
2271 4889 2364 4944 sed
2407 4893 2667 4962 gradatim
2700 4907 2729 4945 a
2763 4894 2958 4946 timore
2994 4893 3059 4945 ail
3098 4906 3271 4962 spem,
3309 4900 3364 4962 et
3405 4904 3434 4943 a
3466 4903 3563 4959 spe
3594 4890 3671 4962 ad

2081 4961 2906 5030 cbaritatemprogrediendum,
2935 4964 3078 5032 quod
3109 4969 3270 5016 etiam
3303 4961 3434 5016 disii
3456 4975 3579 5031 cap.
3601 4961 3666 5016 7.

2152 5041 2176 5069 ο
2209 5033 2317 5086 Cur
2345 5033 2633 5097 Apostolus
2655 5035 2977 5089 cbaritatem
3004 5035 3140 5088 viam
3172 5034 3547 5099 nominaverit,
3579 5034 3673 5088 in-

2079 5100 2218 5173 dicat
2251 5105 2308 5158 S.
2342 5104 2580 5158 Thomas
2619 5111 2801 5173 paucis
2833 5107 3010 5160 terbis
3043 5104 3184 5171 (ἑοῦ.
3215 5121 3268 5173 q.
3299 5102 3401 5161 24.
3431 5112 3534 5158 art.
3562 5104 3618 5173 t)
3647 5121 3665 5158 :

2079 5121 2218 5155 aicai
2251 5121 2308 5158 δ.
2345 5121 2580 5158 ⁷Ιηιιιῐιτι8
2619 5121 2801 5173 paucis
2833 5121 3010 5160 ternis
3043 5121 3184 5171 (τοι.
3256 5143 3268 5157 .
3299 5121 3401 5161 u.
3431 5121 3534 5158 art.
3562 5121 3618 5173 ι)
3647 5121 3664 5158 :

2079 5169 2166 5246 Ea;
2195 5173 2292 5228 hoc
2317 5176 2542 5230 dicimur
2561 5192 2669 5229 esse
2696 5177 2938 5239 viatores,
2961 5177 3099 5246 quod
3122 5177 3173 5228 in
3195 5121 3358 5246 ὅιιιιιι
3374 5175 3664 5246 tendimus,

2076 5245 2165 5313 qui
2193 5259 2268 5298 est
2298 5247 2508 5299 ultimus
2530 5246 2652 5316 ﬁnis
2687 5258 2875 5301 nostra
2898 5243 3248 5316 beatitudinis.
3274 5244 3338 5298 In
3363 5243 3463 5299 hac
3485 5254 3669 5299 autem

2078 5316 2159 5388 via
2185 5324 2332 5368 tanto
2370 5333 2535 5388 magis
2577 5318 2924 5384 procedimus,
2950 5327 3164 5388 quanto
3193 5315 3299 5369 Deo
3329 5316 3496 5385 magis
3539 5329 3668 5380 pro-

2079 5386 2432 5460 pinquamus;
2461 5386 2566 5454 cui
2600 5403 2701 5441 non
2738 5387 3184 5460 appropinquatnr
3215 5388 3450 5460 passibus
3475 5401 3669 5460 carpo.

2076 5457 2170 5518 ris,
2201 5461 2290 5511 sed
2313 5457 2580 5522 a/[ecttlms
2608 5457 2817 5512 mentis'
2843 5457 2999 5512 Hanc
3031 5457 3499 5529 autem'propiaqtti
3522 5457 3666 5529 atem

2074 5529 2201 5601 facit
2243 5531 2486 5601 charitas.
2513 5531 2635 5595 quia
2665 5547 2753 5598 per
2779 5533 2946 5601 ipsam
2973 5543 3118 5584 mens
3159 5527 3267 5582 Dea
3295 5526 3492 5582 u'nititr.
3524 5526 3663 5584 Ideo

2077 5599 2351 5671 ένοεωιιισ
2393 5600 2693 5654 charitatein
2719 5599 2851 5654 viam
2896 5601 3148 5660 nominat.
3180 5601 3351 5654 dicens
3376 5601 3558 5671 prima
3582 5601 3664 5654 ad

2070 5665 2300 5725 Corinth.
2355 5686 2428 5727 xtt
2463 5689 2474 5726 :
2511 5671 2694 5727 Adhuc
2737 5671 3147 5728 excellentiorem
3195 5674 3329 5726 viam
3374 5665 3513 5726 vobis
3558 5671 3662 5726 de-

2067 5751 2316 5798 monstro.
