4078 6332
343 304 450 366 865

1359 308 1702 366 COLLATIO
1743 307 1836 364 ιιιι.
1865 335 1936 349 -·
1967 308 2055 364 DE
2095 307 2599 366 PERFEC'I'IONE.

3510 305 3620 368 868

345 419 605 478 ostendit.
652 419 784 476 Nam
829 436 954 476 cum
984 420 1191 486 vellet.
1234 422 1450 491 expleto
1493 421 1641 477 omni
1690 421 1936 490 catalogo
1965 423 2014 481 Α
2043 421 2486 490 psalmographo:
2528 420 2722 474 Timete
2755 417 3056 481 Dominum,
3087 434 3259 476 omnes
3289 422 3458 475 sancti
3482 425 3618 495 ejus,

346 513 710 583 spiritualium
758 515 1180 580 charismatum,
1222 516 1479 570 virtutum
1527 519 1645 584 ejus
1693 515 1931 569 membra

347 608 678 672 describere,
717 608 786 661 ita
819 609 1071 676 praelatus
1091 621 1170 663 est
1203 626 1216 662 :
1246 607 1310 662 Et
1335 609 1504 662 adhuc
1525 623 1687 678 supra
1715 606 1934 662 modum

351 703 760 758 excellentior-em
800 703 936 756 ciam
961 704 1099 757 vobis
1125 703 1440 758 demonstro.
1475 701 1535 758 Si
1558 701 1746 774 linguis
1771 701 1938 754 homi-

351 813 472 850 num
505 795 690 865 loquar
717 803 766 849 et
808 794 1148 866 angelorum,
1181 803 1229 848 et
1255 794 1300 850 si
1334 794 1559 849 habuero
1595 794 1932 864 prophetiam,

351 900 398 944 et
426 889 656 944 noverim
681 888 922 960 mysteria
952 888 1127 942 omnia
1149 928 1164 953 ,
1192 895 1238 942 et
1266 903 1464 942 onmem
1491 887 1757 942 scientiam
1777 930 1791 953 ,
1823 895 1868 940 et
1895 885 1940 939 si

352 981 578 1036 habuero
607 996 806 1034 omnem
837 979 1020 1048 ﬁdem,
1051 981 1124 1033 ita
1152 986 1206 1033 ut
1232 987 1430 1033 montes
1453 977 1791 1046 transferam,
1821 987 1868 1032 et
1897 976 1942 1030 si

352 1072 663 1127 distribuero
705 1072 758 1125 in
785 1071 923 1126 cibos
947 1087 1234 1144 pauperum
1257 1087 1431 1127 omnes
1465 1070 1739 1141 facultates
1777 1085 1939 1133 meas,

355 1175 399 1219 et
424 1165 470 1219 si
499 1164 762 1218 tradidero
787 1178 975 1234 corpus
1005 1180 1170 1218 meum
1191 1167 1262 1218 ita
1291 1173 1347 1218 ut
1377 1163 1609 1230 ardeam,
1637 1161 1942 1215 charitatem

357 1268 528 1312 autent
574 1273 679 1311 non
727 1257 972 1319 habuero.
1001 1255 1134 1310 nihil
1172 1256 1298 1311 mihi
1340 1255 1546 1325 prodest
1591 1253 1632 1327 (l
1657 1252 1776 1310 Cor.
1803 1268 1871 1308 sit
1894 1260 1944 1306 et

359 1349 500 1418 xm).
549 1348 756 1403 Videtis
784 1363 915 1419 ergo
941 1347 1073 1404 nihil
1107 1350 1428 1418 pretiosius,
1469 1347 1600 1403 nihil
1630 1345 1943 1416 perfectius,

358 1443 598 1511 nihilque
625 1441 934 1507 sublimius,
966 1451 1020 1498 et
1049 1442 1130 1512 (ut
1152 1444 1224 1497 ita
1248 1441 1503 1500 dixerim)
1530 1439 1658 1494 nihil
1679 1439 1944 1494 cliaritate

362 1533 656 1606 perennius
687 1533 940 1589 inveniri.
981 1533 1100 1590 Sive
1126 1535 1269 1589 enim
1300 1533 1582 1604 prophetia:
1606 1531 1947 1587 evacuabun-

362 1636 444 1682 tur
468 1667 485 1694 ,
516 1629 618 1682 sive
656 1627 850 1700 linguw
879 1626 1184 1694 cessabunt,
1231 1628 1336 1680 sive
1373 1627 1583 1680 scientia
1621 1627 1944 1689 destruetur;

361 1720 583 1774 charitas
629 1730 808 1774 autem
859 1735 1137 1790 numquam
1183 1719 1384 1774 excidet
1426 1715 1654 1791 (Ibid.),
1687 1719 1805 1774 siue
1841 1731 1945 1786 qua

2040 514 2162 584 quia
2210 516 2340 568 nihil
2377 517 2516 569 deest
2564 512 2859 568 tiuentibus
2888 530 3002 568 eum
3051 511 3220 586 (Psal.
3252 516 3465 584 sunt).
3517 513 3620 586 Qui

2041 606 2188 663 enim
2226 607 2328 662 hoc
2359 609 2552 663 timore
2581 607 2865 663 Dominum
2905 608 3123 668 metuit.
3157 609 3473 678 perlectioni
3501 611 3620 679 ejus

2043 708 2248 756 certum
2277 709 2359 754 est
2401 699 2530 755 nihil
2562 700 2776 756 dce-se.
2805 698 2938 755 Nam
2981 700 3048 754 de
3082 699 3176 756 illo
3205 703 3397 758 timore
3424 703 3623 771 pwnali

2043 791 2324 847 evidenter
2347 791 2587 852 Joannes
2609 793 2884 862 apostolus
2901 794 3036 848 dicit
3064 811 3076 848 :
3105 793 3208 862 Qui
3233 795 3393 857 timet.
3418 813 3521 850 non
3546 807 3623 852 est

2045 885 2300 955 perfectus
2331 885 2384 939 in
2412 886 2682 954 charitate,
2712 887 2838 958 quia
2865 889 3022 942 timor
3043 903 3244 959 penam
3265 888 3414 943 habet
3436 888 3622 960 (Joan.

2045 986 2143 1055 iv).
2176 985 2340 1041 Multa
2391 986 2552 1055 igitur
2592 985 2848 1041 distantia
2879 995 2963 1040 est
3001 985 3142 1040 inter
3181 985 3341 1042 istum
3375 986 3626 1042 timorem

2045 1076 2131 1132 cui
2163 1076 2294 1130 nihil
2325 1077 2500 1139 deest.
2528 1079 2618 1146 qui
2650 1078 2928 1146 sapientiae
2957 1077 3307 1148 scienti-teque
3341 1079 3626 1134 thesaurus

2046 1176 2161 1234 est;
2184 1178 2236 1224 et
2267 1168 2415 1223 illum
2443 1167 2843 1236 imperfectum,
2874 1171 2967 1240 qui
2993 1169 3314 1240 principium
3347 1169 3627 1240 sapientia:

2047 1270 2407 1330 nuncupatur,
2457 1261 2657 1331 quique
2699 1276 2909 1330 patriam
2959 1262 3010 1315 in
3051 1276 3173 1317 sese
3215 1263 3520 1326 continens,
3564 1263 3630 1320 de

2049 1351 2406 1421 perlecturum
2428 1353 2683 1409 cordibus
2699 1355 3125 1424 'supervenieute
3147 1355 3478 1423 plenitudine
3498 1358 3630 1412 cha-

2046 1445 2223 1501 ritatia
2259 1445 2601 1502 extruditur:
2630 1443 2810 1499 Timor
2835 1447 2980 1501 enim
3012 1461 3116 1500 non
3157 1460 3231 1502 est
3261 1448 3313 1501 in
3350 1449 3626 1514 ehuritate,

2047 1539 2136 1593 sed
2176 1539 2402 1610 perfecta
2437 1539 2666 1594 charitas
2697 1539 2839 1610 foras
2875 1540 3026 1593 mittit
3058 1541 3291 1594 timorem
3315 1539 3527 1612 (Ibid).
3562 1541 3631 1598 Et

2050 1649 2237 1688 revera
2263 1677 2276 1695 ,
2308 1633 2354 1687 si
2389 1633 2710 1703 principium
2746 1632 3026 1701 sapientia:
3063 1633 3115 1688 in
3148 1636 3340 1690 timore
3382 1635 3632 1691 consistit

2053 1723 2224 1797 (Psal.
2253 1723 2379 1797 cx),
2410 1740 2532 1796 qua:
2567 1725 2672 1781 erit
2701 1725 2846 1794 ejus,
2897 1725 2999 1781 nisi
3045 1727 3098 1780 in
3130 1726 3326 1782 Christi
3364 1726 3632 1784 charitate

364 1830 469 1869 non
513 1814 691 1868 solum
745 1813 839 1868 illa
885 1813 1382 1882 praecellentissima
1431 1812 1815 1868 charismatum
1852 1807 2022 1882 ge-B
2049 1817 2332 1890 perfectio,
2378 1834 2502 1888 qum
2552 1819 2701 1874 illum
2753 1819 2806 1875 in
2857 1833 2981 1876 sese
3031 1819 3285 1890 perfecta
3326 1820 3632 1877 dilettionis

364 1921 528 1970 nera,
561 1904 658 1961 sed
696 1905 860 1960 etiam
893 1905 1136 1976 martyrii
1164 1905 1330 1976 ipsius
1361 1904 1529 1976 gloria
1560 1913 1838 1960 vacuatur.

964 1994 1190 2052 CAPUT
1230 1994 1366 2051 Xlll.

411 2087 487 2143 De
510 2089 694 2143 timore
719 2087 805 2160 qui
832 2087 896 2143 de
923 2086 1194 2142 charitatis
1221 2087 1573 2159 magnitudine
1601 2096 1898 2159 generatur.

433 2184 695 2252 Quisquis
742 2183 901 2252 igitur
941 2182 994 2238 in
1035 2181 1197 2250 hujus
1241 2181 1398 2236 fuerit
1446 2180 1728 2236 charitatis
1772 2178 1951 2250 perle-

365 2277 543 2333 ctione
570 2274 843 2343 fundatus,
877 2287 1102 2330 necesse
1136 2283 1219 2328 est
1244 2281 1303 2328 ut
1326 2271 1393 2327 ad
1418 2281 1443 2309 η
1471 2270 1625 2325 illum
1661 2270 1947 2326 sublimio-

369 2382 480 2424 rem
501 2365 782 2422 cbaritatis
813 2365 1055 2420 timorem
1078 2363 1248 2434 gradu
1274 2363 1661 2419 escellentiore
1683 2374 1950 2417 conscen-

369 2458 478 2524 dat,
503 2474 661 2531 quem
694 2472 800 2514 non
826 2472 1107 2530 poenarum
1133 2467 1329 2523 terror,
1353 2471 1455 2512 nec
1481 2455 1676 2527 cupido
1700 2456 1950 2526 praemio-

367 2566 517 2617 rum,
549 2551 647 2606 sed
688 2552 892 2606 amoris
919 2559 1140 2622 generat
1167 2549 1513 2622 magnitudo,
1549 2563 1656 2617 quo
1693 2549 1776 2605 vel
1811 2548 1952 2605 {ilius

367 2647 893 2718 indulgentissimum
945 2656 1172 2715 patrem,
1223 2645 1313 2702 vel
1360 2647 1580 2702 lratrem
1631 2643 1818 2711 l‘rater,
1871 2644 1951 2700 vel

372 2743 602 2797 amicum
635 2743 864 2806 amicus,
895 2741 979 2796 vel
1009 2741 1291 2810 conjugem
1320 2740 1516 2808 conjux
1541 2738 1772 2794 sollicito
1802 2752 1954 2794 reve-

373 2845 524 2889 retur
553 2831 769 2898 oll‘ectu,
795 2833 922 2888 dum
951 2833 1073 2903 ejus
1101 2847 1205 2886 non
1231 2832 1453 2887 verbera
1487 2846 1659 2902 neque
1687 2830 1950 2896 convicia,

371 2927 460 2982 sed
487 2927 571 2982 vel
606 2938 820 2982 tenuem
855 2927 1055 2980 amoris
1091 2924 1345 2980 formidat
1386 2925 1681 2991 oliensam,
1712 2934 1872 2995 atque
1899 2923 1953 2979 in

371 3020 620 3076 omnibus
647 3035 751 3074 non
775 3022 948 3074 solum
976 3018 1213 3083 actibus,
1244 3033 1444 3074 verum
1470 3019 1635 3073 etiam
1665 3018 1844 3073 verbis
1872 3028 1954 3072 at-

373 3111 539 3167 tonita
580 3125 796 3180 semper
837 3112 1035 3181 pietate
1061 3109 1403 3176 distenditur,
1436 3125 1504 3165 ne
1539 3125 1664 3180 erga
1694 3125 1753 3166 se
1783 3127 1955 3182 quan-

373 3205 780 3273 tulumcumque
807 3202 986 3258 fervor
1009 3201 1313 3258 dilectionis
1336 3202 1480 3258 illius
1508 3203 1824 3272 intepescat.
1845 3203 1953 3257 Cu-
1981 3182 2029 3251 C

369 3295 456 3370 jus
488 3293 699 3352 timoris
727 3293 1182 3365 magnificentiam
1211 3295 1372 3350 lsaias
1399 3309 1536 3349 unus
1569 3296 1953 3365 prophetarum

371 3389 649 3462 eleganter
685 3391 991 3460 expressit,
1021 3388 1052 3428 ιι
1084 3389 1312 3454 Divitior,
1346 3387 1626 3458 inquiens,
1665 3390 1850 3442 salutis
1874 3407 1961 3444 sa-

370 3482 563 3553 pientia
593 3491 638 3535 et
666 3481 882 3536 scientia
910 3496 928 3534 :
961 3481 1110 3535 timor
1153 3477 1363 3534 Domini
1408 3480 1518 3546 ipse
1547 3480 1818 3534 thesaurus
1847 3485 1959 3552 ejus

371 3571 508 3643 (ιω.
545 3573 755 3644 xxxui).
783 3571 898 3627 Non
929 3572 1098 3642 potuit
1129 3571 1338 3627 timoris
1365 3571 1527 3626 istius
1553 3570 1870 3642 dignitatem
1897 3587 1961 3628 ac

372 3667 624 3726 meritum
661 3669 832 3734 magis
865 3668 1148 3723 evidenter
1177 3667 1503 3734 exprimere,
1538 3681 1696 3737 quam
1734 3678 1788 3721 ut
1820 3667 1960 3722 divi-

375 3762 480 3816 tias
508 3761 700 3816 salutis
727 3767 948 3829 nostrae,
979 3775 1099 3830 qua:
1124 3763 1176 3817 in
1205 3775 1332 3815 vera
1358 3760 1618 3828 sapientia
1662 3761 1754 3816 Dei
1783 3761 1960 3816 scicn-

375 3856 555 3926 tiaque
578 3855 879 3926 consistunt
901 3896 917 3921 ,
949 3854 1153 3909 diceret
1185 3852 1286 3908 nisi
1319 3869 1346 3906 a
1383 3853 1581 3909 timore
1612 3853 1819 3908 Domini
1854 3871 1960 3911 non

373 3961 537 4020 posse
566 3924 791 4003 scrvaii.
818 3947 898 4002 Ad
924 3948 1066 4002 hunc
1087 3947 1246 4019 igitur
1268 3958 1466 4002 metum
1493 3962 1598 4003 non
1626 3958 1961 4018 peccatores,

373 4041 470 4099 sed
516 4042 690 4098 sancti
737 4041 1068 4112 propheticis
1109 4040 1405 4096 invitantur
1450 4041 1702 4110 eloquiis,
1751 4041 1965 4097 dicente

2049 1911 2335 1968 continens
2366 1920 2590 1977 metum,
2627 1925 2732 1968 non
2756 1911 2870 1982 jam
2910 1911 3256 1982 principium.
3289 1914 3384 1968 sed
3417 1913 3633 1967 tliesauo

2048 2019 2144 2061 rus
2187 2004 2472 2074 sapientia:
2500 2015 2556 2062 et
2598 2005 2842 2061 scientiae
2889 2004 3272 2072 nuncupatur?
3323 2005 3392 2061 Et
3434 2005 3634 2062 idcirco

2050 2097 2250 2168 duplex
2280 2097 2494 2153 timoris
2513 2107 2595 2154 est
2613 2097 2814 2167 gradus
2832 2113 2847 2152 :
2863 2111 3006 2152 unus
3030 2096 3427 2166 int-ipientium,
3452 2091 3506 2150 id
3527 2103 3632 2162 est,

2051 2203 2240 2245 eorum
2271 2189 2364 2258 qui
2390 2187 2568 2244 adhuc
2589 2189 2693 2244 sub
2717 2188 2845 2258 jngo
2867 2197 2923 2243 et
2949 2196 3158 2242 terrore
3179 2187 3365 2242 servili
3387 2195 3532 2249 sunt,
3565 2187 3636 2242 de

2051 2295 2162 2350 quo
2181 2281 2378 2336 dicitur
2401 2298 2413 2332 :
2437 2279 2628 2336 Seruus
2645 2281 2910 2334 dominum
2926 2295 3074 2333 suum
3091 2279 3281 2334 timebit
3297 2279 3550 2351 (Malach.
3570 2278 3632 2350 ι).

2053 2371 2122 2428 Et
2150 2373 2202 2427 in
2235 2371 2528 2444 Evangelia
2555 2391 2569 2427 :
2612 2369 2735 2426 lam
2763 2388 2866 2426 non
2892 2372 3009 2426 dico
3038 2387 3123 2425 ros
3149 2386 3339 2436 seruos,
3381 2372 3504 2443 quia
3527 2387 3637 2426 ser-

2053 2480 2145 2520 vus
2169 2465 2327 2519 nescit
2355 2465 2481 2535 quid
2503 2465 2656 2536 faciat
2681 2464 2922 2518 dominus
2941 2466 3053 2536 ejus
3074 2461 3254 2535 (loan.
3281 2462 3394 2532 xv).
3421 2463 3483 2518 Et
3513 2463 3637 2520 ideo

2056 2557 2267 2626 Serius,
2291 2559 2486 2628 inquit,
2517 2574 2620 2612 non
2649 2571 2820 2614 manet
2845 2557 2897 2611 in
2926 2557 3079 2610 domo
3101 2557 3154 2610 in
3175 2567 3425 2610 internum
3451 2553 3634 2624 (Joan.

2055 2652 2194 2722 vui).
2241 2651 2436 2707 lmbuit
2479 2653 2622 2706 enim
2670 2667 2768 2706 nos
2798 2662 2852 2705 ut
2879 2650 2948 2705 ab
2991 2651 3086 2705 illo
3118 2651 3319 2720 poenali
3367 2662 3515 2705 metu
3567 2650 3636 2706 ad

2055 2746 2333 2801 charitatis
2363 2745 2727 2814 plenissimum
2761 2744 3067 2800 libertatem
3091 2753 3146 2800 et
3172 2744 3470 2800 amicorum
3496 2743 3638 2798 lilio-

2057 2855 2282 2908 rumque
2331 2839 2424 2894 Dei
2475 2837 2725 2892 ﬁduciam
2779 2846 3136 2891 transeamus.
3183 2835 3423 2906 Denique
3451 2835 3639 2892 beatus

2058 2931 2353 3001 Apostolus
2388 2930 2480 3000 qui
2525 2930 2779 2986 servilem
2820 2929 2968 2984 illum
2998 2928 3208 2983 timoris
3253 2927 3480 2996 gradum
3510 2927 3638 2983 oliui

2055 3023 2336 3080 cbaritatis
2369 3021 2658 3078 Dominicrc
2688 3023 2887 3078 virtute
2925 3021 3350 3087 transcenderat,
3381 3019 3638 3076 inferiora

2058 3116 2390 3184 deSpiciens,
2441 3114 2737 3184 majoribus
2783 3130 2842 3170 se
2879 3115 3106 3170 ditatum
3161 3115 3319 3170 bouis
3347 3130 3376 3168 a
3415 3113 3642 3170 Domino

2059 3210 2343 3282 profitetur
2374 3225 2389 3267 :
2426 3207 2546 3262 Non
2573 3207 2732 3274 enim,
2768 3206 2963 3278 inquit,
2991 3208 3133 3262 dedit
3155 3206 3302 3262 nobis
3331 3204 3469 3262 Deus
3485 3207 3644 3275 spiri-

2061 3313 2168 3356 tum
2211 3301 2433 3365 timoris,
2479 3302 2568 3354 sed
2612 3300 2815 3353 uirtutis
2853 3307 2901 3354 et
2942 3299 3231 3352 dilectionis
3268 3307 3316 3352 et
3356 3299 3643 3355 sobrietatis

2063 3393 2129 3466 (ll
2164 3392 2387 3446 Timeth.
2417 3391 2478 3461 ι).
2514 3390 2619 3446 Eas
2649 3391 2812 3444 etiam
2843 3389 2935 3460 qui
2967 3391 3198 3458 perlecta
3232 3389 3472 3445 caelestis
3500 3391 3642 3445 illius

2063 3485 2238 3542 Patris
2268 3484 2552 3538 dilectione
2583 3483 2903 3554 ﬂagrabant,
2928 3497 3172 3552 quosque
3198 3497 3266 3536 ex
3295 3481 3469 3536 servis
3504 3479 3643 3538 ﬁlios

2062 3576 2280 3644 adeptio
2303 3577 2484 3630 divina
2503 3575 2611 3644 jam
2649 3575 2870 3639 fecerat,
2902 3573 3003 3627 hoc
3035 3571 3356 3627 adhortatur
3379 3571 3596 3643 eloquio
3624 3591 3639 3628 :

2063 3670 2184 3726 Non
2205 3671 2339 3724 enim
2355 3669 2620 3740 accepistis
2642 3669 2881 3737 spiritum
2900 3667 3149 3720 servitutis
3170 3665 3352 3720 iterum
3369 3667 3421 3720 in
3438 3667 3639 3734 timore,

2059 3761 2148 3816 sed
2178 3760 2443 3832 accepistis
2475 3759 2712 3825 spiritum
2745 3756 3036 3828 adoptionis
3055 3756 3303 3826 filiorum,
3335 3756 3388 3810 in
3408 3773 3508 3824 quo
3533 3757 3645 3811 cla-

2065 3870 2282 3917 mamus,
2312 3851 2474 3916 Abba,
2501 3849 2658 3904 Pater
2684 3850 2864 3918 (liam.
2899 3859 3038 3917 vui).
3073 3849 3146 3904 De
3179 3850 3278 3902 hoc
3309 3850 3469 3903 etiam
3497 3859 3643 3904 metu

2065 3960 2186 4001 cum
2215 3943 2358 3997 illum
2387 3942 2761 4008 septiforuiem
2793 3940 3029 4009 Spiritus
3056 3941 3226 3994 saneti
3251 3941 3480 4009 gratiam
3515 3957 3644 4009 pro-

2068 4036 2226 4108 plu-ta
2257 4033 2627 4102 describeret,
2660 4049 2818 4105 quem
2853 4044 2874 4072 ε
2907 4034 2959 4088 in
2992 4033 3209 4089 homine
3239 4033 3328 4088 illo
3366 4035 3644 4092 Dominico

1442 4151 1698 4208 ALARDI
1739 4153 1968 4210 ΟΑΖᾹΞΙ
2008 4149 2570 4210 COMMENTARIUS.

447 4260 473 4289 ι
507 4248 773 4313 ιε’ἰὶίιῑειιι,
803 4247 1053 4304 charitali
1083 4247 1246 4304 etiam
1284 4248 1540 4315 perlecta:
1569 4262 1873 4301 connexum
1899 4257 1954 4303 et

377 4337 719 4389 gertiiauum,
750 4337 855 4386 quo
905 4335 1014 4374 non
1045 4333 1198 4387 parua
1234 4318 1460 4384 peccati,
1503 4315 1599 4371 sed
1639 4317 1842 4372 οπειιςιι
1883 4319 1955 4385 pii

376 4393 574 4452 Patris.
598 4393 648 4446 id
668 4402 750 4444 est
776 4391 890 4452 Dei,
917 4391 1196 4457 metuitur,
1216 4392 1305 4460 qui
1329 4398 1384 4444 et
1409 4398 1612 4445 castus.
1635 4400 1688 4442 et
1713 4397 1951 4460 sanctus,

379 4475 434 4519 et
463 4462 835 4518 reverentialis
879 4461 1196 4524 appellatur,
1237 4457 1296 4515 et
1345 4473 1668 4529 permanens
1714 4457 1764 4510 in
1797 4469 1957 4513 teter-

379 4551 526 4596 nnm.
549 4536 694 4598 juxta
725 4530 852 4586 illud
878 4532 1007 4596 regii
1034 4530 1259 4584 l’salt:o:
1291 4528 1468 4583 Timor
1492 4528 1697 4582 Domini
1722 4539 1952 4595 sanctus,

381 4620 681 4672 permanens
705 4606 756 4657 in
782 4600 1027 4656 saeuiunt
1049 4601 1223 4672 swculi
1244 4600 1415 4671 (Psal.
1444 4602 1614 4665 xvnt).
1641 4599 1738 4655 Ubi
1765 4599 1956 4654 Graece

2060 4249 2159 4298 ista
2197 4244 2327 4296 dicet
2357 4257 2376 4296 :
2409 4241 2581 4296 Timeo
2611 4259 2777 4297 virum
2798 4284 2812 4304 .
2849 4259 2911 4296 ne
2941 4243 3197 4300 discedat:
3225 4241 3318 4296 illa
3355 4243 3487 4296 dicet
3517 4262 3534 4298 :
3561 4241 3648 4298 Ti-

2061 4331 2173 4369 meo
2201 4331 2384 4371 u'rum,
2432 4331 2493 4367 ne
2531 4315 2770 4378 damnet;
2796 4315 2895 4368 ista
2941 4317 3113 4367 dicet:
3147 4312 3322 4367 Timeo
3364 4316 3520 4368 virum
3541 4357 3555 4380 ,
3587 4333 3649 4371 ne

2062 4387 2281 4440 (lesurat.
2319 4384 2462 4454 Pone
2489 4386 2595 4436 hcce
2621 4386 2674 4437 in
2706 4386 2902 4446 animo,
2927 4397 2972 4437 et
2999 4387 3222 4437 inuenies
3249 4388 3476 4440 timorem
3499 4403 3648 4454 quem

2064 4461 2204 4526 foras
2233 4455 2384 4528 mittit
2410 4453 2635 4528 charitas
2659 4470 2677 4507 :
2698 4467 2743 4509 ct
2766 4456 2932 4528 alium
2953 4456 3189 4528 timorem
3214 4466 3430 4518 castum,
3454 4453 3650 4528 perma-

2064 4523 2265 4580 nentem
2287 4526 2337 4577 in
2366 4523 2823 4577 sa'culuinstrculi.
2850 4524 3006 4577 Illum
3025 4527 3257 4579 timorem
3277 4530 3401 4596 perfr
3419 4523 3499 4580 cia
3524 4529 3650 4582 chu-

2062 4597 2187 4650 rilas
2211 4599 2352 4664 foras
2378 4596 2550 4651 mittit.
2583 4596 2704 4663 quia
2726 4596 2816 4646 ille
2838 4596 2988 4647 timor
3012 4608 3317 4648 tormentum
3342 4600 3508 4664 habet,
3543 4610 3649 4652 tor-

381 4665 574 4748 [egitnr
605 4674 772 4748 ἁγνὸς,
806 4673 856 4726 id
881 4683 988 4748 est,
1023 4665 1400 4748 mandit-ﬁant
1425 4678 1624 4734 cadus,
1647 4685 1767 4748 _nou
1797 4672 1955 4743 ἅγιος.

2063 4675 2245 4748 tutetur
2265 4667 2570 4748 conscientia
2586 4677 2950 4748 peccatorum,-
2977 4667 3202 4748 nondum
3231 4666 3370 4748 facta
3402 4680 3474 4720 ist
3489 4669 3640 4738 justi

381 4741 539 4804 Unde
587 4741 790 4800 castum
856 4743 1105 4796 timorem
1161 4745 1358 4805 passim
1425 4751 1581 4794 vocat
1629 4741 1962 4810 Augustinus

382 4818 586 4886 (Tract.
613 4821 644 4869 Β
667 4817 720 4868 in
753 4814 916 4885 Epist.
950 4811 1134 4886 Joan.)
1163 4827 1394 4886 eumque
1435 4811 1682 4886 familiari
1713 4813 1963 4886 eseinido

381 4883 437 4942 et
465 4886 592 4941 huic
634 4885 753 4940 loco
785 4883 1150 4951 respondente
1178 4885 1404 4938 tlnarum
1440 4884 1727 4938 mulierum
1759 4883 1828 4937 ita
1855 4884 1966 4937 dis-

382 4959 579 5027 tinguit
622 4971 650 5008 τι
691 4955 872 5025 servili
919 4973 941 5027 ι
971 4953 1088 5006 Non
1133 4961 1294 5027 poles,
1325 4954 1530 5019 inquit,
1559 4955 1742 5006 melius
1768 4957 1965 5027 expla—

381 5025 507 5083 nare
535 5027 660 5088 quid
701 5027 897 5080 intersit
927 5025 1060 5078 inter
1101 5027 1234 5077 duos
1260 5026 1498 5086 timores,
1538 5038 1706 5093 quaint
1732 5025 1777 5077 si
1804 5041 1966 5095 ponas

380 5100 516 5153 duas
541 5099 778 5151 mulieres
809 5112 922 5150 mar
945 5104 1110 5156 latas;
1137 5112 1352 5160 quarunt
1379 5111 1533 5148 uuam
1559 5095 1844 5148 constituas
1879 5111 1964 5148 vo-

379 5175 572 5225 lentem
612 5171 784 5236 facere
819 5165 1148 5229 adulterium,
1193 5173 1278 5236 sed
1327 5167 1468 5218 timet
1514 5181 1578 5218 ne
1618 5165 1888 5218 damnetur
1929 5183 1961 5219 a

379 5243 592 5294 marito.
614 5235 787 5292 Timet
809 5241 1043 5290 maritum
1065 5252 1082 5300 ;
1111 5235 1201 5289 sed
1222 5238 1342 5301 quia
1363 5245 1499 5288 tttnat
1521 5237 1819 5304 nequitiam,
1845 5236 1960 5289 ideo

379 5313 529 5365 timet
559 5311 835 5372 maritum;
865 5306 982 5359 huic
1015 5323 1112 5359 non
1135 5315 1282 5374 grata
1311 5313 1406 5368 est,
1431 5309 1520 5358 sed
1551 5321 1705 5359 onero
1733 5322 1764 5358 a
1788 5307 1961 5359 mariti

377 5380 701 5454 pauentia;
735 5397 781 5432 et
809 5379 853 5431 si
882 5378 1014 5454 forte
1043 5377 1154 5454 riui:
1185 5379 1434 5454 nequiter.
1463 5379 1602 5454 timet
1623 5384 1872 5454 'maritutn
1901 5393 1963 5430 ne

375 5442 572 5506 'veniat.
608 5449 754 5504 Tales
783 5442 900 5503 sunt
923 5449 1008 5514 qui
1029 5448 1204 5500 timo-nt
1226 5442 1359 5500 diem
1371 5446 1583 5515 judicii.
1613 5442 1725 5498 Fac
1744 5447 1962 5499 alterum

374 5539 563 5578 antae
588 5523 772 5579 virum,
800 5532 845 5572 et
877 5519 1052 5572 debere
1093 5519 1170 5570 illi
1201 5529 1364 5570 castos
1397 5516 1695 5579 amplexus.
1729 5517 1876 5569 nulla
1911 5534 1966 5570 se

374 5592 684 5647 adulterina
713 5591 1039 5643 imtnumlitia
1061 5590 1320 5640 maculare
1348 5587 1493 5640 velle.
1528 5586 1637 5639 Ista
1662 5597 1805 5652 optat
1834 5603 1966 5654 pra:-

376 5679 607 5722 seuttant
638 5663 752 5717 viri.
787 5657 854 5713 Et
893 5660 1147 5729 quomodo
1177 5658 1538 5712 discernuntur
1573 5659 1674 5710 duo
1704 5658 1789 5710 isti
1814 5659 1968 5711 timo-

377 5736 504 5790 res?
533 5733 562 5789 Ι
571 5736 642 5787 lla
680 5734 852 5791 timet;
879 5743 925 5801 et
973 5732 1068 5783 ista
1093 5729 1399 5801 timctglatn
1440 5744 1560 5801 ergo
1587 5729 1965 5801 interrogentur

377 5823 545 5869 quare
589 5803 842 5857 titneant.’
872 5800 978 5854 Illa
1007 5801 1180 5856 dicet:
1226 5797 1403 5856 Timeo
1433 5797 1616 5867 virum,
1668 5815 1729 5854 ne
1766 5797 1963 5864 veniat;

1001 5937 1122 5953 ..ασθαι
1149 5933 1214 5948 ν-..ι
1251 5932 1271 5947 ο
1312 5935 1335 5944 ~-

2065 4735 2258 4807 ﬁcutio.
2293 4736 2543 4791 somniat
2579 4736 2668 4789 ille
2704 4737 2876 4795 timor,
2923 4737 3012 4788 sed
3056 4739 3212 4786 intrat
3258 4735 3504 4805 Charitas;
3537 4756 3651 4805 ιιιιω

2064 4817 2213 4863 sanat
2245 4807 2382 4874 quod
2417 4809 2649 4880 uulnerat
2689 4818 2876 4880 timor;
2922 4809 3071 4858 timor
3116 4817 3285 4858 autem
3325 4818 3495 4880 castus
3523 4814 3649 4880 facit

2065 4881 2386 4932 securitatem
2431 4878 2482 4929 in
2532 4882 2724 4931 animo.
2778 4877 2902 4931 H:ec
2954 4880 3302 4945 Augustinus.
3361 4875 3647 4934 Vule'unu

2065 4955 2312 5013 exerupla
2335 4948 2472 5016 apud
2503 4950 2752 5001 eumdem
2785 4964 2950 5002 serui.
2988 4951 3050 5001 18
3074 4948 3140 5002 de
3164 4947 3252 5001 Ve.
3273 4948 3352 4999 bis
3380 4951 3648 5012 Apostuli,

2137 5017 2163 5058 δ
2197 5019 2401 5073 Divitnn
2432 5019 2623 5072 salutis
2670 5034 2820 5072 more
2865 5019 3167 5082 l'lobraico,
3203 5019 3252 5068 id
3297 5031 3399 5081 est,
3449 5020 3652 5074 diitun

2073 5090 2334 5145 salut-res
2382 5098 2434 5143 et
2463 5105 2626 5150 Vorte.
2678 5091 2938 5152 sapientia
2969 5102 3019 5141 ot
3063 5087 3313 5152 scncmii;
3349 5093 3510 5144 timor
3553 5108 3648 5145 uu-

2078 5171 2182 5216 lem
2216 5163 2422 5214 Domini
2453 5173 2634 5214 castus
2655 5170 2709 5213 et
2733 5161 2910 5214 lilialis
2942 5174 3162 5229 magnus
3195 5159 3502 5220 thesaurus,
3527 5163 3648 5230 quia

2076 5234 2128 5284 in
2161 5247 2226 5286 eo
2259 5243 2526 5300 tamquam
2559 5234 2608 5284 in
2640 5232 2818 5284 arenl-i
2841 5231 3041 5286 divitia:
3066 5231 3321 5284 virtutum
3357 5239 3649 5286 recondun-

2073 5311 2160 5356 tur
2193 5317 2256 5356 ac
2283 5315 2590 5357 servantur.

2144 5385 2165 5412 θ
2204 5373 2406 5427 [’rzt-Ier
2447 5375 2849 5428 annotationem
2891 5373 3130 5426 Ciaconii
3177 5372 3306 5425 satis
3346 5383 3650 5429 accuratam

2070 5442 2137 5497 de
2167 5445 2381 5498 homine
2409 5446 2705 5501 ltummico,
2739 5459 2893 5508 quam
2921 5443 3090 5496 lector
3114 5445 3350 5512 requiret
3381 5461 3479 5498 suo
3508 5445 3651 5505 loco,

2069 5516 2347 5580 subjiciam
2415 5520 2632 5580 paucu’n
2701 5529 2819 5582 qua:
2866 5514 2932 5564 tle
2986 5514 3172 5567 eadem
3244 5515 3652 5571 nutnenclatura

2069 5587 2289 5639 aliunde
2317 5586 2527 5654 collegi.
2565 5585 2831 5637 l’riniutn:
2867 5587 3090 5638 Veteres
3118 5585 3347 5637 subinde
3371 5587 3650 5641 Christum

2071 5654 2341 5728 hominem
2375 5655 3059 5728 υυηιῦιιὶωιιιι’ἔφριξυᾶιὲὶλ
3103 5655 3351 5724 leguntur
3390 5659 3406 5718 (
3439 5656 3651 5728 Magisl.

2073 5725 2220 5782 Sent.
2247 5727 2335 5798 lib_.
2367 5742 2445 5790 tu,
2479 5727 2597 5798 dist.
2632 5725 2680 5777 8.
2715 5723 2742 5792 ᾗ
2780 5723 2880 5798 ⁴ι1.;
3000 5723 3180 5798 fliam;
3210 5741 3267 5786 ιιι
3294 5738 3457 5798 prrt.,
3483 5723 3650 5794 (1:46.

2070 5808 2169 5850 art.
2197 5800 2260 5865 7;
2284 5796 2496 5868 (ἔπεσον.
2541 5794 2674 5849 .‘Vuz.
2701 5805 2832 5849 ornt.
2867 5796 2976 5865 51).
3005 5796 3045 5852 ιι
3065 5814 3111 5852 '(Z
3141 5794 3441 5854 t'ttttu'wcc
3465 5801 3653 5856 crcbt‘o
3693 5812 3696 5814 '
