4078 6332
424 295 539 366 eo?

431 525 538 568 non
579 510 803 567 dubium
853 520 959 577 est,
1001 510 1369 579 dixissetque:
1424 506 1492 562 Et
1541 509 1817 580 requiescet
1859 524 2010 579 super

428 623 546 663 eum
581 606 794 678 spiritus
825 605 1054 669 Domini,
1093 605 1308 668 spiritus
1335 604 1600 676 sapientia:
1632 612 1677 658 et
1701 602 2007 670 intellectus,

426 697 645 767 spiritus
673 695 875 751 consilii
896 705 944 749 et
971 694 1315 764 fortitudinis,
1340 695 1553 765 spiritus
1576 695 1802 750 scientiae
1830 701 1878 748 et
1904 697 2012 764 pie-

428 790 585 857 tatis;
613 789 904 844 novissime
929 788 1073 844 velut
1094 787 1346 858 quiddam
1376 788 1706 858 praecipuum
1730 787 1906 841 intulit
1929 785 2011 842 di-

428 898 594 942 cens:
621 881 684 936 Et
704 881 915 952 replebit
935 897 1048 936 eum
1070 882 1282 953 spiritus
1300 881 1498 934 timoris
1519 878 1728 934 Domini
1747 877 1880 951 (Isa.
1909 877 2008 950 xi).

426 975 485 1032 In
533 990 641 1046 quo
689 972 940 1044 primitus
987 973 1116 1029 illud
1165 973 1480 1042 diligentius
1521 979 1606 1027 est
1651 969 2006 1038 intuendum,

430 1069 616 1140 'qttod
649 1084 754 1123 non
783 1069 1014 1125 dixerit:
1043 1069 1108 1123 Et
1130 1067 1429 1136 requiescet
1450 1079 1614 1136 super
1635 1081 1757 1121 eum
1788 1066 2011 1136 spiritus

429 1162 640 1217 timoris
672 1161 902 1228 Domini,
935 1161 1072 1217 sicut
1101 1160 1171 1216 de
1199 1160 1310 1214 illis
1343 1159 1615 1229 prioribus
1636 1159 1882 1225 dixerat;
1916 1158 2010 1215 sed

428 1255 688 1322 Repleliit,
722 1256 927 1327 inquit,
963 1271 1079 1310 eum
1109 1253 1318 1326 spiritus
1344 1252 1540 1308 timoris
1570 1251 1800 1307 Domini.
1839 1251 2011 1307 Tanta

429 1351 574 1406 enim
603 1349 866 1405 ubertatis
899 1349 1018 1415 ejus
1057 1357 1142 1403 est
1172 1345 1512 1416 magnitudo,
1555 1353 1615 1400 ut
1637 1361 1798 1416 quem
1839 1345 2010 1401 semel

428 1459 524 1499 sua
557 1443 756 1498 virtute
787 1441 1114 1513 possederit,
1155 1455 1260 1496 non
1290 1449 1528 1510 partem,
1570 1437 1666 1494 sed
1697 1447 1862 1493 totam
1893 1437 2010 1508 ejus

427 1546 657 1606 occupet
703 1547 964 1593 mentem.
1011 1535 1122 1591 Nec
1175 1534 1470 1590 immerito.
1520 1533 1601 1588 Illi
1648 1533 1847 1588 etenim
1893 1546 2011 1602 qua:

428 1647 720 1703 numquam
742 1631 953 1688 excidet
979 1631 1266 1686 cohaerens
1286 1629 1563 1696 charitati,
1593 1642 1700 1683 non
1728 1626 1904 1682 solum
1928 1641 2013 1683 re-

430 1724 560 1795 plet,
593 1725 688 1781 sed
728 1726 893 1781 etiam
926 1733 1186 1795 perpetua
1229 1732 1283 1778 et
1313 1721 1662 1792 inseparabili
1699 1735 1822 1776 eum
1852 1735 2009 1790 quem

428 1823 636 1888 ceperit
667 1819 905 1889 possidet
928 1817 1177 1889 jngitate,
1209 1816 1375 1872 nullis
1428 1816 1633 1872 lzetitia:
1665 1818 2007 1888 temporalis,
2042 1819 2088 1884 Β

430 1913 521 1967 vel
573 1911 905 1982 voluptatum
961 1909 1414 1966 obiectationibus
1463 1911 1797 1966 imminutus.
1855 1909 2012 1979 Quod

431 2019 834 2075 nonnumquam
866 2003 966 2069 illi,
999 2004 1088 2074 qui
1126 2003 1272 2058 foras
1297 2003 1550 2069 mittitur,
1582 2004 1762 2060 timori
1792 2003 2013 2060 evenire

429 2104 732 2156 consuevit.
762 2098 861 2153 liic
889 2109 972 2154 est
1003 2098 1162 2168 igitur
1190 2096 1542 2168 perfectionis
1573 2101 1752 2167 timor,
1785 2113 1893 2169 quo
1915 2096 2013 2152 ho-

429 2206 520 2246 mo
560 2190 652 2246 ille
694 2187 1027 2257 Dominicus,
1053 2191 1141 2260 qui
1170 2204 1277 2246 non
1320 2190 1495 2246 solum
1527 2191 1795 2248 redimere
1825 2191 2014 2247 buma-

429 2297 556 2339 num
583 2297 783 2353 genus,
810 2282 904 2338 sed
935 2283 1099 2338 etiam
1132 2283 1373 2353 praebere
1401 2294 1630 2340 venerat
1661 2284 2013 2356 perfectionis

429 2373 657 2430 formam
700 2383 866 2445 atque
915 2374 1168 2444 exempla
1216 2377 1504 2444 virtutum,
1553 2378 1794 2449 repletus
1847 2378 2012 2436 fuisse

429 2479 703 2523 narratur.
745 2466 899 2523 Ilium
925 2467 1072 2523 enim
1114 2469 1364 2524 servilem
1411 2470 1802 2540 suppliciorum
1848 2473 2008 2528 timo-

430 2574 560 2624 rem,
589 2577 747 2618 verus
779 2561 875 2618 Dei
919 2562 1110 2628 Filius,
1155 2561 1258 2628 Qui
1309 2573 1576 2634 peccatum
1616 2582 1722 2620 non
1753 2568 1889 2639 fecit,
1924 2582 2016 2624 nec

431 2654 582 2710 dolus
610 2657 844 2712 inuentus
873 2664 944 2712 est
970 2655 1025 2710 in
1052 2669 1141 2711 ore
1170 2656 1282 2726 ejus
1311 2653 1366 2728 (Ι
1389 2654 1535 2714 Petr.
1564 2657 1646 2730 tt),
1679 2658 1878 2718 habere
1906 2677 2013 2720 non

431 2750 624 2822 potuit.

1479 293 1765 358 JOANNIS
1799 295 2116 356 CASSIANI
2153 291 2648 357 COLLATIONES.

430 415 734 477 secundum
760 415 1152 474 Incarnationis
1179 415 1641 486 dispensationem
1670 415 2016 473 descendisse
2040 419 2096 481 Α

3591 284 3724 382 ειμι⁸

2703 405 2931 466 CAPUT
2966 399 3126 465 XIV.-
3712 420 3726 458 ’ξ

2307 502 2653 577 Interrogatio
2683 504 2748 558 de
2773 505 3213 559 consummatione
3240 503 3513 560 castitatis.

2185 620 2486 677 Germanus
2523 637 2536 674 :
2571 617 2707 689 Quia
2733 616 2802 673 de
2833 617 3163 686 perfectione
3200 617 3483 673 cliaritatis
3523 631 3706 675 sermo

2113 711 2354 785 digestus
2383 723 2486 780 est,
2517 713 2768 766 volumus
2797 711 2956 767 etiam
2988 712 3055 767 de
3085 711 3349 767 castitatis
3381 713 3488 767 line
3519 711 3703 782 aliqua

2113 806 2338 862 liberius
2365 806 2650 861 sciscitari.
2686 804 2801 860 Non
2850 806 2994 860 enim
3037 805 3357 876 ambigimus
3400 805 3528 860 illud
3563 820 3703 875 prte-

2112 900 2315 956 celsum
2347 897 2617 970 fastigium
2649 899 2946 966 cliaritatis,
2984 915 3080 969 per
3107 917 3267 970 quam
3294 901 3433 956 sicut
3463 903 3566 956 huc
3605 915 3700 955 us-

2113 1007 2218 1063 que
2243 992 2531 1047 dissertum
2563 999 2668 1058 est,
2701 991 2768 1047 ad
2795 991 3080 1062 imaginem
3114 993 3209 1048 Dei
3254 992 3698 1048 similitudinem-

2113 1099 2219 1154 que
2259 1082 2665 1150 conscenditur,
2701 1083 2818 1139 sine
2862 1085 3122 1141 castitatis
3155 1084 3484 1154 perfectione
3518 1085 3697 1141 subsi-

2112 1186 2260 1234 stere
2297 1174 2519 1232 omnino
2564 1193 2671 1232 non
2701 1192 2879 1248 posse,
2925 1178 3020 1234 sed
3051 1186 3229 1234 utrum
3261 1179 3332 1233 ita
3375 1178 3496 1247 ejus
3528 1177 3700 1246 possit

2120 1270 2453 1342 perpetuitas
2483 1269 2735 1339 obtineri,
2767 1277 2826 1326 ut
2869 1286 3155 1343 numquam
3197 1270 3432 1326 libidinis
3462 1269 3696 1325 titillatio

2112 1361 2484 1434 integritatem
2521 1363 2688 1418 nostri
2729 1364 2906 1419 cordis
2944 1364 3182 1430 infestet,
3216 1371 3272 1418 et
3314 1362 3386 1418 ita
3420 1361 3695 1418 valeamus

2111 1455 2180 1511 ab
2213 1455 2311 1512 hac
2341 1457 2593 1523 passione
2637 1457 2839 1512 carnali
2867 1455 3125 1527 degentes
3172 1457 3224 1510 in
3268 1469 3500 1524 corpore
3541 1468 3697 1524 pere-

2111 1547 2336 1620 grinari,
2382 1558 2439 1604 ut
2487 1565 2778 1619 numquam
2809 1549 3204 1606 incentivorum
3243 1549 3468 1606 85lle
3508 1546 3701 1603 adura-

2113 1657 2257 1712 mur,
2288 1643 2538 1699 volumus
2567 1643 2808 1700 edoceri.

2707 1734 2937 1792 CAPUT
2974 1733 3094 1790 XV.

2467 1826 2664 1883 Dilatio
2694 1829 3028 1900 expositionis
3057 1824 3332 1899 postulata:

2189 1919 2514 1978 Chaeremon
2542 1940 2556 1979 :
2588 1923 2824 1978 Summa:
2855 1922 3074 1992 quidem
3100 1918 3458 1976 beatitudinis
3502 1931 3567 1974 ac
3596 1919 3704 1972 sin-

2118 2017 2322 2089 gularis
2350 2024 2436 2072 est
2475 2016 2677 2085 meriti,
2724 2015 2798 2071 ita
2830 2017 2990 2071 istum
3022 2031 3116 2087 per
3147 2031 3306 2083 quem
3351 2014 3585 2069 Domino
3614 2027 3704 2068 co—

2119 2109 2392 2164 haeremus
2413 2107 2686 2175 allectum,
2713 2108 2799 2163 vel
2822 2108 3034 2164 discere
3061 2107 3262 2178 iugiter
3283 2110 3367 2162 vel
3393 2105 3616 2168 docere,
3649 2112 3706 2158 ut

2121 2202 2404 2258 meditatio
2431 2205 2549 2271 eius
2579 2203 2872 2258 secundum
2904 2201 3318 2272 Psalmographi
3350 2199 3702 2266 sententiam,

2121 2312 2313 2354 omnes
2335 2298 2459 2352 vitae
2480 2306 2684 2353 nostra:
2707 2297 2824 2353 dies
2845 2306 3147 2366 noctesque
3169 2302 3456 2350 consumat
3480 2290 3706 2362 (Psolm.

2113 2389 2182 2462 ι),
2214 2399 2268 2445 et
2307 2398 2544 2446 mentem
2579 2398 2826 2445 nostram
2860 2387 3251 2444 insatiabiliter
3275 2383 3606 2442 esurientem
3637 2381 3710 2438 si-

2116 2485 2451 2556 tientemque
2488 2484 2756 2556 justitiam
2800 2483 3048 2540 cmlestis
3093 2481 3254 2552 hujus
3294 2479 3402 2536 cibi
3445 2485 3711 2550 perpetua

2117 2581 2493 2636 ruminatione
2514 2587 2804 2636 sustentet.
2836 2578 2945 2635 Sed
2967 2576 2997 2618 ι)
3021 2575 3416 2634 consulendum
3442 2583 3527 2631 est
3547 2573 3711 2629 etiam

2116 2673 2371 2746 jumento
2409 2674 2659 2746 corporis
2690 2673 2869 2732 nosui
2912 2671 3214 2730 secundum
3258 2665 3710 2740 benignissimam

2119 2765 2421 2825 Salvatoris
2468 2767 2644 2825 nostri
2685 2765 3104 2839 providentiam,
3147 2777 3218 2820 ne
3258 2760 3477 2818 deficiat
3505 2758 3562 2815 in
3595 2757 3708 2815 via.

1505 2976 1763 3034 ALARDI
1802 2979 2033 3038 GAZIEI
2073 2982 2642 3043 COMMENTARIUS.

436 3143 602 3201 utitur
633 3141 968 3214 Epiphanius
1005 3140 1068 3214 in
1089 3136 1400 3214 Anchorato
1420 3179 1436 3206 ,
1467 3146 1524 3194 et
1555 3139 1886 3212 Augustinus
1918 3143 2012 3199 lib.

438 3211 871 3284 LxxxtuQuatst.
891 3227 1010 3282 cap.
1041 3211 1238 3275 36.ubi
1265 3211 1453 3284 iisdem
1467 3213 1648 3267 verbis
1680 3214 1866 3284 utitur,
1898 3216 2018 3284 qui-

434 3289 534 3344 bus
549 3288 637 3343 hic
650 3283 818 3342 abbas
838 3304 850 3339 :
869 3285 1204 3349 Manendum,
1223 3283 1491 3352 inquiens,
1507 3293 1559 3335 ut
1577 3285 1669 3338 illa
1687 3283 1814 3336 bona
1833 3283 2015 3354 exspe-

436 3369 655 3418 ctentur.
684 3375 797 3424 qua:
823 3359 1026 3429 fuerunt
1049 3357 1107 3429 in
1133 3355 1223 3409 illo
1253 3355 1454 3429 homine
1485 3354 1775 3429 Dominico.
1805 3359 1866 3410 Et
1901 3373 2019 3412 rur-

436 3446 527 3500 sus
557 3450 570 3485 :
605 3429 708 3485 Hic
742 3427 1198 3495 prestantissimum
1236 3427 1366 3500 illud
1395 3437 1441 3480 et
1483 3427 1691 3480 unicum
1731 3429 2018 3500 exemplum

433 3499 695 3557 Dominici
718 3501 941 3556 hominis
963 3499 1350 3570 praponendum
1375 3511 1472 3561 est,
1501 3500 1588 3565 qui
1615 3515 1728 3550 cum
1754 3517 1805 3552 se
1827 3510 1897 3552 tot
1926 3501 2014 3553 titi-

434 3575 624 3628 raculis
654 3584 846 3628 tantam
870 3569 1040 3625 rerum
1069 3569 1257 3623 habere
1284 3579 1580 3640 potestatem
1609 3580 1936 3635 monstraret,
1967 3579 2016 3624 et

435 3661 494 3699 ea
531 3645 716 3716 sprevit
745 3660 858 3716 qua:
888 3641 1250 3716 magna_bona,
1271 3649 1319 3693 et
1350 3641 1669 3716 eausustinuit
1690 3659 1805 3711 qua:
1830 3658 2016 3714 magna

434 3712 572 3769 mala
602 3712 825 3784 imperiti
849 3712 1314 3784 putant.rltemque
1349 3712 1556 3784 aliisin
1595 3713 1746 3776 locis,
1783 3712 2014 3784 pra-sier-

433 3787 530 3857 tim
578 3787 632 3841 in
671 3781 1002 3857 expositione
1051 3783 1387 3857 i'salnioium
1435 3782 1616 3857 (Ρεαί.
1652 3798 1688 3846 ι,
1718 3781 1790 3857 ρν⁷
1819 3796 1864 3837 et
1896 3781 2012 3857 vn).

435 3855 506 3912 Et
535 3859 674 3912 Beda
713 3853 764 3910 in
805 3856 827 3910 l
863 3857 992 3922 Reg.
1035 3870 1072 3908 ι.
1104 3853 1305 3908 Verum
1349 3855 1462 3908 hanc
1504 3853 1751 3922 loquendi
1791 3855 2012 3908 formula

433 3927 534 3996 ipsi
567 3928 864 3997 Augustino
889 3937 1071 3994 postea
1099 3941 1204 3979 non
1234 3926 1503 3997 immerito
1531 3925 1799 3997 displicuit
1823 3943 1836 3988 ;
1863 3942 2016 3980 caui-

433 3995 538 4066 que
584 3995 896 4054 retractavit
943 4005 998 4050 et
1041 3997 1272 4050 correxit
1313 3995 1395 4049 his
1436 3996 1661 4049 verbis:
1721 3996 1843 4050 Non
1873 3998 2016 4051 video

435 4079 610 4123 utrum
639 4079 770 4122 recte
798 4069 999 4122 dicatur
1029 4067 1179 4120 homo
1216 4067 1532 4129 Dominicus,
1561 4067 1647 4135 qui
1668 4078 1736 4120 est
1768 4070 2018 4121 mediator

435 4138 535 4194 Dei
564 4150 610 4194 et
633 4139 899 4194 hominum
927 4139 1161 4192 Christus
1190 4135 1340 4190 Iesus
1371 4153 1386 4188 :
1412 4148 1456 4188 et
1487 4141 1580 4190 hoc
1615 4140 1817 4204 quidem
1855 4147 1906 4192 ut
1939 4141 2021 4192 di-

435 4227 619 4279 cerem,
663 4213 803 4280 apud
841 4210 1102 4281 quosdam,
1122 4209 1220 4281 legi
1259 4207 1536 4281 catholicos
1567 4219 1904 4275 trattatores;
1932 4211 2018 4265 sed

435 4283 740 4350 ubicumque
765 4280 860 4335 hoc
886 4281 1018 4342 dixi,
1051 4280 1242 4332 dixisse
1271 4295 1348 4331 me
1380 4280 1598 4346 nollem;
1633 4293 1806 4343 postea
1828 4283 2019 4350 quippe

435 4354 538 4434 vidi
571 4370 812 4434 non‘esse
841 4352 1138 4434 dicen-dum,
1165 4352 1394 4430 quamvis
1437 4352 1688 4434 nonnulla
1729 4361 1895 4434 posset
1929 4369 2018 4405 ra-

438 4425 575 4478 tione
606 4425 833 4493 defendi.
866 4425 939 4476 Ita
972 4425 1324 4489 Augusmius,
1354 4425 1614 4476 rationein
1654 4422 1814 4493 hujus
1846 4435 2017 4477 retra-

437 4497 687 4551 ctationis
723 4495 892 4550 tribus
925 4495 1102 4550 verbis
1125 4493 1402 4552 iudicans;
1447 4493 1571 4564 quia
1597 4493 1864 4560 Christus,
1894 4510 2014 4550 cum

437 4568 506 4622 sit
540 4583 670 4622 vere
718 4577 769 4619 et
799 4566 1016 4635 proprie
1051 4566 1328 4635 Dominus,
1376 4581 1481 4618 non
1515 4566 1673 4620 debet
1705 4568 2020 4620 denomina-

438 4639 542 4693 tive
573 4637 681 4694 dici
725 4633 1033 4691 DUillttiiCtIS
1062 4654 1072 4688 ε
1119 4653 1234 4688 nam
1270 4633 1571 4690 Dominicus
1602 4646 1646 4690 et
1692 4638 2019 4691 Dominicum

437 4711 628 4764 dicitur
657 4711 795 4777 quod
819 4717 890 4762 est
934 4707 1157 4771 Domini,
1187 4707 1259 4759 ait
1288 4708 1344 4762 S.
1379 4706 1641 4777 Thomas,
1675 4710 1804 4763 sicut
1839 4708 2015 4762 Domi-

437 4781 554 4850 nica
581 4776 839 4840 voluntas.
881 4777 1149 4850 Dominica
1174 4794 1376 4842 manus,
1422 4776 1795 4850 relDominica
1822 4781 2014 4850 passio.

438 4849 508 4904 Et
539 4854 650 4905 ideo
679 4854 784 4917 ipse
805 4853 954 4904 homo
983 4849 1238 4917 Christus,
1272 4851 1358 4915 qui
1393 4861 1462 4903 est
1493 4849 1760 4916 Dominus,
1795 4867 1897 4904 non
1929 4851 2019 4904 de-

438 4871 508 4904 m
539 4871 650 4905 iavo
679 4871 692 4903 i
734 4871 784 4906 se
805 4871 954 4904 nomo
983 4871 1238 4917 uri'rstus,
1272 4871 1356 4915 qui
1393 4871 1462 4903 ru
1493 4871 1760 4916 uommus,
1795 4871 1897 4904 non
1929 4871 2019 4904 ae-

438 4921 514 4974 bet
547 4923 648 4976 dici
680 4871 1015 4987 gominicus;
1039 4919 1127 4974 sed
1158 4930 1319 4990 potest
1343 4937 1460 4974 caro
1486 4925 1599 4992 ejus
1629 4921 1731 4976 dici
1760 4939 1879 4976 caro
1912 4921 2019 4975 Do-

437 4993 650 5064 minica,
689 4995 820 5064 sicut
859 5002 905 5046 et
945 5008 1114 5060 passio
1140 4991 1256 5064 ejus
1295 4993 1483 5064 dicitur
1508 4991 1683 5064 passio
1721 4992 2010 5047 Dominica.

441 5061 592 5118 Unde
620 5069 685 5117 ad
717 5063 1079 5118 Nestorianam
1129 5062 1358 5116 hmresim
1390 5061 1603 5134 pertinet
1636 5064 1892 5117 Christum
1929 5065 2014 5116 di-

436 5150 548 5206 cere
579 5137 832 5188 hominem
862 5134 1204 5206 Dominicum,
1243 5136 1286 5186 si
1319 5137 1525 5202 praprie
1554 5135 1895 5206 intelligatur,
1927 5151 2017 5206 per

437 5204 534 5258 hoc
564 5207 695 5258 enim
719 5217 932 5277 negatur
964 5204 1264 5258 naturaliter
1285 5221 1393 5258 esse
1430 5207 1696 5258 Dominus.
1724 5204 1903 5260 'Posse
1928 5204 2019 5259 ta-

439 5291 562 5331 men
595 5277 738 5332 hunc
766 5292 1071 5331 sermoiiem
1103 5277 1443 5345 aliquatenus
1467 5277 1702 5334 delendi,
1736 5286 1828 5330 aut
1854 5293 2019 5330 excu-

437 5350 568 5412 sari,
602 5350 796 5416 duplici
824 5351 1031 5402 ratione
1054 5347 1209 5401 docet
1238 5348 1300 5399 D.
1326 5348 1588 5411 Thomas,
1612 5363 1675 5400 ex
1700 5363 1804 5415 quo
1831 5349 2019 5400 iliaco-

437 5420 555 5473 niu-
586 5421 819 5488 priorem
845 5420 1027 5474 retulit
1054 5437 1065 5471 :
1093 5418 1259 5472 altera
1287 5433 1415 5472 vero
1437 5433 1537 5471 esu
1559 5419 1614 5470 Si
1644 5418 1883 5472 dicamus
1907 5418 2016 5471 Do-

436 5492 680 5544 minionm
711 5492 1046 5546 essentialitrr
1077 5490 1344 5557 praedicari
1373 5507 1466 5560 pro
1500 5489 1738 5555 Domino,
1772 5501 1825 5542 ut
1857 5490 2020 5542 solent

435 5561 694 5616 interdum
712 5564 1088 5615 denominatira
1111 5561 1518 5615 substantialiter
1540 5561 1723 5627 accipi,
1747 5560 1882 5614 velut
1903 5577 2019 5614 cum

439 5632 657 5686 dicimus
704 5636 975 5687 essentiam
1027 5633 1277 5704 diuinam,
1326 5650 1567 5704 personas
1623 5633 1855 5704 divinas,
1906 5648 2019 5700 qua:

437 5704 570 5758 nihil
593 5703 737 5758 aliud
762 5717 877 5776 sunt
901 5722 1054 5774 quant
1082 5705 1192 5776 ipse
1215 5701 1373 5758 Deus.
1400 5701 1485 5758 Ita
1512 5704 1663 5759 homo
1692 5703 2017 5772 Dominicus,

441 5776 480 5832 α
501 5785 600 5838 est,
625 5775 782 5834 homo
810 5775 967 5843 Deus,
991 5788 1040 5830 et
1066 5775 1338 5830 Dominus.

510 5846 772 5916 lltiliquid
794 5849 972 5910 simile
991 5847 1298 5909 observavit
1317 5849 1380 5908 ι).
1410 5848 1768 5922 Hieronymus
1790 5847 1842 5908 iu
1868 5864 2016 5908 eum-

2119 3145 2240 3201 dem
2266 3145 2444 3200 locum
2473 3153 2880 3208 commentans,
2915 3142 3343 3200 licetaliorsnm.
3372 3147 3426 3193 et
3459 3139 3512 3193 in
3543 3139 3712 3196 alium

2123 3219 2282 3270 linem
2308 3227 2505 3271 vertat.
2531 3216 2607 3270 ita
2634 3215 2774 3270 enim
2801 3213 2990 3268 scribit
3016 3231 3028 3266 :
3056 3212 3121 3267 Et
3148 3212 3244 3266 hoc
3268 3211 3555 3266 notandum
3575 3212 3715 3280 quod

2121 3288 2355 3358 Spiritus
2403 3287 2612 3341 Domini
2661 3287 2926 3356 sapientia:
2969 3293 3020 3358 et
3060 3282 3368 3358 intellectus,
3419 3283 3635 3358 cogsilii
3669 3290 3717 3358 et

2123 3351 2472 3430 fortitudinis,
2499 3370 2542 3410 et
2573 3351 2818 3424 scientiis,
2851 3367 2900 3412 et
2926 3357 3150 3430 pietatis,
3183 3364 3230 3408 et
3257 3351 3713 3430 timoris-Domini,

2119 3425 2174 3483 id
2209 3439 2308 3499 est,
2340 3431 2658 3496 septenarius
2689 3425 2963 3492 numerus,
3002 3429 3092 3499 qui
3117 3437 3311 3499 septem
3345 3426 3482 3478 oculi
3525 3425 3580 3499 in
3613 3441 3714 3479 uno

2121 3497 2302 3567 lapide
2341 3505 2586 3555 dicuntur
2618 3503 2671 3554 in
2712 3499 2967 3554 Zacliaria
2997 3497 3241 3569 (Zachar.
3277 3500 3356 3562 ut)
3378 3537 3394 3562 ,
3429 3497 3718 3564 requiescat

2120 3589 2274 3645 super
2302 3575 2584 3645 vii-gomet
2623 3571 2915 3645 ﬂoremqui
2944 3567 3172 3624 delesse
3193 3586 3274 3645 ac,
3305 3584 3392 3638 per
3408 3569 3717 3645 _hoc,_stine

2123 3637 2292 3698 David
2320 3637 2578 3708 surrexit;
2623 3637 2916 3714 specialiter
2950 3651 3118 3694 autem
3141 3637 3350 3714 spiritus
3381 3638 3578 3714 timoris
3605 3637 3716 3714 D_o-_

2123 3717 2249 3767 mini
2295 3715 2561 3784 repleverit
2591 3709 2725 3772 eum,
2779 3723 2988 3782 propter
3013 3729 3118 3778 eos,
3153 3709 3242 3781 qui
3272 3714 3457 3784 timore
3499 3709 3717 3784 Domini

2121 3780 2372 3858 indigent,
2398 3785 2754 3858 τιμία-μαριλιὶ
2781 3780 2924 3846 sunt,
2952 3801 3103 3858 quem
3131 3780 3270 3852 [aras
3298 3783 3457 3858 mittil
3487 3780 3718 3849 perfecta

2122 3852 2350 3927 dileotio.
2401 3852 2473 3909 ita
2514 3852 2579 3910 D.
2622 3852 2976 3927 Hieronymus
3023 3852 3552 3927 hancprophetiam
3594 3866 3717 3927 _non

2126 3937 2232 3981 tam
2265 3926 2330 3981 ad
2353 3927 2625 3980 Christum
2657 3920 2922 3991 referens,
2941 3940 3098 3990 quam
3126 3923 3191 3978 ad
3214 3920 3416 3979 Christi
3447 3920 3715 3987 membra,

2123 3999 2176 4052 id
2207 4009 2310 4059 est.
2340 3997 2656 4059 Ecclesiani,
2687 3999 2738 4051 io
2770 4011 2874 4066 qua
2905 3998 3075 4050 multo
3107 3998 3290 4062 plures
3322 4003 3446 4047 sunt
3475 3992 3710 4066 parvuli,

2123 4069 2174 4124 id
2213 4081 2320 4134 est,
2355 4069 2678 4137 imperfecti.
2711 4063 2802 4136 qui
2828 4073 3022 4122 timore
3051 4067 3234 4137 servili
3263 4073 3355 4119 aut
3393 4063 3582 4137 initiali
3613 4063 3715 4117 duo

2122 4154 2338 4206 cuntur,
2368 4134 2526 4210 quam
2571 4134 2819 4209 perfecti.
2872 4137 2951 4192 Ad
2981 4139 3120 4210 quod
3153 4134 3540 4210 designandum
3583 4148 3717 4189 usus

2122 4213 2194 4266 sit
2221 4207 2480 4279 praph'e:a
2511 4207 2676 4265 verbo
2705 4209 2938 4276 replebit,
2980 4210 3032 4262 in
3058 4209 3202 4261 dono
3229 4207 3458 4279 timoris,
3494 4221 3716 4279 proge-

2121 4275 2364 4352 quiescet,
2397 4297 2503 4351 quo
2529 4295 2654 4334 osus
2679 4275 2856 4335 fuerat
2886 4281 2938 4334 in
2969 4281 3094 4352 aliis
3117 4280 3298 4334 donis.
3329 4276 3463 4332 Vide
3493 4275 3556 4331 D.
3592 4275 3720 4332 Gre-

2121 4351 2335 4422 gorium
2361 4353 2584 4407 humilia
2617 4353 2683 4407 29
2711 4353 2761 4405 in
2797 4351 3158 4406 I'Lzechielem.

2193 4423 2220 4462 ι)
2247 4425 2358 4480 Vtri
2405 4425 2575 4479 sancti
2612 4424 2927 4493 plerumque
2955 4437 3155 4491 corpus
3202 4435 3356 4475 suum
3384 4420 3714 4490 iumentum,

2123 4496 2209 4552 vel
2255 4497 2504 4561 asellum,
2558 4495 2644 4549 vel
2699 4495 2825 4566 quid
2866 4495 3044 4549 simile
3094 4494 3385 4566 vocabant,
3427 4501 3717 4566 promeres

2122 4567 2265 4634 quod
2292 4582 2420 4622 caro
2440 4611 2454 4634 ,
2483 4582 2580 4636 per
2608 4582 2666 4620 se
2695 4562 2918 4620 rationis
2946 4579 3142 4633 expers
3177 4573 3228 4618 et
3257 4563 3466 4636 spiritui
3491 4562 3720 4636 recalci-

2123 4633 2291 4695 trans.
2344 4633 2501 4692 more
2535 4639 2796 4706 pecudum
2839 4637 3341 4706 autjumemorum,
3391 4633 3461 4689 de
3501 4634 3624 4706 cibo
3663 4641 3721 4688 et

2124 4720 2251 4779 potu
2293 4704 2664 4765 tantummodo
2701 4712 2900 4778 cogitet
2924 4704 2965 4774 ;'
2987 4721 3042 4762 et
3069 4706 3454 4779 praesentibus,
3478 4704 3720 4779 Asibique

2125 4773 2356 4850 propriis
2407 4773 2795 4846 voluptatibus
2820 4773 2992 4834 solum
3042 4773 3238 4850 inhiet,
3286 4777 3419 4831 nihil
3472 4773 3719 4850 futurum

2125 4845 2481 4919 prospiciens.
2526 4854 2614 4905 Sic
2645 4852 2704 4905 S.
2740 4852 3002 4914 Hilarion,
3032 4859 3170 4904 teste
3202 4849 3559 4919 Hieronymo,
3583 4845 3712 4919 Sibi

2047 4947 2096 5007 ι)
2124 4918 2312 5007 iratus,
2345 4932 2389 4975 et
2423 4931 2596 4989 pectus
2629 4924 2818 5007 pugnis
2855 4922 3149 5007 uerbera'its,
3184 4918 3720 5007 quasi‘cogitgtiones

2124 4999 2261 5046 caede
2288 4987 2470 5046 manus
2497 4987 2665 5060 posset
2697 4987 2966 5047 includere
2992 5009 3004 5044 :
3041 4987 3170 5060 Ego,
3197 4987 3390 5060 inquit,
3424 4987 3606 5060 aselle,
3635 4987 3721 5060 [a-

2125 5068 2258 5116 ciam
2290 5075 2346 5118 ut
2374 5080 2474 5116 non
2498 5059 2768 5130 calcitres;
2796 5073 2955 5118 necte
2985 5059 3174 5117 hordeo
3205 5059 3366 5125 alam,
3402 5060 3490 5114 sed
3519 5059 3723 5130 paleisf

2126 5135 2260 5205 fante
2303 5143 2351 5187 te
2400 5135 2669 5203 conﬁciam
2710 5129 2757 5189 et
2787 5135 2906 5201 siti;
2939 5143 2995 5188 ut
3039 5135 3205 5186 cibum
3248 5133 3417 5205 potius
3451 5145 3606 5205 quam
3635 5129 3683 5182 la
3717 5154 3731 5171 -π

2125 5202 2337 5260 scieiam
2361 5202 2570 5277 cogites.
2615 5208 2705 5260 Sic
2750 5207 2863 5260 ille.
2895 5207 3087 5269 Porro,
3112 5202 3407 5277 jumenturn
3431 5202 3625 5277 dictum
3647 5215 3688 5277 ᾳ
3731 5219 3735 5224 τ

2126 5293 2185 5330 eo
2209 5269 2528 5347 quodjnitet,
2555 5279 2629 5331 ait
2663 5279 2724 5332 D.
2754 5269 3286 5347 iiicrouymus'(Lib.
3318 5290 3356 5329 tt
3387 5275 3436 5326 in
3461 5269 3668 5347 Jovtn.)
3697 5312 3702 5318 .

2127 5343 2294 5417 quare
2327 5343 2431 5401 non
2458 5351 2638 5417 inepte
2662 5349 2891 5417 iumenti
2921 5343 3334 5410 nomenfetiam
3367 5343 3593 5417 corpori
3618 5357 3707 5394 no-

2128 5415 2262 5484 stro,
2295 5421 2442 5474 velut
2479 5415 2677 5474 animae
2703 5423 2950 5489 jumento
2989 5426 3045 5474 et
3081 5415 3716 5489 adiumento__tribu_itur,

2127 5492 2268 5561 quod
2313 5493 2508 5545 animze
2556 5486 2826 5551 rationali.
2867 5490 3170 5558 praesertim
3210 5489 3263 5542 in
3309 5486 3723 5561 actibus__vi_rtu-

2129 5555 2240 5616 tum
2273 5564 2633 5633 exsequendis
2665 5555 2952 5629 inservire,
2979 5571 3032 5616 et
3061 5563 3263 5628 alisque
3293 5555 3726 5633 contradictione

2128 5634 2350 5688 obedire
2371 5626 2550 5701 debet,
2583 5644 2638 5688 et
2666 5649 2803 5688 onus
2840 5626 3154 5703 impositum
3183 5626 3418 5703 portare,
3452 5643 3603 5682 more
3631 5626 3724 5696 ju-

2128 5707 2320 5759 menti.
2362 5705 2516 5762 Unde
2544 5720 2647 5760 nec
2674 5701 2948 5759 immerito
2991 5705 3041 5760 ei
3074 5701 3467 5759 consulendum
3496 5713 3560 5754 ac
3589 5713 3723 5770 pro-

2126 5776 2440 5849 videndum,
2476 5779 2620 5849 (ιμοςι
2647 5776 2912 5847 jumentis
2940 5776 3188 5849 praestari
3211 5775 3349 5849 solet
3374 5775 3504 5844 (non
3539 5781 3726 5829 tamen

2128 5847 2566 5936 indulgendum),
2593 5848 2680 5906 hic
2713 5855 2896 5908 monet
2924 5848 3178 5907 Collator.
