4078 6332
350 306 456 377 869

1408 317 1752 380 COLLATIO
1790 315 1910 374 XII.
1938 346 2008 361 —
2037 317 2126 375 DE
2163 315 2575 376 CASTITATE.

3521 311 3637 383 870

350 432 583 504 Spiritus
604 431 737 488 enim
755 439 1020 506 promptus
1037 439 1131 502 est,
1154 447 1276 489 caro
1297 442 1469 490 autem
1493 435 1700 506 infirma
1716 430 1930 505 (Matth.
1960 432 2014 494 Α
2038 448 2157 502 quae
2185 431 2536 498 desideratis,
2564 430 2878 505 diligentius
2908 429 3240 505 indaganda,
3271 429 3471 489 mentis
3491 444 3632 506 quod

349 527 497 596 xxvr)
537 543 550 580 :
582 543 702 596 qua:
733 528 896 583 etiam
942 532 1085 584 n'unc
1114 527 1200 583 vel
1231 527 1416 599 exigui
1451 527 1558 584 cibi
1589 529 1934 598 perceptione

349 618 588 673 curanda
619 630 726 687 est,
759 631 816 675 ut
841 629 962 690 post
996 620 1384 692 perfectionem
1415 622 1554 690 ejus,
1584 623 1744 676 etiam
1775 619 1842 674 ad
1871 634 1934 676 ea

2040 540 2145 598 que
2170 526 2399 583 addatur
2427 524 2682 583 intentio.

1060 859 1568 970 οοιιΑ
1586 861 1758 967 TI
1758 861 1856 964 Ο
1929 956 1930 962 ,

2035 858 2472 968 ’UODE
2490 858 2922 982 ΟΙΜΑ,

1293 1029 1450 1108 Quie
1479 1033 1574 1092 est
1617 1025 1895 1090 secunda
1925 1025 2175 1088 abbatis
2206 1023 2657 1089 Chteremonis.

1742 1149 1828 1200 DE
1863 1147 2228 1202 CASTITATE.

849 1386 1078 1443 CAPUT
1115 1385 1406 1444 PRIMUM.

420 1479 736 1536 Retectione
767 1489 1061 1546 transacta,
1105 1497 1224 1552 qutn
1254 1479 1519 1535 doctrina:
1565 1479 1750 1535 cibum
1785 1477 1931 1536 desi-

351 1573 662 1630 derantibus
704 1575 860 1630 nobis
909 1590 1137 1630 onerosa
1171 1575 1341 1645 magis
1371 1578 1485 1631 visa
1529 1582 1615 1629 est
1651 1589 1809 1644 quam
1837 1572 1930 1643 ju-

348 1667 540 1735 cunda,
585 1682 708 1722 cum
743 1667 889 1724 illico
939 1682 1036 1722 nos
1073 1668 1327 1738 promissi
1367 1667 1637 1722 sermonis
1685 1664 1930 1722 debitum

347 1775 506 1815 senes
539 1769 860 1830 exspectare
893 1762 1157 1816 sensisset
1193 1777 1208 1816 :
1242 1760 1404 1818 Grata
1431 1771 1538 1828 est,
1573 1761 1767 1832 inquit,
1800 1759 1931 1816 mihi

347 1868 452 1907 non
485 1853 661 1908 solum
691 1856 918 1908 attonita
951 1855 1016 1908 ad
1050 1853 1370 1910 discendum
1402 1863 1595 1910 vestra:
1624 1853 1822 1908 mentis
1846 1853 1930 1908 itt-

347 1943 542 2010 tcntio,
578 1945 679 1998 sed
718 1946 880 2000 etiam
930 1945 1213 2015 disciplina
1259 1946 1546 2016 proposita:
1591 1945 1925 2014 quiesnonis.

344 2037 699 2094 Rationabilis
750 2039 895 2094 enim
954 2055 1142 2094 revera
1196 2039 1638 2111 interrogationis
1694 2056 1723 2094 a
1775 2041 1930 2096 vobis

342 2129 475 2184 ordo
501 2140 748 2188 servatus
786 2140 890 2187 est.
924 2130 1158 2187 Necesse
1187 2141 1268 2188 081
1297 2135 1440 2188 enim
1471 2145 1525 2190 Ill
1555 2142 1664 2188 tam
1696 2133 1928 2189 excelsa:

342 2222 734 2292 plenitudinem
785 2224 1067 2280 charitatis
1109 2227 1376 2283 immensa
1421 2227 1514 2284 illa
1549 2227 1806 2298 perfecta:
1845 2238 1926 2284 at-

341 2333 443 2389 que
494 2329 765 2389 perpetuae
818 2321 1152 2377 castimonia:
1207 2323 1428 2392 przeuiia
1485 2334 1921 2396 consequantur,

340 2427 542 2483 parque
579 2414 656 2468 sit
698 2414 954 2488 gaudium
993 2414 1050 2472 in
1102 2423 1248 2474 tanta
1295 2417 1563 2487 parilitate
1602 2420 1923 2488 palmarum.

341 2505 508 2562 Tanta
541 2507 686 2564 enim
717 2509 817 2564 sibi
847 2511 1112 2567 societate
1141 2510 1480 2567 foederantur
1503 2554 1518 2578 ,
1573 2522 1632 2568 ut
1659 2528 1762 2568 una
1799 2514 1925 2569 abs-

340 2615 442 2670 que
479 2600 654 2658 altera
694 2611 929 2674 nequeat
969 2603 1258 2670 possideri.
1299 2604 1409 2660 Hoc
1439 2605 1602 2675 igitur
1627 2606 1924 2676 propositio

341 2697 516 2748 vcs’tra
548 2695 834 2765 complexa
867 2706 969 2765 est,
1005 2705 1063 2752 ut
1099 2705 1278 2754 utrum
1313 2706 1338 2735 α
1366 2697 1506 2770 ignis
1535 2699 1625 2754 ille
1663 2698 1926 2770 concupi-

340 2790 588 2856 scentitc,
614 2790 766 2862 cuius
808 2791 922 2849 haec
965 2807 1092 2852 caro
1122 2795 1270 2850 velut
1300 2794 1521 2850 insitum
1561 2795 1726 2850 sentit
1753 2794 1917 2850 ardo-

341 2897 474 2947 rem,
507 2884 574 2938 ad
604 2885 819 2955 plenum
845 2886 1020 2956 possit
1042 2887 1336 2958 exstingui,
1361 2887 1728 2959 disputatione
1751 2887 1920 2942 simili

342 2975 720 3044 panderemus.
753 2977 827 3035 De
853 2994 960 3050 quo
985 2979 1225 3052 primum
1247 2979 1375 3052 quid
1411 2981 1600 3036 beatus
1624 2979 1920 3051 Apostolus

342 3069 574 3127 senserit
593 3069 906 3144 diligentius
934 3073 1271 3151 inquiramus
1301 3090 1318 3133 :
1347 3072 1686 3145 Mortiﬁcate,
1719 3074 1916 3146 inquit,

2032 1383 2259 1440 membra
2297 1392 2466 1440 vestra
2501 1400 2622 1458 qua:
2663 1393 2785 1440 sunt
2822 1402 2977 1458 super
3024 1396 3216 1443 terram
3245 1385 3471 1461 (Coloss.
3515 1384 3624 1458 tu).

2032 1479 2190 1537 Prius
2224 1496 2354 1554 ergo
2383 1496 2544 1552 quam
2568 1491 2763 1538 caetera
2786 1493 3212 1553 perscrutemur,
3245 1500 3363 1555 quae
3389 1485 3489 1540 ista
3516 1487 3625 1540 sint

2034 1575 2276 1631 membra
2326 1591 2446 1646 qua:
2500 1577 2818 1633 mortiticari
2866 1579 3228 1648 praeceperit,
3283 1578 3623 1651 indagemus.

2034 1665 2064 1706 ι’
2083 1667 2268 1740 Neque
2288 1670 2431 1724 enim
2459 1670 2650 1725 beatus
2678 1672 2974 1740 Apostolus
2996 1671 3063 1728 ad
3085 1672 3478 1729 abseissionem
3508 1687 3626 1728 ma-

2038 1778 2203 1818 nuum
2233 1773 2326 1820 aut
2349 1767 2570 1834 pedum,
2603 1775 2696 1821 ant
2720 1767 3033 1837 genitalium
3059 1767 3257 1823 immiti
3295 1783 3393 1824 nos
3421 1783 3625 1839 praece-

2038 1857 2222 1928 ptione
2255 1859 2554 1928 compellit,
2598 1858 2694 1913 sed
2731 1870 2753 1898 ο
2777 1875 2972 1928 corpus
3003 1862 3237 1931 peccati,
3267 1862 3408 1933 quod
3444 1864 3627 1932 utique

2037 1961 2255 2009 constat
2281 1969 2348 2009 ex
2389 1954 2671 2019 membris,
2707 1955 3031 2024 quantocius
3061 1956 3266 2011 destrui
3298 1957 3416 2013 zelo
3451 1954 3626 2026 perfe-

2033 2055 2138 2102 ctae
2175 2045 2454 2102 desiderat
2501 2046 2828 2116 sanctitatis,
2874 2047 2944 2103 de
2971 2063 3079 2118 quo
3107 2063 3338 2117 corpore
3369 2048 3520 2116 alibi,
3567 2060 3626 2102 ut

2034 2137 2352 2204 destruatur,
2382 2138 2581 2209 inquit,
2610 2155 2796 2210 corpus
2837 2140 3033 2210 peccati
3071 2139 3247 2213 (Rom.
3277 2143 3374 2210 vt).
3410 2141 3472 2196 Et
3504 2154 3625 2212 quas

2032 2230 2104 2301 sit
2144 2232 2261 2302 ejus
2298 2232 2616 2298 destructio,
2662 2245 3061 2304 consequenter
3100 2236 3350 2303 exponit,
3401 2243 3456 2289 ut
3485 2235 3623 2304 jam,

2035 2323 2228 2395 inquit,
2281 2341 2384 2379 non
2435 2325 2718 2380 serviamus
2771 2334 2976 2397 peccato
3022 2325 3202 2398 (Rom.
3247 2327 3368 2396 vn).
3417 2327 3463 2380 Α
3515 2341 3626 2398 quo

2031 2418 2195 2472 etiam
2219 2433 2278 2474 se
2304 2418 2524 2474 liberari
2548 2433 2672 2473 cum
2700 2418 2906 2488 ejulatu
2931 2418 3198 2489 postulat,
3230 2419 3420 2475 dicens
3447 2417 3626 2488 :Infe-

2031 2507 2107 2564 lix
2150 2528 2242 2583 ego
2282 2510 2468 2582 homo,
2514 2513 2632 2584 quis
2681 2529 2760 2568 me
2809 2511 3043 2570 liberabit
3085 2512 3151 2572 de
3188 2529 3402 2585 corpore
3443 2511 3626 2572 mortis

2033 2604 2230 2676 hujus?

2663 2699 2893 2758 CAPUT
2930 2701 2998 2762 Il.

2306 2793 2385 2848 De
2414 2809 2627 2863 corpore
2649 2796 2846 2864 peccati
2867 2805 2914 2851 et
2940 2797 3180 2854 membris
3205 2798 3342 2865 eius.

2099 2889 2213 2946 Hoc
2239 2889 2422 2960 itaque
2460 2889 2672 2957 peccati
2709 2903 2911 2960 corpus
2938 2890 3124 2948 multis
3154 2891 3414 2948 vitiorum
3445 2905 3619 2951 mem-

2027 2981 2142 3038 bris
2163 2981 2422 3052 probatur
2447 2989 2784 3038 exstructum
2807 2997 2822 3049 ;
2849 2989 2904 3038 et
2931 2981 3000 3037 ad
3031 2981 3151 3052 ejus
3178 2983 3378 3041 attinet
3405 2985 3616 3056 portio.

2029 3088 2155 3131 nem
2183 3071 2210 3112 ιι
2240 3073 2502 3147 quidquid
2524 3075 2609 3132 vel
2635 3073 2804 3145 tacto,
2839 3075 2926 3132 vel
2965 3074 3138 3143 dicto,
3172 3076 3260 3136 vel
3290 3076 3621 3150 cogitatione

1403 3226 1657 3285 ALARDI
1696 3224 1928 3283 GAZAEI
1965 3225 2528 3285 COMMENTARIUS.

412 3369 641 3452 3idest,
682 3378 860 3452 motus
889 3368 1152 3452 libidinis_.
1193 3367 1696 3452 Conettpi'scentiam
1744 3366 1920 3451 ignem
1951 3378 1997 3443 ρ
2030 3374 2305 3452 mentatur
2350 3381 2418 3452 ex
2464 3366 2640 3452 variis.
2685 3375 3050 3452 peccatorum"
3082 3370 3404 3452 generibus,
3449 3375 3620 3452 veluti

381 3443 626 3498 uemdam
653 3456 775 3498 esse
800 3442 1072 3497 internum
1110 3441 1268 3498 docet
1297 3440 1387 3494 illa
1421 3440 1568 3494 Pauli
1599 3439 1868 3494 sententia
1903 3455 1919 3494 :

391 3532 544 3568 onum
586 3521 659 3586 est
690 3513 878 3570 nubere
910 3515 1072 3586 magis
1101 3530 1257 3584 quam
1283 3513 1362 3564 uri
1389 3509 1739 3586 (l‘Coravu).
1764 3508 1922 3564 Item-

343 3602 445 3656 que
469 3587 578 3640 alia
601 3584 844 3654 ejusdem
871 3602 884 3638 :
915 3583 1183 3640 Suinentes
1201 3594 1401 3639 scutum
1421 3583 1567 3653 ﬁdei,
1595 3583 1648 3636 in
1678 3599 1776 3656 quo
1804 3599 1924 3652 pos-

344 3653 451 3712 sitis
481 3653 654 3712 omnia
695 3658 796 3714 tela
833 3658 1134 3726 nequissimi
1170 3657 1321 3728 ignea
1357 3656 1676 3728 exstinguere
1704 3653 1921 3724 (Epltes.

344 3730 436 3800 Vi).
471 3729 604 3783 llinc
632 3729 816 3784 Patres
847 3732 1042 3798 passim
1073 3726 1272 3798 ignem,
1315 3729 1623 3800 ﬂammam,
1652 3726 1920 3793 tou‘ntem,

345 3798 696 3865 incentivum,
741 3801 1014 3867 ardorem,
1058 3801 1142 3855 vel
1190 3812 1380 3855 malum
1420 3798 1660 3853 libidinis
1705 3804 1920 3850 vocant.

344 3871 406 3926 Ι).
462 3873 780 3927 Ambrosius
826 3873 920 3926 lib.
954 3889 970 3927 ι
1018 3871 1085 3927 de
1118 3871 1436 3928 Posuiteutia
1475 3868 1705 3922 :Libido
1752 3869 1924 3941 gravis

346 3942 476 4011 ignis
504 3955 613 3998 est:
646 3951 691 3996 et
731 3944 848 3998 ideo
890 3960 989 3997 non
1037 3943 1272 3997 debemus
1304 3943 1383 3995 illi
1427 3941 1676 3995 alimenta
1701 3939 1928 4010 praebere

348 4013 588 4070 luxuries.
642 4014 886 4069 Pascitur
934 4014 1096 4069 libido
1138 4015 1400 4078 conviviis,
1443 4013 1665 4066 nutritur
1701 4011 1924 4077 delictis,

348 4087 462 4139 vino
497 4087 816 4151 accenditur,
850 4087 1086 4142 ebrietate
1115 4089 1433 4156 ﬂammatur.
1469 4086 1530 4139 Ι).
1567 4084 1926 4156 Hieronymus

348 4158 412 4211 ad
444 4156 658 4212 Furiam
686 4157 850 4222 epist.
888 4157 952 4212 10
996 4175 1009 4212 :
1044 4155 1294 4212 Ardentes
1322 4156 1513 4211 diaboli
1554 4155 1757 4225 sagitta
1783 4155 1923 4226 jeju-

349 4229 550 4282 niorum
572 4240 619 4282 et
649 4229 938 4294 vigiliarum
969 4230 1136 4298 rigore
1164 4228 1544 4298 restinguenda:
1573 4235 1707 4280 sunt.

419 4300 444 4337 δ
468 4300 652 4370 Neque
679 4300 923 4354 Cbrisms
959 4295 1235 4364 Dominus,
1277 4295 1398 4353 cum
1431 4299 1680 4354 similiter
1708 4296 1784 4350 ait
1818 4312 1831 4348 :
1861 4295 1926 4370 (Si

351 4370 530 4426 oculus
559 4369 674 4424 tuus
701 4374 876 4426 dexter
898 4370 1219 4437 scandalizat
1260 4383 1326 4435 te,
1357 4388 1475 4423 erue
1503 4386 1636 4433 eum,
1655 4378 1699 4421 et
1731 4369 1929 4439 projice

351 4444 438 4496 abs
472 4452 540 4497 te.
573 4443 695 4497 Ilmc
724 4445 866 4498 enim
910 4442 1278 4510 tuetaphorice
1311 4440 1681 4510 intelliguntur
1709 4449 1807 4510 aut
1830 4440 1924 4510 hy-

353 4514 644 4582 perbolice,
679 4524 737 4568 ut
780 4523 964 4566 notant
999 4507 1322 4582 interpretes
1349 4507 1512 4582 (Vide
1549 4508 1708 4564 Joan.
1751 4507 1924 4561 Mald.

353 4581 403 4639 in
452 4602 483 4638 v
533 4584 765 4655 Matth.).
819 4581 1177 4652 bletapliOt-ice
1210 4581 1426 4654 quidem
1472 4585 1517 4638 si
1569 4597 1666 4650 per
1709 4581 1926 4655 oculum

354 4655 596 4710 dextrum
628 4669 678 4711 et
725 4652 938 4710 manum
971 4652 1622 4725 dextramintelligamus
1653 4669 1740 4725 res
1771 4652 1928 4725 nobis

353 4728 694 4783 charismnas
733 4738 788 4783 et
836 4727 1252 4796 pretiosissimas
1295 4723 1499 4796 quase
1542 4723 1697 4780 nobis
1749 4723 1926 4790 potius

355 4779 884 4865 abii—ciet'ehdeheinurs
905 4779 1062 4870 quam
1429 4779 1715 4854 occasione
1742 4779 1930 4870 peccc-
1957 4779 2005 4840 D

357 4887 488 4927 mus.
551 4867 1094 4942 Ilyperbolice'vero,
1145 4874 1419 4938 supposita
1471 4870 1570 4924 hac
1615 4867 1928 4942 conditione

357 4946 436 4997 Vel
463 4939 804 5007 exceptione,
835 4946 878 4995 si
906 4942 1020 4997 ﬁeri
1053 4953 1234 5011 posset
1261 4944 1339 4996 wl
1369 4943 1576 5007 llCUl‘r‘l,
1600 4952 1654 4993 ut
1682 4939 1736 5011 in
1768 4953 1932 5006 exug-

358 5017 726 5084 gerationibns
784 5013 903 5068 lieti
949 5010 1103 5070 solet.
1154 5015 1433 5084 Sigoilit-at
1487 5015 1628 5066 enim
1681 5010 1932 5066 Christus

361 5087 584 5153 quodvis
631 5090 803 5155 potius
849 5088 1105 5139 damnum
1151 5086 1302 5139 nobis
1355 5084 1714 5147 subeundum,
1771 5096 1931 5149 quam

362 5159 566 5224 Culpam
601 5177 614 5211 :
649 5173 715 5212 eo
749 5158 965 5227 quidem
997 5174 1182 5223 usque,
1231 5171 1288 5212 ut
1326 5157 1406 5210 vel
1441 5155 1658 5211 oculum
1684 5159 1932 5227 dextrum

365 5233 438 5283 vel
477 5234 720 5284 dextram
770 5225 938 5282 nobis
978 5246 1192 5283 manum
1231 5229 1633 5293 ab~cindamus,
1687 5226 1730 5278 si
1777 5225 1936 5277 aliter

367 5313 636 5366 DCCt'ailllll
669 5300 909 5362 emittere
944 5315 1048 5353 non
1079 5303 1349 5368 possimus
1381 5318 1393 5354 :
1437 5301 1530 5354 sed
1571 5300 1693 5368 quia
1723 5309 1940 5363 Semper

368 5386 667 5439 possumus,
704 5374 850 5428 nefas
884 5382 970 5427 est
993 5372 1234 5442 aliquam
1271 5372 1426 5426 nobis
1454 5372 1700 5440 Corporis
1735 5379 1940 5436 partem

366 5444 701 5499 abscindere.

435 5525 455 5553 ε
479 5517 692 5582 Corpus
725 5519 947 5583 peccati,
981 5516 1176 5584 passim
1207 5523 1363 5570 vocat
1386 5514 1671 5583 Apostolus
1702 5519 1943 5565 veterem

369 5585 660 5664 hominem,
692 5588 758 5642 de
783 5606 892 5656 quo
932 5583 1046 5642 ait:
1084 5587 1440 5664 l‘fxspoliantes
1476 5603 1561 5640 vos
1607 5595 1826 5664 vetarent
1850 5583 1946 5664 lit)-

367 5659 550 5729 minem
589 5676 705 5712 cum
749 5651 942 5713 actibus
993 5662 1133 5723 suis;
1180 5651 1322 5729 quod
1362 5659 1500 5712 ttletn
1541 5668 1626 5711 est
1665 5671 1728 5710 ac
1770 5651 1941 5706 illud:

370 5725 678 5802 Qiortiﬁcate
729 5732 950 5802 membra
988 5745 1172 5799 vestra,
1199 5725 1330 5802 'qute
1367 5739 1484 5785 sunt
1532 5744 1685 5796 super
1731 5737 1942 5780 terram.

376 5797 693 5874 Sicut’enim
713 5800 909 5874 homo,
944 5804 1028 5860 vel
1053 5797 1249 5874 corpus
1282 5804 1516 5858 hominis
1541 5801 1705 5857 variis
1736 5802 1949 5874 constat

372 5873 674 5945 membris;
707 5873 784 5933 ita
805 5886 959 5936 vetus
987 5873 1306 5957 hoino’,,seu
1331 5890 1528 5948 corpus
1555 5873 1764 5946 peccati
1786 5881 1951 5938 coas-

2029 3437 2287 3493 menibris
2345 3447 2400 3510 et
2455 3438 2666 3510 actibus
2713 3439 2962 3496 diversis.
3010 3437 3323 3510 Cuiusmodi
3372 3437 3616 3504 membra

2027 3525 2150 3581 mox
2178 3510 2246 3564 ab
2267 3507 2456 3564 eodem
2482 3509 2742 3576 Apostolo
2768 3507 3185 3578 enumerantur;
3213 3530 3331 3581 qua:
3359 3519 3612 3581 sequenti

2026 3580 2204 3647 capite
2257 3582 2621 3649 particulatim
2656 3594 2708 3635 et
2761 3582 3025 3650 Spirituali
3063 3580 3295 3650 quadam
3342 3580 3617 3646 anatontia

2026 3601 2204 3647 caput:
2259 3601 2621 3649 particulatim
2656 3601 2708 3635 et
2761 3601 3025 3650 slitrttuall
3104 3601 3295 3638 uauam
3342 3601 3612 3646 anatontta

2025 3652 2386 3720 explicantur.
2413 3650 2580 3721 Super
2605 3662 2793 3707 terram
2814 3666 3009 3715 autem.
3042 3601 3095 3707 iii
3117 3665 3200 3710 est
3233 3666 3468 3724 terrena,
3494 3661 3612 3718 sive

2027 3725 2307 3778 terrestria
2347 3739 2466 3777 esse
2495 3724 2767 3792 dicuntur,
2797 3729 2940 3794 quod
2967 3723 3276 3793 hujusmodi
3305 3729 3433 3782 vitia
3457 3723 3612 3788 velut

2026 3794 2081 3850 in
2113 3805 2312 3849 terram
2341 3794 2648 3869 deprimant
2677 3795 2975 3860 hominem,
3015 3807 3068 3851 et
3096 3812 3125 3851 a
3160 3797 3272 3854 Deo
3300 3800 3616 3869 longissime

2025 3876 2318 3944 avertant:
2351 3865 2419 3921 de
2464 3881 2696 3938 quorum
2743 3869 3159 3924 mortiticatione
3208 3865 3620 3944 agitur'capite

2031 3948 2217 3993 tertio.
3565 3959 3571 3967 '

2100 4008 2400 4084 #Vulgaris
2434 4009 2656 4084 divisio
2709 4011 2915 4079 peccati
2967 4013 3019 4067 in
3069 4023 3354 4083 peccatum
3410 4015 3616 4084 cordis,

2029 4083 2140 4154 oris
2178 4083 2504 4154 etioperis.
2544 4098 2573 4136 a
2611 4082 2671 4138 D.
2713 4083 3047 4154 Hieronymo
3073 4082 3261 4141 ’relata
3314 4088 3367 4141 in
3398 4100 3448 4144 c.
3484 4082 3619 4144 xuii

2030 4153 2352 4217 Ezechielis,
2385 4154 2450 4207 ad
2485 4153 2600 4208 huic
2637 4156 2798 4227 verba
2835 4172 2848 4208 :
2879 4153 3083 4227 septem
3114 4158 3292 4211 diebus
3319 4157 3482 4226 facies
3511 4157 3623 4212 Itir-

2029 4241 2143 4278 cum
2172 4241 2266 4294 pro
2311 4232 2519 4295 peccato
2548 4226 2800 4295 quotidie,
2839 4236 2886 4280 et
2925 4226 3162 4292 vitulum,
3193 4240 3244 4282 et
3287 4229 3516 4283 arietem.
3553 4227 3623 4287 In

2032 4297 2196 4360 hirco,
2221 4297 2416 4364 inquit,
2448 4308 2492 4350 et
2520 4296 2698 4370 vitulo,
2734 4307 2781 4351 et
2814 4299 2973 4351 ariete
3010 4305 3108 4352 tria
3143 4300 3405 4370 generalia
3435 4299 3624 4356 delicta

2032 4379 2407 4441 monstrantur.
2448 4369 2633 4436 quibus
2673 4386 2820 4422 omne
2855 4369 3154 4423 mortalium
3182 4370 3409 4441 subjacet
3441 4388 3622 4440 genus.

2033 4439 2135 4491 Aut
2167 4441 2311 4514 enini
2342 4441 2758 4514 cogitationibus,
2799 4451 2889 4514 aut
2917 4457 3168 4510 sermone,
3199 4439 3285 4494 aut
3323 4439 3478 4511 opere
3507 4460 3625 4514 pec-

2031 4525 2224 4562 camus.
2272 4509 2521 4581 Cogitatio
2548 4515 2770 4578 refertur
2812 4511 2880 4563 ad
2923 4515 3155 4577 arietem,
3196 4529 3310 4576 qua:
3351 4509 3517 4582 prima
3546 4524 3621 4569 est

2032 4583 2261 4633 amnium
2293 4590 2641 4651 peccatorum,
2689 4591 2734 4636 et
2782 4597 2845 4634 ea:
2872 4599 2974 4650 qua
3015 4583 3120 4636 alia
3156 4585 3258 4638 duo
3300 4597 3508 4651 peccata
3540 4603 3628 4640 na-

2032 4661 2263 4704 scuntur.
2299 4650 2500 4705 Hirtius
2539 4652 2846 4723 autemsive
2873 4655 3066 4712 hircus.
3095 4656 3163 4707 ad
3205 4650 3484 4723 eloquium.
3524 4658 3628 4711 sive

2032 4739 2337 4783 sermonem,
2367 4724 2453 4795 qui
2478 4738 2676 4795 semper
2697 4722 2759 4774 de
2781 4724 3139 4778 excelsioribus
3169 4722 3418 4795 disputat.
3453 4725 3627 4793 Opera

2033 4809 2152 4866 vero
2180 4810 2383 4863 proprie
2408 4794 2563 4866 vitulo
2591 4795 2922 4861 deputantur,
2955 4799 3202 4865 quoniam
3233 4794 3444 4866 vomeri,
3471 4806 3518 4851 et
3540 4798 3625 4853 la-

2035 4865 2165 4930 bori,
2195 4875 2248 4938 et
2263 4865 2478 4918 terrenis
2509 4866 2745 4936 operibus
2770 4866 3090 4938 mancipatus
3113 4876 3207 4938 est.
3245 4865 3317 4920 Ita
3354 4865 3619 4938 Hierony-

2037 4952 2175 4990 mus.
2207 4933 2274 4990 Et
2307 4939 2355 4988 in
2393 4933 2638 4990 eamdem
2682 4937 3005 4990 sententiam
3037 4936 3101 4991 D.
3132 4937 3466 5006 Augustinus
3495 4933 3627 4996 coit-

2044 5017 2124 5062 tra
2157 5007 2413 5061 Faustum
2441 5007 2793 5079 Manichazum
2829 5006 2966 5076 (Lib.
2998 5023 3055 5066 ti.
3095 5024 3142 5062 c.
3172 5007 3268 5079 27)
3296 5026 3308 5061 :
3352 5009 3630 5066 Peccatum

2035 5087 2111 5136 est
2141 5079 2356 5146 factum,
2387 5078 2463 5132 vel
2491 5079 2707 5150 dictum,
2742 5079 2818 5133 vel
2847 5081 3171 5150 concupitum
3211 5078 3410 5150 aliquid
3453 5095 3632 5137 contra

2041 5160 2282 5205 wtcrnam
2310 5151 2471 5218 legem
2503 5165 2521 5204 :
2552 5149 2659 5204 Lex
2683 5168 2798 5205 vero
2827 5149 3020 5205 acterna
3049 5162 3121 5204 est
3152 5149 3304 5206 ratio
3328 5153 3522 5218 divina,
3554 5154 3633 5208 vel

2044 5221 2276 5275 voluntas
2309 5221 2427 5289 Dei,
2456 5233 2564 5276 etc.
2591 5222 2714 5276 lltec
2743 5236 2920 5277 autem
2952 5222 3147 5277 divisio
3179 5226 3381 5292 peccati
3418 5239 3521 5279 non
3549 5233 3634 5280 est

2045 5293 2263 5359 generis
2292 5293 2344 5346 itt
2375 5295 2616 5347 diversas
2641 5295 2847 5362 species
2877 5311 2890 5349 :
2925 5295 3018 5348 sed
3063 5294 3308 5364 ejusdem
3340 5297 3541 5361 speciei
3581 5296 3632 5348 in

2045 5363 2566 5437 diversosuarudos,
2613 5378 2670 5437 ut
2704 5365 2859 5437 docet
2898 5364 2962 5418 D.
2995 5363 3231 5419 Thomas
3281 5366 3422 5434 (1-2.
3471 5384 3522 5437 q.
3565 5366 3636 5421 62

2047 5446 2146 5487 art.
2174 5439 2252 5504 7).
2281 5434 2408 5489 llam
2435 5438 2568 5489 enim
2591 5436 2712 5498 tria,
2745 5435 2934 5508 inquit,
2960 5437 3211 5508 pertinent
3243 5439 3312 5490 ad
3337 5434 3491 5490 unam
3518 5454 3636 5508 pcr-

2049 5508 2234 5574 Iectam
2264 5515 2310 5560 et
2353 5509 2653 5577 camplctam
2689 5507 2884 5577 peccati
2914 5507 3154 5571 speciem,
3203 5523 3320 5561 cum
3352 5511 3415 5562 ab
3459 5507 3637 5562 eodem

2051 5576 2568 5650 matiroprocedant.
2602 5576 2894 5650 Iracundus
2918 5577 3055 5629 enim
3076 5594 3155 5650 ea:
3184 5581 3282 5633 hoc
3313 5581 3452 5650 quod
3479 5595 3639 5648 appe-

2053 5651 2109 5702 tit
2133 5647 2428 5713 vindictam,
2456 5649 2621 5712 primo
2654 5647 2862 5720 quidem
2889 5649 3212 5717 perturbatur
3241 5650 3298 5704 in
3324 5647 3514 5714 corde,
3551 5647 3636 5704 se-

2053 5727 2241 5794 οιιιιιιοΔ
2269 5721 2322 5773 in
2367 5720 2518 5774 verba
2559 5720 2926 5794 contumeliosa
2969 5723 3282 5794 prorumpit,
3335 5724 3480 5777 tertio
3521 5735 3640 5794 vero

2055 5790 2284 5867 procedit
2329 5791 2603 5867 usquead
2643 5791 2781 5867 facta
2824 5792 3098 5864 injuriosa,
3155 5790 3366 5867 etidem
3391 5803 3530 5866 patet
3571 5791 3641 5851 ds

2059 5862 2268 5921 luxuria
2294 5872 2339 5921 et
2363 5862 2724 5940 quolibctﬁalio
2750 5862 2982 5933 peccato.
