4078 6332
397 247 499 308 ιηι

1453 243 1733 301 JOANNIS
1769 243 2086 302 CASSIANI
2120 243 2612 304 COLLATIONES.

3559 245 3678 305 872

402 371 678 436 peccatur,
727 359 906 434 cujus'
932 360 1177 417 membra
1223 359 1526 416 rectissime
1573 376 1740 430 super
1782 369 1984 416 terram
2012 365 2056 420 Α
2085 361 2221 415 catis
2249 360 2314 415 ad
2338 359 2543 416 minora
2570 356 2930 425 descendens,
2967 355 3260 429 'quartum
3283 356 3461 413 intulit
3493 374 3674 416 mem-

401 475 525 515 esse
577 457 856 513 dicuntur.
905 454 1024 511 Non
1063 453 1205 507 enim
1265 464 1490 522 possunt
1542 452 1593 506 bi
1647 452 1739 521 qui
1796 467 1982 506 eorum

403 559 629 605 utuntur
661 545 988 609 ministerio,
1020 543 1262 600 veridice
1289 544 1549 610 proﬁteri.
1592 553 1772 597 nostra
1803 555 1984 598 autem

402 639 748 695 conversatio
791 641 840 692 in
887 635 1042 692 cmlis
1085 646 1188 690 est.
1232 635 1402 705 llujus
1442 635 1604 702 igitur
1646 635 1890 703 corporis
1931 634 1986 689 in

405 735 509 790 lioc
555 733 676 787 loi-o
713 730 1006 800 Apostolus
1055 731 1294 784 membra
1345 727 1711 782 describens:
1761 726 1989 796 Mortiﬁ-

404 835 540 888 cate,
589 822 780 891 inquit,
826 820 1050 874 membra
1078 829 1246 873 vestra
1277 834 1391 888 qua:
1419 829 1539 871 sunt
1578 833 1732 886 super
1773 827 1984 885 terram,

405 917 824 984 fornicationem,
855 912 1258 977 immunditiam,
1300 911 1586 976 libidinem,
1627 910 1992 977 concupiscen-

407 1008 533 1062 tiam
583 1008 797 1070 malam.
836 1015 884 1060 et
920 1014 946 1043 λ
982 1005 1272 1064 avaritiam.
1315 1019 1431 1074 qua:
1475 1013 1548 1058 est
1596 1003 1990 1057 simulacrorum

408 1099 624 1153 seruitus
657 1095 880 1167 (Coloss.
909 1094 1014 1166 ιιι).
1046 1094 1073 1133 ιδ
1104 1095 1282 1149 Primo
1315 1096 1495 1165 itaque
1536 1094 1651 1148 loco
1687 1093 1992 1162 fornicatio-

409 1210 524 1248 nem
552 1192 784 1247 credidit
823 1190 1183 1255 iiilerendam,
1216 1205 1336 1258 qua!
1365 1189 1568 1242 carnali
1599 1188 1992 1242 commixtione

409 1286 716 1357 perficitur.
749 1293 772 1324 ο
817 1281 1125 1339 Secundum
1168 1281 1329 1336 etiam
1371 1280 1668 1335 membrum
1715 1278 1994 1332 immundi-

411 1381 536 1436 tiam
591 1380 948 1446 nuncupavit.
1001 1392 1118 1446 qure
1173 1389 1574 1441 nounuiiiqnain
1623 1373 1830 1439 absque
1881 1370 1993 1425 ullo

409 1471 656 1528 mulieris
703 1480 845 1524 tacut
896 1468 980 1523 vel
1023 1467 1443 1526 dormientibus.
1492 1466 1576 1520 vel
1618 1463 1990 1534 vigilantibus,

409 1579 510 1636 per
553 1564 812 1617 incuriam
863 1560 1331 1630 incircumspet‘tie
1385 1561 1584 1613 mentis
1635 1557 1886 1626 obrepit,
1939 1565 1995 1612 et

412 1657 535 1713 ideo
579 1669 797 1710 notatur
824 1669 888 1709 ac
920 1655 1238 1724 prohibetur
1278 1653 1329 1707 iu
1359 1652 1500 1721 lege,
1531 1668 1647 1720 qua?
1688 1652 1995 1724 immundos

2089 454 2266 520 brum,
2304 455 2774 526 concupiscentiam
2817 452 3038 516 malam,
3075 467 3197 521 qua:
3244 466 3348 506 non
3392 452 3566 507 solum
3600 451 3677 507 ad

2095 547 2406 614 praedictam
2440 545 2786 616 impudicitiae
2817 545 3145 614 pa-sionem,
3184 558 3372 599 verum
3399 548 3565 598 etiam
3598 544 3674 599 ad

2090 644 2278 692 omnes
2305 638 2500 694 noxias
2529 637 2854 707 cupiditates
2879 636 3206 707 generaliter
3235 637 3427 691 referri
3463 645 3680 705 potest,

2090 745 2209 800 qua:
2269 739 2540 801 corrupta:
2603 731 2980 784 tantummodo
3032 729 3324 800 voluptatis
3372 728 3562 805 (Lips.
3625 731 3688 784 in

2091 839 2253 896 marg.
2289 821 2624 896 voluntatis]
2655 832 2740 877 est
2778 822 3063 892 aegritudo.
3095 823 3171 879 De
3198 838 3302 894 qua
3334 823 3593 879 Dominus
3626 824 3682 879 in

2092 914 2385 984 Evangelia
2412 933 2425 966 :
2457 915 2557 980 Qui
2585 915 2769 969 vid.rit
2813 916 3075 970 mulierem
3104 916 3174 968 ad
3208 917 3682 980 concupiscendum

2091 1021 2224 1070 eam,
2247 1007 2363 1076 jam
2391 1004 2670 1060 moechatus
2695 1016 2768 1059 est
2792 1022 2904 1060 eam
2945 1006 2999 1060 in
3039 1007 3196 1060 corde
3221 1023 3316 1060 suo
3345 1005 3564 1076 (Matth.
3595 1006 3681 1077 v).

2094 1097 2264 1152 Multo
2294 1098 2437 1150 enim
2466 1097 2638 1166 majus
2664 1109 2746 1152 est
2773 1097 2933 1153 etiam
2965 1107 3094 1152 tunc
3115 1097 3312 1153 mentis
3339 1097 3558 1153 lubrica:
3579 1099 3684 1154 de-

2093 1189 2353 1243 siderium
2385 1190 2690 1254 continere,
2720 1206 2842 1243 cum
2883 1191 2931 1245 ei
2964 1190 3270 1246 illecebrosi
3313 1203 3566 1258 aspectus
3596 1189 3686 1246 of-

2095 1276 2270 1332 fertur
2296 1278 2529 1333 iu-casio.
2570 1280 2774 1346 Quibus
2805 1279 3246 1336 iiiauilestissiiue
3287 1281 3686 1346 comprobatur

2095 1368 2163 1423 ad
2190 1370 2578 1438 perfectionem
2611 1372 2882 1442 puritatis,
2911 1372 3285 1428 castimoniam
3329 1377 3690 1433 continentia:

2096 1461 2396 1527 carporalis
2421 1463 2592 1516 solam
2624 1480 2727 1517 non
2760 1479 2923 1534 posse
2967 1463 3241 1528 sufﬁcere.
3293 1467 3394 1520 nisi
3422 1469 3470 1521 ei
3514 1467 3691 1523 etiam

2098 1569 2220 1608 men
2249 1553 2294 1608 is
2329 1554 2560 1610 addatur
2591 1555 2890 1626 integritas.
2921 1556 3047 1612 Po~t
3095 1574 3210 1629 quae
3239 1559 3418 1613 omnia
3455 1569 3482 1608 ε
3510 1561 3693 1614 novis-

2097 1646 2295 1701 simum
2334 1646 2478 1702 illius
2523 1663 2770 1717 corporis
2810 1647 3135 1714 membrum,
3182 1661 3228 1704 et
3266 1650 3560 1716 avaritiam,
3603 1652 3695 1707 ina-

413 1764 656 1820 quosque
705 1763 813 1802 non
857 1749 1029 1801 solum
1087 1759 1362 1799 sai-rarum
1403 1744 1646 1800 carnium
1699 1743 1993 1813 participa-
2026 1740 2072 1799 B
2097 1738 2230 1808 quit,
2265 1740 2621 1809 proculdubio
2646 1740 2938 1796 ostendens
2977 1757 3084 1796 non
3128 1741 3301 1796 solum
3333 1745 3401 1798 ab
3432 1742 3685 1813 appetitu

417 1843 564 1898 tione
599 1842 850 1911 privavit.
894 1855 1081 1895 verum
1108 1838 1271 1893 etiam
1303 1854 1369 1893 ue
1394 1847 1650 1892 contactu
1680 1853 1780 1893 suo
1810 1846 1996 1893 sancta

414 1936 744 2008 pollui-rent,
805 1951 834 1988 a
887 1945 1186 1988 castrorum
1234 1931 1398 2002 jussit
1439 1931 1860 2002 congregatione
1907 1946 1998 1986 se-

412 2028 586 2095 cerni,
612 2027 796 2082 dicens
829 2043 842 2079 :
872 2023 897 2061 δ
917 2026 1104 2079 Anima
1128 2039 1455 2093 quwcumquc
1491 2024 1766 2077 comederit
1789 2024 1852 2077 de
1887 2039 2001 2077 car-

414 2119 563 2174 nibus
591 2118 835 2184 sacriﬁcii
864 2116 1115 2170 salutaris
1139 2115 1301 2186 (quod
1330 2123 1403 2168 est
1445 2112 1674 2185 Domini)
1707 2115 1761 2168 in
1795 2129 1898 2183 qua
1927 2123 2001 2168 est

414 2209 769 2274 immunditia,
802 2207 984 2280 peribit
1013 2223 1188 2261 coram
1221 2206 1484 2272 Domino;
1529 2210 1577 2261 et
1603 2206 1856 2276 quidquid
1888 2207 2002 2259 teti-

415 2302 546 2373 qerit
573 2300 888 2363 immundus,
921 2297 1237 2351 immundum
1270 2297 1366 2350 erit
1397 2295 1580 2366 (Leuit.
1611 2296 1730 2367 vii).
1766 2297 1822 2351 lii
1863 2296 2004 2352 Deu-

415 2391 722 2448 teronouiio
751 2405 969 2460 quoque
1010 2409 1023 2444 :
1056 2390 1116 2447 Si
1145 2392 1322 2458 fuerit,
1356 2390 1552 2460 inquit,
1581 2391 1716 2444 inter
1743 2407 1827 2445 vos
1851 2390 2002 2445 homo

416 2483 506 2556 qui
537 2494 786 2538 nocturno
817 2482 1044 2556 pollutus
1072 2493 1146 2537 est
1180 2485 1404 2548 somnio,
1437 2483 1722 2555 egredietur
1748 2495 1890 2538 extra
1918 2500 2004 2537 ca-

415 2582 550 2645 stra,
592 2587 640 2632 et
665 2594 765 2632 non
800 2585 1081 2632 ret'ertetur
1113 2576 1405 2646 priusquam
1433 2578 1503 2630 ad
1525 2593 1784 2646 vesperam
1811 2579 2004 2632 lavetur

416 2685 575 2738 aqua,
635 2677 683 2724 et
735 2679 849 2738 post
903 2668 1028 2722 solis
1082 2683 1317 2722 occasum
1364 2669 1684 2740 regredietur
1729 2669 1783 2722 in
1832 2679 2005 2723 castra

421 2759 659 2830 (Denter.
693 2766 869 2828 nui).
906 2759 1112 2814 Di-inde
1138 2767 1161 2796 ο
1187 2760 1404 2814 tertium
1450 2759 1654 2828 peccati
1703 2763 2002 2815 membrum

419 2852 683 2908 libidinem
707 2853 878 2921 ponit,
895 2866 1014 2922 quin
1036 2850 1089 2906 in
1120 2853 1426 2908 recessibus
1450 2853 1762 2908 coalescens
1784 2868 2004 2919 animae,

418 2946 720 3001 accendere
774 2945 1048 3014 quippiam
1091 2944 1254 2999 etiam
1297 2945 1419 3000 sine
1460 2945 1708 3011 corporis
1754 2946 2006 3013 passione

421 3046 620 3108 potest.
668 3034 968 3092 Libidinem
1017 3036 1166 3091 enim
1197 3035 1267 3089 ab
1305 3051 1371 3091 eo
1413 3037 1557 3105 quod
1604 3037 1766 3091 libeat
1807 3037 2004 3091 dictam

2101 1845 2280 1885 rerum
2351 1831 2652 1887 alienarum
2710 1833 2947 1888 animum
3011 1833 3438 1902 cuiitiiieudum,
3495 1850 3696 1892 verum

2101 1924 2263 1981 etiam
2317 1927 2537 1995 propria
2591 1929 3007 1995 magnaiiimiter
3075 1927 3491 1983 contemnenda.
3568 1927 3696 1984 lloc

2101 2017 2246 2073 enim
2285 2028 2340 2074 et
2376 2018 2428 2072 in
2461 2018 2685 2073 Actibus
2712 2019 3080 2088 apostolorum
3116 2016 3309 2073 fecisse
3338 2017 3532 2089 legitur
3561 2034 3692 2074 creo

2103 2113 2345 2170 dentium
2371 2113 2676 2178 multitudo,
2705 2112 2774 2168 de
2807 2129 2910 2183 qua
2945 2111 3180 2168 dicitur:
3209 2111 3567 2167 Multitudinis
3594 2129 3700 2166 au-

2103 2216 2204 2262 tem
2245 2207 2562 2261 credentium
2608 2216 2718 2261 erat
2757 2222 2845 2260 cor
2885 2223 3068 2268 unum.
3110 2215 3159 2261 et
3199 2205 3375 2258 anima
3419 2223 3548 2271 una,
3601 2222 3699 2260 nec

2103 2301 2372 2369 quisquam
2400 2315 2578 2354 eorum
2617 2315 2731 2370 quae
2772 2298 3087 2367 possidebat.
3135 2298 3340 2369 aliquid
3385 2313 3540 2352 suum
3581 2313 3700 2351 esse

2105 2393 2324 2459 dicebat,
2377 2393 2467 2446 sed
2497 2401 2644 2446 erant
2685 2391 2793 2446 illis
2828 2392 3002 2446 omnia
3037 2391 3332 2444 communia
3359 2389 3557 2459 (Actor.
3586 2395 3698 2458 tv).

2105 2483 2378 2553 Quotquot
2407 2483 2551 2539 enim
2597 2497 2944 2552 possessores
2983 2497 3239 2553 agrorum
3277 2491 3370 2536 aut
3405 2482 3696 2535 domorum

2107 2588 2284 2640 erant,
2318 2575 2614 2631 vendeiites
2654 2575 2953 2631 alfeiebant
2985 2573 3150 2644 pretia
3188 2588 3378 2629 eorum
3410 2588 3530 2641 qua:
3559 2587 3701 2626 ven—

2107 2669 2328 2735 deli-aut,
2359 2681 2411 2725 et
2441 2670 2710 2738 ponebant
2745 2678 2870 2724 aute
2899 2669 3064 2738 pedes
3102 2666 3496 2737 apostolorum.
3548 2664 3701 2719 Diri-

2107 2758 2341 2815 debalur
2381 2770 2559 2814 autem
2591 2758 2819 2828 singulis
2858 2768 3021 2829 prout
3052 2758 3248 2826 cuique
3277 2771 3415 2824 Opus
3441 2763 3577 2810 erat.
3631 2755 3700 2808 Et

2111 2869 2176 2907 ne
2193 2853 2257 2905 ad
2286 2867 2486 2920 paucos
2521 2854 2795 2920 pertinere
2821 2851 3096 2907 videretur
3116 2850 3532 2929 istaIpcrfectio,
3559 2863 3700 2914 ava-

2109 2945 2288 3000 ritiam
2339 2944 2753 2999 simulacrorum
2805 2945 3118 2999 servitutem
3150 2959 3274 2999 esse
3315 2951 3543 2998 testatus
3583 2953 3696 3005 est.

2110 3037 2220 3092 Nec
2261 3039 2532 3092 immerito
2559 3054 2573 3094 :
2603 3037 2846 3107 quisquis
2875 3037 3018 3092 enim
3047 3053 3153 3092 non
3197 3037 3562 3091 communicat
3596 3051 3699 3090 ne,

419 3145 543 3188 esse
585 3145 692 3187 non
721 3130 946 3185 dubium
994 3137 1099 3186 est.
1130 3129 1253 3186 Post
1285 3131 1400 3185 hinc
1443 3129 1512 3186 de
1544 3130 1838 3200 majoribus
1880 3147 2004 3201 pec-
2031 3124 2078 3187 C
2110 3131 2464 3188 cessitatibus
2491 3145 2809 3201 egenorum,
2838 3139 2893 3186 et
2931 3130 3181 3202 pecuniae
3223 3143 3338 3186 sine
3375 3144 3538 3200 quam
3571 3125 3698 3182 inll-

1483 3285 1735 3343 ALARDI
1776 3285 2005 3342 ΟΔΖΑΞΙ
2045 3287 2606 3345 COMMENTARIUS.

494 3405 610 3460 ⁸1).
654 3401 984 3473 Augustinus
1029 3399 1123 3455 lib.
1157 3415 1206 3455 κι
1255 3399 1329 3473 de
1362 3399 1523 3455 Civil.
1579 3400 1690 3465 Dei,
1739 3402 2002 3473 rationem

419 3477 654 3534 reddens
686 3471 783 3527 cur
813 3474 1100 3542 Apostolus
1140 3471 1421 3525 avaritiam
1455 3474 1696 3524 nominet
1739 3471 2001 3526 idoloiuiu

424 3561 513 3602 aut
561 3547 970 3602 siimilacroruni
1017 3545 1328 3596 servitutem
1371 3543 1674 3612 :Peruersi.
1721 3543 1912 3612 inquit,
1957 3553 2004 3596 et

422 3621 564 3674 avari
603 3619 652 3690 fr
691 3619 709 3671 i
743 3617 919 3670 volunt
963 3629 1191 3690 nummo,
1232 3614 1304 3667 uti
1347 3627 1548 3690 ΔαιιιειιιΔ
1579 3611 1687 3667 Deo
1712 3627 1731 3668 :
1756 3611 2005 3690 quoniam

425 3707 527 3744 ηοη
563 3684 827 3742 "hminum
872 3695 1084 3757 prapter
1130 3684 1291 3757 Deum
1340 3685 1664 3757 iiripeiidiiiit,
1707 3685 1794 3737 sed
1840 3684 2006 3757 Deum

423 3774 629 3832 propter
659 3755 927 3811 nummum
953 3756 1147 3810 colunt.
1189 3756 1322 3823 Quia
1365 3755 1640 3820 uiuitiuiu,
1679 3758 1801 3808 licet
1841 3755 2003 3808 Deum

425 3841 796 3902 agrit'scaiilet
822 3839 1178 3902 reseruantur
1225 3839 1496 3902 tamquam
1541 3843 1720 3879 ri-rttui
1767 3832 2004 3902 omnium

479 3897 726 3956 ιηιιιιιειιι,
760 3899 1118 3952 iuiuiodei'ato
1160 3907 1338 3950 tamen
1367 3897 1583 3957 afl'ecni,
1610 3914 1715 3964 quo
1745 3914 1794 3949 ιιι
1831 3897 2005 3951 Sordi-

465 3989 524 4026 us
569 3970 812 4042 pecunias
861 3969 1246 4035 ξηιιίιιτρδυυιιι,
1291 3983 1413 4021 eum
1456 3970 1698 4042 ultimum
1745 3967 1904 4042 linem
1953 3979 2007 4021 et

427 4040 697 4096 suimiiuiu
725 4041 949 4103 bonum,
980 4054 1037 4093 re
1065 4051 1112 4090 et
1139 4042 1300 4102 facio,
1334 4055 1530 4107 negare
1552 4040 1824 4092 Videntur.
1846 4041 2006 4094 Plura

428 4112 482 4167 in
516 4119 652 4165 lianc
685 4112 1012 4166 sententiam
1041 4109 1166 4162 alibi
1200 4125 1434 4176 require.

496 4181 524 4222 ³
569 4185 621 4235 lil
652 4192 763 4244 est,
795 4184 1021 4249 primum
1051 4181 1352 4252 membrum
1381 4179 1624 4248 corporis
1664 4182 1868 4249 peccati
1911 4198 2008 4252 po-

426 4256 532 4309 suit
577 4251 1010 4311 foriiicatiouem.
1065 4267 1174 4318 quo
1229 4251 1446 4304 illiCttus
1493 4258 1848 4315 concubitus,
1912 4251 2006 4308 aeu

425 4326 738 4379 commixtio
759 4323 987 4376 niariset
1010 4321 1220 4376 leiiiiua:
1247 4322 1330 4374 liic
1353 4320 1704 4390 signiﬁcatur,
1731 4331 1787 4376 ut
1807 4324 2010 4380 Auctor

427 4396 645 4451 iudicat.

502 4475 526 4505 ε
593 4462 1411 4536 luiniundi°iaminterpretatur
1435 4466 1639 4536 Auctor
1655 4479 1869 4518 omnem
1894 4466 2011 4536 pol-

427 4536 706 4599 lutionem,
739 4537 860 4590 sive
881 4534 1105 4590 seminis
1127 4536 1350 4594 ﬂuxum.
1378 4537 1539 4589 etiam
1565 4534 2005 4603 involuiitariuin,

427 4623 482 4661 ut
509 4609 599 4676 qui
617 4607 1010 4661 dormientibus
1038 4609 1321 4675 contoigit,
1350 4615 1412 4661 ut
1439 4617 1576 4672 patet
1603 4622 1671 4662 ex
1701 4608 1868 4676 ipsius
1890 4623 2010 4662 ver-

430 4679 512 4732 bis
548 4692 599 4734 οι
633 4680 956 4730 testimoniis
995 4678 1064 4729 ab
1103 4693 1170 4730 eo
1204 4679 1499 4745 producti»
1556 4678 1781 4747 Pr0prie
1829 4690 2006 4734 tamen

426 4751 497 4803 de
540 4749 834 4818 pollutione
863 4747 1168 4800 voluntaria
1203 4751 1556 4818 intelligitur.
1601 4767 1720 4818 qua:
1747 4760 1800 4805 et
1831 4753 2006 4805 molli-

428 4822 527 4875 lies
553 4821 622 4873 ab
656 4819 906 4887 -\p0stulo
934 4829 1292 4886 nuncupatur.

496 4889 523 4929 ἀ
563 4890 706 4945 Ciiat
737 4906 924 4945 rur~us
955 4889 1096 4946 linuc
1127 4893 1303 4943 locum
1329 4930 1344 4954 ,
1375 4897 1428 4943 et
1456 4890 1645 4944 iisdem
1670 4891 1870 4956 verbis.
1898 4894 2010 4948 col-

427 4961 633 5016 latione
654 4963 724 5017 2‘2
745 4978 866 5029 cap.
889 4961 941 5015 5.
976 4961 1137 5032 Putat
1157 4960 1446 5015 Ciacoiaius
1477 4964 1755 5032 leg-indutu
1779 4981 1791 5016 :
1824 4962 1888 5016 In
1911 4981 2010 5032 quo

426 5035 882 5098 estimmunditia,
917 5045 968 5084 ut
1014 5032 1084 5084 ab
1127 5030 1398 5086 hominem
1447 5030 1662 5102 potius,
1719 5049 1878 5098 qui-ui
1909 5030 2009 5089 sub

428 5106 646 5158 nomine
700 5108 895 5158 anima:
949 5102 1120 5156 voluit
1169 5104 1430 5167 ιιιιειιίκί,
1482 5119 1640 5160 quam
1678 5106 1741 5156 ad
1770 5109 2005 5158 animam

427 5174 714 5254 referatur.
767 5173 900 5228 Nam
929 5173 1117 5229 Cra-ce
1158 5179 1355 5254 {Slus-sai
1401 5177 1687 5254 ἀξιᾳθαρσία
1715 5177 2006 5254 αὺτοῦ-,ἐπ’

430 5247 572 5320 ᾳύτῷ
617 5249 867 5320 (Denter.
919 5259 987 5297 ιιι
1039 5259 1140 5320 sec.
1186 5244 1485 5320 LXX)._id
1509 5244 1622 5304 es't.
1671 5247 2004 5320 iiiiiuuiidiiia

432 5315 598 5381 ipsius
627 5315 788 5385 super
816 5315 1287 5383 ip~um.Atqueita
1317 5315 2005 5385 legiturapudCypriaiiuui

431 5387 628 5510 ﬁSerm.
657 5390 720 5440 de
748 5386 953 5457 Lapsis)
992 5397 1045 5438 et
1075 5388 1230 5438 alios.
1267 5390 1334 5439 At
1356 5400 1537 5440 versio
1564 5387 1784 5456 Vulgum
1817 5391 2006 5456 paulu-

457 5474 541 5509 tiiii
573 5463 820 5510 divorsa.
855 5472 910 5509 ιιι
933 5455 1066 5510 alias
1094 5456 1467 5510 ittdicaviiiius.

457 5474 541 5509 uni
573 5463 788 5511 diversa
804 5455 836 5520 ,'
855 5472 910 5509 ut
933 5455 1066 5510 alias
1094 5456 1467 5511 indicavimus.

504 5537 527 5562 υ
573 5527 871 5582 Libidinem
906 5527 1206 5596 intelligere
1234 5529 1446 5582 videtur
1477 5537 1685 5596 turpem
1713 5541 1760 5583 el
1795 5529 2005 5584 (ψει-ω-

430 5611 554 5650 nam
580 5600 984 5668 cugdationem,
1013 5614 1107 5652 seu
1128 5599 1538 5656 delectationem
1563 5601 1615 5654 in
1639 5601 1818 5653 animo
1839 5608 2005 5654 laten-

431 5676 573 5732 tem,
605 5684 710 5723 non
757 5670 902 5724 foras
932 5670 1302 5738 prodeuntem.
1363 5674 1619 5726 Erasmus
1650 5686 1780 5726 vero
1826 5671 2001 5725 molli-

427 5739 594 5807 tiem,
640 5738 732 5794 alii
781 5742 1023 5798 morbum
1073 5745 1494 5809 transtulerunt,
1547 5743 1692 5799 anm
1749 5743 1999 5800 videlicet

2039 4721 2088 4782 D

2107 3400 2304 3456 foedam
2342 3402 2752 3456 obscmuitaiem
2797 3417 2916 3468 quae
2941 3401 3133 3457 Graece
3184 3402 3340 3463 παθός
3391 3399 3624 3465 dicitur.
3665 3418 3695 3458 s

2106 3490 2206 3542 qua
2245 3473 2439 3541 patir-ci
2471 3475 2633 3532 dicti.
2682 3472 2772 3542 qui
2798 3474 2972 3539 turpia
3008 3472 3362 3543 patiebantur.
3399 3471 3461 3527 D.
3509 3476 3693 3543 Augu-

2105 3555 2280 3599 stinus
2315 3546 2404 3597 lib.
2440 3561 2522 3596 MV
2543 3544 2611 3599 de
2637 3545 2797 3599 Civil.
2833 3543 2928 3598 Dei
2958 3559 3078 3611 cap.
3126 3542 3226 3606 i6,
3279 3558 3375 3613 pro
3400 3544 3545 3596 oinui
3569 3542 3696 3600 actu

2107 3626 2201 3668 aut
2224 3617 2498 3674 voluptate
2522 3631 2748 3669 venerea
2770 3615 2960 3681 accipit
2985 3633 2996 3666 :
3022 3613 3148 3669 Cum
3174 3615 3310 3672 sint.
3340 3613 3532 3680 inquit,
3557 3619 3665 3669 mut

2109 3696 2276 3739 tarum
2307 3687 2541 3740 libidines
2570 3702 2771 3746 rerum.
2804 3694 2975 3738 tamen
2999 3702 3115 3739 cum
3143 3686 3304 3738 libido
3331 3685 3524 3737 dicitur
3553 3726 3567 3746 .
3602 3701 3696 3738 nec

2108 3761 2254 3821 cuius
2279 3769 2341 3810 sit
2373 3759 2532 3810 libido
2563 3757 2777 3810 additur
2800 3798 2815 3820 ,
2844 3772 2945 3810 non
2977 3761 3083 3825 fere
3107 3757 3294 3809 assolet
3322 3757 3494 3809 animo
3515 3773 3696 3809 occur-

2109 3844 2250 3883 rere.
2285 3829 2385 3882 tiisi
2413 3829 2505 3881 illa
2530 3847 2626 3897 qua
2657 3830 2901 3881 obscaeno:
2927 3839 3094 3892 partes
3123 3827 3353 3897 corporis
3381 3830 3692 3881 excitantur.

2111 3898 2239 3952 Iltrc
2259 3911 2424 3952 animi
2447 3900 2579 3964 sibi,
2611 3917 2712 3952 non
2738 3902 2904 3951 solum
2932 3909 3092 3951 totum
3124 3913 3310 3967 Corpus
3333 3938 3347 3955 .
3391 3911 3484 3948 nec
3523 3900 3694 3950 solum

2109 3973 2422 4023 extrinsecus
2451 4013 2465 4035 ,
2493 3985 2665 4024 verum
2693 3981 2842 4022 etiam
2863 3971 3170 4023 intrinsecus
3196 3969 3422 4020 vindicat
3448 4008 3462 4030 ,
3504 3977 3694 4021 totum-

2109 4057 2207 4110 que
2253 4051 2525 4095 comniuvet
2574 4042 2872 4104 hominem,
2921 4043 3082 4094 animi
3135 4036 3293 4092 simul
3337 4039 3524 4102 olfectu
3576 4056 3693 4092 cum

2109 4113 2278 4166 carnis
2303 4114 2531 4181 appetitu
2565 4113 2838 4176 conjuncta
2879 4122 3028 4174 atque
3065 4113 3314 4178 permixto
3337 4151 3352 4176 ,
3374 4118 3430 4181 ut
3458 4127 3517 4162 ea
3548 4111 3694 4163 volu-

2110 4194 2226 4251 ptas
2275 4180 2534 4252 seqttatur,
2568 4200 2668 4251 qua
2722 4185 2893 4248 maior
2957 4184 3010 4235 in
3060 4181 3294 4246 corporis
3347 4180 3693 4252 voluptatibus

2111 4254 2255 4307 nulla
2311 4267 2382 4307 est
2435 4295 2450 4320 ,
2514 4265 2566 4306 ut
2615 4266 2866 4306 momento
2913 4253 3026 4324 ipso
3050 4253 3293 4312 temporis
3343 4268 3446 4319 quo
3485 4252 3551 4304 ad
3577 4255 3691 4323 ejus

2112 4325 2404 4392 pervenitur
2463 4336 2740 4378 extremum
2778 4365 2794 4386 .
2867 4341 2993 4390 pene
3043 4325 3207 4378 omnis
3260 4325 3394 4376 acies
3447 4332 3494 4376 et
3544 4325 3688 4392 quasi

2111 4396 2289 4467 vigilia
2335 4397 2659 4467 cogitationis
2709 4397 2978 4449 obruatur.

2187 4465 2205 4504 ί
2251 4465 2415 4520 illam
2435 4468 2645 4520 scilicet
2687 4481 2807 4535 quae
2839 4481 3102 4524 expresso
3130 4465 3382 4534 Decalogi
3420 4472 3692 4533 praecepto

2111 4539 2426 4606 prohibetur
2449 4581 2462 4595 .
2501 4537 2551 4590 id
2601 4549 2712 4599 est,
2763 4537 3255 4604 concupiscentiam
3288 4537 3366 4592 rei
3395 4551 3639 4591 venerea:
3670 4575 3688 4602 ,

2112 4611 2198 4664 vel
2229 4609 2719 4675 concupiscentiam
2767 4611 2950 4662 uxoris
2978 4609 3188 4661 aliena.

2185 4691 2210 4728 ις
2252 4680 2542 4733 Avaritiam
2577 4683 2998 4744 interpretatur.
3041 4690 3095 4732 ut
3144 4679 3232 4733 alii
3292 4678 3403 4734 fere
3457 4692 3689 4741 omnes.

2117 4751 2414 4806 secundum
2449 4752 2722 4819 vulgarem
2754 4752 2899 4805 venis
2923 4750 3314 4818 acceptionem.
3343 4749 3690 4816 pecuniarum

2117 4838 2210 4876 seu
2241 4823 2546 4876 divitiarum
2578 4823 2948 4890 cupiditatem.
2981 4823 3042 4876 Al
3080 4821 3140 4877 D.
3178 4821 3533 4887 Ilierouyiiins
3553 4820 3690 4873 scri-

2119 4892 2250 4962 bens
2281 4894 2331 4944 in
2363 4907 2480 4958 cap.
2508 4908 2535 4944 v
2568 4893 2823 4962 Epistulae
2872 4892 2938 4944 ad
2990 4891 3251 4958 Ephesios
3273 4931 3288 4954 ,
3330 4891 3417 4942 tibi
3453 4891 3687 4944 dicitur:

2117 4961 2417 5016 Fornicatio
2467 4974 2513 5018 et
2565 4961 2727 5017 omnis
2778 4963 3140 5025 immunditia,
3181 4969 3272 5014 aut
3301 4961 3552 5018 auaritia.
3603 4976 3695 5014 nec

2117 5035 2409 5087 nominetur
2436 5036 2486 5088 in
2526 5035 2695 5098 vobis,
2725 5035 3004 5087 contendit
3033 5033 3334 5092 avaritiam.
3361 5047 3480 5102 qua:
3504 5030 3696 5088 Graece

2115 5105 2372 5170 πλεονεξία
2418 5106 2640 5168 dicitur,
2690 5121 2792 5157 noti
2842 5104 3048 5158 debere
3090 5105 3260 5162 accipi
3314 5119 3408 5172 pro
3449 5105 3696 5169 peculiiie

2115 5179 2315 5237 Stinlio,
2346 5189 2400 5228 ut
2423 5178 2576 5244 vulgo
2604 5176 2882 5242 accipitur.
2909 5175 3004 5229 sed
3028 5190 3124 5242 pro
3147 5173 3433 5227 insatiabili
3462 5173 3694 5242 quadam

2113 5247 2405 5315 cupiditate
2433 5256 2664 5312 turpium
2690 5249 3052 5315 voluptatum:
3077 5247 3206 5311 Qua:
3227 5247 3362 5298 enim
3385 5259 3700 5315 consequen-

2113 5314 2219 5379 tia,
2250 5318 2450 5386 inquit.
2485 5331 2536 5370 ut
2566 5319 2700 5369 inter
2723 5314 3144 5387 fornicationem,
3177 5326 3225 5369 et
3268 5314 3653 5387 immunditiam
3679 5353 3699 5381 ,

2114 5400 2160 5440 et
2189 5385 2558 5453 turpitudinem
2583 5430 2596 5449 ,
2639 5398 2682 5442 et
2723 5385 3134 5454 stultiloquium,
3189 5396 3234 5438 et
3285 5385 3655 5438 scurrilitatem
3682 5425 3698 5449 ,

2112 5459 2338 5511 mediam
2393 5463 2666 5512 avaritiam
2719 5459 3128 5511 extraordinarie
3159 5460 3387 5525 posuerit
3436 5456 3458 5526 (
3502 5457 3554 5508 id
3589 5465 3700 5522 est,

2113 5531 2348 5598 peccatis
2391 5531 2613 5583 luxui-ite
2647 5531 3021 5583 aiiiiutnerarit
3049 5532 3102 5597 )‘!
3134 5527 3286 5595 Quod
3317 5537 3702 5598 ai‘guriientuin

2111 5597 2341 5669 probare
2369 5602 2580 5654 videtur
2609 5602 2800 5654 eodem
2848 5601 3007 5656 modo
3053 5599 3254 5655 deluere
3299 5599 3474 5669 accipi
3505 5597 3604 5652 illo
3633 5597 3706 5652 ad

2108 5672 2461 5728 Colosseus‘es
2491 5672 2643 5738 loco,
2687 5674 2778 5742 qui
2812 5673 2898 5728 liic
2924 5670 3233 5742 explicatur.
