4078 6332
329 371 436 432 8⁸15

331 582 443 651 nit,
493 577 817 636 idololatria
858 577 1064 633 crimen
1114 572 1372 640 incurrit,
1421 585 1662 626 amorem
1709 567 1918 625 scilicet

333 674 571 732 materia
605 670 899 729 mundialis
926 669 1124 725 divina
1150 664 1448 737 praeferens
1476 663 1747 720 charitati.

933 825 1168 885 CAPUT
1202 825 1293 882 ΙΙΙ.

435 968 518 1025 De
544 965 946 1038 mortiﬁcatione
986 961 1348 1036 fornicationis
1375 969 1422 1016 et
1452 958 1812 1014 immunditia.

401 1109 459 1166 Si
509 1122 642 1178 ergo
692 1113 895 1161 multos
944 1110 1020 1157 ita
1080 1115 1179 1172 pro
1231 1097 1450 1154 Christo
1507 1110 1632 1151 suas
1689 1094 1924 1150 vidimus

329 1201 598 1272 abiecisse
628 1208 655 1237 ι
686 1195 1037 1260 substantias,
1070 1203 1128 1248 ut
1165 1207 1274 1248 non
1315 1191 1489 1246 solum
1524 1187 1922 1258 possessionem

330 1294 682 1367 pecuniarum
707 1333 721 1358 ,
753 1306 946 1346 verum
976 1288 1141 1343 etiam
1194 1284 1527 1342 desiderium
1573 1283 1643 1339 de
1668 1281 1926 1338 cordibus

327 1403 520 1446 eorum
554 1388 607 1443 in
637 1393 961 1457 perpetuum
1009 1383 1306 1454 probemus
1353 1379 1657 1436 abscissum
1682 1424 1696 1447 ,
1729 1393 1924 1434 conse-

327 1498 498 1555 quens
522 1489 610 1538 est
629 1489 690 1535 ut
708 1479 736 1518 ιι
767 1478 960 1535 eodem
985 1475 1148 1532 modo
1177 1475 1341 1532 etiam
1367 1472 1747 1530 fornicationis
1767 1472 1928 1529 ardo-

327 1590 443 1632 rem
486 1573 762 1644 exstingui
815 1587 978 1641 posse
1024 1569 1336 1626 credamus.
1396 1569 1582 1640 Neque
1634 1568 1776 1624 enim
1809 1583 1925 1624 rem

327 1665 724 1736 impossibilem
759 1662 1054 1734 Apostolus
1081 1679 1205 1718 eum
1234 1662 1481 1732 possibili
1512 1661 1886 1733 coniunxisset
1910 1702 1924 1728 ,

325 1759 425 1814 sed
455 1766 692 1827 utraque
736 1757 914 1811 sciens
937 1771 1061 1812 esse
1087 1755 1369 1826 possibilia
1391 1797 1406 1822 ,
1439 1755 1560 1826 pari
1590 1754 1752 1810 modo
1777 1769 1926 1809 mor-

1372 361 1712 419 COLLATIO
1751 359 1870 416 XII.
1902 379 1971 402 ἀι
1999 351 2088 414 DE
2125 355 2532 416 CASTITATE.

328 486 433 546 deli
477 487 773 544 tenacitate
811 489 1103 540 conservat
1141 478 1344 535 Christi
1377 486 1646 549 praecepta
1693 483 1914 547 postpo:
1940 477 1994 538 Α

2642 472 2872 532 CAPUT
2903 474 2990 534 IV.

2097 566 2250 633 Quod
2279 565 2349 620 ad
2392 565 2724 638 obtinendam
2765 569 3083 624 castimonia
3133 571 3410 638 puritatem
3437 589 3542 629 non

2340 637 2526 710 sufﬁcit
2560 636 2780 694 humani
2818 639 3011 696 laboris
3051 636 3285 698 intentio.

2093 752 2286 808 Certos
2315 760 2496 807 tamen
2534 767 2656 809 esse
2701 768 2804 810 nos
2828 754 3115 822 convenit,
3141 755 3308 826 quod,
3337 756 3470 813 licet
3499 773 3614 814 om-

2025 857 2149 898 nem
2186 843 2535 898 contineutia
2581 844 3010 912 districtionem,
3065 847 3262 902 famem
3297 849 3506 905 scilicet
3549 864 3616 906 ac

2023 935 2201 1000 sitim,
2235 935 2445 1004 vigilias
2486 951 2703 1006 quoque
2751 947 2807 993 et
2856 937 3037 1008 operis
3083 939 3404 1010 jugitatem,
3453 950 3616 1011 atque

2026 1027 2356 1084 incessabile
2388 1028 2678 1084 subeamus
2704 1029 2946 1086 studium
2977 1032 3225 1088 lectionis
3246 1074 3260 1097 .
3293 1044 3614 1105 perpetuam

2028 1131 2207 1176 tamen
2233 1121 2574 1176 castimonia
2609 1122 2901 1191 puritatem
2930 1124 3123 1179 horum
3148 1126 3397 1180 laborum
3420 1129 3621 1182 merito

2026 1211 2341 1282 contingere
2365 1227 2715 1282 nequeamus,
2741 1214 2840 1268 nisi
2866 1215 2922 1269 in
2948 1215 3030 1270 his
3055 1216 3259 1287 jugiter
3288 1218 3620 1276 desudantes

2027 1305 2380 1374 experientia
2409 1305 2726 1374 magisterio
2772 1307 3062 1362 doceamur
3089 1306 3114 1344 ἀ
3149 1310 3615 1381 incorruptionem

2028 1397 2147 1467 ejus
2185 1397 2384 1452 divina
2435 1397 2622 1468 gratia
2679 1399 2926 1469 largitate
2972 1401 3217 1456 concedi.
3245 1401 3328 1456 Ob
3359 1403 3462 1458 hoc
3487 1419 3622 1458 sane

2028 1491 2373 1548 solummodo
2422 1506 2482 1546 se
2536 1493 2912 1562 unusquisque
2961 1493 3371 1563 infatigabilitcr
3417 1497 3468 1550 in
3535 1495 3621 1551 liis

2029 1583 2308 1638 exercitiis
2327 1582 2626 1653 perdurare
2650 1583 2848 1638 debere
2865 1596 3178 1654 cognoscat,
3205 1596 3266 1640 ut
3285 1603 3378 1655 per
3403 1588 3619 1643 illorqu

2028 1673 2374 1729 afllictiouem
2425 1674 2854 1729 miscricordiam
2911 1674 3120 1730 Domini
3163 1688 3492 1733 consecutus
3551 1680 3620 1734 de

2031 1767 2434 1838 impugnatione
2468 1767 2650 1823 carnis
2690 1782 2754 1823 ac
2778 1768 3146 1824 dominatione
3206 1773 3620 1842 praepotentium

330 1849 584 1906 tificanda
616 1849 864 1905 decrevit
909 1849 1130 1920 (Coloss.
1165 1849 1266 1920 in).
1303 1848 1371 1904 Et
1396 1849 1453 1904 in
1496 1857 1702 1904 tantum
1738 1849 1928 1905 beatus

2041 1859 2285 1914 vitiorum
2308 1858 2491 1914 divino
2514 1867 2790 1914 mereatur
2811 1875 3036 1916 munere
3058 1861 3312 1929 liberari,
3346 1879 3452 1919 non
3476 1865 3623 1935 quod

325 1943 627 2013 Aposmlus
677 1941 1143 2007 fornicationem,
1199 1941 1317 1998 sive
1375 1941 1808 2010 immunditiam,
1861 1943 1929 1999 de

327 2039 539 2094 nostris
570 2037 834 2092 membris
886 2036 1186 2108 exstirpari
1236 2050 1396 2107 posse
1431 2035 1683 2101 confidit,
1717 2047 1775 2091 ut
1822 2052 1928 2092 non

327 2132 509 2188 solum
549 2130 865 2186 mortificart
895 2147 994 2199 ea,
1050 2129 1148 2186 sed
1178 2145 1246 2185 ne
1291 2129 1558 2185 nominari
1601 2130 1820 2201 quidem
1875 2131 1928 2186 in

327 2225 486 2281 nobis
513 2224 715 2280 debere
749 2222 1067 2293 pronuntiet
1093 2240 1108 2276 :
1140 2221 1442 2276 Fornicatio
1468 2264 1482 2289 ,
1541 2222 1824 2293 inquiens,
1881 2233 1930 2278 et

326 2319 499 2372 omnis
529 2317 859 2370 immunditia
882 2325 971 2368 aut
997 2316 1218 2369 avaritia
1243 2332 1335 2369 nec
1359 2316 1652 2370 nominetur
1676 2317 1729 2370 in
1748 2317 1887 2370 vobis
1911 2357 1927 2382 ,

326 2420 418 2463 aut
446 2408 741 2479 turpitudo,
773 2417 864 2461 aut
891 2407 1302 2477 stultiloquium,
1327 2416 1418 2461 aut
1460 2408 1750 2463 scurrilitas
1771 2449 1787 2474 ,
1818 2425 1929 2480 qua:

328 2502 400 2556 ad
430 2516 542 2554 rem
566 2517 669 2554 non
687 2499 906 2571 pertinet
930 2498 1146 2567 (Ephes.
1179 2497 1259 2569 v).
1283 2497 1414 2565 Qua
1442 2498 1606 2553 etiam
1627 2500 1742 2569 pari
1769 2498 1930 2554 modo

330 2591 646 2662 perniciosa
669 2604 794 2645 esse
814 2630 828 2656 ,
854 2589 1112 2659 etaquali
1138 2603 1237 2644 nos
1261 2605 1287 2642 a
1313 2605 1481 2660 regno
1498 2590 1590 2646 Dei
1615 2590 1932 2648 exclusione

330 2683 636 2752 depellere,
666 2681 886 2747 edocet,
916 2681 1107 2736 dicens
1139 2699 1152 2735 :
1189 2679 1337 2734 Illud
1367 2691 1540 2734 autem
1561 2683 1772 2748 scitote,
1801 2701 1930 2754 quo-

333 2782 478 2834 niam
521 2779 690 2833 omnis
735 2777 1051 2847 fornicator,
1089 2784 1178 2829 aut
1230 2776 1556 2841 immundus,
1590 2787 1680 2832 aut
1705 2793 1930 2842 avarus,

335 2873 483 2944 quod
521 2881 595 2925 est
632 2869 890 2924 idolorum
937 2869 1184 2935 servitus,
1221 2885 1323 2922 non
1374 2868 1522 2922 habet
1575 2870 1933 2924 hareditatem

334 2967 396 3020 in
433 2981 591 3036 regno
630 2961 822 3018 Christi
851 2972 896 3015 et
926 2960 1022 3015 Dei
1050 2959 1284 3032 '(lbid.).
1347 2961 1410 3014 Et
1459 2961 1696 3018 iterum:
1757 2962 1934 3017 Nolite

336 3077 548 3127 errare;
575 3075 736 3130 neque
757 3056 1023 3126 fornicarii
1046 3097 1060 3121 ,
1082 3071 1244 3126 neque
1266 3055 1421 3109 idolis
1445 3057 1718 3112 servientes
1736 3099 1749 3121 ,
1777 3074 1934 3128 neque

336 3153 605 3214 adulteri.
664 3167 823 3221 neque
863 3147 1078 3214 molles,
1109 3163 1268 3219 neque
1309 3149 1657 3204 masculorum
1687 3149 1934 3204 concubi-

2032 1952 2357 2021 adepturutn
2395 1967 2454 2007 se
2503 1965 2600 2020 per
2641 1952 2727 2006 illa
2779 1952 3016 2007 confidat
3064 1953 3221 2008 istam
3269 1970 3429 2024 quam
3478 1958 3628 2026 cupit

2033 2043 2348 2098 inviolatam
2377 2042 2628 2112 corporis
2672 2043 3004 2098 castitatem.
3051 2042 3230 2098 Tanto
3267 2055 3447 2100 autem
3497 2061 3626 2116 erga

2033 2134 2448 2204 acquisitionem
2501 2133 2844 2188 castimonia
2901 2135 3174 2190 desiderio
3229 2146 3393 2208 atque
3440 2153 3629 2194 amore

2042 2228 2458 2292 imflammetur,
2489 2236 2690 2296 quanto
2719 2227 2839 2296 quis
2866 2228 3220 2294 pecuniarum
3246 2229 3630 2300 cupidissimus

2032 2321 2326 2391 appetitor.
2350 2321 2431 2375 vel
2455 2319 2550 2390 qui
2576 2334 2788 2374 summa
2818 2318 3080 2374 bonorum
3105 2321 3402 2376 ambitione
3421 2322 3630 2377 disten-

2034 2412 2181 2467 ditur
2205 2453 2219 2476 ,
2254 2412 2344 2466 vel
2370 2411 2461 2482 qui
2485 2409 2817 2465 intolerabili
2862 2411 3102 2479 pulchra
3141 2413 3391 2468 mulieris
3439 2429 3627 2471 amore

2035 2513 2278 2574 raptatur
2301 2547 2316 2570 ,
2351 2503 2681 2558 desiderium
2713 2517 2872 2557 suum
2923 2503 3398 2574 impatientissime
3425 2507 3624 2564 ardore

2034 2607 2186 2668 optat
2206 2597 2414 2667 expleri
2441 2613 2456 2662 ;
2491 2607 2546 2652 et
2569 2598 2638 2652 ita
2674 2598 2765 2651 fiet
2790 2607 2852 2652 ut
2874 2599 2998 2653 dum
3029 2615 3128 2668 pro
3155 2601 3482 2670 integritatis
3503 2618 3629 2673 per—

2033 2692 2298 2761 petuitate
2329 2690 2624 2745 insatiabili
2654 2690 2949 2758 cupiditate
2977 2693 3382 2762 succendimur,
3410 2694 3629 2752 deside-

2036 2785 2222 2840 rabilis
2246 2783 2576 2853 despiciatur
2603 2782 2776 2847 cibus,
2811 2785 3156 2838 necessarius
3185 2785 3404 2840 horreat
3427 2796 3588 2856 potus
3611 2830 3628 2855 ,

2033 2892 2256 2932 somnus
2285 2876 2521 2944 denique
2551 2873 2664 2944 ipse
2688 2884 2898 2928 natura
2928 2874 3142 2929 debitus
3175 2886 3502 2944 respuatur,
3541 2880 3630 2934 vel

2035 2979 2186 3023 certe
2241 2977 2298 3022 ut
2349 2967 2608 3035 deceptor
2657 2964 3190 3021 fraudulentissimus
3249 2967 3528 3037 puritatis,
3577 2979 3634 3027 et

2037 3059 2269 3114 amulus
2309 3067 2472 3127 atque
2513 3057 2824 3111 contrarius
2871 3058 3139 3122 castitati,
3193 3060 3417 3113 attonita
3471 3070 3636 3131 atque

2037 3159 2287 3221 suspecta
2313 3159 2494 3205 mente
2517 3149 2764 3218 capiatur
2781 3190 2796 3214 ,
2823 3158 2878 3204 et
2900 3148 2975 3203 ita
3002 3150 3368 3219 unusquisque
3391 3153 3637 3220 quotidie

337 3259 475 3303 tores
497 3291 511 3312 ,
544 3263 704 3319 neque
750 3247 918 3318 fures,
952 3259 1112 3312 neque
1142 3243 1308 3308 avari,
1341 3259 1503 3314 neque
1529 3245 1744 3307 ebriosi,
1775 3260 1938 3316 neque
1965 3256 2011 3319 ο
2044 3241 2368 3313 integritatis
2395 3257 2510 3295 sua
2542 3242 2840 3295 matutinus
2871 3241 3190 3308 explorator
3242 3241 3471 3299 effectus
3496 3283 3511 3306 ,
3570 3246 3639 3302 do

340 3341 624 3406 maledici,
652 3355 816 3410 neque
862 3352 1077 3404 rapaces
1107 3351 1321 3405 regnum
1362 3334 1461 3389 Dei
1504 3335 1834 3406 possidebunt
1872 3335 1935 3407 (l

341 3434 470 3490 Cor.
492 3419 608 3504 γι).’
624 3430 854 3486 Dubium
881 3427 1114 3498 proinde
1153 3441 1278 3483 esse
1321 3442 1429 3481 non
1460 3427 1662 3492 debet,
1695 3427 1931 3482 fornica-

343 3525 515 3580 tionis
553 3532 608 3577 et
653 3519 1009 3576 immunditia
1061 3518 1130 3573 de
1183 3517 1443 3573 membris
1476 3519 1682 3572 nostris
1731 3519 1938 3575 aboleri

343 3631 514 3689 posse
539 3613 878 3682 contagium,
904 3609 1340 3681 quandoquidem
1373 3624 1482 3664 non
1509 3609 1670 3664 aliter
1689 3624 1750 3664 ea
1773 3625 1935 3679 quam

342 3709 633 3764 avaritiam
656 3749 671 3775 ,
707 3703 1098 3774 stultiloquium
1116 3743 1132 3770 ,
1181 3701 1542 3757 scurrilitates
1560 3743 1574 3768 ,
1601 3701 1895 3757 ebrietates
1920 3745 1936 3770 ,

344 3818 416 3857 ac
444 3801 586 3856 furta
613 3840 628 3864 ,
659 3811 888 3868 quorum
919 3794 1093 3850 facilis
1121 3794 1418 3864 amputatio
1450 3803 1572 3862 est,
1603 3792 1942 3849 mandaverit

350 3909 378 3938 ε
409 3893 798 3954 abscindenda.

2042 3334 2237 3390 collata
2269 3333 2368 3387 sibi
2401 3335 2636 3402 puritate
2656 3331 3014 3400 congaudent,
3047 3347 3276 3402 eamque
3304 3349 3363 3389 se
3395 3350 3504 3391 non
3536 3353 3638 3395 suo

2043 3425 2224 3481 studio
2255 3439 2356 3479 nec
2383 3423 2685 3493 vigilantia,
2716 3423 2808 3477 sed
2840 3424 3174 3490 protectione
3197 3423 3412 3481 Domini
3435 3430 3639 3486 sentiat

2044 3524 2432 3580 consecutum;
2483 3529 2548 3568 ac
2593 3514 2797 3568 tamdiu
2829 3514 2976 3568 illius
3019 3519 3474 3583 perseverantiam
3533 3534 3636 3577 suo

2043 3609 2258 3680 corpori
2283 3607 2552 3676 intelligat
2573 3605 2918 3660 eohasuram
2943 3605 3196 3674 quamdiu
3227 3621 3347 3661 eam
3377 3608 3638 3668 Dominus

2043 3716 2142 3757 sua
2163 3699 2325 3756 fuerit
2346 3699 2696 3754 miseratione
2723 3697 2968 3765 largitus.
2997 3697 3099 3766 Qui
3129 3700 3273 3753 enim
3299 3699 3437 3755 hanc
3467 3703 3637 3759 stabi-

2042 3795 2166 3849 liter
2193 3792 2407 3848 obtinet
2439 3790 2633 3855 fidem,
2667 3804 3002 3860 nequaquam
3061 3790 3357 3860 superbum
3412 3793 3633 3862 sapiens

2048 3889 2115 3943 de
2140 3901 2240 3944 sua
2276 3886 2474 3940 virtute
2504 3884 2778 3950 confidet,
2843 3894 2865 3919 °
2914 3899 3089 3954 neque
3145 3883 3402 3939 seductus
3457 3885 3638 3959 longis

1412 4003 1667 4060 ALARDI
1704 4003 1935 4061 GAZIEI
1970 4000 2536 4058 COMMENTARIUS.

422 4115 448 4144 ι
490 4105 564 4160 Ita
611 4104 807 4174 passim
837 4102 1170 4158 substantias
1209 4116 1306 4172 pro
1345 4097 1690 4155 facultatibus
1729 4097 1936 4162 sumit,

343 4189 411 4235 ut
437 4177 564 4232 alibi
597 4177 922 4230 notavimus.

421 4247 448 4287 δ
493 4248 736 4318 Explicat
756 4246 881 4314 quid
903 4246 971 4318 sit
994 4244 1325 4318 mortificare
1347 4241 1789 4318 membranostra
1819 4255 1940 4318 qua

342 4327 478 4377 sunt
500 4311 902 4388 superterrum.
925 4316 1041 4372 Non
1055 4318 1196 4388 enim
1218 4314 1281 4368 ad
1305 4313 1407 4367 hoc
1428 4311 1630 4388 sufficit
1655 4311 1725 4388 ab
1752 4311 1941 4388 hujus-

345 4391 502 4448 modi
529 4379 674 4444 vitiis
702 4402 866 4458 supra
891 4385 1221 4442 enumeratis
1245 4381 1616 4438 tantummodo
1637 4379 1938 4444 abstinere.

348 4471 447 4517 aut
468 4475 660 4521 ea,non
684 4459 912 4528 amplius
937 4467 1492 4528 perpetraresverum
1515 4461 1731 4528 oportet
1755 4466 1943 4528 exsur-

345 4543 546 4660 gentes
587 4522 790 4586 eorum'
830 4522 1007 4585 motus
1036 4522 1100 4583 ac
1149 4527 1450 4606 desideria,
1500 4523 1647 4578 velut
1690 4522 1941 4591 parvulos
1969 4556 2022 4615 Β

409 4603 648 4660 ώνιοιιίε
669 4643 684 4660 .
714 4601 831 4660 ipso
862 4601 1043 4654 statim
1073 4599 1129 4653 in
1161 4599 1347 4652 limine
1382 4594 1620 4660 elidere,
1662 4605 1824 4660 atque
1873 4592 1939 4647 ad

409 4603 648 4674 ὼγιοιιὶε
669 4643 684 4674 _,
714 4601 831 4668 ipso
853 4601 1043 4674 statim
1073 4599 1129 4653 in
1161 4599 1347 4674 limine
1382 4594 1620 4660 elidere,
1662 4605 1824 4663 atque
1873 4592 1939 4647 ad

351 4668 566 4747 petram
585 4715 600 4739 ,
630 4672 682 4727 id
709 4682 818 4747 est,
842 4671 1138 4747 Christum,
1167 4668 1430 4747 allidere;
1464 4679 1758 4747 eorumque
1783 4677 1943 4744 occa-

351 4735 542 4803 siones
572 4735 761 4798 omnes
789 4735 1070 4797 declinare
1096 4760 1106 4793 :
1133 4754 1238 4810 qua
1263 4739 1332 4794 de
1365 4754 1424 4792 re
1443 4737 1579 4810 alias
1599 4735 1798 4810 sapius
1832 4735 1943 4810 egi-

352 4833 503 4874 mus.
528 4814 646 4870 Non
665 4816 807 4868 enim
826 4814 1088 4882 perfecte,
1104 4806 1165 4866 et
1171 4819 1428 4882 quantum
1445 4806 1942 4882 exigit_Apostolus,

351 4887 750 4943 mortificamus
799 4877 1041 4939 membra
1076 4877 1325 4953 peccati.
1383 4881 1426 4934 si
1451 4894 1556 4953 non
1585 4879 1728 4953 ipsa
1780 4877 1943 4953 etiam

353 4969 745 5029 peccatorum,
781 4948 1103 5029 prasertimf
1121 4953 1418 5029 carnalium
1438 4991 1452 5015 ,
1480 4948 1779 5029 desideria,
1827 4949 1948 5002 licet

353 5023 750 5094 involuntaria,
784 5023 1055 5096 quantum
1084 5026 1136 5080 in
1165 5024 1320 5078 nobis
1341 5033 1424 5096 est
1446 5065 1460 5088 ,
1491 5023 1917 5096 exstinguamus.

433 5113 455 5139 ε
501 5100 554 5153 Id
587 5111 709 5164 est,
737 5091 1146 5158 'mortificanda,
1182 5091 1606 5164 comprimenda.

429 5170 454 5208 δ
500 5171 616 5224 Hoc
642 5161 788 5238 sape
815 5181 871 5224 et
913 5169 1076 5223 variis
1111 5169 1162 5221 in
1195 5161 1326 5220 locis
1354 5163 1610 5238 inculcat-
1634 5161 1944 5238 Cassianus,

354 5243 661 5313 prmsertim
715 5230 809 5295 lib.
850 5257 900 5294 Vl
943 5238 1350 5313 institutionum
1404 5249 1525 5313 cap.
1707 5230 1905 5284 Revera
1931 5271 1947 5298 ,

351 5304 561 5384 inquit,
591 5329 706 5366 cum
736 5313 789 5365 in
813 5312 1042 5384 omnibus
1070 5310 1314 5384 uirtutum
1350 5304 1694 5384 profectibus,
1727 5313 1786 5384 et
1817 5318 1950 5384 cun-

350 5375 560 5442 cto-rum
586 5383 966 5452 impugnatione
991 5383 1228 5434 vitiorum
1270 5378 1478 5452 Domini
1509 5375 1952 5452 sit_gratia__tttque

351 5457 607 5519 victoria,
629 5444 682 5507 in
706 5444 803 5507 h'oc
825 5453 1081 5524 praecipue
1134 5451 1398 5524 peculiare
1441 5447 1738 5514 beneﬁcium
1769 5444 1860 5524 Dei
1892 5459 1952 5496 ac

350 5515 908 5600 speciale'donumet
937 5515 1152 5600 Patrum
1186 5519 1462 5600 sententia,
1502 5528 1561 5600 net
1607 5515 1954 5600 experimento

353 5586 687 5671 p'urgationis
713 5586 903 5671 _ipsius
935 5591 1359 5671 manifestissime
1401 5586 1696 5671 declaratur
1741 5586 1820 5667 his
1866 5586 1954 5671 qui

350 5657 485 5728 iani
502 5657 779 5721 meruerint
807 5657 1105 5734 possideref
1125 5661 1513 5730 Quodammodo
1539 5659 1673 5734 enim
1711 5657 1850 5710 exire
1894 5657 1956 5708 de

349 5756 517 5798 carne
537 5739 689 5792 estin
717 5730 932 5808 corpore
975 5743 1406 5808 commorantem,
1451 5741 1498 5783 et
1538 5730 1673 5808 ultra
1719 5736 1956 5780 naturam

349 5823 436 5871 est
465 5809 643 5895 fragili
675 5801 828 5862 carne
854 5807 1223 5895 circumdatum
1261 5804 1433 5895 caanis
1461 5801 1665 5855 aculeos
1709 5814 1808 5895 ποίη
1840 5813 1958 5850 sen-

382 5887 394 5895 .
523 5882 539 5895 .
636 5882 646 5891 ο
673 5880 687 5895 ι
727 5880 738 5890 ο
859 5879 869 5889 ι
1052 5879 1061 5889 ο
1102 5878 1113 5895 ,-
1151 5894 1158 5895 ,
1223 5885 1283 5895 4,.
1375 5874 1582 5895 Α---;---..-
1635 5871 1738 5895 -..2-
1802 5878 1857 5895 ..ι
1887 5868 1956 5895 :s-

354 5868 477 5945 ticm
515 5868 582 5937 Et
633 5880 827 5933 idcirco
852 5877 1162 5948 impossibile
1209 5885 1283 5928 est
1331 5874 1582 5928 hominem
1631 5871 1738 5925 suis
1767 5869 1857 5941 (ut
1887 5868 1956 5922 ita

728 5972 1000 6033 Panos.
1050 5965 1268 6031 XLIX.

2043 4094 2263 4150 dixerim
2283 4093 2308 4167 )_
2335 4096 2512 4162 pennis
2557 4095 2642 4167 ad
2679 4102 2783 4146 tam
2827 4093 3147 4167 praecelsum
3181 4093 3474 4167 calesteque
3499 4113 3638 4167 pra-

2044 4168 2201 4219 mium
2229 4161 2512 4227 subtiolare,
2548 4166 2646 4220 nisi
2675 4181 2788 4218 eum
2809 4161 2976 4236 gratia
2998 4161 3204 4218 Domini
3230 4165 3293 4217 de
3322 4161 3469 4220 terra:
3496 4161 3639 4223 coeno

2043 4238 2532 4378 gignier-iocatum“
2575 4235 2824 4291 eduxerit
2848 4235 3008 4308 (Vide
3055 4236 3207 4305 plura
3236 4236 3411 4290 adlib.
3443 4253 3493 4292 vt
3519 4255 3638 4311 cap.

2044 4318 2077 4365 5
2095 4318 2142 4361 et
2158 4318 2310 4378 seq.).

2120 4389 2143 4416 ο
2185 4377 2237 4433 ld
2269 4377 2383 4446 est,
2441 4380 2558 4448 plus
2587 4392 2743 4448 aquo
2785 4377 2885 4432 sibi
2915 4378 3288 4445 applaudens,
3333 4379 3416 4432 vel
3471 4380 3524 4433 in
3578 4396 3640 4440 se

2044 4452 2318 4520 gestiens,
2356 4450 2496 4518 quod
2551 4450 2718 4520 multo
2759 4458 3006 4520 tempore
3039 4449 3274 4520 pollutus
3306 4464 3412 4503 non
3455 4451 3639 4512 fuerit.

2046 4516 2195 4575 Hanc
2217 4516 2537 4591 sententiam
2579 4517 2861 4591 confirmat
2893 4516 3130 4591 Joannes
3156 4519 3425 4591 Climacus
3470 4523 3642 4591 gradu

2052 4594 2073 4646 l
2097 4633 2112 4654 ,
2144 4591 2319 4663 uhide
2340 4590 2642 4663 pollutione
2672 4588 2896 4663 ejusque
2917 4589 3095 4643 causis
3116 4604 3283 4663 agens
3309 4608 3320 4642 :
3355 4588 3421 4643 In
3444 4588 3506 4646 iis
3524 4596 3644 4663 qui-

2048 4663 2199 4725 dem,
2231 4659 2436 4731 inquit,
2468 4661 2555 4731 qui
2580 4659 2733 4712 rudes
2755 4659 3049 4731 imbuuntur
3071 4701 3084 4723 ,
3119 4661 3293 4728 lapsus
3314 4659 3545 4730 corporis
3580 4681 3646 4720 ea:

2048 4732 2244 4786 deliciis
2265 4730 2485 4787 maxime
2511 4730 2623 4799 ﬁeri
2647 4731 2772 4783 solet
2797 4745 2814 4792 ;
2842 4730 2895 4782 in
2918 4730 3255 4784 mediocribus
3273 4747 3390 4784 vero
3411 4735 3560 4787 etiam
3579 4752 3644 4791 ea:

2048 4804 2269 4856 elatione
2297 4803 2476 4855 animi.
2509 4800 2677 4854 Porro
2708 4801 2759 4852 in
2783 4800 2859 4853 his
2883 4801 2967 4869 qui
2989 4801 3286 4870 ρει-[εστὶοηί
3308 4804 3646 4872 proximiores

2049 4884 2195 4938 sunt,
2247 4874 2546 4944 plerumque
2571 4888 2634 4925 ex
2657 4871 3078 4944 condemnatione
3119 4881 3510 4944 contemptuque
3553 4893 3646 4931 su-

2051 4946 2203 5014 perbo
2230 4941 2468 5015 proximi.
2497 4943 2562 5015 Et
2589 4958 2776 4998 rursus
2806 4941 2940 5015 infra
2971 4960 2982 4994 :
3011 4942 3142 4996 Sunt
3165 4943 3404 4997 nonnulli
3423 4947 3512 5014 qui
3532 4947 3649 5004 sola

2051 5013 2278 5070 ciborum
2306 5031 2460 5068 causa
2487 5013 2785 5085 hujnsmodi
2816 5014 2948 5066 bella
2975 5015 3245 5085 adversum
3290 5031 3384 5067 nos
3428 5018 3650 5073 excitari

2050 5097 2198 5156 atque
2251 5086 2454 5139 obsceni
2505 5084 2733 5139 humoris
2787 5085 3093 5159 proﬂuvium
3132 5084 3246 5152 ﬁeri
3278 5096 3464 5152 putant
3493 5098 3648 5159 atque

2051 5168 2339 5212 asseverant
2364 5175 2381 5222 ;
2411 5173 2504 5227 ego
2529 5167 2704 5209 autem
2734 5166 2960 5210 extrema
3001 5156 3244 5227 fatigatos
3292 5156 3600 5227 aegritudine
3630 5203 3645 5226 ,

2051 5239 2098 5301 et
2121 5229 2188 5283 ad
2206 5226 2460 5283 summum
2480 5229 2777 5301 jejunantes
2796 5269 2814 5301 ,ν
2841 5227 3008 5301 valide
3032 5226 3350 5301 hujusmodi
3375 5233 3650 5301 aspergine

2051 5300 2233 5370 [aduri
2276 5297 2506 5370 cognovi.
2561 5297 2879 5370 Interrogavi
2910 5297 3188 5369 aliquando
3232 5297 3648 5370 peraptissimum

2050 5369 2355 5440 quemdam,
2387 5369 2709 5423 discretionis
2732 5369 2898 5439 gratia
2928 5378 3163 5421 ornatum
3187 5369 3496 5423 monachum
3523 5373 3650 5440 quid

2053 5443 2116 5494 de
2145 5443 2208 5496 iis
2233 5442 2554 5495 sentiendum
2583 5449 2737 5504 esset,
2774 5441 2996 5509 mihique
3018 5440 3299 5492 admodum
3329 5441 3502 5495 lucide
3525 5440 3648 5496 bea-

2054 5522 2133 5565 tus
2156 5513 2242 5566 ille
2268 5512 2530 5582 respondit
2560 5528 2578 5564 :
2612 5511 2726 5576 Est,
2759 5511 2942 5581 inquit,
2975 5509 3179 5579 quidem
3210 5512 3261 5563 in
3285 5513 3474 5565 somnis
3507 5529 3649 5581 qua.»

2056 5584 2174 5636 dam
2216 5584 2426 5637 seminis
2468 5584 2670 5636 emissio
2691 5622 2705 5649 ,
2737 5597 2852 5652 qua
2880 5598 2943 5635 ea:
2973 5582 3200 5634 ciborum
3232 5582 3556 5638 multitudine
3602 5595 3652 5640 et

2054 5655 2224 5724 requie
2255 5662 2326 5706 est
2345 5698 2358 5722 ,
2391 5664 2438 5708 et
2464 5652 2571 5705 alia
2602 5669 2715 5721 qua:
2742 5668 2805 5724 ea;
2831 5652 3068 5721 superbia
3091 5653 3337 5723 contingit
3359 5670 3377 5717 ;
3403 5670 3524 5708 cum
3549 5657 3651 5710 sci-

2057 5723 2172 5778 licet
2204 5725 2398 5778 diutius
2429 5725 2604 5776 mundi
2651 5740 2683 5775 a
2705 5723 2839 5790 {teda
2878 5724 2973 5776 hac
2999 5724 3311 5790 reaper-sione
3363 5725 3649 5790 perstiteri?

2061 5812 2202 5858 mus,
2247 5804 2294 5848 et
2324 5811 2412 5866 per
2443 5795 2537 5848 hoc
2578 5796 2631 5866 in
2667 5793 2959 5862 superbiam
3007 5793 3285 5860 efferimur.
3336 5793 3426 5848 Fit
3471 5811 3649 5851 rursus

2062 5864 2358 5937 plerumque
2387 5880 2500 5919 cum
2526 5864 2820 5938 jnrlicumus
2849 5875 2995 5937 atque
3051 5880 3094 5916 c~
3115 5868 3447 5920 ndemnamus
3474 5868 3654 5948 prosi;

3095 5955 3178 6019 28
