4078 6332
423 353 534 414 873

1493 348 1776 408 JOANNIS
1808 348 2130 409 CASSIAPH
2166 352 2662 414 COLLATIONES.

3615 355 3728 419 87¢

422 468 645 526 obsceni
672 465 899 538 tiquorts
926 464 1183 521 'induclis
1209 462 1563 519 blandissima
1594 474 1887 520 securitate
1912 482 2020 521 SOt-
2044 467 2098 529 Α
2124 467 2304 522 ctione
2333 470 2660 537 subsistere,
2692 470 2797 525 nisi
2828 481 2946 526 haec
2968 467 3242 527 eademin
3268 470 3479 527 theriam
3510 483 3730 543 pum

423 573 624 629 vetur,
651 560 834 616 sciens
865 558 1251 630 impurissime
1278 556 1603 612 colluvionis
1638 558 1933 628 aspergine
1960 572 2022 615 se

423 655 676 726 protinus
725 651 1140 719 tusculandum,
1181 650 1229 705 si
1259 648 1343 705 vel
1371 648 1649 721 paululum
1698 650 1828 720 quid
1859 650 1928 705 ab
1957 664 2023 707 eo

421 746 693 818 protectio
722 744 906 803 divina
947 743 1295 809 discesserit;
1346 757 1410 797 ac
1428 742 1668 812 proinde
1692 756 1797 813 pro
1826 756 2023 813 perpe-

420 839 616 895 tuitate
645 838 768 908 eius
795 852 921 894 eum
952 836 1098 892 omni
1124 834 1454 891 coluritione
1480 843 1535 889 et
1575 833 1876 891 humilitate
1901 848 2025 890 oor-

421 932 508 991 dis
532 930 821 990 indefessis
842 936 928 987 est
957 928 1300 985 orationibus
1334 927 1732 987 excutiendum.

1064 1039 1294 1098 CAPUT
1328 1040 1389 1098 V.

422 1137 504 1196 De
544 1138 774 1193 utilitate
799 1135 1206 1260 impugnalgom's
1233 1149 1349 1207 qua:
1377 1134 1525 1189 nobis
1560 1134 1625 1188 de
1649 1133 2022 1189 incentivorum

949 1216 1059 1260 est:
1101 1224 1158 1260 us
1191 1215 1492 1260 ueneratur.

949 1222 1158 1263 εεηοιιδ
1191 1222 1492 1278 generatur.

496 1303 668 1359 Vultis
689 1311 869 1356 autem
896 1314 1093 1370 capere
1115 1313 1279 1368 super
1304 1298 1468 1369 hujus
1494 1299 1579 1355 rei
1598 1314 1760 1370 quam
1786 1298 2019 1354 dicimus

418 1397 649 1451 veritate
676 1395 900 1451 evidens
930 1402 1337 1463 argumentum,
1371 1408 1471 1463 per
1499 1394 1643 1464 quod
1672 1403 1727 1448 et
1756 1393 1871 1448 haec
1898 1406 2019 1464 quin

420 1490 569 1545 dicta
598 1497 756 1554 sunt,
790 1486 1100 1558 approbetis
1121 1526 1136 1552 ,
1168 1493 1225 1540 et
1247 1485 1407 1541 istam
1450 1487 1696 1556 corporis
1740 1499 1973 1555 pugnam
1998 1524 2015 1551 ,

420 1600 539 1655 quae
570 1585 786 1640 inimica
813 1582 968 1638 nobis
995 1588 1218 1651 putatur
1248 1595 1311 1636 ac
1341 1581 1504 1634 noxia
1532 1618 1550 1648 ,
1596 1580 1810 1634 utiliter
1847 1594 2019 1634 meru-

417 1676 530 1733 bris
560 1677 764 1733 nostris
797 1678 1057 1731 insertam
1091 1689 1215 1729 esse
1242 1672 1592 1728 doceamini?
1620 1671 1976 1727 Considerate
1998 1711 2014 1737 ,

417 1784 604 1839 qumso
625 1812 640 1837 ,
672 1771 794 1825 illlos
819 1771 908 1840 qui
937 1777 965 1806 ι
996 1781 1229 1837 corpore
1254 1775 1382 1822 sunt
1404 1766 1697 1835 Spadones,
1720 1779 1845 1835 quae
1878 1776 2015 1834 prae-

2129 560 2325 617 fuerint
2344 564 2645 618 immutata.
2674 562 2743 618 Et
2758 562 2963 619 idcirco
2983 564 3031 619 si
3050 563 3309 620 carnales
3326 564 3733 634 concupiscen—

2130 653 2229 707 tias
2258 653 2328 708 de
2374 654 2636 710 cordibus
2688 654 2890 713 nostris
2943 653 3321 712 desideramus
3377 656 3727 725 extrudere,

2126 745 2399 815 spiritales
2418 749 2472 801 in
2500 761 2687 802 earum
2716 745 2855 802 locis
2883 745 3187 821 plantemus
3230 748 3480 818 protinus
3524 747 3734 804 volun-

2127 847 2297 906 tates,
2326 848 2385 895 ut
2414 841 2496 895 his
2527 843 2739 896 animus
2766 850 2956 897 noster
2986 855 3201 912 semper
3240 842 3506 911 innexus,
3537 853 3590 899 et
3619 844 3733 898 ha—

2127 928 2253 987 beat
2270 932 2466 1002 quibus
2487 932 2687 1003 iugiter
2710 933 3057 1002 immoretttr.
3084 940 3143 993 et
3161 933 3450 999 illecebras
3477 949 3735 1005 presen-

2125 1024 2260 1079 tium
2291 1040 2356 1079 ac
2381 1024 2759 1095 temporalium
2810 1034 3032 1097 respuat
3082 1025 3423 1095 gaudiorum.
3475 1025 3736 1097 Cumque

2122 1116 2179 1172 in
2211 1117 2358 1173 hunc
2404 1126 2603 1173 statum
2635 1133 2788 1174 mens
2815 1127 3003 1175 nostra
3056 1116 3390 1189 quotidianis
3417 1119 3738 1176 exercitiis

2123 1210 2334 1269 erudita
2386 1211 2716 1282 proiecerit,
2769 1222 2897 1269 tunc
2949 1212 3212 1269 versiculi
3264 1213 3412 1268 illius
3465 1212 3736 1270 allectum

2125 1304 2460 1373 experientia
2492 1304 2725 1360 docente
2751 1305 3056 1375 concipiet,
3090 1319 3250 1376 quem
3280 1316 3474 1361 omnes
3502 1304 3741 1376 quidem

2123 1396 2287 1451 solita
2335 1395 2602 1466 psallendi
2651 1396 3018 1453 modulatione
3043 1397 3418 1462 concinimus,
3470 1398 3740 1452 virtutem

2123 1503 2256 1544 vero
2278 1488 2399 1559 ejus
2424 1505 2531 1544 non
2561 1488 2665 1545 nisi
2698 1489 2857 1559 pauci
2879 1490 3198 1560 expertique
3218 1488 3558 1560 percipiunt:
3586 1489 3742 1544 Pro-

2118 1581 2355 1636 videbam
2383 1580 2668 1637 Dominum
2695 1582 2750 1636 in
2770 1590 3049 1653 conspectu
3076 1598 3188 1637 meo
3219 1599 3440 1651 semper,
3471 1584 3742 1655 quoniam

2121 1692 2155 1728 a
2182 1676 2375 1730 dextris
2402 1685 2479 1731 est
2506 1674 2631 1731 mihi
2656 1692 2719 1731 ne
2756 1691 3072 1732 cummovear
3103 1674 3331 1748 (Psalm.
3356 1674 3475 1747 xv).
3510 1676 3613 1731 ille
3638 1685 3745 1732 et-

2122 1769 2268 1826 enim
2311 1770 2460 1826 Selus
2503 1769 2613 1825 vim
2644 1779 2806 1841 atque
2859 1768 3195 1826 intellectum
3248 1768 3409 1841 hujus
3462 1770 3743 1826 carminis

416 1863 577 1932 cipue
605 1876 771 1918 causa
796 1862 850 1916 in
879 1861 1174 1916 virtutibus
1196 1858 1518 1930 appetendis
1563 1858 1780 1914 desides
1824 1856 2018 1913 reddat
2044 1862 2096 1924 Β
2125 1861 2424 1918 emcaciler
2464 1862 2770 1932 assequitur
2792 1902 2807 1930 ,
2859 1860 2949 1933 qui
2990 1859 3317 1932 perveniens
3348 1856 3414 1915 ad
3465 1860 3623 1915 istam
3652 1859 3744 1917 de

415 1968 481 2009 ac
509 1955 741 2023 tepidos.
775 1953 1116 2023 Nonne‘qnia
1146 1950 1562 2022 corrumpendae
1601 1950 1866 2005 castitatis
1890 1964 2014 2005 cre-

415 2048 551 2103 dunt
597 2063 658 2103 se
690 2048 985 2119 periculum
1017 2061 1127 2102 non
1176 2047 1424 2102 habere?
1452 2044 1610 2112 Quod
1643 2054 1823 2099 tamen
1851 2054 2013 2099 nemo

408 2140 486 2199 ita
519 2139 874 2211 proposuisse
900 2154 988 2195 me
1010 2139 1225 2203 credat,
1251 2148 1310 2193 ut
1332 2139 1603 2194 neminem
1634 2151 1825 2192 eorum
1854 2136 2013 2206 peni-

411 2238 503 2287 tus
533 2231 765 2286 inveniri
795 2245 958 2301 posse
1001 2231 1322 2286 conﬁrmem
1345 2270 1361 2296 ,
1390 2228 1636 2300 perlecta
1666 2226 2016 2283 abrenuntia-

410 2325 561 2381 tione
590 2325 943 2395 ﬂagrantem,
990 2325 1086 2380 sed
1135 2323 1263 2394 quia
1308 2333 1560 2378 naturam
1609 2321 2014 2393 quodammodo

408 2428 565 2471 suam
589 2418 842 2483 vincant,
883 2418 930 2471 si
975 2417 1068 2485 qui
1116 2416 1257 2471 forte
1313 2431 1502 2471 eorum
1558 2416 1624 2469 ad
1679 2417 2011 2486 propositam

408 2509 767 2580 perfectionis
793 2509 1030 2578 palmam
1059 2523 1271 2563 summa
1299 2509 1465 2563 animi
1507 2507 1850 2562 districtione
1876 2522 2013 2562 con-

408 2603 671 2671 tendant,
723 2602 883 2672 cujus
941 2602 1107 2657 ardor
1158 2616 1224 2656 ac
1273 2600 1610 2656 desiderium
1667 2614 1791 2655 eum
1851 2610 2013 2668 quem

409 2699 585 2755 semel
603 2699 936 2765 accenderit,
971 2698 1191 2767 famem,
1223 2697 1393 2766 sitim,
1426 2696 1663 2767 vigilias,
1690 2696 2012 2762 nuditatem,

410 2801 750 2861 cunctosque
788 2792 1004 2847 labores
1035 2790 1315 2862 corporis,
1349 2806 1457 2845 non
1490 2789 1665 2844 solum
1717 2789 2010 2860 patienter,

408 2898 602 2940 verum
630 2886 796 2940 etiam
830 2885 1064 2940 libenter
1086 2885 1361 2941 sustinere
1388 2886 1684 2954 compellit.
1706 2883 1843 2939 bVir
1867 2885 2011 2939 enim

408 2976 464 3033 in
486 2976 752 3033 doloribus
783 2976 987 3032 laborat
1033 2980 1167 3047 sibi,
1199 2988 1248 3035 et
1274 2980 1374 3032 vim
1401 2978 1528 3048 facit
1558 2979 1869 3047 perditionis
1906 2992 2016 3032 sua:

410 3068 598 3139 (Prov.
628 3085 749 3140 XVI,
798 3086 900 3124 sec.
928 3068 1117 3142 LXX).
1154 3070 1217 3125 Et
1247 3072 1441 3125 iterum
1473 3087 1485 3123 :
1536 3080 1558 3109 ο
1590 3069 1791 3124 Anima:
1834 3078 2015 3125 autem

409 3164 578 3233 egenti
609 3162 765 3215 etiam
782 3177 965 3227 amara
986 3161 1160 3217 dulcia
1183 3162 1423 3216 videntur
1443 3158 1628 3234 (Prov.
1646 3165 1835 3227 xxvii).
1864 3162 2013 3220 Alias

2120 1971 2223 2026 qua
2254 1956 2530 2026 loquimur
2545 1956 2790 2025 corporis
2814 1956 2978 2024 atque
3000 1955 3200 2010 anima:
3227 1953 3537 2025 puritatem,
3559 1952 3744 2010 intel-

2116 2049 2237 2119 ligit
2265 2062 2326 2105 se
2351 2049 2563 2103 cunctis
2586 2047 2896 2115 momentis,
2924 2060 2991 2103 ne
3009 2060 3199 2104 rursus
3219 2045 3287 2102 ad
3311 2046 3502 2103 eadem
3529 2044 3745 2103 devol-

2116 2153 2304 2208 vatur,
2352 2156 2384 2196 a
2410 2139 2644 2196 Domino
2700 2140 3057 2206 conservari,
3112 2138 3438 2210 dextrasque
3468 2152 3628 2207 suas,
3662 2138 3745 2195 id

2119 2244 2233 2305 est,
2269 2233 2617 2301 operationes
2648 2239 2867 2288 sanctas
2898 2228 2967 2288 ab
2995 2230 3189 2287 eodem
3220 2229 3425 2302 iugiter
3471 2245 3744 2287 commu-

2119 2327 2247 2383 niri.
2280 2326 2540 2382 Dominus
2568 2327 2713 2381 enim
2739 2325 2942 2381 sanctis
2967 2326 3082 2381 suis
3110 2339 3218 2380 non
3240 2340 3269 2380 a
3296 2325 3530 2381 sinistris
3552 2324 3741 2398 (quia

2118 2418 2145 2458 ά
2175 2420 2305 2475 nihil
2354 2420 2515 2474 habet
2545 2419 2822 2475 sinistrum
2871 2419 2953 2474 vir
2995 2418 3292 2489 sanctus),
3325 2417 3423 2476 sed
3450 2433 3477 2473 a
3506 2418 3740 2474 dextris

2117 2529 2334 2585 semper
2363 2512 2602 2578 assistit;
2634 2526 2662 2566 a
2706 2512 3092 2583 peccatoribus
3134 2527 3265 2568 vero
3291 2520 3347 2568 et
3385 2511 3563 2580 impiis
3608 2524 3743 2568 non

2117 2606 2333 2662 videtur
2354 2648 2367 2672 ,
2400 2606 2528 2675 quia
2557 2620 2664 2660 non
2689 2604 2892 2660 habent
2914 2604 3031 2660 illas
3051 2603 3334 2671 dexteras,
3372 2604 3564 2676 quibus
3603 2602 3737 2658 Do-

2119 2699 2301 2754 minus
2328 2698 2608 2753 consuevit
2635 2698 2935 2764 assistere,
2967 2710 3068 2753 nec
3119 2706 3341 2765 possunt
3381 2695 3563 2753 dicere
3592 2702 3741 2755 cum

2089 2854 2092 2857 _
2119 2791 2392 2859 PrOplteta
2417 2830 2430 2852 ,
2468 2788 2622 2843 Oculi
2654 2789 2753 2844 mei
2777 2805 2979 2861 semper
3007 2789 3076 2842 ad
3114 2786 3399 2843 Dominum
3428 2832 3441 2856 ,
3473 2790 3741 2859 quoniam

2117 2883 2229 2952 ipse
2254 2882 2436 2936 evellet
2469 2881 2534 2935 de
2561 2882 2743 2951 laqueo
2783 2881 2935 2954 pedes
2975 2894 3115 2935 meos
3162 2879 3293 2952 (Ps.
3342 2879 3527 2952 xxiv).
3558 2881 3742 2948 Quod

2117 2975 2303 3030 nullus
2330 2973 2528 3043 poterit
2581 2972 2819 3028 veridice
2869 2971 3114 3042 proﬁteri
3164 2970 3268 3027 nisi
3320 2971 3411 3042 qui
3456 2973 3740 3031 universa

2116 3082 2235 3139 qum
2259 3068 2313 3121 in
2340 3064 2445 3121 hoc
2474 3064 2677 3120 mundo
2705 3073 2861 3131 sunt,
2893 3072 2990 3120 aut
3033 3065 3194 3119 noxia
3218 3107 3236 3133 ,
3276 3074 3373 3119 aut
3399 3064 3674 3137 superﬂua
3713 3108 3738 3133 ,

2119 3169 2215 3217 aut
2254 3169 2401 3215 certe
2444 3158 2701 3214 interiora
2746 3160 2974 3215 summis
2997 3159 3291 3214 virtutibus
3306 3157 3740 3230 judicans,om-

408 3270 645 3325 namque
676 3271 784 3311 non
817 3265 1071 3325 poterunt
1104 3254 1374 3311 desideria
1414 3257 1767 3326 praesentium
1826 3268 2009 3313 rerum
2038 3241 2085 3305 C
2120 3268 2245 3309 nem
2278 3253 2531 3306 intuitum
2563 3266 2722 3307 suum
2749 3291 2767 3319 ,
2797 3265 2959 3307 omne
2988 3251 3223 3307 studium
3243 3292 3258 3317 ,
3286 3264 3500 3306 omnem
3529 3264 3737 3308 curam

410 3349 497 3403 vel
528 3347 762 3419 deprimi
787 3348 871 3403 vel
900 3348 1089 3413 avelli,
1124 3348 1227 3402 nisi
1258 3362 1356 3417 pro
1384 3348 1502 3402 istis
1525 3347 1810 3403 affectibus
1833 3349 2011 3404 noxiis

410 3450 547 3511 quos
577 3440 824 3510 cupimus
851 3440 1118 3510 amputari
1145 3480 1161 3504 ,
1188 3439 1279 3494 alii
1308 3440 1571 3495 salutares
1603 3438 1801 3495 fuerint
1839 3441 2011 3496 intro-

408 3533 587 3589 missi.
614 3532 933 3588 Nullatenus
954 3533 1099 3587 enim
1123 3532 1267 3588 valet
1292 3532 1555 3588 vivacitas
1581 3533 1778 3587 mentis
1809 3532 2013 3603 absque

407 3625 638 3696 alicujus
655 3625 914 3684 desiderii
938 3627 1028 3683 vel
1051 3627 1280 3695 timoris,
1303 3626 1486 3698 gaudii
1505 3627 1587 3682 vel
1612 3626 1867 3682 maeroris
1884 3627 2015 3684 alie-

2123 3361 2250 3415 erga
2278 3345 2480 3400 cultum
2512 3344 2594 3399 sui
2620 3341 2802 3399 cordis
2827 3354 2881 3398 et
2910 3344 3244 3400 castimonia:
3277 3343 3525 3400 deiixerit
3567 3345 3739 3411 puri-

2119 3445 2282 3493 tatem
2308 3479 2321 3501 ,
2353 3446 2517 3506 atque
2546 3435 2621 3490 ita
2650 3449 2806 3491 mens
2830 3435 2951 3490 istis
2973 3434 3250 3491 exercitiis
3274 3435 3489 3490 climata
3508 3444 3564 3491 et
3586 3448 3737 3505 pro-

2117 3530 2351 3587 fectibus
2372 3528 2633 3599 expolita,
2661 3526 2729 3583 ad
2751 3526 3044 3599 perfectam
3067 3528 3315 3599 corporis
3338 3536 3501 3600 atque
3515 3527 3736 3586 sum

2115 3624 2400 3699 perveniet
2428 3623 2741 3694 puritatem.

1487 3804 1741 3862 ALARD!
1780 3805 2017 3863 GAZlEI
2054 3801 2624 3863 COMMENTARIUS.

405 3981 568 4020 mum.
603 3962 842 4027 Horum,
890 3963 1088 4030 inquit,
1121 3978 1365 4034 generum
1391 3962 1494 4034 duo
1519 3961 1809 4034 contingere
1851 3964 2004 4018 etiam

406 4035 629 4103 inﬁrmis
658 4042 908 4102 possunt;
945 4028 1179 4104 fortassis
1237 4041 1284 4087 et
1331 4033 1544 4104 omnia.)
1574 4028 1742 4086 Porro
1791 4034 1837 4086 si
1890 4036 2002 4103 quis

406 4102 630 4180 seipsum
661 4106 917 4180 praedictis
939 4102 1171 4180 omnibus
1193 4104 1371 4180 causis
1383 4102 1637 4180 mundum
1660 4119 1769 4157 esse
1795 4102 2001 4180 conspit

406 4172 509 4244 cit',
560 4172 755 4249 hiciea:
797 4176 1111 4249 hujusmodi
1148 4173 1519 4249 tranquillitate
1555 4172 1869 4249 metusest.
1904 4172 2005 4249 Qui

404 4264 524 4303 vero
554 4264 616 4302 ea:
638 4244 929 4301 dwmonum
950 4245 1146 4299 invidia
1186 4248 1241 4298 id
1287 4244 1483 4317 patitur
1502 4289 1516 4311 ,
1544 4244 1657 4317 'Deo
1702 4245 1756 4297 id
1779 4246 1896 4315 ﬁeri
1936 4248 2005 4301 ad

407 4329 609 4391 tempus
631 4320 953 4391 permittente
980 4319 1071 4391 ﬁt,
1102 4325 1157 4370 ut
1179 4333 1267 4386 per
1290 4316 1429 4370 hanc
1478 4316 1825 4391 calamitatem
1845 4359 1859 4381 ,
1891 4335 2004 4388 quae

405 4386 745 4461 sitte'peccato
776 4404 872 4457 est,
897 4390 1202 4443 altissimam
1227 4397 1332 4441 tuto
1354 4388 1613 4459 possideat
1635 4386 1998 4443 humilitatem.

404 4461 538 4517 Haec
563 4461 675 4514 ille.

482 4542 509 4570 ι
540 4532 687 4586 idem
738 4530 1045 4600 exemplum
1095 4530 1419 4598 spadonum.
1471 4528 1586 4584 sive
1628 4529 2001 4600 cunuchorum

446 4604 692 4670 reposuit
724 4599 1108 4657 abbasDaniel
1142 4602 1330 4656 cnilat.
1369 4600 1403 4654 4
1427 4615 1547 4670 cap.
1576 4600 1640 4654 i7
1668 4599 1747 4653 his
1780 4602 1956 4655 verbis
1983 4620 1997 4656 :

446 4615 692 4670 roposurt
724 4615 893 4657 abbas
923 4615 1108 4656 Daniel
1142 4615 1330 4656 cntlat.
1369 4615 1403 4654 4
1427 4615 1547 4670 cap.
1576 4615 1637 4654 't‘t
1668 4615 1747 4653 llis
1780 4615 1956 4655 verbis
1983 4620 1997 4656 :

400 4615 474 4731 9η
504 4673 604 4739 his,
634 4673 723 4744 qui
751 4674 1017 4747 spadones
1032 4682 1151 4726 sunt
1180 4688 1421 4747 corpore,
1452 4673 1643 4747 idcirco
1675 4671 1813 4747 hunc
1839 4675 2003 4747 animi

404 4757 628 4814 teporem
650 4743 1167 4815 'pleruntque'inesse
1206 4743 1656 4815 deprehendimus,
1692 4743 1813 4810 quia
1840 4746 2002 4799 veluti

404 4764 628 4814 teporem
710 4764 974 4815 serumque
1000 4764 1167 4798 messe
1206 4764 1656 4811 acprenenatmus,
1692 4764 1813 4810 qum
1840 4764 1999 4799 vemtt

403 4818 560 4874 soluti
583 4815 647 4869 ab
669 4764 765 4870 Kac
792 4816 1091 4869 necessitate
1112 4816 1335 4882 carnali,
1359 4830 1449 4868 nec
1473 4814 1647 4868 labore
1671 4816 2000 4871 continentia:

401 4887 709 4957 corporalis,
736 4904 827 4941 nec
846 4888 1155 4941 contritione
1180 4889 1348 4941 cordis
1369 4903 1421 4940 se
1444 4888 1700 4940 testimant
1726 4886 1995 4956 indigere:

402 4970 452 5015 et
485 4961 582 5014 hac
610 4960 824 5013 resoluti
853 4960 1152 5023 securitate,
1185 4974 1461 5028 numquam
1493 4957 1855 5027 perfectionem
1882 4975 1996 5011 cor-

398 5031 501 5096 dis,
526 5031 616 5085 sed
637 5046 728 5083 nec
748 5028 1104 5098 spiritualium
1135 5029 1340 5099 quidem
1364 5030 1606 5082 vitiorum
1637 5029 1995 5099 purgationem

398 5046 501 5096 ars,
526 5046 614 5085 sea
637 5046 728 5083 nec
748 5046 1104 5098 sptruuauum
1171 5046 1340 5082 maem
1364 5046 1606 5082 vanorum
1637 5046 1989 5099 purgationem

397 5104 476 5157 vel
505 5117 737 5173 querere
764 5103 817 5155 in
836 5101 1063 5167 veritate,
1081 5046 1168 5155 ve?
1182 5099 1449 5169 possidere
1469 5099 1849 5173 festinant._Sic
1879 5101 1989 5165 ille,

397 5170 706 5227 monachos
736 5173 970 5241 tepidos,
1004 5187 1070 5227 ac
1096 5180 1398 5238 torpentes,
1432 5182 1487 5227 et
1531 5170 1584 5224 in
1633 5170 1991 5238 perfectionis

398 5244 578 5315 studio
609 5246 925 5315 languentes
950 5258 1015 5297 ac
1042 5242 1366 5309 desidiosus,
1407 5241 1757 5312 spadonibus,
1784 5243 1993 5313 ignavis

400 5314 739 5380 hominibus,
770 5329 1112 5382 comparans.
1143 5315 1347 5369 Eodem
1379 5315 1613 5383 pertinet
1635 5314 1775 5378 quod
1805 5316 1995 5369 scribit

396 5384 635 5441 Joannes
652 5386 923 5440 tilimacus
948 5384 1069 5439 loco
1083 5387 1278 5440 citato:
1298 5385 1523 5452 Quidam
1550 5401 1633 5437 eos
1658 5384 1828 5438 beatos
1849 5386 1996 5439 dire-

396 5470 517 5529 runt
548 5457 830 5520 eunuchos,
865 5457 949 5524 qui
979 5458 1053 5509 ita
1073 5467 1194 5529 sunt
1222 5457 1404 5529 geniti,
1440 5465 1701 5529 tamquam
1733 5457 1995 5509 violentis-

396 5528 530 5581 sima
556 5529 728 5582 carnis
754 5529 1106 5596 dominatione
1132 5527 1397 5583 liba—ratos.
1434 5527 1547 5596 Ego
1566 5543 1687 5579 vero
1714 5543 1798 5580 eos
1823 5529 1993 5580 maxi-

396 5613 479 5671 νει-ᾳ
504 5599 675 5671 beatos
706 5599 841 5664 dico,
867 5595 957 5668 qu'i
981 5616 1044 5654 ea:
1069 5600 1373 5669 quatidiana
1395 5595 1573 5671 pugna
1589 5599 1814 5651 eunuchi
1834 5598 1990 5669 ﬁunt.

394 5666 477 5724 Hi
503 5670 640 5744 enim
668 5671 867 5744 ratione
882 5666 1043 5726 veluti
1072 5666 1248 5743 gladio
1267 5666 1493 5744 quodam
1521 5668 1822 5725 abscindere
1834 5666 1898 5722 se
1929 5687 1991 5724 ac

396 5740 642 5793 mutilare
665 5741 851 5795 solent.

469 5808 498 5848 ιι
523 5810 728 5883 Textns
754 5810 908 5883 Vulg.
942 5830 955 5866 :
983 5814 1170 5868 Anima
1194 5811 1478 5869 laborantis
1500 5813 1836 5881 laborat‘sibi,
1864 5812 1987 5883 quia

396 5881 645 5947 cempulit
666 5899 784 5938 eum
810 5881 1046 5940 ossuum
1075 5883 1261 5955 (Prov.
1298 5885 1443 5957 xw).

2191 3971 2214 3999 ο
2243 3959 2468 4029 Vulgata
2494 3959 2656 4015 lectio
2681 3957 2863 4032 (Prov.
2888 3961 3022 4031 xvn)
3054 3979 3067 4015 :
3096 3963 3286 4017 Anima
3309 3964 3501 4016 satiata
3527 3963 3723 4019 calca-

2114 4032 2186 4087 bit
2212 4036 2427 4105 favum;
2448 4039 2497 4105 et
2520 4031 2699 4105 anima
2734 4031 2965 4105 esuriens
2997 4035 3149 4086 etiam
3178 4050 3410 4088 amarum
3437 4050 3530 4105 pro
3560 4036 3727 4092 dulci

2112 4113 2296 4174 sumet.
2328 4100 2430 4157 Ubi
2460 4101 2691 4172 insignis
2732 4111 2820 4174 est
2846 4103 3139 4174 hyperbole
3184 4105 3236 4159 in
3280 4100 3451 4160 verbo
3479 4107 3721 4173 calcare,

2111 4189 2213 4244 pro
2240 4173 2569 4240 abominari,
2587 4171 2696 4228 ant
2725 4171 2991 4244 fastidire.
3018 4175 3241 4230 Constat
3268 4190 3401 4232 vero
3431 4176 3547 4231 lucc
3571 4171 3719 4233 sets;

2111 4243 2282 4299 tentia
2330 4244 2528 4313 duplici
2580 4243 2795 4314 adagio,
2830 4246 2944 4314 ipsa
2996 4248 3327 4313 experientia
3376 4249 3506 4303 satis
3547 4259 3718 4304 noto.

2110 4316 2294 4371 Monet
2324 4331 2487 4386 porro
2527 4313 2820 4385 anetanus
2854 4313 3007 4371 hanc
3038 4320 3364 4373 sententiam
3411 4321 3475 4372 ad
3518 4322 3720 4376 omnia

2110 4387 2396 4442 transferri
2430 4401 2613 4456 posse,
2636 4387 2833 4456 quibus
2863 4388 2991 4441 dum
3030 4404 3299 4455 caremus,
3328 4390 3487 4445 valde
3510 4405 3574 4445 ea
3608 4407 3719 4459 ap-

2108 4462 2376 4533 petimus;
2407 4473 2529 4513 cum
2552 4459 2732 4533 adepti
2760 4473 2971 4533 sumus,
2999 4459 3157 4515 facile
3182 4461 3520 4533 fastidimus;
3551 4463 3718 4533 quod

2107 4528 2226 4599 l'use
2256 4532 2604 4599 prosequitur
2631 4528 2922 4585 Jansenius
2951 4532 3004 4585 in
3036 4531 3287 4588 eumdem
3312 4535 3509 4587 locum.

2178 4598 2206 4638 ά
2244 4598 2462 4656 Similes
2500 4601 2797 4674 sententia:
2844 4603 2987 4674 apud
3047 4602 3107 4657 D.
3139 4602 3523 4674 Hieronymum
3577 4604 3707 4660 fre-

2107 4679 2361 4740 quentes,
2410 4671 2553 4744 utin
2606 4671 2905 4727 Ezechielis
2946 4687 3065 4744 cap.
3103 4690 3187 4731 xu
3216 4694 3227 4727 :
3260 4671 3544 4729 ln'sancto
3588 4677 3717 4733 viro

2106 4752 2376 4816 utrumque
2399 4742 2657 4816 dextrum,
2684 4751 2958 4816 utrumque
2988 4742 3267 4816 perfectum
3294 4755 3385 4800 est.
3418 4748 3471 4800 in
3504 4745 3670 4804 Eccle
3687 4778 3712 4789 -

2103 4815 2263 4868 siast.
2294 4830 2344 4867 c.
2374 4830 2408 4868 x
2435 4830 2447 4867 :
2476 4813 2654 4869 Justus
2684 4814 2946 4867 sinistram
2978 4813 3087 4869 non
3112 4816 3263 4871 liabet
3289 4819 3420 4872 :scd
3448 4826 3611 4873 totum
3642 4818 3713 4875 in

2106 4901 2164 4957 eo
2193 4887 2431 4938 dextrum
2465 4896 2558 4939 est.
2584 4884 2799 4957 Rursus
2828 4887 2879 4939 in
2909 4899 3028 4957 cap.
3058 4902 3089 4939 v
3119 4888 3355 4942 Matthmi
3384 4906 3395 4917 ·
3432 4887 3708 4944 Percussa

2104 4956 2288 5029 dextra
2340 4963 2521 5029 nostra
2570 4973 2672 5010 non
2700 4956 2959 5029 jubemur
3006 4959 3272 5013 sinistram
3318 4960 3563 5029 prtcltere,
3605 4963 3712 5014 sed

2103 5028 2356 5092 alteram;
2389 5027 2488 5081 hac
2522 5036 2621 5091 est,
2654 5028 2871 5081 alteram
2905 5029 3158 5083 dextram.
3184 5027 3366 5085 Justus
3397 5032 3530 5085 enim
3551 5027 3713 5085 sini-

2103 5108 2265 5151 stram
2291 5116 2392 5151 non
2426 5099 2594 5153 habet.
2627 5098 2681 5153 ltt
2710 5100 2979 5153 Psaimnm
3008 5115 3071 5154 xc
3100 5118 3114 5152 τ
3150 5100 3349 5158 Dextra
3367 5103 3533 5156 sancti
3560 5102 3707 5155 diri-

2103 5180 2225 5236 tur;
2250 5170 2461 5244 sinistra
2493 5187 2595 5221 non
2625 5170 2844 5234 dicitur,
2869 5172 2959 5223 sed
2994 5172 3130 5227 latus
3159 5189 3254 5244 pro
3287 5174 3498 5227 sinistra
3524 5175 3712 5227 nomi-

2100 5250 2272 5315 natur.
2303 5238 2425 5294 Non
2446 5244 2587 5315 enim
2621 5249 2817 5309 poterat
2834 5244 3041 5315 justum
3065 5238 3193 5315 esse.
3217 5252 3273 5297 ut
3287 5247 3463 5313 justus
3493 5244 3708 5298 haberet

2099 5312 2383 5384 sinistram.
2430 5311 2533 5384 Qui
2573 5321 2619 5365 te
2650 5311 3206 5384 percusserit,inquit,
3234 5311 3296 5370 in
3320 5316 3555 5370 dextram
3587 5332 3711 5369 nta-

2099 5383 2305 5453 xillam,
2341 5383 2511 5453 prwbc
2533 5385 2579 5436 ei
2604 5393 2655 5436 et
2694 5384 2934 5436 alteram.
2966 5383 3088 5438 Non
3115 5386 3249 5440 dixit
3277 5402 3298 5445 :
3333 5397 3382 5439 et
3404 5388 3702 5453 sinﬁrtmm.

2101 5452 2224 5506 Non
2276 5452 2411 5526 enim
2469 5463 2541 5507 est
2587 5456 2796 5507 sinistra
2848 5470 2964 5526 qua:
3013 5456 3291 5526 prwbetur,
3346 5459 3434 5512 sed
3472 5452 3708 5513 dextera

2100 5526 2287 5597 altera.
2329 5525 2468 5595 Ergo
2511 5526 2819 5593 simpliciter
2867 5524 3021 5591 dico,
3052 5529 3300 5597 quoniam
3336 5529 3512 5597 justus
3559 5529 3708 5585 duo:

2100 5595 2309 5669 dextras
2341 5599 2509 5669 habet.
2538 5597 2776 5663 'Itrnique
2816 5597 2994 5669 etqille
3035 5595 3175 5665 Aod,
3225 5601 3313 5669 qui
3337 5595 3597 5654 scribitur
3630 5600 3706 5655 iis

2096 5663 2351 5742 Iudicum
2377 5667 2529 5732 libro,
2552 5678 2831 5742 propterea
2854 5667 2993 5742 duas
3016 5663 3446 5742 dextras-trahere
3475 5671 3705 5742 dicitur,

2098 5739 2415 5883 “8111;;
2437 5746 2570 5805 erat,
2588 5748 2635 5792 et
2653 5739 2913 5810 interfecit
2932 5739 3087 5795 illum
3106 5741 3511 5813 pinguissimum
3525 5739 3705 5814 regali

2164 5827 2195 5863 ιι
2257 5827 2303 5865 c.
2351 5826 2367 5864 ι

2164 5826 2303 5865 ιιατε.
2326 5826 2367 5865 ll
