4078 6332
317 461 415 522 877

928 573 1156 634 CAPUT
1211 575 1298 632 Vl.

393 671 546 740 Quod
575 671 828 744 patientia
859 669 1098 728 ardorem
1129 670 1486 742 fornicationis
1517 670 1832 742 exstinguat.

402 765 674 842 Quantum
697 761 842 820 enim
867 763 986 834 quis
1007 763 1060 822 in
1089 760 1311 818 lenitate
1339 776 1404 816 ac
1425 761 1678 834 patientia
1701 760 1905 828 cordis,

328 863 534 912 tantum
592 855 648 910 in
704 854 948 926 corporis
997 853 1232 924 puritate
1277 853 1552 924 proﬁciet;
1603 860 1912 926 quantoque

325 949 534 1022 longius
569 946 861 1002 iracundia:
887 945 1194 1018 propnlerit
1221 946 1550 1016 passionem.
1579 955 1728 1000 tanto
1751 943 1915 1000 casti-

328 1049 492 1094 tutem
525 1038 770 1094 tenacius
801 1037 1088 1096 obtinebit.
1127 1037 1250 1094 Non
1280 1037 1422 1094 enim
1463 1045 1628 1092 astus
1670 1037 1917 1108 corporis

327 1132 642 1198 declinabit,
673 1133 778 1187 nisi
817 1131 906 1202 qui
953 1132 1120 1186 animi
1149 1143 1330 1186 motus
1357 1141 1482 1186 ante
1511 1130 1914 1200 compresserit.

330 1226 480 1294 Quod
501 1227 847 1297 apertissime
875 1225 1177 1282 Salvatorls
1199 1227 1372 1280 nostri
1393 1241 1489 1281 ore
1510 1225 1722 1280 laudata
1745 1225 1918 1280 beati-

329 1319 456 1376 tudo
511 1319 794 1376 declarat:
825 1316 984 1372 Beati
1025 1319 1208 1386 mites,
1247 1319 1492 1390 quoniam
1535 1319 1636 1388 ipsi
1686 1319 1921 1390 posside-

333 1411 456 1466 bunt
483 1420 510 1448 ι
537 1419 725 1466 terram
755 1409 982 1484 (Matth.
1023 1411 1129 1482 ix).
1163 1411 1276 1466 Non
1309 1427 1438 1488 ergo
1477 1410 1634 1465 aliter
1678 1419 1918 1468 nostram

329 1501 728 1576 possidebimus
752 1511 974 1568 terram,
1007 1501 1060 1556 id
1083 1510 1188 1566 est,
1219 1517 1325 1558 non
1353 1502 1483 1556 alias
1507 1501 1698 1558 ditioni
1723 1513 1920 1560 nostra:

329 1595 548 1652 rebellis
579 1595 740 1666 hujus
779 1597 1028 1666 corporis
1075 1606 1217 1650 terra
1245 1595 1528 1666 subdetur,
1563 1595 1591 1636 ιι
1631 1598 1734 1652 nisi
1768 1613 1922 1654 mens

330 1699 514 1746 nostra
563 1689 714 1762 prius
755 1687 916 1745 fuerit
954 1691 1228 1764 patientia:
1259 1691 1482 1750 lenitate
1527 1691 1778 1758 fundata;
1823 1707 1923 1748 nec

331 1785 530 1856 peterit
555 1785 674 1854 quis
707 1781 970 1838 adversus
1007 1799 1230 1840 cat-nem
1259 1799 1408 1840 suam
1441 1783 1773 1858 insurgentia
1805 1785 1924 1842 libi-

331 1875 468 1930 dinis
499 1875 641 1930 bella
676 1875 1062 1948 comprimere,
1099 1878 1200 1932 nisi
1233 1875 1383 1946 prius
1415 1879 1582 1932 armis
1605 1889 1924 1934 mansuetae

1391 455 1734 516 COLLATIO
1772 451 2081 512 XlI.-—DE
2117 450 2522 514 CASTITAII'E.

1931 574 1984 636 Α
2011 579 2264 636 conterat,
2295 579 2344 624 et
2373 571 2670 640 confringet
2697 583 2864 636 arma,
2909 576 2956 622 et
2997 577 3144 624 scuta
3185 569 3452 626 comburat
3491 575 3599 644 igni

3489 455 3596 513 878

2015 665 2198 738 (Psal.
2223 665 2366 736 κω),
2391 665 2486 720 illo
2509 663 2720 720 scilicet
2741 677 2901 733 quem
2927 663 3077 720 venit
3099 665 3359 722 Dominus
3377 669 3600 730 mittere

2015 771 2178 824 super
2215 765 2438 822 terram,
2479 765 2534 812 et
2573 769 2736 818 arcus
2774 757 2964 826 etiam,
3013 765 3070 814 et
3101 773 3254 816 arma
3295 759 3603 832 confringat

2015 849 2212 920 quibus
2241 849 2498 906 adversus
2545 865 2666 906 eum
2711 851 2966 921 nequitiae
3007 853 3282 921 Spiritales
3325 854 3514 918 diebus
3539 871 3604 912 ac

2017 942 2272 998 noctibus
2325 942 2646 1000 dimicautea
2699 943 2886 1014 ignitis
2937 946 3282 1016 conﬁgebant
3335 964 3434 1006 cor
3485 949 3607 1020 ejus

2015 1033 2210 1104 iaculis
2251 1035 2582 1104 passionum.
2615 1035 2686 1090 Et
2713 1035 2788 1092 ita
2815 1052 2938 1094 cum
2967 1053 3092 1098 eum
3115 1039 3377 1100 Dominus
3414 1053 3606 1098 cente-

2019 1143 2148 1184 rens
2173 1127 2316 1184 bella
2349 1129 2420 1184 ab
2457 1129 2710 1186 omnibus
2739 1131 3134 1192 incentivorum
3159 1135 3388 1190 testibus
3409 1135 3608 1194 libera-

2021 1222 2124 1290 rit,
2147 1221 2215 1278 ad
2265 1221 2420 1278 illum
2459 1224 2712 1294 puritatis
2743 1227 3020 1294 perveniet
3045 1237 3280 1295 statum;
3316 1239 3394 1298 ut,
3429 1231 3604 1300 depo-

2023 1317 2128 1372 sita
2171 1317 2532 1384 confusione,
2579 1333 2682 1390 qua
2727 1321 3113 1388 semetipsum,
3161 1323 3218 1382 id
3263 1331 3348 1380 est
3389 1339 3610 1382 carnem

2025 1425 2220 1480 suam,
2252 1409 2380 1466 dum
2429 1412 2866 1482 impugnaretur,
2899 1415 3186 1482 horrebat,
3247 1418 3476 1486 incipiet
3520 1435 3606 1488 ea,

2027 1503 2172 1560 velut
2221 1504 2512 1574 purissimo
2563 1503 2918 1564 tabernaculo
2965 1507 3250 1566 delectari.
3303 1509 3424 1566 Non
3477 1513 3612 1566 enim

2026 1597 2268 1652 accedent
2297 1596 2364 1650 ad
2387 1613 2506 1652 eum
2537 1597 2700 1664 mala,
2733 1607 2780 1652 et
2807 1598 3073 1670 ﬂagellum
3101 1617 3206 1654 non
3229 1603 3616 1674 appropinqua-

2029 1687 2098 1742 bit
2129 1687 2460 1742 tabernaculo
2493 1690 2602 1760 eius
2629 1687 2814 1762 (Psal.
2841 1691 2964 1764 xc);
2992 1691 3060 1748 ad
3091 1691 3224 1746 illttd
3249 1695 3456 1750 scilicet
3485 1711 3613 1764 pro-

2031 1781 2304 1850 pheticum
2333 1781 2604 1848 patientiae
2633 1779 2832 1838 virtute
2855 1784 3205 1852 perveniens,
3229 1793 3286 1840 ut
3307 1795 3620 1842 mansuetu-

2032 1873 2178 1926 dinis
2225 1872 2426 1928 merito
2479 1887 2586 1928 non
2645 1875 2806 1930 modo
2855 1889 3008 1930 suam
3061 1875 3344 1934 hazreditct
3395 1887 3616 1944 terram,

332 1967 472 2022 diuis
499 1969 804 2024 instruatur
835 1986 848 2022 :
879 1967 1144 2022 Mansut'ti
1173 1970 1307 2023 enim
1349 1969 1682 2040 possidebunt
1715 1984 1924 2038 terram,
1957 1961 2008 2024 Β
2035 1981 2223 2020 verum
2251 1967 2412 2020 etiam
2463 1965 2744 2022 delectetur
2789 1969 2844 2022 in
2891 1969 3228 2024 multitudine
3269 1973 3414 2042 pacis
3443 1970 3624 2042 (Psal.

333 2073 378 2115 et
407 2061 766 2116 inhabitabant
813 2063 867 2116 in
899 2063 1144 2116 siccatum
1189 2063 1368 2116 swculi
1406 2081 1557 2134 super
1587 2081 1717 2118 eam.
1751 2065 1922 2133 Hanc,

339 2153 580 2224 inquam,
629 2163 828 2208 terram
862 2153 1318 2224 quemadmodum
1351 2153 1599 2212 obtinere
1633 2157 1924 2228 possimus,

339 2247 478 2302 idem
514 2247 784 2318 Propheta
809 2245 862 2300 in
891 2247 1346 2318 censequentibus
1377 2249 1569 2320 psalmi
1596 2249 1768 2318 ipsius
1797 2250 1928 2306 edo-

337 2351 420 2396 cet
452 2360 464 2394 :
497 2339 756 2414 Exspecta
789 2339 1064 2396 Dominum
1086 2351 1134 2396 et
1155 2343 1360 2396 custodi
1387 2343 1520 2396 riam
1541 2347 1678 2415 ejus.
1709 2353 1757 2398 et
1787 2347 1930 2400 exol-

342 2434 460 2490 tabit
492 2445 571 2500 te,
605 2445 658 2488 ut
693 2435 996 2490 hatreditate
1027 2435 1204 2506 capias
1248 2444 1446 2492 terram.
1469 2435 1651 2508 (Psal.
1697 2439 1926 2510 xxxvr).

349 2527 574 2583 Constat
613 2545 744 2600 ergo
773 2529 838 2584 ad
873 2529 1274 2602 possessionem
1319 2539 1478 2586 terra:
1517 2529 1672 2586 istius
1705 2533 1932 2590 lirtniter

347 2619 722 2690 obtinendam,
755 2623 1029 2678 neminem
1061 2637 1222 2690 posse
1249 2623 1638 2692 conscendere,
1673 2626 1776 2680 nisi
1809 2626 1932 2682 illos

349 2724 550 2772 tantum
584 2717 674 2786 qui
719 2731 816 2790 per
839 2717 1172 2772 immobilem
1205 2717 1482 2786 patientia:
1513 2718 1786 2774 leuitatem
1816 2721 1934 2776 vias

351 2807 562 2864 Domini
621 2807 783 2862 durus
839 2823 903 2864 ac
955 2819 1222 2880 praecepta
1284 2821 1606 2876 servontes,
1656 2812 1722 2866 de
1779 2827 1936 2870 coeno

351 2901 641 2955 carnalium
695 2901 1045 2970 passionum,
1091 2901 1418 2956 extrahente
1467 2903 1680 2966 eodem,
1733 2905 1938 2960 iuerint

353 2993 586 3048 exaltati.
637 2991 898 3048 Mansueti
945 3009 1066 3064 ergo
1117 2995 1442 3064 possidebunt
1488 3005 1694 3064 terram,
1735 3007 1792 3054 et
1830 3015 1936 3054 non

363 3085 534 3139 solum
584 3085 936 3154 possidebunt
991 3101 1128 3152 eam,
1175 3087 1274 3142 sed
1329 3089 1490 3144 etiam
1543 3091 1940 3148 delectabantur

358 3175 404 3232 in
429 3179 758 3232 multitudine
777 3179 924 3250 pacis
949 3177 1161 3250 (Ibid.),
1191 3195 1292 3250 qua
1321 3197 1499 3248 nemo,
1523 3182 1575 3236 itt
1603 3183 1756 3254 cujus
1779 3199 1942 3242 Carne

357 3269 530 3324 adhuc
577 3271 722 3326 bella
770 3271 1230 3342 concupiscentia:
1283 3275 1632 3342 suscitantur,
1675 3278 1944 3338 stabiliter

359 3365 684 3434 perfruetur.
720 3363 956 3422 Necesse
1002 3375 1084 3420 est
1113 3367 1258 3422 enim
1295 3367 1534 3424 infestari
1565 3385 1686 3428 eum
1719 3371 1943 3428 dnrissi-
1967 3337 2014 3400 Ο

362 3459 458 3512 mis
483 3459 786 3514 daemonum
809 3459 1032 3529 proeliis;
1060 3469 1110 3514 et
1139 3460 1318 3530 ignitis
1345 3461 1566 3516 luxuria:
1594 3463 1790 3530 iaculis
1815 3481 1942 3522 sau-

361 3552 578 3618 ciatum,
621 3567 652 3606 a
703 3562 868 3607 terra:
914 3567 1026 3610 sua:
1079 3552 1430 3624 possessione
1477 3554 1716 3624 devolvi,
1767 3558 1944 3616 donec

363 3639 618 3700 Dominus
634 3643 840 3716 auferat
860 3643 992 3700 bella
1016 3661 1174 3715 usque
1194 3645 1262 3700 ad
1283 3646 1412 3714 ﬁnes
1436 3655 1591 3702 terra:
1611 3651 1746 3720 ejus,
1766 3667 1946 3710 arcum

2033 2061 2250 2132 xxxvr).
2283 2060 2382 2118 Ubi
2407 2071 2594 2116 autem
2623 2061 2800 2116 adhuc
2829 2075 3076 2132 superest
3107 2063 3420 2120 sollicitudo
3449 2075 3626 2122 certa-

2031 2155 2220 2218 minis,
2255 2155 2404 2224 pacis
2431 2171 2550 2208 esse
2599 2169 2706 2208 non
2753 2163 2930 2224 potest
2975 2155 3282 2210 multitudo.
3317 2155 3434 2210 Non
3477 2159 3624 2212 enim

2031 2248 2126 2314 ait,
2161 2247 2586 2302 Delectabuntur
2617 2247 2668 2302 in
2701 2262 2852 2318 pace,
2887 2249 2980 2302 sed
3009 2245 3076 2304 In
3109 2251 3444 2304 multitudine
3461 2253 3624 2320 pacis.

2033 2337 2138 2394 Per
2188 2339 2328 2410 quod
2369 2340 2648 2396 evidenter
2693 2341 3024 2406 ostenditur,
3059 2341 3130 2396 ita
3183 2341 3622 2400 efﬁcacissimam

2035 2433 2364 2490 medicinam
2401 2434 2586 2490 cordis
2628 2449 2750 2490 esse
2783 2433 3118 2503 patientiam,
3161 2436 3461 2492 secundum
3495 2437 3628 2494 illud

2037 2529 2345 2586 Salomonis
2371 2545 2386 2582 :
2415 2540 2436 2568 ε
2465 2529 2770 2584 Mansuetus
2791 2531 2868 2584 vir
2893 2531 3064 2584 cordis
3087 2539 3158 2586 est
3191 2532 3418 2586 medicus
3439 2531 3626 2602 (Prov.

2039 2625 2154 2694 xiv)
2177 2643 2187 2677 :
2207 2633 2264 2680 ut
2291 2639 2400 2680 non
2421 2623 2598 2680 soluat
2623 2623 2738 2688 irae,
2761 2623 3017 2688 tristitiae,
3039 2625 3264 2690 accdim,
3291 2625 3626 2697 cenodoxim,

2040 2717 2329 2784 Superbiae,
2358 2732 2544 2772 verum
2583 2717 2744 2772 etiam
2785 2715 3022 2772 libidinis
3065 2717 3410 2788 omniumque
3433 2717 3634 2786 pariter

2042 2811 2304 2878 exstirpet
2329 2809 2570 2866 fomitem
2605 2809 2884 2864 vitiorum.
2907 2805 2934 2844 ἀ
2967 2807 3032 2862 ln
3061 2809 3458 2880 longanimitate
3485 2811 3630 2864 enim

2044 2903 2138 2974 (ut
2185 2901 2260 2954 ait
2289 2900 2580 2970 Salomon)
2621 2901 2938 2970 prosperitas
2985 2900 3186 2973 regibus
3231 2899 3426 2972 (Prov.
3461 2901 3630 2972 xxv).

2045 2993 2178 3048 Nam
2225 2993 2316 3064 qui
2359 2993 2506 3048 mitis
2551 3007 2771 3062 semper
2819 3003 2978 3062 atque
3029 2993 3352 3063 tranquillus
3399 3001 3506 3058 est,
3535 3009 3638 3051 nec

2045 3087 2341 3144 iracundiae
2391 3087 2800 3156 perturbatione
2856 3086 3236 3152 succenditur,
3291 3103 3390 3144 nec
3441 3089 3641 3144 accedite

2049 3189 2212 3250 atque
2261 3179 2494 3234 tristitia:
2539 3195 2748 3250 angore
2789 3181 3154 3246 consumitur,
3195 3197 3297 3238 nec
3327 3183 3642 3240 cenodoxia:

2049 3277 2290 3330 vanitate
2310 3273 2660 3340 distenditur,
2677 3289 2776 3329 nec
2793 3275 3062 3344 superbia:
3085 3283 3294 3332 tumore
3317 3277 3638 3334 sustollitur.

2051 3369 2173 3424 Pas:
2201 3368 2344 3424 enim
2377 3368 2544 3422 multa
2573 3367 2906 3436 diligentibus
2953 3383 3132 3421 nomen
3179 3369 3408 3436 Domini,
3445 3381 3492 3424 et
3538 3387 3644 3426 non

2051 3471 2126 3518 est
2159 3461 2268 3516 illis
2293 3457 2600 3514 scandalum
2629 3457 2802 3528 (Psal.
2833 3458 3042 3518 CXVIII).
3075 3459 3138 3514 Et
3167 3459 3292 3514 ideo
3317 3476 3424 3516 non
3457 3461 3648 3516 imme-

2053 3557 2160 3614 rito
2204 3553 2583 3626 pronuntiatur
2617 3561 2639 3588 θ
2681 3549 2876 3606 Melior
2917 3553 3116 3622 patiens
3159 3554 3263 3608 viro
3297 3555 3452 3622 forti;
3479 3563 3530 3608 et
3557 3557 3648 3626 qui

2055 3651 2282 3706 continet
2301 3649 2454 3710 iram,
2485 3646 2718 3715 capiente
2739 3643 2914 3698 urbem
2937 3643 3122 3715 (Prov.
3151 3643 3288 3716 xv1).
3317 3645 3464 3701 Hanc
3487 3647 3650 3717 igitur

1433 3823 1688 3882 ALARDI
1727 3827 1958 3896 οΑΖΑει
1997 3823 2570 3886 COMMENTARIUS.

437 3973 464 4004 ι
493 3967 719 4023 Terram
742 3965 933 4022 eodem
953 3963 1115 4019 modo
1142 3963 1528 4034 interpretatur
1553 3963 1615 4018 D.
1643 3963 1950 4022 Bernartius

367 4051 464 4110 pro
503 4053 674 4093 carne
715 4047 898 4110 nostra
922 4035 1118 4106 (Serm.
1151 4037 1268 4110 lin
1300 4037 1432 4110 festo
1463 4037 1692 4089 omnium
1723 4037 1950 4110 Sancto-

369 4107 504 4178 rum)
529 4125 546 4174 ;
577 4125 736 4178 quam
765 4109 996 4163 dicimur
1018 4107 1318 4176 possidere,
1353 4109 1476 4160 dum
1499 4121 1616 4160 eam
1651 4123 1745 4178 per
1771 4109 1952 4164 eunti-

371 4183 568 4236 nentla:
611 4181 811 4236 denunt
859 4180 911 4234 in
945 4189 1125 4232 nostra
1178 4187 1441 4246 potestate
1487 4187 1541 4231 et
1587 4181 1685 4234 sub
1727 4181 1954 4238 ratiOnis

369 4249 602 4322 imperio
644 4253 1023 4322 continemus:
1059 4249 1243 4322 Hanc,
1286 4249 1390 4314 ait,
1431 4259 1616 4302 terrain
1643 4265 1828 4322 corpus
1859 4269 1955 4308 no-

369 4321 532 4396 strum
556 4321 792 4396 intelligo
812 4339 826 4375 .'
843 4323 980 4394 quod
999 4322 1044 4396 si
1065 4321 1327 4391 possidere
1344 4323 1450 4373 vult
1470 4323 1722 4390 anima,si
1735 4321 1958 4396 regnare

371 4393 632 4449 desiderat
678 4393 838 4466 super
866 4393 1092 4446 membra
1121 4409 1252 4466 sua.
1287 4407 1498 4466 necesse
1530 4401 1602 4444 est
1653 4405 1706 4466 ut
1735 4393 1809 4466 sit
1844 4395 1955 4466 ipsa

371 4465 531 4526 mitis,
564 4475 612 4519 et
641 4465 896 4532 superiori
925 4479 1020 4518 suo
1049 4463 1279 4536 subjecta
1297 4479 1313 4528 ;
1345 4463 1583 4536 quoniam
1607 4463 1710 4536 tale
1737 4463 1956 4536 inueniet

371 4537 592 4608 inferius
619 4551 794 4602 suum,
827 4535 1030 4608 qualern
1059 4533 1424 4608 serexhibuerit
1453 4535 1730 4608 superiori.
1769 4535 1957 4608 Arma-

373 4605 455 4662 tur
499 4607 640 4660 enim
666 4605 903 4662 creatura
928 4607 995 4658 ad
1023 4605 1368 4660 ulciscendam
1399 4607 1482 4658 sui
1525 4605 1770 4676 injuriani
1802 4605 1960 4660 Crea-

377 4679 524 4732 toris.
553 4676 620 4730 Et
649 4677 764 4732 ideo
792 4677 990 4732 noverit
1017 4679 1215 4742 anima,
1245 4693 1357 4746 qua:
1379 4675 1614 4730 rebellent
1641 4677 1736 4730 sibi
1767 4675 1958 4732 invenit

377 4765 582 4804 carnem
604 4765 774 4816 suam,
798 4765 852 4802 se
876 4763 1076 4818 quoque
1103 4750 1271 4802 minus
1297 4765 1448 4818 quam
1474 4759 1704 4814 aporteat
1729 4751 1960 4818 superio-

2059 3965 2251 4019 lescens
2289 3971 2398 4018 erat
2431 3963 2483 4014 in
2513 3959 2758 4026 coenobio,
2803 3959 2892 4028 qui
2920 3958 3069 4012 nulla
3111 3959 3456 4030 abstinentia,
3507 3968 3652 4020 nulla

2059 4039 2224 4108 operis
2243 4033 2598 4108 magnitudine
2617 4033 2881 4108 flairimant
2899 4039 3096 4100 poterat
3112 4034 3291 4108 carnis
3310 4037 3652 4108 exstinguere.

2059 4055 2088 4090 0
2129 4055 2224 4090 eris
2243 4055 2598 4104 magnttttume
2617 4055 2881 4102 [mmmam
2899 4055 3094 4100 patenti
3120 4055 3291 4088 carnis
3310 4055 3652 4108 exstinguere.

2059 4055 2216 4178 unc
2245 4105 2631 4178 periclitantem
2657 4099 2814 4156 Pater
2841 4103 3265 4178 monasterii-hac
3287 4115 3395 4158 arte
3414 4109 3652 4164 servavit.

2061 4173 2292 4246 Imperat
2335 4177 2541 4230 cuidam
2584 4173 2692 4228 viro
2727 4175 2870 4246 grari
2913 4181 2968 4246 ut
3001 4175 3195 4246 jurgiis
3235 4185 3388 4246 atque
3418 4183 3658 4235 couririis

2059 4245 2402 4322 insectaretur
2431 4247 2706 4322 hominem.
2735 4253 2800 4322 et_
2811 4254 2924 4316 post
2951 4245 3238 4322 irregatam
3273 4245 3520 4314 iniuriam
3551 4257 3659 4322 pri-

2063 4339 2178 4376 mus
2209 4321 2392 4374 veniret
2419 4319 2488 4372 ad
2519 4313 2908 4386 querimoniam.
2951 4313 3128 4370 Vocati
3162 4313 3435 4386 trstesipro
3479 4313 3656 4376 eo'lo-

2065 4393 2354 4464 quebantur
2378 4391 2466 4460 qui
2506 4389 2868 4464 contumeliam
2905 4387 3116 4464 fecerat.
3153 4387 3309 4464 lere
3346 4391 3440 4464 ille
3477 4403 3656 4464 contra

2069 4457 2430 4526 incndaciuni;
2459 4460 2632 4514 nullus
2667 4457 2804 4512 alius
2843 4458 3050 4510 credere
3079 4459 3315 4528 ueritati;
3338 4463 3476 4518 solus
3503 4463 3662 4518 Pater

2067 4535 2418 4603 defensionem
2458 4545 2602 4603 suam
2646 4528 2832 4603 callide
2881 4545 3158 4603 opponere,
3202 4549 3266 4584 ne
3295 4533 3660 4590 abundantiori

2069 4599 2277 4658 tristitia
2328 4601 2684 4656 absorberetur
2735 4601 2916 4668 frater.
2952 4599 3090 4662 Quid
3133 4604 3333 4658 multa?
3379 4605 3448 4658 ita
3491 4623 3660 4660 annus

2069 4675 2254 4728 ductus
2279 4683 2349 4726 est
2379 4689 2396 4726 :
2421 4689 2522 4742 quo
2551 4671 2774 4742 expleto,
2803 4671 3148 4742 interrogatus
3173 4675 3467 4730 adolescens
3508 4693 3660 4742 super

2071 4739 2468 4816 cogitationibus
2515 4739 2782 4816 pristinis.
2828 4755 2895 4792 an
2934 4739 3104 4816 adhuc
3161 4745 3410 4816 illOles'lltL’
3438 4739 3661 4816 (aliquid

377 4823 518 4875 ribus
547 4811 897 4890 potestatibus
912 4811 1020 4874 esse
1049 4811 1372 4890 subjectum;
1405 4811 1726 4890 mansuescat
1757 4811 1892 4888 ipsa,
1917 4829 1964 4874 et
1991 4815 2046 4875 D
2071 4811 2636 4890 sustineretiJPaptq!
2665 4813 2852 4890 inquit,
2907 4811 3070 4864 t‘t't‘et'e
3119 4813 3248 4866 mihi
3297 4833 3395 4870 non
3427 4811 3562 4884 licet,
3613 4829 3662 4874 et

378 4889 680 4962 humilietur
710 4893 802 4944 sub
845 4892 1034 4962 potenti
1077 4889 1228 4944 manu
1267 4891 1364 4944 Dei
1405 4889 1690 4962 Altissimi;
1737 4895 1968 4961 subjecta

376 4965 442 5016 sit
485 4959 615 5028 Deo,
645 4971 693 5018 et
723 4962 805 5016 his
845 4959 1042 5032 pariter
1071 4965 1250 5030 quibus
1281 4963 1387 5016 vice
1433 4965 1545 5032 ejus
1589 4961 1736 5016 habet
1769 4959 1971 5016 obedire

379 5033 634 5108 pra’latis,
663 5045 710 5086 et
737 5035 982 5088 continuo
1007 5049 1193 5108 corpus
1225 5049 1374 5088 suum
1405 5033 1626 5086 inueniet
1658 5033 1896 5088 obediens
1923 5043 1972 5089 et

379 5105 689 5168 subiectum.

449 5175 477 5213 δ
509 5173 798 5230 Cassianus
843 5177 936 5230 lib.
985 5191 1034 5230 τι
1081 5189 1200 5244 cap.
1249 5175 1436 5230 ultimo
1471 5177 1608 5228 inter
1650 5175 1750 5229 alia
1793 5175 1968 5231 media

381 5245 576 5316 quibus
629 5249 868 5316 perfecta
917 5248 1084 5316 possit
1134 5247 1310 5300 cordis
1362 5257 1415 5300 ct
1468 5245 1712 5316 corporis
1762 5249 1965 5315 puritas

378 5319 586 5384 acquiri
629 5341 640 5371 ι
681 5316 832 5386 Jugis
860 5317 1148 5386 humilitas,
1183 5318 1380 5388 inquit,
1413 5334 1472 5370 ac
1519 5319 1765 5386 patientia
1796 5319 1966 5372 corJis

379 5389 674 5442 adhibenda
702 5399 944 5458 perpetuo
973 5399 1064 5452 est,
1100 5400 1254 5457 atque
1279 5391 1470 5441 intenta
1495 5391 1738 5442 adversus
1761 5391 1890 5442 iram
1917 5399 1964 5444 et

381 5469 597 5514 steteras
625 5461 888 5530 passiones
921 5475 1011 5528 per
1059 5460 1190 5512 diem
1223 5463 1411 5512 cautio.
1449 5459 1548 5514 Ubi
1595 5461 1732 5512 enim
1771 5459 1969 5530 furoris

377 5529 635 5584 insederit
664 5533 824 5594 virus,
855 5529 1088 5584 libidinis
1114 5547 1306 5600 quoque
1333 5547 1534 5584 necesse
1560 5541 1628 5584 est
1675 5529 1968 5584 incendium

367 5601 678 5670 penetrare.
714 5605 982 5670 Quantum
1013 5615 1140 5656 vero
1177 5603 1242 5654 ad
1285 5601 1616 5669 superandos
1642 5605 1820 5655 carnis
1851 5611 1970 5656 ten-

379 5673 620 5726 taliunes
646 5683 700 5726 et
728 5675 1114 5728 continentiam
1149 5673 1469 5726 servandam
1497 5671 1740 5726 eortl‘erat
1767 5673 1970 5738 patien-

381 5745 474 5797 tiae
501 5745 838 5808 exercitium,
865 5745 1020 5798 docet
1049 5745 1108 5799 Ι).
1127 5743 1485 5814 Hieronymus
1505 5745 1694 5813 insigni
1717 5743 1970 5811 exetnplo

380 5815 672 5882 enjusdam
706 5817 1070 5870 adolescentis
1101 5815 1372 5884 religiosi,
1417 5819 1468 5869 in
1503 5817 1663 5884 epist.
1694 5815 1756 5868 ad
1789 5815 1974 5870 Rusti-

377 5901 514 5958 cum
547 5889 870 5942 monachum
910 5887 1239 5958 (Epistj),
1275 5887 1326 5940 id
1358 5901 1616 5942 enarrans
1638 5887 1726 5958 his
1753 5885 1972 5958 verbis:

381 5955 582 6012 Dicam
603 5967 648 6012 et
673 5957 819 6012 aliud
845 5955 1064 6027 quodin
1092 5955 1328 6030 Egypto
1354 5959 1590 6014 uiderim.
1619 5955 1828 6013 Griecus
1850 5957 1976 6012 ado-

2073 4885 2510 4960 fornicari‘libcut
2536 4885 2558 4938 .'
2585 4883 2662 4936 lla
2777 4883 3156 4960 Hieronymus.

2151 4971 2171 4996 ε
2207 4959 2280 5032 Ila
2307 4958 2494 5014 Gruzce
2519 4973 2532 5008 :
2559 4954 2860 5032 πραῇὒθυμος
2899 4955 3024 5032 ἀνὴρ
3059 4953 3284 5032 ’καρδίας
3311 4957 3506 5032 ἰατρός.
3559 4959 3663 5016 Ve-

2077 5045 2196 5085 rum
2229 5029 2343 5082 haec
2376 5025 2646 5082 statuentia
2677 5025 2904 5098 inivulg.
2942 5025 3178 5098 editione
3225 5043 3330 5082 non
3377 5025 3450 5083 iia
3479 5035 3662 5098 expri-

2078 5107 2263 5164 mitur,
2307 5099 2402 5152 scd
2442 5098 2559 5168 ejus
2595 5099 2714 5168 IQCO
2741 5097 2976 5168 habetur
3005 5113 3020 5152 :
3051 5097 3172 5168 Vita
3200 5101 3436 5152 carnium
3467 5097 3666 5158 sanitas

2078 5175 2263 5242 cordis
2294 5165 2486 5242 (Prov;
2529 5165 2677 5242 xiv).
2723 5169 2891 5242 Quam
2943 5167 3226 5242 Chaldieus
3276 5172 3542 5240 interpres
3593 5175 3664 5228 ita

2078 5241 2353 5298 reddidit:
2389 5241 2488 5310 Qui
2519 5241 2701 5296 dividit
2751 5241 2884 5294 iram
2927 5241 3098 5296 cordis
3137 5241 3242 5308 sui,
3291 5243 3546 5298 medicina
3593 5255 3666 5300 est

2071 5315 2218 5388 carni
2249 5315 2382 5388 ejus.

2147 5382 2358 5462 ⁸³]ῑεῖξί
2379 5383 2562 5462 ςτξεοα
2584 5383 2838 5462 versione
2867 5382 3216 5462 Septuaginta
3237 5399 3252 5438 :
3277 5383 3326 5438 ἔν
3349 5389 3670 5462 μακροθυμίᾳ

2075 5456 2244 5514 seodio:
2273 5457 2562 5530 βασιλεῦσι.
2605 5459 2682 5530 -Δι
2733 5448 3274 5530 νιιιε-ίξιιίε-ἰιιίυῑρςθε
3319 5448 3519 5530 vertit:
3553 5448 3668 5530 Pa:-

2077 5523 2502 5602 tientia'lenietur
2531 5527 2792 5602 princeps.
2826 5523 3148 5582 Cltaldtuus:
3185 5523 3250 5580 In
3282 5527 3532 5598 patientia
3567 5529 3673 5602 spi-

2078 5601 2211 5654 ritus
2237 5597 2459 5650 lartatur
2489 5599 2741 5666 princeps.

2157 5679 2180 5706 ο
2213 5669 2421 5724 'l‘extus
2447 5665 2622 5736 Vulg;
2647 5665 2836 5718 Melior
2866 5675 2938 5720 est
2969 5667 3164 5738 patiens
3193 5669 3300 5722 riro
3333 5669 3490 5740 forti;
3514 5679 3561 5726 et
3584 5672 3674 5740 qui

2083 5742 2380 5812 dominatur
2404 5740 2576 5792 animo
2593 5755 2704 5804 suo,
2730 5741 3306 5812 expagnatoreurbium
3327 5739 3508 5812 (Prov.
3535 5739 3672 5812 xvi).

2085 5811 2241 5882 Quod
2262 5812 2538 5880 eleganter
2565 5817 2836 5878 expressa
2853 5807 3016 5862 Poeta
3043 5807 3310 5882 (Ovidius)
3335 5807 3444 5868 hoc
3468 5807 3670 5868 versu:

2211 5903 2405 6013 ﬁci-tier
2433 5909 2510 5952 est
2530 5902 2614 5964 qui
2635 5913 2712 5966 se,
2737 5913 2882 5966 quam
2913 5901 2998 5964 qui
3020 5900 3278 5954 fortissima
3304 5905 3455 5956 vineit.

2269 5975 2412 6013 (Bitia.

2269 5977 2346 6013 ωιι
2353 5975 2412 6013 la.
