4078 6332
427 326 531 391 879

1467 325 1748 385 JOANNIS
1785 326 2099 386 CASSIANI
2134 326 2618 386 COLLATIONES

3610 329 3721 389 880

426 465 616 526 pacem
644 447 823 508 donec
850 447 1059 506 ﬁrmam
1089 455 1250 518 atque
1283 453 1604 516 perpetuam
1636 444 1880 500 obtinere
1910 459 2023 500 me-
2048 448 2102 509 Α
2127 460 2348 503 necesse
2388 455 2471 502 est
2521 461 2646 503 eum
2698 444 3158 516 inaequalitatibus
3203 445 3323 502 istis
3378 445 3724 515 frequentius

424 561 677 611 reamur,
741 542 926 598 multis
969 553 1192 596 necesse
1244 546 1323 593 est
1380 551 1478 592 nos
1525 537 2019 607 itnpugnationibus

318 678 333 714 ς
425 639 704 700 attentari.
741 636 1185 707 Frequenterque
1237 631 1398 687 nobis
1440 640 1523 686 est
1570 630 1868 686 versiculus
1916 630 2019 686 iste

335 741 338 744 ’
423 753 546 794 cum
589 732 794 806 gemitu
835 729 1198 800 lacrymisque
1245 725 1593 797 repetendus,
1645 724 1808 780 Miser
1850 726 2017 796 {actus

419 845 539 884 sum
572 835 620 882 et
647 825 863 898 afﬂictus
892 839 1008 878 sum
1031 835 1419 893 usquequaque,
1450 830 1556 874 tota
1579 819 1661 873 die
1684 819 2016 873 contristatus

419 918 770 994 ingrediebar,
801 916 1048 987 quoniam
1078 913 1240 970 lumbi
1269 913 1368 968 ntei
1411 913 1613 982 impleti
1655 921 1775 967 sunt
1809 911 2018 967 illusio-

312 1014 336 1096 ζ’
417 1014 594 1077 nibus,
627 1021 676 1067 et
706 1027 807 1065 non
837 1019 912 1065 est
940 1010 1140 1064 sanitas
1166 1009 1222 1064 in
1243 1025 1400 1063 carne
1429 1024 1540 1062 mea
1565 1024 1597 1060 a
1624 1008 1759 1079 facie
1778 1010 1872 1062 ira:
1891 1017 2011 1074 tute,

417 1121 522 1161 non
547 1115 622 1159 est
652 1119 756 1174 pas:
793 1103 992 1158 ossibus
1019 1102 1144 1156 meis
1174 1117 1206 1154 a
1234 1101 1368 1172 facie
1394 1099 1706 1170 insipientia:
1731 1115 1858 1153 mea:
1881 1095 2010 1169 (Ps.

419 1196 655 1267 xxxvii).
695 1195 848 1251 Tunc
887 1194 1034 1249 enim
1070 1201 1446 1263 competenter
1473 1191 1587 1246 haec
1616 1203 1670 1247 et.
1701 1192 1755 1246 in
1786 1190 2014 1246 veritate

418 1288 769 1357 deﬂebimus,
800 1286 1018 1359 quando
1046 1296 1169 1357 post
1196 1284 1410 1356 longam
1444 1283 1736 1355 puritatem
1766 1283 2016 1352 corporis
2090 1295 2092 1297 ’

417 1383 612 1451 nostri,
647 1391 934 1452 sperantes
976 1381 1088 1452 jam
1117 1380 1354 1437 carnalia
1385 1394 1488 1435 nos
1517 1378 1846 1434 omnimodis
1880 1393 2012 1434 eva-

413 1478 558 1534 sisse
584 1477 858 1546 contagia,
889 1475 1139 1531 stimulos
1175 1474 1358 1530 carnis
1398 1473 1469 1529 ob
1497 1473 1792 1528 elationem
1831 1471 2012 1528 cordis

414 1573 704 1630 adversum
736 1586 837 1628 nos
872 1585 1086 1627 rursum
1114 1569 1380 1626 sentimus
1409 1567 1714 1638 insurgere,
1745 1567 1830 1621 vel
1861 1575 2011 1622 certe

416 1668 484 1722 ad
514 1666 784 1723 fallaciam
809 1664 1143 1721 somniorum
1176 1662 1462 1733 impuritas
1491 1676 1591 1717 nos
1621 1662 1865 1732 pristinae
1892 1660 2009 1717 col-

409 1759 647 1813 luvionis
688 1758 947 1829 aspergit.
977 1755 1112 1812 Cum
1146 1768 1276 1825 ergo
1321 1753 1551 1822 coeperit
1590 1752 1715 1824 quis
1753 1753 2008 1807 diuturna

2124 540 2352 604 erudiri,
2391 541 2740 611 quoadusque
2758 555 2855 610 per
2886 540 2980 596 Dei
3024 541 3254 611 gratiam
3282 540 3631 596 conﬁrmatus
3664 542 3724 597 in

2121 635 2214 691 illa
2244 650 2404 707 quam
2437 635 2645 706 appetit
2675 638 2913 705 puritate
2959 635 3254 691 efﬁcaciter
3282 635 3465 692 dicere
3503 651 3729 692 merea-

2123 737 2248 784 tur:
2281 725 2607 800 Ezspectans
2633 728 2922 798 exspectavi
2951 727 3256 798 Dominum,
3289 738 3340 784 et
3365 731 3590 802 respexit
3613 745 3723 796 me,

2119 823 2380 877 exaudiuit
2406 837 2608 894 precem
2638 838 2825 890 meam,
2861 831 2908 876 et
2934 821 3112 876 eduxit
3149 838 3229 876 me
3258 821 3321 876 de
3350 823 3469 877 lacu
3496 823 3735 878 miserita

2120 924 2170 970 et
2199 915 2262 969 de
2287 913 2398 968 luto
2418 915 2583 985 facis,
2614 924 2666 969 et
2689 915 2868 968 statuit
2899 929 3059 985 supra
3083 922 3282 986 petram
3311 915 3464 986 pedes
3487 930 3650 984 meos,
3674 925 3732 970 et

2119 1005 2305 1061 direxit
2329 1021 2533 1077 gressus
2557 1022 2695 1062 meos
2723 1004 2897 1076 (Psal.
2923 1005 3135 1076 χχχιι).

2713 1141 2942 1198 CAPUT
2987 1139 3102 1196 VII.

2367 1255 2446 1311 De
2470 1255 2778 1324 diﬂ‘erentiis
2817 1266 2866 1311 et
2896 1254 3146 1327 gradibus
3176 1254 3451 1310 castitatis.

2187 1400 2214 1429 ⁸
2254 1391 2409 1448 Multi
2448 1400 2577 1447 sunt
2619 1392 2762 1446 enim
2792 1391 3130 1448 caStimonia:
3166 1390 3387 1462 gradus,
3420 1389 3620 1461 quibus
3643 1391 3722 1446 ad

2115 1486 2262 1542 illam
2291 1485 2660 1541 inviolabilem
2683 1484 3069 1541 conscenditur
3089 1485 3404 1555 puritatem,
3429 1497 3562 1552 quos
3585 1482 3728 1538 licet

2114 1594 2217 1635 nec
2247 1579 2580 1650 perspicere,
2608 1592 2711 1632 nec
2737 1577 3043 1640 enuntiare,
3077 1584 3136 1631 ut
3157 1575 3379 1646 dignum
3408 1584 3512 1640 est,
3542 1574 3727 1629 virtus

2114 1680 2300 1727 nostra
2333 1671 2589 1737 sufficiat,
2623 1677 2804 1725 tamen
2835 1670 2963 1740 quia
2986 1669 3159 1724 series
3184 1667 3514 1724 narrationis
3541 1683 3726 1738 expo-

2113 1766 2238 1833 scit,
2283 1763 2581 1819 secundum
2632 1762 3063 1818 mediocritatem
3103 1760 3455 1832 experientia:
3509 1770 3726 1815 nostra:

413 1850 596 1905 cordis
637 1857 692 1906 et
723 1849 968 1921 corporis
998 1849 1237 1919 puritate
1262 1846 1523 1917 gaudere,
1569 1860 1796 1902 necesse
1840 1854 1924 1902 est
1949 1854 2010 1902 ut
2039 1845 2086 1908 Β
2113 1869 2408 1928 utcumque
2464 1858 2710 1928 proferre
2769 1856 3100 1912 tentabimus
3121 1897 3136 1923 ,
3185 1864 3537 1910 reservantes
3578 1869 3725 1924 per-

411 1943 539 1998 dum
570 1960 629 1999 se
657 1943 832 2000 credit
860 1943 1095 1999 ulterius
1117 1941 1228 2012 jam
1260 1955 1364 1996 non
1394 1955 1556 2011 posse
1590 1941 1658 1995 ab
1689 1939 1777 1994 illa
1821 1941 2003 1996 since-

412 2039 574 2094 ritate
601 2037 838 2104 devolvi,
885 2040 1026 2091 intra
1061 2033 1417 2102 semetipsum
1447 2031 1847 2101 quodammodo
1889 2033 2006 2103 glo-

410 2133 604 2198 rietur,
640 2139 696 2186 et
718 2129 900 2185 dicat:
931 2127 1046 2199 Ego
1089 2127 1198 2180 dixi
1242 2127 1297 2180 in
1347 2124 1665 2180 abundantia
1708 2141 1843 2192 mea,
1880 2124 2004 2178 Non

408 2223 649 2278 movebar
674 2223 729 2275 in
751 2229 1002 2276 aeternum
1033 2218 1204 2288 (Psal.
1231 2217 1411 2288 XXIX).
1441 2217 1548 2273 Sed
1589 2232 1710 2272 cum
1745 2217 1948 2272 utiliter
1973 2231 2002 2271 a

407 2317 638 2372 Domino
665 2314 1000 2371 subrelictus
1029 2311 1202 2386 [Lips.
1227 2313 1283 2366 in
1307 2316 1475 2382 marg.
1507 2311 1611 2366 sibi
1643 2311 1894 2372 relictus,
1925 2309 2004 2364 uel

405 2407 584 2462 subito
612 2402 855 2476 relictus]
879 2403 1030 2458 illum
1057 2402 1309 2473 puritatis
1343 2410 1540 2455 statum
1563 2401 1618 2455 in
1643 2416 1751 2472 quo
1784 2401 2004 2456 sibimet

404 2500 735 2567 conﬁdebat,
771 2499 1005 2554 senserit
1035 2496 1366 2567 perturbari,
1401 2511 1634 2567 seseque
1675 2497 1726 2550 in
1768 2495 1864 2550 illo
1892 2496 2004 2566 spi-

405 2594 548 2648 ritali
573 2592 770 2648 viderit
799 2592 1032 2647 titubare
1063 2605 1342 2657 successu,
1375 2598 1627 2644 recurrat
1660 2590 1906 2660 protinus
1932 2589 2001 2645 ad

406 2685 556 2740 illius
586 2685 914 2753 integritatis
940 2693 1246 2750 auctorem,
1285 2691 1338 2738 et
1365 2696 1667 2752 agnoscens
1711 2682 1999 2737 inﬁrmita-

406 2787 515 2832 tem
547 2791 723 2840 suam,
753 2775 1080 2830 conﬁteatur
1100 2785 1155 2830 et
1176 2774 1358 2829 dicat:
1386 2772 1626 2837 Domine,
1647 2790 1750 2828 non
1777 2775 1831 2827 in
1861 2790 1998 2840 mea,

406 2870 496 2924 sed
537 2871 594 2926 in
619 2879 710 2924 tua
736 2870 1017 2936 voluntate,
1051 2869 1337 2940 prwstitisti
1378 2867 1552 2922 decori
1581 2884 1692 2922 meo
1737 2868 1998 2922 uirtutem.

406 2963 645 3017 Avertisti
667 2963 852 3034 faciem
879 2972 1019 3016 tuam
1046 2979 1078 3015 a
1103 2978 1204 3027 me,
1242 2972 1287 3015 et
1315 2963 1483 3031 factus
1513 2977 1624 3015 sum
1665 2963 2000 3017 conturbatus

406 3056 630 3129 (Ibid.).
663 3056 793 3111 Illud
821 3070 1040 3128 quoque
1069 3055 1217 3111 beati
1242 3054 1346 3111 Job
1371 3074 1385 3110 :
1411 3053 1472 3110 Si
1502 3055 1638 3109 lotus
1678 3056 1825 3127 fuero
1853 3057 2003 3124 quasi

403 3151 551 3221 aquis
583 3150 734 3212 nivis,
766 3157 812 3204 et
839 3150 1076 3220 fulserint
1099 3148 1234 3203 velut
1264 3148 1620 3202 mundissima:
1639 3165 1827 3202 manus
1851 3165 1995 3217 mete,

2111 1952 2341 2008 fectiora
2369 1949 2655 2020 perfectis,
2689 1963 2792 2004 nec
2817 1947 3238 2020 praejudicantes
3265 1945 3348 2000 bis
3371 1947 3459 2015 qui
3489 1944 3716 2001 ferven-

2107 2045 2247 2100 tiore
2307 2042 2486 2098 studio
2545 2041 2820 2111 puriorem
2873 2037 3252 2095 castimoniam
3317 2035 3668 2106 possidentes
3697 2078 3712 2090 .

2107 2144 2315 2207 quanto
2347 2131 2574 2203 majoris
2606 2131 2890 2188 industriae
2912 2139 3065 2198 sunt,
3093 2137 3244 2186 tanto
3285 2129 3450 2184 etiam
3492 2127 3719 2197 perspi—

2107 2228 2272 2284 cacia:
2299 2227 2488 2299 vigore
2518 2225 2862 2297 pracellunt.
2895 2224 3134 2279 Proinde
3164 2238 3260 2279 sex
3290 2221 3549 2293 gradibus
3579 2221 3726 2278 licet

2108 2322 2275 2378 multa
2306 2336 2333 2374 a
2365 2336 2424 2376 se
2451 2321 2686 2376 invicem
2721 2319 3059 2375 sublimitate
3096 2317 3458 2384 distantibus,
3490 2316 3717 2388 fastigia

2109 2413 2378 2469 castitatis
2415 2412 2677 2483 praecelsa
2713 2410 3076 2482 distinguam,
3120 2409 3196 2466 ita
3242 2419 3301 2464 ttt
3338 2409 3515 2465 media
3555 2423 3726 2479 qua:-

2106 2505 2254 2568 dam.
2284 2520 2404 2576 quae
2426 2513 2610 2560 tamen
2648 2504 2814 2558 multa
2841 2511 2989 2569 sunt,
3012 2501 3448 2573 praetermittam.
3471 2517 3721 2572 quorum

2105 2597 2381 2653 subtilitas
2401 2597 2472 2651 ita
2499 2596 2768 2652 humanos
2794 2594 3120 2664 subterfugit
3142 2609 3357 2660 sensus,
3379 2601 3438 2648 ut
3458 2608 3572 2648 eam
3607 2608 3720 2649 nec

2105 2706 2259 2747 mens
2299 2691 2607 2762 inspicere,
2659 2704 2838 2760 neque
2877 2688 3129 2759 proloqui
3169 2687 3347 2757 lingua
3378 2686 3709 2757 praevaleat,

2107 2785 2307 2855 quibtts
2330 2786 2532 2840 sensim
2569 2783 2838 2839 castitatis
2881 2782 3053 2853 ipsius
3077 2781 3345 2853 perfectio
3377 2781 3720 2850 quotidianis

2104 2877 2446 2948 profectibus
2469 2877 2758 2942 adolescit,
2785 2875 3081 2933 secundum
3105 2874 3522 2931 similitudinem
3549 2889 3717 2931 nam-

2107 2986 2215 3039 que
2258 2985 2546 3041 corporum
2598 2981 2980 3033 terrenorum,
3035 2984 3159 3039 qua)
3224 2968 3452 3040 singulis
3506 2967 3717 3023 diebus

2114 3061 2512 3117 insensibiliter
2553 3063 2636 3118 sui
2685 3064 2909 3132 capiunt
2950 3061 3316 3126 incrementa,
3365 3068 3421 3116 et
3464 3061 3534 3113 ita
3573 3058 3716 3114 dum

2107 3159 2378 3229 nesciunt,
2403 3159 2472 3214 ad
2496 3159 2793 3228 perfectum
2821 3158 3063 3213 habitum
3087 3157 3482 3228 provehuntur,
3502 3157 3713 3214 anima:

404 3255 573 3299 tamen
621 3244 859 3298 sordibus
906 3244 1161 3314 intingens
1203 3258 1306 3310 me,
1354 3253 1403 3297 et
1451 3243 1886 3298 abominabuntur
1923 3261 2005 3298 me
2031 3237 2078 3301 C
2109 3263 2327 3320 quoque
2355 3249 2528 3305 robur
2553 3259 2607 3305 et
2638 3249 2925 3304 maturitas
2948 3249 3218 3304 castitatis
3240 3247 3551 3319 acquiritur.
3583 3247 3716 3302 Pri-

403 3339 703 3392 uestimenta
729 3353 844 3392 mea
873 3337 1006 3409 (Job
1035 3335 1132 3407 ιχ).
1163 3335 1320 3404 Quod
1353 3346 1532 3391 tamen
1557 3337 1602 3391 is
1631 3337 1720 3407 qui
1744 3352 1845 3393 suo
1867 3337 1998 3394 vitio

403 3447 464 3487 se
486 3431 540 3486 in
563 3431 815 3486 sordibus
840 3430 1018 3499 tingit,
1047 3443 1152 3483 non
1179 3437 1362 3498 potest
1387 3428 1574 3484 dicere
1600 3445 1702 3485 suo
1727 3429 1996 3486 Creatori.

403 3525 588 3582 Donec
613 3539 744 3596 ergo
766 3524 833 3579 ad
854 3525 1152 3595 perfectum
1181 3522 1435 3594 puritatis
1461 3530 1662 3579 statum
1693 3526 1996 3594 perveniat,

2108 3357 2230 3396 mus
2262 3341 2448 3410 itaque
2484 3339 2760 3411 pudicitiae
2788 3340 2990 3410 gradus
3031 3350 3137 3406 est,
3170 3355 3240 3395 ne
3268 3339 3497 3409 vigilans
3524 3339 3714 3410 impu-

2115 3435 2370 3503 gnatione
2398 3435 2601 3489 carnali
2629 3434 2928 3489 monachus
2957 3434 3211 3489 elidatur.
3241 3433 3542 3499 Secundus,
3575 3432 3606 3472 ι)
3637 3449 3712 3490 ne

2104 3541 2262 3582 mens
2308 3527 2456 3582 illius
2507 3527 2829 3598 voluptariis
2883 3527 3302 3598 cogitationibus
3356 3525 3704 3583 immoretur.

1476 3637 1734 3694 ALARDI
1777 3639 2004 3696 GAZ/El
2043 3638 2620 3699 COMMENTARIUS.

483 3746 508 3774 υ
536 3736 643 3792 Sex
694 3734 895 3804 gradus
941 3730 1207 3787 castitatis
1250 3731 1534 3804 distinguit
1574 3731 1675 3804 hic,
1704 3732 1901 3804 abbas;
1929 3733 1994 3788 iis

405 3818 584 3863 tamen
601 3802 822 3860 omissis
842 3805 932 3874 qui
956 3805 1103 3858 inter
1129 3818 1226 3859 eos
1242 3803 1392 3858 velut
1412 3802 1722 3874 intermedii
1745 3803 1996 3859 subtilius

403 3887 460 3933 et
486 3873 869 3947 particularius
892 3875 1150 3947 distingui
1175 3882 1424 3947 possent,
1453 3873 1691 3947 Joannes
1718 3875 1995 3947 Clitnacus

401 3943 517 4003 tres
539 3955 748 4002 tantum
789 3947 987 4018 gradus
1012 3945 1128 4002 sive
1157 3943 1492 4018 differentias
1519 3943 1834 4018 constituit,
1859 3962 1996 4016 quos

401 4027 561 4073 vocat
601 4014 841 4084 initium,
871 4017 1108 4072 medium
1132 4059 1146 4081 ,
1176 4025 1233 4072 et
1262 4015 1463 4070 ﬁnem:
1495 4014 1732 4087 “Initium
1757 4056 1772 4080 ,
1825 4014 2001 4087 inquit

403 4087 614 4160 (Gradu
646 4088 755 4160 15),
789 4089 1040 4143 castitatis
1085 4098 1157 4160 est
1201 4085 1597 4160 cogitationibus
1641 4087 1864 4160 sordidis
1895 4085 1996 4144 non

401 4158 752 4230 acquiescere,
802 4170 954 4229 atque
999 4174 1089 4226 per
1136 4158 1743 4230 intervallatemporum
1782 4158 1999 4230 obsceno

401 4226 603 4302 liquore
627 4232 719 4286 illo
739 4226 1036 4302 simpliciter
1049 4237 1099 4283 et
1129 4227 1325 4302 absque
1359 4228 1468 4282 ulla
1494 4228 1735 4302 imaginis
1757 4226 2001 4302 illusione

402 4298 666 4373 respergi;
689 4298 912 4356 medium
942 4317 1059 4355 vero
1075 4299 1400 4373 naturalibus
1427 4298 1648 4373 motibus
1666 4314 1730 4373 ea:
1751 4299 1998 4373 repletio-

400 4391 466 4427 ne
486 4369 714 4428 ciborum
743 4373 1132 4428 advenientibus
1152 4371 1342 4440 absque
1361 4369 1674 4438 imaginibus
1692 4370 1997 4439 inquietari.

401 4446 475 4498 ita
495 4456 664 4499 tamen
691 4455 746 4498 ut
776 4445 843 4497 ad
869 4444 1069 4514 ﬂuxum
1097 4457 1259 4512 usque
1285 4441 1366 4495 illi
1387 4457 1490 4494 non
1513 4441 1808 4514 perveniant
1832 4457 1851 4506 ;
1873 4442 1999 4510 ﬁnis

400 4525 574 4570 autem
605 4513 921 4583 mortiﬁcare
939 4530 1145 4582 corpus,
1166 4517 1284 4585 jam
1310 4522 1463 4565 antea
1482 4513 1701 4585 mortuis
1722 4513 1997 4582 cogitatio-

400 4588 554 4641 nibus
584 4587 834 4649 sordidis,
876 4594 987 4641 etc.
1021 4583 1190 4639 Porro
1227 4593 1351 4638 nota
1374 4590 1565 4654 est,ret
1589 4583 1803 4654 vulgata
1834 4585 2000 4640 casti-

398 4659 529 4714 tatis
559 4658 753 4713 divisio
783 4673 813 4712 a
834 4658 896 4710 D.
928 4654 1462 4725 Ambrosiotradita,
1486 4653 1541 4708 in
1567 4653 2002 4725 virginalem.vi-

399 4731 615 4784 dualem
663 4738 718 4783 et
764 4727 1106 4797 coniugalem
1148 4744 1160 4779 :
1215 4723 1514 4791 Docemur,
1561 4723 1740 4795 inquit
1765 4725 1903 4797 (Lib.
1936 4727 2002 4783 de

404 4799 642 4872 Viduis),
674 4798 1206 4872 triplicemcastitatis
1227 4813 1338 4872 esse
1363 4799 2001 4872 virtutem,_una_mconju-

397 4866 608 4941 galem,
625 4866 786 4925 aliam
808 4869 1101 4936 viduitatis,
1124 4868 1326 4941 tertiam
1349 4868 1685 4941 uirginitatis.
1716 4866 1840 4922 Non
1862 4866 1999 4922 enim

398 4937 558 4996 aliam
578 4937 657 4996 sic
687 4941 1054 5011 prmdicamns,
1087 4949 1144 4993 ut
1173 4937 1508 4994 excludanius
1543 4938 1717 5011 alias:
1757 4941 1866 5011 s_uis
1885 4942 2001 5010 qui-

398 5015 587 5082 busque
622 5007 1029 5085 professionibus
1055 5012 1155 5085 ista
1175 5011 1498 5085 conducunt.
1532 5007 1600 5064 In
1624 5007 2000 5085 lt-oc‘Ecclesia:

399 5088 614 5144 apulens
649 5081 968 5150 disciplina,
1016 5082 1155 5154 quod
1194 5098 1321 5151 quos
1363 5081 1604 5154 prmferat
1648 5081 1828 5149 habet,
1873 5099 2001 5152 quos

395 5156 601 5224 rejiciat
654 5172 758 5210 non
810 5154 998 5220 habet;
1030 5153 1197 5222 ratque
1252 5154 1454 5206 utinam
1499 5153 1686 5207 habere
1715 5169 2000 5224 numquam

397 5227 580 5294 possit.
629 5224 716 5279 Ita
744 5226 905 5297 igitur
950 5227 1292 5295 virginitatem
1325 5225 1668 5291 praedicant-us
1690 5265 1704 5290 ,
1731 5233 1787 5278 ut
1815 5225 1999 5279 viduas

398 5313 499 5349 non
528 5296 860 5368 rejiciamus;
889 5297 963 5351 ita
1008 5297 1188 5352 viduas
1219 5296 1563 5360 honoramus,
1597 5303 1651 5348 ut
1682 5311 1808 5350 suus
1833 5296 1998 5350 honos

397 5369 642 5440 coniugio
678 5377 982 5440 reservetur.

469 5437 498 5475 ι)
532 5436 704 5510 Onam
737 5436 1102 5510 periculosum
1123 5454 1187 5493 ac
1211 5436 1997 5510 perniciosnmsitvoluptariis

399 5523 496 5563 seu
522 5509 840 5582 libidinosis
867 5512 1287 5582 cogitationibus
1317 5509 1616 5572 immorari,
1645 5522 1866 5582 easque
1885 5509 1999 5582 ani-

399 5594 492 5634 mo
515 5579 698 5636 fovere
727 5582 894 5638 (unde
916 5579 968 5638 et
1001 5597 1233 5638 morosae
1259 5590 1523 5636 vocantur
1551 5595 1578 5633 a
1613 5593 1764 5634 mora
1787 5580 1870 5634 vel
1903 5581 1997 5633 im-

402 5650 720 5722 morando),
736 5649 997 5708 hactenus
1019 5668 1164 5722 saepe
1180 5662 1234 5708 ct
1258 5653 1418 5706 variis
1438 5652 1491 5706 in
1513 5649 1646 5722 locis
1664 5666 1726 5705 ex
1746 5650 1992 5705 doctrina

400 5720 498 5776 SS.
538 5721 757 5792 Patrum
789 5735 1066 5780 ostensum
1091 5720 1192 5780 est.
1222 5724 1398 5778 Prima
1428 5721 1694 5792 siquidem
1727 5723 1993 5778 castitatis

398 5805 467 5847 ac
495 5791 768 5866 pudicitiae
795 5796 1099 5866 corruptela
1118 5837 1132 5861 ,
1161 5805 1216 5849 et
1244 5795 1476 5864 primum
1500 5791 1503 5792 ⁷
1526 5792 1993 5866 Ιυιιιτίαελΐοηιθη-

400 5869 520 5928 tum
549 5873 635 5924 est
665 5865 779 5940 ipsa
806 5863 1102 5926 delectatio
1140 5863 1390 5934 morosa,
1414 5880 1534 5940 quae
1565 5880 1632 5923 ex
1663 5863 1995 5936 cogitatione

2026 4555 2078 4614 D

2097 3749 2194 3789 seu
2258 3735 2650 3804 imaginatione
2700 3735 2776 3790 rei
2828 3748 3078 3790 venerem
3129 3733 3414 3798 nascitur,
3471 3746 3710 3804 quaeque

2099 3805 2337 3875 maxime
2365 3802 2510 3875 viget
2539 3807 2592 3859 in
2621 3805 2724 3859 hoc
2750 3816 2990 3873 peccato.
3023 3805 3240 3860 dicente
3260 3805 3512 3872 apostolo
3540 3802 3713 3875 Jaco-

2100 3875 2170 3930 bo
2197 3894 2209 3929 :
2242 3874 2604 3948 Unusquisque
2625 3885 2871 3948 tentatur,
2900 3892 2933 3928 a
2953 3877 3364 3948 concupiscentia
3387 3892 3482 3928 sua
3504 3874 3711 3928 abstra-

2097 3957 2209 4001 ctus
2239 3956 2286 4001 et
2310 3945 2538 4002 illectus.
2572 3946 2770 4001 Deinde
2796 3945 3212 4015 concupiscentia
3233 3964 3349 4001 cum
3381 3948 3707 4014 conceperit,

2101 4019 2238 4086 parit
2288 4031 2576 4088 peccatum,
2629 4027 2733 4073 etc.
2782 4017 2990 4088 (Jacob.
3024 4020 3084 4086 ι).
3116 4018 3298 4087 Neque
3326 4017 3469 4072 enim
3519 4015 3707 4088 solum

2098 4091 2246 4144 actio
2315 4099 2537 4144 externa
2577 4089 2645 4143 ab
2685 4087 2905 4144 interno
2961 4087 3232 4143 desiderio
3285 4089 3338 4142 in
3388 4102 3455 4142 eo
3505 4087 3711 4142 distin-

2100 4161 2284 4228 guitur
2336 4159 2405 4214 dc
2449 4175 2557 4228 quo
2609 4157 2858 4214 Christus
2894 4159 2967 4213 ait
3001 4177 3014 4211 :
3048 4159 3150 4224 Qui
3205 4159 3388 4212 viderit
3427 4158 3709 4212 mulierem

2103 4231 2173 4283 ad
2213 4231 2689 4301 concupiscendam
2717 4245 2867 4301 eam,
2889 4235 3006 4301 jam
3060 4228 3339 4301 nunc/tatus
3385 4239 3613 4301 esteem
3643 4229 3706 4282 in

2102 4303 2258 4372 corde
2275 4299 2614 4372 suo'(Matth.
2645 4300 2732 4371 v);
2763 4300 2858 4355 sed
2890 4299 3064 4355 etiam
3095 4302 3209 4372 ipsa
3239 4299 3707 4372 delectatio,_qu:n

2104 4371 2302 4427 dicitur
2327 4369 2540 4428 morosa
2579 4383 2635 4428 et
2678 4369 2910 4428 venerea
2931 4411 2948 4438 ,
2979 4369 3444 4426 cuin—oblectatur
3485 4369 3708 4424 animus

2103 4444 2432 4512 cogitatione
2463 4445 2638 4514 turpi,
2669 4451 2943 4514 censetur
2968 4443 3243 4509 mortalis,
3266 4442 3452 4514 getiam
3482 4439 3527 4494 si
3558 4455 3705 4514 opus

2105 4515 2283 4583 ipsum
2315 4512 2624 4584 respuatur.
2655 4514 2710 4570 Id
2741 4515 2874 4570 satis
2901 4513 3048 4584 clare
3078 4515 3237 4568 docet
3265 4513 3326 4566 D.
3365 4512 3705 4584 Augustinus

2105 4585 2200 4640 lib.
2233 4601 2309 4640 xu
2359 4583 2424 4639 de
2455 4585 2720 4642 Trittitate
2751 4585 2907 4654 (Cap.
2961 4583 3082 4652 12):
3135 4584 3246 4638 Nec
3281 4599 3435 4647 sane,
3483 4583 3701 4654 inquit.

2104 4673 2219 4710 cum
2239 4659 2350 4712 sola
2375 4659 2684 4727 cogitatione
2702 4653 2843 4711 mens
2858 4653 3155 4710 'oblectatur
3184 4655 3382 4709 illicitis
3405 4696 3420 4720 ,
3452 4669 3550 4706 non
3565 4653 3706 4727 qui-

2105 4730 2220 4799 dem
2265 4725 2542 4783 decernens
2571 4745 2678 4782 esse
2715 4727 2991 4799 facienda;
3022 4736 3203 4799 tenens
3231 4734 3470 4799 tamenet
3493 4725 3703 4778 voluens

2107 4798 2343 4864 libenter,
2376 4815 2492 4869 quae
2521 4801 2700 4853 statim
2716 4795 2785 4852 'ut
2810 4799 3089 4867 attigerunt
3117 4798 3347 4851 animum
3371 4795 3446 4863 (id
3474 4803 3579 4869 est,
3605 4809 3704 4850 su-

2105 4866 2692 4938 pet'iorem’ratiuttem)
2741 4866 2920 4941 respui
2944 4869 3260 4933 debuerunt,
3302 4866 3594 4941 negandum
3620 4877 3705 4921 est

2101 4957 2213 4996 esse
2242 4949 2531 5010 peccatum.
2564 4936 2700 4997 Esse
2741 4936 2872 4996 vero
2903 4948 3181 5010 peccatum
3212 4936 3562 5010 mortiferum
3581 4952 3704 4991 ma-

2104 5006 2300 5067 nifeste
2346 5011 2549 5067 indicat
2576 5013 2754 5066 verbis
2785 5006 3138 5079 sequentibus
3159 5051 3174 5075 ,
3204 5025 3325 5064 cum
3358 5008 3468 5063 ait:
3510 5006 3705 5078 Neque

2105 5084 2238 5137 enim
2264 5086 2394 5136 sicut
2421 5084 2473 5136 in
2494 5083 2598 5137 illis
2625 5083 2827 5136 duobus
2869 5082 3050 5152 primis
3093 5082 3380 5135 hominibus
3402 5095 3704 5152 personam

2101 5170 2253 5207 suam
2280 5155 2494 5225 quisque
2521 5154 2786 5225 portabat,
2818 5151 2875 5206 et
2903 5153 3022 5206 ideo
3059 5154 3108 5225 si
3149 5151 3262 5206 sola
3299 5151 3500 5225 mulier
3523 5151 3705 5204 cibum

2103 5222 2299 5278 edisset
2321 5222 2586 5290 illicitum,
2618 5224 2730 5278 sola
2755 5225 2932 5294 utique
2957 5224 3138 5278 mortis
3167 5222 3418 5293 supplicio
3447 5223 3704 5294 plectere-

2104 5303 2220 5350 tur:
2247 5297 2323 5349 ita
2348 5297 2451 5350 dici
2482 5305 2642 5364 potest
2669 5297 2722 5350 in
2764 5293 2866 5349 uno
2906 5295 3144 5358 homine,
3185 5294 3231 5348 si
3273 5293 3706 5364 delectationibus

2102 5367 2304 5420 illicitis
2332 5384 2363 5420 a
2389 5368 2572 5436 quibus
2599 5369 2848 5421 continuo
2871 5383 2923 5421 se
2953 5365 3156 5419 deberet
3175 5374 3416 5429 avertere,
3447 5363 3705 5436 cogitatio

2103 5437 2316 5493 libenter
2331 5434 2441 5493 sola
2462 5449 2726 5510 pascatur,
2756 5454 2848 5510 nec
2871 5435 3110 5507 facienda
3140 5436 3381 5490 decernat
3409 5434 3547 5510 mala
3564 5448 3583 5497 ;
3607 5434 3706 5510 sed

2104 5520 2273 5564 tamen
2315 5503 2535 5563 suaviler
2553 5511 2608 5563 in
2635 5503 2988 5564 recordatione
3017 5515 3308 5570 teneantur,
3337 5506 3483 5574 quasi
3509 5503 3706 5574 mulie-

2101 5597 2212 5634 rem
2241 5581 2352 5635 sine
2381 5581 2489 5634 viro
2517 5596 2665 5651 posse
2694 5579 2952 5634 damnari.
3003 5577 3149 5651 Absit
3190 5576 3288 5631 hoc
3328 5572 3531 5629 credere
3550 5589 3570 5627 :
3609 5572 3705 5651 ἤιξε

2101 5654 2290 5722 quippe
2318 5669 2422 5705 una
2453 5645 2671 5720 persona
2697 5661 2774 5705 est
2794 5693 2808 5714 ,
2841 5667 2974 5705 unus
3013 5650 3166 5722 homo
3202 5658 3308 5712 est,
3337 5656 3570 5722 totusque
3599 5645 3707 5722 da:

2101 5717 2390 5788 mnabitur,
2421 5717 2523 5776 nisi
2550 5723 2645 5776 hac
2664 5765 2677 5784 .
2709 5738 2825 5793 qua:
2858 5723 2968 5777 sine
2992 5717 3553 5793 voluntateoperandi.
3599 5718 3704 5793 sed

2104 5805 2274 5848 tamen
2296 5787 2413 5847 cum
2437 5793 2700 5848 voluntate
2720 5787 2950 5848 animum
2971 5791 3156 5846 talibus
3185 5787 3498 5852 oblectandi,
3527 5788 3698 5842 solius

2052 5936 2058 5944 _
2102 5866 2427 5940 cogitationis
2470 5864 2760 5928 sentiuntur
2808 5880 2916 5921 esse
2944 5873 3192 5940 peccata,
3235 5877 3329 5934 per
3381 5857 3702 5924 Mediatoris
