4078 6332
334 269 435 332 881

1398 265 1743 325 οοιιΑτιο
1781 267 1897 326 XII.
1929 297 2000 312 —
2026 269 2117 326 DE
2158 267 2568 328 CASTITATE.

3511 275 3626 334 882

334 385 575 454 Tertius,
595 393 668 442 ne
689 384 931 442 femineo
949 382 1311 450 nec.tenuitcr
1330 380 1400 439 ad
1418 381 1922 454 concupiscentiam
1947 395 2004 459 Α
2025 397 2166 455 puro
2193 385 2374 442 cordis
2415 386 2822 458 contempletur
2851 387 3084 456 intuitu;
3114 389 3364 464 nihilque
3389 394 3625 465 amplius

334 488 623 539 moveatur
650 485 897 550 aspectu.
928 477 1186 546 Quartus,
1227 485 1256 514 ι
1292 492 1362 533 ne
1408 477 1639 549 vigilans
1675 477 1761 534 vel
1794 475 1927 534 sim—
2026 478 2098 533 de
2141 479 2259 549 ejus
2306 479 2691 536 recordatione
2733 482 3036 552 concipiat,
3076 499 3236 555 quam
3269 485 3315 542 si
3345 489 3624 557 operatio-

334 577 534 647 plicem
555 572 740 632 carnis
767 571 1008 644 perferat
1030 580 1258 628 motum.
1284 571 1541 642 Quintus,
1572 587 1640 628 ne
1667 585 1792 628 cum
1814 587 1929 630 mo-

333 669 562 726 morism
609 665 978 738 generationis
1025 665 1298 734 humanae,
1349 666 1430 722 vel
1483 674 1743 723 tractatus
1788 665 1928 722 ratio

333 764 416 818 vel
483 761 784 819 necessitas
844 761 1095 817 lectionis
1161 760 1482 832 ingesserit,
1540 761 1929 816 subtilissimus

335 864 576 912 mentem
619 854 942 924 voluptaria:
990 854 1224 910 actionis
1272 858 1600 926 perstringat
1640 868 1925 921 assensus;

335 951 430 1006 sed
476 949 624 1006 velut
673 962 808 1018 Opus
862 947 1136 1019 quoddam
1178 948 1406 1019 simplex
1453 963 1517 1005 ac
1561 948 1926 1004 ministerium

339 1041 577 1098 humano
597 1041 784 1112 generi
807 1041 1118 1097 necessario
1139 1041 1530 1109 contributum,
1551 1042 1842 1112 tranquillo
1862 1055 1928 1097 ac

2029 584 2154 626 nem
2202 570 2450 638 laterum,
2479 571 2567 627 vel
2596 571 2886 642 cujuslibet
2913 574 3139 632 alterius
3165 575 3396 634 ofﬁcinae
3441 590 3628 638 mente

2032 673 2346 735 pertractet.
2382 665 2582 724 Sextus
2603 669 2938 725 castimoniae
2965 670 3166 741 gradus
3191 681 3272 727 est
3291 714 3306 740 ,
3349 670 3378 712 δ
3411 689 3479 729 ne
3509 674 3629 732 ille-

2030 761 2279 818 cebrosis
2323 761 2793 832 phantasmatibus
2847 763 3168 821 feminarum
3213 767 3300 823 vel
3347 768 3628 826 dormiens

2035 852 2309 909 illudatur.
2343 853 2495 910 Licet
2541 856 2686 911 enim
2738 855 2877 911 hanc
2933 855 3352 915 ludificationem
3403 871 3630 931 peccato

2035 961 2157 1003 esse
2185 946 2474 1003 obnoxiam
2494 963 2601 1004 non
2627 949 2932 1018 credamus,
2964 951 3420 1022 concupiscentiae
3448 960 3630 1007 tamen

2035 1040 2214 1096 adhuc
2250 1039 2564 1096 medullitus
2589 1041 2848 1097 latitantis
2870 1040 3127 1098 iudicium
3157 1051 3262 1099 est.
3299 1053 3321 1082 ε
3345 1043 3518 1111 Quam
3552 1051 3631 1098 ta-

1415 1177 1674 1234 ALARDI
1709 1176 1944 1234 GAZIEI
1979 1177 2544 1235 COMMENTARIUS.

338 1319 561 1392 gratiam
579 1317 928 1392 remittantur.
957 1315 1168 1384 Quibus
1195 1313 1376 1370 verbis
1398 1322 1586 1385 aperte
1610 1313 1770 1392 docet
1789 1327 1921 1368 con-

338 1383 558 1446 sensum
584 1391 635 1442 in
668 1383 1083 1444 delectationem
1107 1401 1229 1442 esse
1252 1383 1536 1456 peccatum
1567 1383 1927 1456 mortiferum,

339 1471 524 1530 utpote
555 1470 773 1529 propter
819 1460 962 1530 quod
993 1467 1137 1513 totus
1165 1455 1355 1530 (homo
1393 1457 1462 1530 sit
1511 1455 1817 1530 perdendus
1867 1470 1932 1513 ac

339 1526 719 1595 damnandus,
753 1526 855 1585 nisi
905 1545 1000 1600 per
1039 1528 1268 1597 gratiam
1290 1527 1630 1600 (Mediatorisr
1659 1526 1820 1600 fuerit
1851 1541 1936 1581 re-

340 1605 587 1658 missum.
638 1603 701 1657 D.
752 1595 920 1657 idem'
943 1595 1239 1669 Gregorius
1285 1599 1337 1653 in
1371 1598 1634 1653 Pastorali
1669 1595 1844 1666 (Part.
1877 1612 1932 1660 ι.

338 1693 384 1730 c.
415 1674 528 1742 it),
554 1674 646 1728 ubi
671 1672 832 1727 docet
852 1689 974 1727 eum
999 1670 1093 1738 qui
1123 1669 1437 1737 huiusmodi
1459 1669 1932 1733 delectationibus,

341 1741 506 1800 etiam
533 1746 740 1814 absque
771 1742 1048 1814 proposito
1075 1743 1278 1814 operis,
1310 1741 1640 1814 inquinatur,
1669 1754 1780 1814 non
1807 1754 1932 1814 esse

341 1817 594 1871 idoneum
624 1811 692 1869 ad
722 1811 1056 1869 offerendum
1084 1812 1200 1868 Deo
1221 1811 1571 1876 sacriﬁcium,
1597 1824 1688 1864 aut
1715 1811 1784 1864 ad
1809 1811 1935 1865 alie-

341 1905 407 1942 na
445 1897 666 1956 peccata
697 1885 946 1941 diluenda
973 1929 985 1952 ,
1019 1899 1116 1952 per
1154 1883 1372 1938 modum
1421 1881 1648 1956 scilicet
1676 1883 1937 1956 interces-

341 1953 512 2014 sionis
539 1965 635 2012 aut
661 1956 1084 2020 satisiactionis,
1131 1963 1190 2009 ut
1232 1960 1382 2023 patet
1411 1969 1474 2007 ex
1504 1953 1683 2008 verbis
1722 1953 1932 2017 ipsius;

342 2029 485 2084 haud
528 2030 765 2083 obscure
795 2027 1069 2097 signiﬁcat
1096 2033 1377 2095 peccatum
1410 2039 1532 2097 esse
1573 2023 1931 2097 mortiferum.

342 2100 454 2156 Sed
496 2102 674 2170 ipsum
705 2094 1028 2170 suisverbis
1074 2094 1296 2170 prmstat
1337 2094 1530 2170 audire
1580 2095 1932 2165 loquentem:

344 2166 682 2226 Ponderosus
706 2179 808 2235 est,
839 2169 1048 2236 inquit,
1079 2168 1169 2234 qui
1210 2166 1578 2234 turpitudinem
1610 2183 1710 2220 non
1742 2173 1938 2220 exercet

343 2259 494 2312 apere
515 2284 530 2306 ,
553 2242 643 2296 sed
669 2252 840 2296 tamen
869 2240 930 2294 ab
970 2239 1066 2293 hac
1094 2239 1406 2312 cogitatione
1435 2237 1646 2290 assidua
1693 2237 1939 2312 sine_mo-

343 2308 608 2367 derantine
637 2323 887 2384 gravatur
921 2312 974 2384 in
1013 2320 1211 2384 mente;
1241 2310 1328 2376 qui
1368 2324 1686 2384 nequaquam
1731 2308 1939 2384 quidem

343 2385 598 2456 usquead
628 2378 755 2454 opus
783 2382 1036 2456 nefarium
1060 2382 1285 2456 rapitur,
1312 2379 1402 2456 sed
1431 2383 1542 2456 ejus
1573 2381 1774 2456 animus
1789 2378 1939 2456 volu-

346 2449 483 2525 ptate
507 2449 730 2510 luxuria!
755 2449 864 2509 sine
879 2453 985 2506 ullo
1007 2452 1390 2525 repugnationis
1415 2449 1682 2525 obstaculo
1715 2449 1941 2525 delecta:

345 2519 449 2584 tur.
490 2525 822 2580 Pondsrosus
867 2540 984 2594 ergo
1015 2519 1086 2575 est
1137 2519 1222 2584 qui
1275 2522 1394 2594 totis
1435 2519 1832 2594 cogitationibus
1867 2520 1942 2594 ad

347 2598 618 2651 lasciviam
649 2597 886 2666 deﬂuens
907 2590 1105 2666 pondus
1137 2592 1469 2664 turpitudinis
1486 2593 1722 2666 gestatin
1750 2590 1942 2656 corde;

346 2680 391 2723 et
423 2668 654 2738 quamvis
699 2661 859 2737 prava
901 2661 1003 2738 non
1045 2661 1275 2738 exerceat
1325 2679 1528 2738 opere,
1558 2661 1729 2738 abhis
1773 2670 1943 2738 tamen

347 2732 453 2793 non
473 2732 709 2796 evellitur
732 2747 918 2792 mente.
958 2735 1197 2805 Quisquis
1228 2750 1347 2805 ergo
1368 2732 1588 2802 quolibet
1610 2732 1794 2786 horum
1819 2732 1943 2805 vitio

346 2809 624 2880 subigitur,
647 2825 805 2880 panes
829 2805 1056 2880 Domino
1074 2802 1261 2872 offerre
1281 2802 1583 2880 prohibetur
1608 2820 1624 2867 ;
1635 2820 1742 2880 _nec
1770 2802 1946 2880 profe-

349 2891 430 2934 cto
451 2875 624 2934 dliena
648 2875 850 2933 diluere
881 2878 954 2946 (id
979 2884 1084 2939 est,
1108 2892 1297 2946 eorum
1324 2877 1540 2928 veniam
1570 2889 1600 2928 a
1633 2875 1743 2928 Deo
1772 2875 1943 2942 impe-

350 2949 520 3019 trare)
550 2961 760 3019 peccata
786 2949 921 3004 valet
952 2949 993 3001 is
1015 2963 1165 3015 quem
1195 2945 1366 2999 adhuc
1398 2946 1936 3019 prop_ria_dev_astant.

351 3023 478 3076 llmc
500 3015 888 3090 D.Gregorius.
921 3019 1037 3073 Huc
1059 3015 1462 3090 etiam_spectat
1485 3015 1572 3069 illa
1602 3015 1947 3090 D.illi_erony-

351 3095 423 3146 mi
443 3095 623 3161 gravis
649 3087 707 3146 et
725 3101 878 3146 acuta
895 3093 1193 3146 sententia:
1213 3088 1355 3161 Perit
1383 3096 1447 3161 et
1447 3097 1610 3161 mente
1637 3087 1948 3161 virginitas;

353 3174 404 3218 et
434 3157 565 3218 alibi
584 3161 854 3234 (EpistJ)
881 3161 1044 3234 docet
1069 3159 1364 3234 monachos
1382 3157 1666 3228 IEgyptios
1693 3157 1950 3234 operibus

357 3229 612 3288 manuum
642 3229 925 3302 tantopere
948 3231 1253 3291 insudasse.
1275 3245 1383 3284 non
1408 3240 1516 3282 tam
1536 3239 1757 3298 propter
1779 3229 1950 3284 victus

356 3307 761 3370 necessitatem,
779 3318 940 3368 quam
961 3314 1186 3372 propter
1206 3304 1400 3355 animae
1418 3303 1680 3372 salutem;
1705 3315 1767 3352 ne
1785 3316 1948 3363 mens,

352 3379 452 3441 ait,
478 3377 779 3445 perniciosis
802 3371 1199 3445 cogitationibus
1228 3382 1526 3445 vagaretur.
1569 3371 1688 3445 liuc
1702 3371 1951 3445 pertinet

357 3440 449 3501 illa
469 3440 970 3524 JoannisClitnaci‘
981 3444 1108 3509 (Ubi
1137 3440 1316 3524 supra)
1333 3441 1623 3524 distinctio
1641 3457 1668 3492 a
1701 3440 1950 3524 Panibus

353 3526 575 3586 accepta
601 3535 612 3570 :
650 3516 896 3587 Plerique
927 3513 1166 3587 Patrum,
1195 3512 1391 3587 inquit,
1419 3512 1739 3587 discretionis
1783 3513 1952 3582 gratia

354 3583 576 3642 maxime
615 3583 881 3657 insignes,
937 3588 1082 3641 aliud
1113 3585 1364 3657 deﬁniunt
1398 3584 1619 3652 primum
1659 3583 1949 3657 impetum,

355 3661 498 3712 aliud
522 3662 573 3712 in
607 3653 1130 3730 cogitandogmoram,
1164 3655 1666 3730 aliudconsensum,
1690 3653 1836 3730 aliud
1865 3669 1954 3730 ca-

357 3725 836 3797 ptivitatemfaliud
878 3728 1093 3791 luctam,
1119 3737 1164 3781 et
1193 3726 1336 3780 aliud
1379 3741 1491 3778 eam
1519 3741 1631 3793 qua:
1654 3725 1836 3797 passio
1851 3725 1954 3797 sive

356 3794 677 3871 perturbatio
708 3802 761 3853 in
791 3800 961 3852 animo
989 3799 1220 3871 dicitur:
1263 3799 1524 3871 impetum
1547 3794 1680 3850 enim
1712 3794 1790 3871 illi
1819 3795 1954 3849 beati

355 3866 464 3927 esse
489 3875 634 3925 aiunt
655 3872 913 3925 notionem
936 3870 1218 3941 simplicem
1241 3869 1344 3924 sive
1369 3866 1642 3938 imaginem
1659 3869 1956 3941 cujuscumo

356 3960 455 4012 que
483 3943 557 3996 rei
579 3942 722 3995 cordi
745 3949 966 3995 recenter
993 3939 1234 4012 injectum
1253 3954 1497 4012 ,‘moram
1523 3953 1672 4012 vero,
1703 3953 1821 3990 cum
1838 3939 1953 4007 quis

357 4009 401 4066 ei
431 4014 667 4085 imagini,
700 4015 804 4066 sive
827 4027 944 4066 cum
972 4009 1209 4080 passione
1236 4010 1412 4080 aliqua
1435 4049 1448 4069 ,
1487 4009 1590 4063 sive
1622 4017 1804 4076 praeter
1830 4025 1953 4085 pas-

357 4081 579 4148 sioneni,
604 4089 942 4147 immoratur;
989 4097 1293 4136 consensum
1319 4096 1458 4146 vero,
1485 4089 1668 4132 nutum
1694 4091 1844 4145 atque
1868 4081 1952 4133 in-

358 4157 690 4209 clinationem
717 4155 903 4208 anima:
929 4154 996 4206 ad
1027 4169 1138 4206 eam
1184 4152 1457 4222 imaginem
1497 4166 1612 4222 cum
1639 4151 1952 4222 uoluptate;

359 4228 705 4297 captivitatem
724 4242 860 4289 vero,
891 4224 1164 4278 violentam
1207 4220 1353 4276 inviti
1396 4220 1564 4274 cordis
1594 4221 1953 4297 abd-uctionern

360 4291 666 4368 sive‘jugem
685 4297 754 4349 ad
779 4311 1102 4368 quacumque
1122 4297 1408 4363 ingressum
1426 4301 1576 4368 atque
1595 4291 1773 4360 optimi
1794 4293 1955 4368 nostri

359 4363 526 4422 status
549 4363 1128 4433 cxterminiumﬂuctam
1146 4380 1264 4418 vero
1284 4379 1389 4418 esse
1410 4363 1684 4433 difﬁniunt,
1701 4378 1814 4414 cum
1841 4364 1956 4431 pari

2035 1311 2121 1367 Ex
2149 1315 2228 1367 his
2249 1312 2535 1390 colligitur,
2559 1324 2792 1387 aportere
2810 1316 3227 1390 agpmnitentibus
3255 1317 3431 1390 omnia
3451 1334 3632 1390 pecca-

2034 1392 2086 1437 ta
2115 1385 2356 1460 mortalia
2379 1426 2394 1450 ,
2425 1385 2641 1460 quorum
2666 1397 2786 1460 post
2805 1387 3099 1460 diligentem
3124 1389 3206 1441 sui
3228 1385 3593 1443 discussibnem
3611 1431 3629 1460 ,

2034 1457 2396 1510 conscientiam
2423 1456 2628 1528 habent.
2658 1459 2711 1511 in
2751 1456 3069 1528 confessione
3111 1461 3386 1522 recenseri,
3433 1456 3635 1516 etiamsi

2037 1528 2386 1580 occultissima
2417 1527 2509 1582 illa
2521 1530 2642 1594 sint,
2659 1538 2707 1583 et
2733 1527 2935 1583 tantum
2962 1530 3205 1583 adversus
3222 1534 3326 1583 duo
3339 1531 3516 1584 ultima
3534 1531 3636 1587 Dc-

2037 1599 2204 1668 calogi
2237 1611 2488 1670 pracepta
2519 1601 2810 1665 commissa,
2844 1616 2958 1668 qua:
2985 1617 3367 1670 nonnumquam
3408 1603 3637 1658 animum

1963 1693 2012 1752 Β
2039 1671 2242 1752 gravius
2267 1671 2524 1752 sauciant,
2553 1680 2598 1723 et
2625 1671 2993 1752 p‘ericulosiora
3013 1682 3129 1725 sunt
3156 1673 3224 1752 iis
3244 1688 3358 1742 qua:
3379 1672 3431 1725 in
3461 1673 3635 1752 mani-

2040 1741 2170 1806 festo
2209 1740 2578 1796 admittuntur.
2625 1740 2702 1796 Et
2734 1744 2893 1810 paulo
2945 1751 3097 1812 post:
3156 1740 3346 1796 Verum
3377 1759 3492 1797 cum
3519 1745 3638 1798 uni-

2039 1827 2186 1864 versa
2203 1813 2441 1883 mortalia
2469 1824 2696 1878 peccata,
2730 1814 2885 1868 etiam
2913 1815 3257 1883 cogitationis,
3290 1813 3519 1870 homines
3545 1817 3638 1870 ira:

2039 1883 2177 1949 ﬁlios
2207 1891 2252 1936 et
2283 1880 2378 1937 Dei
2409 1884 2642 1938 inimicos
2669 1884 2912 1948 reddant,
2937 1880 3275 1939 necessarium
3302 1896 3375 1938 est
3405 1891 3638 1940 omnium

2039 1953 2192 2006 etiam
2223 1955 2416 2007 veniam
2464 1970 2579 2007 cum
2624 1967 2804 2024 aperta
2829 1965 2877 2010 et
2918 1955 3205 2010 verecunda
3252 1958 3578 2024 confessione
3604 1973 3639 2010 α

2044 2025 2152 2078 Deo
2180 2025 2647 2097 quwrereagltaque
2672 2026 2795 2081 dum
2826 2028 3001 2080 omnia
3028 2043 3145 2097 quae
3172 2031 3430 2082 memoria'
3459 2043 3642 2080 occur-

2041 2105 2160 2168 runt
2187 2106 2400 2164 peccata
2425 2095 2618 2150 Christi
2640 2098 2820 2163 ﬁdeles
2846 2095 3079 2167 conﬁteri
3103 2099 3328 2164 student,
3360 2099 3644 2168 proculdu-

2042 2167 2126 2240 bio
2155 2168 2327 2220 omnia
2351 2168 2538 2240 divina?
2577 2169 2943 2240 misericordia:
2979 2170 3305 2240 agnoscenda
3333 2167 3594 2239 exponunt
3620 2185 3640 2223 :

2041 2239 2129 2306 qui
2155 2254 2274 2309 vero
2311 2254 2453 2291 secus
2482 2239 2678 2309 faciunt
2701 2249 2748 2292 et
2771 2240 2989 2293 scienter
3020 2239 3205 2308 aliqua
3229 2240 3474 2307 retinent,
3510 2240 3642 2294 nihil

2043 2309 2231 2362 divina:
2257 2308 2488 2362 bonitati
2520 2327 2610 2377 per
2656 2311 2978 2364 sacerdotem
3027 2313 3391 2365 remittendum
3444 2327 3641 2379 propo-

2045 2387 2174 2432 nunt
2207 2395 2224 2432 :
2255 2382 2299 2434 si
2336 2381 2470 2452 enim
2509 2382 2769 2435 erubescat
2809 2392 3029 2452 cegrotus
3058 2382 3244 2436 vulnus
3271 2381 3468 2435 medico
3501 2383 3641 2437 dete-

2043 2466 2178 2518 gere,
2204 2451 2344 2520 quod
2374 2452 2578 2520 ignorat
2610 2451 2864 2506 medicina
2884 2468 2986 2506 non
3013 2462 3182 2506 curat.

2118 2467 2178 2516 re,
2239 2467 2342 2503 uoa
2374 2467 2578 2520 ignorat
2610 2467 2862 2506 medicina
2884 2468 2986 2506 non
3013 2467 3182 2506 curat.

2118 2530 2142 2556 ἰ
2193 2467 2472 2587 ὅιωιεηυε
2501 2523 2616 2577 lucc
2666 2534 2720 2578 et
2767 2525 2871 2577 alia
2921 2524 3002 2578 his
3046 2523 3245 2578 similia
3292 2537 3420 2577 vera
3451 2524 3561 2578 sint
3587 2534 3645 2579 et

2045 2595 2320 2656 quomodo
2375 2594 2756 2664 intelligenda,
2807 2594 2930 2650 vide
2978 2595 3306 2665 explicatum
3344 2594 3409 2649 ad
3453 2596 3542 2649 lib.
3588 2610 3643 2651 VI

2043 2660 2176 2717 Inst.
2204 2679 2326 2719 can.
2367 2665 2451 2719 10.

2070 2673 2176 2717 nst.
2204 2679 2326 2718 can.
2367 2668 2451 2718 10.

2120 2679 2690 2809 siglzfaggianuslib.
2723 2751 2773 2791 vt
2806 2752 2926 2802 cap.
2965 2736 3031 2791 10
3067 2753 3080 2791 :
3109 2735 3518 2809 Perfectw,gait,
3548 2753 3645 2809 pu-

2046 2805 2215 2876 ritatis
2243 2807 2338 2859 hoc
2379 2807 2474 2860 erit
2504 2806 2712 2861 evidens
2741 2809 2990 2861 indicium
3025 2824 3084 2861 ac
3114 2805 3268 2876 plena
3303 2805 3575 2876 probatio,
3599 2811 3647 2864 si

2047 2875 2124 2929 vel
2149 2877 2294 2950 nulla
2324 2878 2496 2948 imago
2547 2876 2772 2932 illiciens
2813 2875 3195 2950 quiescentibus
3224 2875 3366 2932 nobis
3398 2889 3444 2932 ct
3475 2880 3526 2932 in
3557 2897 3642 2934 so-

2048 2962 2224 3016 porem
2270 2947 2462 3004 laxatis
2493 2959 2766 3015 occurrat,
2795 2947 2874 3004 vel
2919 2957 3056 3004 certe
3099 2950 3436 3016 interpellans
3476 2951 3648 3006 nullos

2049 3020 2475 3090 concupiscentia
2523 3029 2691 3075 motus
2741 3024 2908 3074 valeat
2951 3021 3193 3075 excitare.
3224 3020 3368 3075 Licet
3408 3023 3549 3074 enim
3575 3023 3647 3076 ad

2054 3089 2264 3155 plenam
2301 3093 2499 3161 peccati
2527 3107 2717 3145 noxam
2745 3094 2862 3146 talis
2891 3093 3162 3146 commotio
3194 3093 3401 3145 minime
3427 3101 3648 3163 reputo-

2055 3169 2168 3223 tur,
2200 3170 2371 3216 tamen
2402 3163 2622 3216 necdum
2650 3166 2892 3233 perfecta:
2920 3163 3102 3217 mentis
3140 3162 3395 3217 indicium
3419 3162 3515 3229 est,
3556 3181 3650 3220 nec

2053 3233 2121 3305 ad
2146 3249 2336 3303 purum
2366 3236 2564 3287 excocti
2608 3235 2716 3288 vitii
2759 3235 3134 3305 manifestatio,
3175 3251 3294 3289 cum
3319 3249 3411 3305 per
3437 3235 3650 3305 fallaces

2053 3303 2307 3376 imagines
2336 3305 2631 3376 hujusmodi
2675 3317 2918 3372 operatur
2957 3304 3152 3359 illusio.
3189 3305 3256 3359 Et
3306 3303 3495 3360 rursus
3522 3321 3647 3376 cap.

2053 3373 2166 3447 2‘2;
2201 3373 2349 3427 Mens
2374 3373 2498 3427 dum
2527 3375 2698 3428 adhuc
2719 3377 2978 3447 dormiens
2997 3376 3302 3447 imaginum
3327 3377 3522 3431 visione
3550 3373 3648 3431 de-

2055 3444 2275 3526 luditur,
2305 3447 2501 3526 noverit
2529 3462 2583 3500 se
2606 3448 2826 3500 necdum
2871 3446 2941 3499 ad
2987 3444 3239 3515 integram
3284 3448 3650 3516 perfectionem

2054 3516 2302 3569 castitatis
2330 3525 2611 3572 excoctam.
2683 3535 2688 3540 ·

2130 3596 2151 3662 °_
2189 3585 2251 3640 D.
2286 3586 2525 3662 Basilius
2546 3587 2642 3641 lib.
2666 3587 2743 3662 de
2774 3586 3037 3662 Institutis
3062 3586 3454 3662 monachorum
3485 3588 3642 3662 (Cap.

2055 3655 2156 3728 ς,25)
2205 3656 2480 3725 praemissa
2512 3657 2614 3712 hac
2664 3657 3126 3728 interrogatione:
3191 3657 3340 3713 Unde
3383 3655 3650 3716 nocturna:

2057 3726 2346 3793 phantasia:
2369 3728 2650 3783 inhonesta:
2678 3738 2726 3783 et
2753 3726 2929 3797 turpes
2957 3729 3199 3782 accidunt
3221 3729 3366 3783 nobis
3389 3731 3414 3783 ?
3441 3730 3508 3784 ita
3561 3747 3652 3787 re-

2057 3799 2320 3864 spondet:
2351 3797 2580 3852 Veniunt
2607 3801 2813 3868 quidem
2841 3801 2951 3854 htec
2966 3801 3190 3853 maxime
3216 3816 3278 3854 ex
3303 3800 3506 3854 diurnis
3535 3803 3652 3857 ani-

2056 3883 2155 3922 ma:
2174 3869 2398 3942 motibus
2410 3870 2698 3942 retractibus
2741 3871 2966 3942 indignis
3005 3880 3051 3923 et
3075 3871 3392 3942 incongruis.
3422 3871 3484 3927 Si
3514 3873 3648 3927 enim

2056 3940 2515 4025 vacet-in-judiciis
2546 3940 2664 4006 Dei,
2693 3940 3014 4025 expurgatur
3032 3940 3318 4025 animanper
3349 3942 3650 4025 meditatio-

2058 4026 2174 4064 nem
2194 4011 2320 4080 legis
2351 4012 2539 4066 divina:
2562 4021 2608 4066 et
2627 4011 3014 4067 studium'verbi
3039 4011 3156 4076 Dei,
3179 4012 3348 4082 ibique
3375 4015 3420 4067 si
3456 4015 3654 4070 indesi-

2057 4091 2238 4154 nenter
2268 4098 2322 4136 se
2349 4094 2563 4153 occupet
2604 4101 2802 4153 semper
2843 4086 3105 4154 requirens
3133 4093 3182 4137 et
3208 4095 3466 4148 scrutans,
3521 4087 3654 4142 talia

2058 4152 2260 4207 habebit
2297 4155 2449 4207 etiam
2475 4152 2696 4209 somnia.
2738 4152 3031 4210 Cassianus
3083 4155 3266 4209 itidem
3319 4155 3413 4210 lib.
3437 4172 3490 4211 vr
3517 4157 3649 4212 Inst.

2058 4223 2213 4297 (Cap.
2244 4224 2331 4292 Η)
2363 4225 2636 4297 explicans
2653 4242 2721 4281 ex
2742 4242 2847 4295 quo
2876 4226 3006 4280 vitio
3031 4225 3212 4280 illusio
3235 4234 3492 4281 nocturna
3525 4242 3652 4296 pro-

2057 4295 2241 4368 cedat:
2271 4295 2527 4368 Qualitas,
2559 4297 2752 4367 inquit,
2782 4297 3168 4368 cogitationum,
3195 4312 3311 4367 qua:
3331 4295 3654 4352 distentioni-

2057 4367 2150 4421 bus
2172 4367 2275 4420 diei
2297 4366 2644 4436 negligentiae
2657 4366 2965 4433 custoditur,
2995 4366 3239 4436 probatur
3257 4369 3424 4436 quiete
3445 4380 3654 4422 noctur-

361 4440 548 4515 virtute
575 4451 864 4515 pugnatur,
894 4448 941 4491 et
968 4445 1147 4506 sponte
1186 4451 1280 4490 sua
1309 4436 1521 4515 quisque
1563 4434 1640 4486 vel
1681 4445 1954 4515 superatur
1979 4455 2034 4515 ι)
2057 4455 2146 4515 na.
2171 4436 2237 4491 Et
2260 4434 2450 4515 idcirco
2471 4453 2588 4515 cum
2614 4437 2952 4515 intercesserit
2981 4434 3158 4515 aliqua
3184 4434 3303 4515 talis
3328 4438 3522 4515 illusio,
3547 4457 3654 4494 non

361 4510 436 4562 vel
465 4503 980 4563 vincitfPassionem
998 4503 1178 4562 autem
1201 4521 1314 4560 eam
1334 4506 1598 4576 propriam
1621 4520 1730 4558 esse
1752 4503 1951 4571 dicunt,

361 4595 478 4648 qum
492 4589 720 4651 temmre
750 4579 990 4651 longiore
1007 4579 1059 4632 in
1089 4579 1262 4651 animo
1281 4575 1510 4651 vitiosius
1532 4575 1717 4651 insedit
1741 4589 1956 4651 eumque

360 4645 455 4721 pro
480 4652 563 4705 sui
585 4645 956 4705 consuetudine
976 4650 1027 4702 in
1051 4665 1202 4721 suum
1227 4645 1804 4721 habitum‘transduxit:
1827 4645 1957 4721 adeo

366 4714 422 4803 ut
444 4738 542 4776 sua
571 4732 752 4803 sponte
781 4720 1376 4803 propriaquevoluntate
1404 4718 1471 4771 ad
1485 4733 1608 4799 .eam
1649 4725 1843 4803 currat.
1873 4714 1958 4803 Ea;

364 4789 445 4846 his
473 4788 710 4847 omnibus
734 4788 977 4863 gradibus
1024 4791 1174 4863 prior
1220 4790 1428 4863 quidem
1453 4788 1562 4841 sine
1605 4797 1813 4858 peccato
1839 4795 1913 4863 est
1936 4804 1956 4853 ;

363 4863 624 4918 secundus
655 4859 757 4916 non
785 4864 860 4915 ita
883 4904 898 4928 ,
941 4859 1033 4916 sed
1068 4878 1182 4914 cum
1209 4861 1384 4929 aliquo
1410 4869 1612 4930 peccato
1641 4870 1744 4922 est;
1782 4859 1958 4912 tertius

362 4949 480 4986 vero
510 4951 606 5005 pro
633 4933 937 5005 certantium
961 4931 1221 5002 colligitur
1243 4929 1415 5005 static."
1459 4947 1610 5005 porro
1659 4929 1796 4982 lucta
1816 4970 1830 4992 ,
1850 4931 1960 5005 “vel

360 4998 571 5058 corona:
609 5002 687 5058 vel
731 5005 968 5073 supplicii
1017 4998 1174 5056 causa
1219 5013 1308 5054 est.
1362 4998 1639 5073 Captivitas
1666 5016 1783 5054 vero
1807 4998 1959 5073 aliter

363 5076 612 5129 orationis
645 5071 902 5144 tempore;
932 5073 1079 5128 aliter
1105 5083 1286 5144 prater
1327 5072 1574 5144 orationis
1624 5080 1821 5144 tempus
1865 5071 1960 5144 ju-

364 5146 604 5212 dicatur;
643 5140 790 5199 aliter
833 5148 951 5200 item
979 5147 1029 5197 in
1061 5140 1241 5197 mediis
1269 5153 1417 5210 atque
1442 5141 1496 5192 in
1531 5142 1764 5194 omnibus
1809 5140 1957 5195 malis

362 5217 761 5289 cogitationibus
791 5219 1091 5270 testimotur.
1283 5213 1452 5282 passio
1489 5227 1623 5289 sane
1644 5212 1696 5263 in
1727 5212 1959 5289 omnibus

364 5281 556 5359 obitque
579 5287 689 5341 ulla
707 5287 1148 5359 contrat'ersia_t'cl
1169 5281 1342 5359 digna
1364 5282 1668 5359 paenitentia
1686 5281 1760 5359 vel
1783 5285 1959 5359 futuro

367 5353 624 5412 cruciatui
651 5358 878 5428 subjecta
907 5365 997 5410 est.
1031 5356 1154 5410 Haec
1177 5353 1267 5409 ille
1288 5393 1304 5418 ,
1340 5353 1644 5428 passionem
1695 5353 1795 5406 hoc
1832 5353 1959 5428 loco

368 5430 531 5498 longe
558 5429 719 5482 aliter
736 5423 1050 5498 'u~urrpans,
1068 5441 1227 5498 quam
1251 5425 1618 5498 communiter
1640 5434 1744 5475 tam
1764 5437 1793 5476 a
1809 5423 1960 5498 tlteo-

368 5493 503 5568 logi's
523 5514 680 5566 quam
710 5493 1240 5566 apliilosophis’solct
1257 5493 1446 5562 accipi.
1472 5493 1789 5568 Passioneui
1801 5495 1956 5568 enim

367 5563 631 5640 in'telligit
654 5563 919 5630 hab—itum,
943 5563 1484 5640 seupmpensionem
1507 5563 1572 5617 ad
1600 5574 1750 5618 actus
1780 5565 1958 5640 libidi-

368 5641 479 5703 nis,
514 5636 636 5706 αξη,
673 5650 730 5695 et
758 5637 1151 5693 consuetudine
1185 5636 1575 5699 conﬁrmatam,
1604 5644 1750 5687 utex
1791 5637 1959 5706 ipsius

367 5705 738 5780 descriptione
764 5707 1208 5780 intelligiturJlis
1229 5707 1686 5780 demumacccdat
1713 5705 1958 5780 deﬁnitio

369 5775 586 5836 concilii
618 5779 920 5835 'Fridentitii
948 5775 1116 5843 (Sess.
1152 5777 1236 5843 l4,
1269 5793 1384 5846 cap.
1417 5775 1495 5845 5),
1526 5777 1576 5830 in
1606 5776 1718 5829 haec
1752 5777 1910 5830 verba
1941 5795 1952 5828 :

2061 4510 2215 4576 culpa
2238 4508 2404 4562 somni
2420 4507 2674 4580 credenda
2691 4519 2786 4574 est,
2809 4508 2900 4562 sed
2922 4509 3229 4580 negligentia
3257 4509 3497 4580 temporis
3516 4526 3653 4579 prce-

2061 4581 2280 4632 cedentis
2331 4585 2380 4630 et
2425 4578 2774 4647 manifestatio
2822 4578 2986 4631 morbi
3041 4579 3244 4633 latentis
3297 4578 3649 4648 intrinsecus;

2059 4666 2211 4718 quem
2239 4665 2342 4702 non
2371 4649 2608 4715 primitus
2649 4647 2812 4703 noctis
2849 4647 2980 4701 hora
3020 4650 3298 4718 parturiit,
3335 4650 3424 4704 sed
3455 4647 3650 4707 intimis

2060 4717 2248 4774 animm
2274 4719 2596 4773 reconditum
2621 4717 2764 4786 ﬁbris
2780 4719 2847 4773 ad
2876 4718 3006 4771 cutis
3028 4720 3352 4787 superﬁciem
3376 4723 3540 4774 somni
3565 4737 3651 4775 re-

2060 4791 2280 4860 fectione
2303 4789 2567 4860 produxit,
2591 4804 2810 4859 arguens
2839 4789 3064 4842 occultas
3084 4799 3303 4843 cestuum
3332 4791 3494 4860 febres
3519 4808 3650 4860 quas

2061 4859 2152 4927 per
2178 4870 2339 4914 totum
2362 4859 2467 4913 diei
2494 4861 2721 4930 spatium
2747 4861 2922 4914 noxiis
2952 4859 3343 4930 cogitationibus
3363 4862 3494 4929 pasti
3517 4859 3645 4916 con-

2061 4933 2350 5003 traximus,
2384 4938 2492 4984 etc.
2523 4929 2815 5003 Gregorius
2857 4930 3136 5003 Nyssenus
3162 4929 3259 4984 l‘ib.
3308 4931 3376 4987 de
3421 4933 3650 5003 Opiﬁcio

2062 5001 2295 5056 hominis
2317 5015 2438 5070 cap.
2472 5003 2568 5055 13:
2601 5002 2694 5055 Est
2722 5012 2770 5075 et
2797 5000 2943 5056 aliud
2972 5001 3291 5075 somniorum
3321 5000 3484 5073 genus
3511 5006 3649 5075 quod

2061 5089 2156 5139 pro
2177 5088 2375 5126 morum
2396 5075 2643 5143 cujusque
2662 5074 2910 5127 varietate
2927 5076 3196 5141 formatur.
3219 5071 3355 5129 Sunt
3377 5075 3508 5127 enim
3524 5071 3651 5129 alite

2061 5145 2282 5198 hominis
2299 5143 2470 5210 fortis,
2497 5143 2615 5198 alite
2641 5145 2805 5197 timidi
2826 5143 3217 5213 imaginationes
3233 5154 3517 5210 nocturnis,
3542 5146 3649 5199 alia

2061 5216 2411 5284 temperantis,
2435 5214 2641 5284 aliaque
2665 5213 3057 5284 intemperantis
3073 5215 3302 5266 somnia:
3326 5214 3432 5267 alia
3453 5215 3651 5269 homini

2060 5283 2285 5338 avaritia
2310 5283 2628 5350 inexplebili,
2648 5286 2753 5340 alia
2782 5283 2983 5339 liberali
3009 5299 3097 5355 per
3126 5299 3361 5336 somnum
3393 5285 3651 5356 objiciun-

2061 5365 2166 5408 tur.
2203 5356 2498 5426 Atquegvisa
2524 5360 2651 5421 haec,
2694 5371 3010 5426 nequaquam
3035 5370 3198 5423 mens,
3231 5355 3321 5408 sed
3348 5355 3527 5424 expers
3555 5357 3651 5409 illa

2060 5424 2289 5480 rationis
2324 5424 2526 5497 affectio
2573 5424 2842 5494 informat.
2877 5425 3018 5478 Nam
3043 5426 3227 5496 quibus
3267 5426 3379 5497 quis
3423 5427 3651 5479 assuevit

2061 5499 2250 5570 diurno
2273 5496 2468 5570 studio,
2489 5510 2662 5570 eorum
2685 5497 2738 5548 in
2765 5497 2976 5570 somniis
2998 5497 3450 5570 etiamsimulacsa
3473 5498 3646 5570 fingit.

2061 5567 2354 5638 Gregorius
2386 5566 2753 5620 Nazianzenus
2789 5566 2840 5619 in
2872 5566 3114 5622 carmine
3135 5566 3204 5621 de
3232 5568 3338 5622 vita
3369 5566 3500 5623 sua:

2198 5682 2306 5732 Visa
2329 5691 2514 5732 etenim
2542 5694 2686 5731 curas
2709 5680 2937 5730 referunt
2959 5691 3192 5731 nocturna
3215 5682 3430 5734 diurnas.

2065 5775 2422 5833 Subscribunt
2461 5775 2622 5827 etiam
2660 5773 2859 5828 ethnici
2891 5773 3205 5842 scriptores.
3245 5773 3378 5830 Nam
3408 5775 3562 5831 Plato
3589 5775 3645 5829 in
