4078 6332
489 338 596 397 887

1558 328 1834 388 JOANNIS
1869 325 2174 385 CASSlANl
2211 326 2701 387 COLLATIONES.

3652 331 3767 391 888

490 451 741 522 aspiciat,
771 451 945 522 qualis
970 449 1141 506 videri
1170 449 1236 506 ab
1289 445 1596 502 hominibus
1625 446 1920 512 erubescit,
1971 460 2068 500 nec
2095 447 2151 506 Δ
2171 446 2310 502 cinae
2333 448 2502 518 ipsius
2528 448 2825 503 necessitas
2845 448 3334 520 cogit,qnasumus
3362 457 3424 506 ut
3447 463 3571 506 cum
3595 451 3766 506 venia

489 552 542 602 in
562 563 629 604 eo
651 548 755 603 tale
775 547 979 616 aliquid
1009 542 1336 601 inevitabilis
1358 542 1449 598 ille
1471 541 1664 597 oculus
1681 539 1924 614 [Dionys.
1941 539 2070 594 add.

488 640 613 714 Dei]
650 640 1038 710 deprehendat,
1070 638 1212 710 quod
1239 639 1306 694 ab
1335 639 1582 693 humanis
1605 637 1915 706 aspectibus
1940 635 2073 691 velit

487 750 610 790 esse
631 734 898 790 celatum:
929 743 985 789 et
1005 735 1074 788 ita
1103 747 1226 788 cum
1252 731 1482 802 caperit
1499 731 1826 786 suavissimo
1865 729 2071 785 lumine

486 828 752 882 castitatis
775 828 976 898 jugiter
1000 826 1277 892 delectari,
1299 826 1484 880 dicere
1528 826 1727 895 poterit
1765 839 1890 880 cum
1937 823 2069 878 Pro-

488 920 651 990 pheta
679 939 690 975 :
717 918 786 974 Et
830 937 934 975 nox
977 921 1290 974 illuminatio
1318 936 1433 974 mea
1461 919 1518 973 in
1547 919 1745 973 deliciis
1770 919 1916 983 meis,
1949 919 2070 988 quia

487 1014 713 1069 tenebrat
740 1031 841 1069 non
865 1015 1276 1069 obscurabuntur
1302 1031 1335 1068 a
1363 1022 1494 1086 te,et
1519 1029 1622 1068 ηοω
1649 1015 1782 1069 sicut
1809 1015 1920 1070 dies
1947 1016 2070 1069 illu-

487 1107 764 1159 minabitur
790 1105 977 1177 (Hebr.
1000 1122 1074 1174 Iv,
1091 1107 1224 1177 psal.
1239 1107 1520 1176 cum");
1535 1108 1668 1161 sicut
1689 1107 1913 1162 tenebrae
1933 1109 2066 1179 ejus,

484 1199 561 1252 ita
608 1208 656 1252 et
699 1198 872 1251 lumen
921 1201 1055 1270 ejus.
1108 1199 1346 1268 Denique
1388 1199 1491 1255 hoc
1520 1199 1718 1268 ipsum,
1751 1201 1874 1269 quia
1904 1213 2065 1268 supra

485 1290 849 1345 conditionem
879 1300 1082 1345 natura:
1106 1291 1318 1345 videtur
1349 1291 1620 1358 humanae,
1649 1291 1883 1362 qualiter
1922 1291 2066 1348 obti-

483 1381 664 1435 ntterit
713 1380 856 1436 idem
903 1381 1163 1452 propheta
1216 1383 1512 1454 subjungit,
1555 1383 1742 1440 dicens
1781 1402 1794 1438 ε
1833 1384 1968 1452 Quia
2011 1393 2066 1439 tu

485 1473 755 1540 possedisti
781 1490 925 1528 renes
952 1492 1086 1529 meos
1123 1473 1405 1546 (Ibidem);
1435 1475 1487 1530 id
1518 1486 1623 1544 est,
1659 1491 1764 1532 non
1798 1477 2066 1532 industria

485 1580 602 1620 mea
657 1581 833 1636 neque
880 1569 1074 1624 virtute
1115 1569 1253 1625 hanc
1305 1571 1574 1638 promerui
1622 1573 1938 1641 puritatem,
1968 1573 2063 1628 sed

481 1658 607 1727 quia
629 1667 688 1713 tu
715 1659 1052 1717 mortiﬁcasti
1083 1662 1300 1718 insitum
1349 1663 1570 1719 renibus
1597 1665 1735 1720 meis
1761 1665 2063 1723 libidinosae

482 1749 774 1820 voluptatis
797 1753 1070 1809 ardorem.

1092 1845 1318 1904 CAPUT
1355 1847 1445 1903 IX.

481 1931 836 2005 Interrogatio
857 1953 925 1991 an
947 1939 1178 2014 corporis
1202 1949 1396 2014 motum
1423 1937 1576 1995 etiam
1605 1943 1913 1998 dormientes
1945 1959 2063 2014 pos-

1064 2011 1222 2064 simus
1242 2012 1470 2066 evadere.

553 2118 855 2175 Germanus
881 2137 894 2174 :
921 2121 1238 2191 Perpetuam
1261 2125 1477 2194 quidem
1503 2127 1748 2194 corporis
1772 2127 2060 2197 puritatem

481 2227 546 2268 ex
572 2223 722 2282 parte
771 2215 948 2285 aliqua
989 2220 1195 2286 experti
1225 2233 1411 2272 sumus
1441 2233 1471 2272 a
1499 2218 1848 2287 vigilantibus
1902 2235 2062 2290 posse

480 2320 576 2373 per
605 2307 695 2362 Dei
719 2309 947 2376 gratiam
971 2309 1273 2378 possideri;
1303 2321 1355 2365 et
1382 2312 1802 2367 commotionem
1854 2313 2059 2383 carnis,

476 2401 832 2458 districtionis
857 2405 1034 2474 rigore
1061 2413 1220 2475 atque
1238 2404 1446 2474 judicio
1476 2406 1783 2473 resistente,
1833 2408 2061 2478 vigilan-

478 2494 620 2549 tibus
644 2510 805 2565 posse
829 2512 934 2552 non
957 2500 1274 2568 contingere
1304 2514 1412 2553 non
1435 2515 1712 2570 negamus.
1745 2500 1935 2557 Utrum
1967 2517 2064 2556 au-

478 2594 586 2640 tem
609 2596 666 2642 et
691 2589 1024 2645 dormientes
1052 2591 1152 2645 hac
1184 2591 1556 2660 inquietudine
1583 2607 1772 2648 carere
1793 2595 2062 2662 possimus

476 2679 726 2734 volumus
755 2681 994 2736 edoceri.
1033 2683 1247 2737 Duabus
1277 2699 1507 2750 namque
1552 2683 1620 2738 de
1665 2685 1847 2738 causis
1889 2686 2061 2755 possi-

475 2771 584 2826 bile
617 2774 718 2828 hoc
747 2789 868 2829 esse
895 2791 1001 2830 non
1032 2775 1324 2841 credimus,
1357 2791 1489 2846 quas
1513 2776 1642 2832 licet
1666 2777 1869 2846 absque
1899 2795 2056 2835 vere-

475 2865 671 2920 cundia
704 2881 1032 2937 nequeamus
1063 2867 1236 2935 ell‘ari,
1278 2879 1453 2924 tamen
1480 2871 1732 2940 quoniam
1762 2872 1864 2927 hoc
1891 2873 2059 2928 medi-

2178 541 2273 609 tui,
2296 541 2344 597 si
2364 557 2467 613 qua
2487 542 2625 598 forte
2651 543 3067 600 inverecundius
3097 544 3296 600 iuerint
3320 543 3610 612 denudata,
3633 559 3760 600 sus-

2175 636 2365 706 cipias.
2414 636 2650 692 Primum
2696 652 2827 708 ergo
2871 647 2955 693 est
2992 637 3136 708 quod
3177 653 3273 707 per
3300 639 3474 693 somni
3518 640 3761 710 quietem

2174 729 2370 786 mentis
2401 731 2586 801 vigore
2615 731 2796 786 laxato
2815 731 3098 786 observari
3125 746 3465 802 nequaquam
3494 731 3639 786 illius
3664 746 3763 786 va—

2175 821 2285 878 leat
2327 823 2713 878 commotionis
2748 823 3016 892 obreptio.
3066 823 3337 890 Secundo,
3395 824 3538 893 quod
3589 826 3760 880 etiam

2174 914 2345 969 urinae
2374 913 2624 970 collectio
2646 929 2768 970 cum
2792 915 2986 970 vesica:
3031 916 3392 986 capacitatem
3430 916 3767 986 quiescenti-

2171 1005 2273 1061 bus
2301 1007 2458 1061 nobis
2479 1005 2854 1063 indesinenter
2881 1006 3130 1063 conﬂuxit
3155 1008 3356 1063 interni
3391 1008 3631 1062 humoris
3655 1023 3762 1078 op-

2171 1099 2421 1170 pleverit,
2453 1101 2655 1156 excitet
2702 1100 2941 1156 membra
2973 1103 3382 1164 marcescentia,
3411 1100 3554 1172 quod
3585 1102 3762 1157 etiam

2171 1193 2411 1262 parvulis
2441 1192 2527 1248 vel
2553 1192 2882 1262 spadonibus
2900 1193 3091 1249 eadem
3121 1193 3598 1264 nihilominuslege
3620 1208 3766 1250 con-

2173 1286 2344 1356 tingit.
2373 1285 2526 1342 Unde
2551 1285 2610 1342 lit
2638 1295 2697 1340 ut
2725 1285 2772 1342 si
2794 1304 2900 1342 non
2929 1289 3217 1344 oblectatio
3239 1288 3478 1344 libidinis
3505 1289 3765 1344 vulnerat

2171 1379 2367 1436 mentis
2397 1394 2703 1444 assensum,
2738 1389 2765 1417 ι
2793 1381 3112 1436 confusione
3142 1389 3320 1436 tamen
3343 1397 3462 1437 eam
3504 1381 3766 1439 bumiliet

2170 1472 2447 1542 turpitudo
2473 1473 2862 1528 membrorum.

2788 1563 3016 1621 CAPUT
3057 1564 3127 1620 Χ.

2166 1657 2455 1728 Responsio
2481 1659 2618 1726 quod
2647 1675 2739 1730 per
2764 1674 3000 1712 somnum
3023 1659 3261 1714 accidens
3288 1659 3458 1714 carnis
3478 1661 3761 1715 commotio

2666 1747 2768 1784 non
2795 1731 2979 1801 oﬁciat
3003 1731 3248 1784 castitati.

2094 1839 2141 1900 B
2237 1841 2563 1898 Chteremon
2591 1859 2604 1894 :
2636 1841 2873 1912 Apparet
2903 1857 3004 1897 vos
3030 1843 3258 1898 necdum
3303 1859 3445 1899 verm
3486 1844 3764 1902 castitatis

2167 1937 2451 2006 agnovisse
2466 1937 2744 2001 virtutem,
2768 1936 3203 2006 quandoquidem
3227 1937 3582 1993 districtionis
3598 1939 3765 1994 auxi-

2164 2029 2240 2084 lio
2264 2045 2382 2084 eam
2411 2043 2440 2084 a
2473 2029 2816 2100 vigilantibus
2862 2039 3070 2084 tantum
3113 2030 3336 2086 creditis
3359 2031 3642 2086 retentari.
3688 2031 3768 2087 Et

2165 2125 2292 2180 inde
2317 2134 2399 2180 est
2423 2124 2566 2195 quod
2607 2125 2806 2195 putatis
2850 2139 2881 2180 a
2908 2124 3325 2192 dormientibus,
3367 2127 3518 2196 quasi
3566 2125 3764 2197 rigore

2164 2217 2330 2272 animi
2362 2219 2625 2286 resoluto,
2643 2219 3002 2288 integritatem
3021 2233 3128 2274 non
3151 2233 3312 2289 posse
3337 2217 3563 2274 servari.
3579 2218 3763 2275 Porro

2164 2310 2383 2366 castitas
2409 2327 2538 2377 non,
2564 2321 2620 2365 ut
2645 2311 3002 2375 arbitramini,
3033 2309 3060 2349 δ
3085 2311 3440 2367 districtionis
3470 2311 3755 2381 praesidio,

2165 2404 2261 2459 sed
2289 2416 2474 2458 amore
2505 2404 2586 2458 sui
2617 2413 2671 2458 et
2690 2405 2924 2474 propriae
2955 2405 3202 2473 puritatis
3228 2405 3586 2460 delectatione
3617 2406 3759 2460 sub-

2165 2499 2325 2552 sistit.
2357 2508 2378 2536 ο
2409 2497 2528 2551 Νοη
2555 2499 2698 2552 enim
2730 2499 2973 2562 castitas,
3020 2498 3115 2552 sed
3146 2498 3479 2554 continentia
3527 2499 3759 2563 dicitur,

2168 2590 2255 2644 ubi
2308 2590 2486 2644 adhuc
2541 2590 2589 2643 ei
2631 2588 2812 2658 aliqua
2860 2588 3069 2644 resistit
3095 2589 3402 2645 adversitas
3430 2590 3759 2658 voluptatis.

2168 2682 2376 2739 Videtis
2401 2697 2529 2752 ergo
2566 2681 2646 2736 his
2675 2683 2767 2752 qui
2798 2681 3063 2736 castitatis
3092 2681 3345 2737 allectum
3378 2697 3474 2751 per
3500 2681 3598 2736 Dei
3627 2696 3765 2751 gra-

2171 2775 2298 2830 tiam
2323 2773 2630 2829 medullitus
2649 2773 3362 2844 receperunt,districtionis
3390 2773 3763 2830 cessationem

2167 2889 2289 2927 cum
2316 2870 2592 2924 dormiunt
2639 2882 2746 2922 non
2771 2867 2984 2933 obesse,
3012 2883 3133 2937 qua:
3163 2865 3190 2904 (ι
3219 2868 3384 2922 inﬁda
3426 2868 3585 2924 etiam
3608 2868 3763 2940 vigi-

1559 2987 1807 3042 ALARDI
1849 2989 2079 3047 GAZAEI
2117 2985 2672 3047 COMMENTARIUS.

481 3077 543 3150 ξ.
576 3077 813 3150 Antonii)
847 3095 865 3132 :
899 3077 1119 3133 Necesse
1142 3081 1187 3134 ei
1212 3080 1310 3148 fuit
1335 3079 1616 3150 aliquando
1646 3082 1838 3150 [lumen
1863 3083 2064 3137 nomine

2176 3081 2494 3134 Luxuriosus
2539 3087 2584 3132 et
2627 3077 2944 3149 castus‘sibi
2984 3086 3298 3149 repugnant.
3349 3078 3633 3133 Luxuriosi
3676 3091 3768 3136 est

480 3146 678 3221 Qucum
699 3148 874 3202 subitis
895 3152 1042 3219 aquis
1063 3146 1372 3204 inundatum
1397 3146 1747 3214 transvadere,
1764 3153 2064 3221 rogavitque
2090 3155 2136 3217 C
2169 3163 2339 3206 motus
2369 3151 2580 3216 sentire,
2607 3159 2654 3221 et
2693 3147 2908 3202 motibus
2953 3146 3273 3221 consentire;
3303 3153 3432 3204 casti
3462 3167 3552 3204 nec
3582 3163 3767 3208 motus

483 3218 832 3281 Theodorum,
860 3218 948 3288 qui
983 3238 1099 3274 cum
1131 3225 1244 3291 ipso
1276 3231 1404 3284 erat,
1431 3231 1482 3274 ut
1513 3223 1785 3292 paululum
1811 3218 1842 3274 ᾱ
1869 3241 1961 3277 suo
1980 3218 2066 3278 se-

482 3301 755 3355 pararetur
781 3302 1010 3359 aspectu,
1031 3309 1093 3346 ne
1119 3294 1405 3346 nuditatem
1436 3295 1665 3361 corporis
1692 3295 1905 3347 invicem
1929 3307 2069 3348 uter-

481 3377 575 3426 que
606 3362 974 3432 conspicerent.
1011 3363 1230 3417 Recessit
1253 3363 1589 3423 Theodorus;
1620 3362 1956 3419 nihilominus
1980 3367 2070 3420 ille

480 3434 704 3502 seipsum
727 3449 842 3484 cum
868 3437 1064 3486 nudare
1093 3436 1263 3500 vellet,
1296 3434 1519 3488 erubuit.
1550 3432 1873 3503 Cogitantem
1898 3449 2068 3490 autem

481 3504 533 3553 in
569 3503 786 3556 alteram
807 3505 974 3571 ripam
1004 3505 1162 3560 virtus
1193 3506 1364 3558 divina
1392 3507 1730 3574 transposuit.
1749 3505 1830 3558 Ita
1853 3505 1992 3562 Deus
2020 3518 2068 3561 et

481 3584 622 3628 casto
652 3574 840 3644 pudori
867 3585 912 3628 et
943 3576 1202 3649 pudicitia:
1227 3577 1518 3649 consuluit;
1547 3587 1594 3629 et
1616 3594 1768 3649 quam
1789 3578 1894 3649 sibi
1917 3589 2068 3649 grata

480 3655 791 3716 acceptaque
814 3654 963 3708 esset,
1009 3647 1198 3718 insigni
1238 3648 1488 3701 miraculo
1511 3647 1748 3701 ostendit.
1784 3648 1824 3702 E
1848 3647 2066 3705 diverso

481 3728 659 3770 autem
689 3726 946 3789 quantum
975 3718 1077 3789 ipsi
1107 3717 1385 3787 displiceat
1423 3717 1642 3772 nudatio
1671 3719 2061 3789 membrorum,

482 3787 783 3853 praesertim
823 3788 1216 3853 pudendornm,
1243 3798 1299 3844 et
1341 3790 1548 3844 curiosa
1590 3798 1682 3843 aut
1736 3790 1932 3844 lasciva
1981 3787 2064 3846 sui

480 3860 725 3929 corporis
755 3867 846 3929 aut
873 3859 1030 3912 alieni
1065 3859 1518 3928 inspectio.docet
1546 3859 1603 3916 S.
1623 3860 1856 3929 Prosper
1883 3878 2065 3916 exem-

484 3928 572 3995 plo
599 3927 874 3996 cujusdam
901 3930 1042 3997 puell
1061 3947 1092 3982 η
1114 3927 1271 3997 quam
1290 3931 1452 3985 rel'ert
1487 3932 1586 3984 hac
1610 3932 1678 3985 de
1707 3927 1868 3985 causa
1901 3931 2064 3987 fuisse

481 4012 508 4049 a
542 3998 792 4070 dazmone
839 4014 1142 4066 possessam
1178 4018 1190 4052 :
1225 4001 1491 4067 Quwdam,
1527 4002 1698 4070 inquit
1728 4001 1865 4065 (Lib.
1893 4004 1955 4056 de
1976 4002 2065 4057 Di-

482 4069 606 4121 mid.
641 4078 852 4139 tempor.
887 4087 1000 4140 cap.
1035 4071 1114 4140 6),
1132 4071 1414 4142 juvencula
1444 4069 1649 4126 ancilla:
1698 4070 1789 4142 Dei
1834 4072 2065 4128 habitum

479 4149 704 4206 gestans,
737 4156 851 4192 cum
879 4141 929 4192 in
959 4140 1143 4194 balneo
1163 4142 1706 4203 lat'ans,simulacrum
1747 4140 1952 4198 Veneris
1966 4145 2064 4198 im-

480 4211 664 4278 pudice
689 4212 934 4281 aspiceret
963 4222 1013 4264 et
1045 4213 1292 4279 scipsam,
1321 4214 1462 4279 eique
1485 4229 1539 4266 se
1579 4214 1934 4279 consimilans,
1963 4216 2063 4270 do-

481 4281 730 4355 micilium
759 4297 812 4334 se
837 4281 1043 4335 diabolo
1072 4283 1306 4351 prtebuit.
1327 4282 1518 4355 Statim
1540 4282 1626 4336 ille
1643 4285 1722 4336 leo
1747 4285 1834 4352 qui
1855 4287 2062 4355 rugiens

479 4351 686 4416 circuit,
717 4369 866 4421 quem
886 4355 1147 4424 rqurerebat
1174 4353 1380 4424 invenit.
1415 4353 1618 4406 Meatus
1649 4351 1807 4422 igitur
1835 4351 2061 4424 gutturis

481 4438 756 4494 occupans,
806 4423 999 4496 nullum
1039 4425 1207 4476 cibum
1234 4422 1535 4492 nullumque
1562 4436 1741 4496 potum
1770 4422 2058 4496 trajiciens,

480 4508 574 4588 per.
597 4493 920 4588 s‘eptquinta
941 4495 1100 4588 ferme
1131 4497 1238 4548 dies
1266 4493 1573 4564 totidemque
1596 4493 2060 4588 noctesijez'unium
2085 4529 2140 4588 Ι)

476 4564 831 4636 ,ξὶὺὲΑάὶαὸοιυε
852 4582 914 4618 ea:
938 4577 1086 4636 capto
1117 4582 1442 4636 possessaque
1486 4583 1602 4619 vase
1648 4564 1894 4620 exhibuit.
1930 4567 2054 4624 Haec

478 4632 538 4688 S.
573 4634 826 4707 Prosper,
857 4629 1127 4707 enati-iiiis
1144 4637 1338 4692 deinde
1360 4629 1633 4707 quomodo
1661 4638 1848 4692 eadem
1877 4641 2051 4706 puella

475 4719 503 4754 a
559 4706 806 4760 (nemone
863 4706 1083 4760 liberata
1116 4708 1296 4773 fuerit,
1321 4706 1462 4776 quod
1488 4709 1736 4777 superius
1762 4708 1867 4762 alia
1898 4725 2056 4764 occa-

475 4777 632 4831 sione
659 4779 957 4832 retulimus.

547 4857 574 4884 ἰ
624 4849 695 4902 De
727 4849 826 4903 hac
857 4847 1229 4902 membrorum
1279 4849 1590 4918 genitalium
1639 4849 1972 4917 turpitudine
2001 4860 2055 4905 et

474 4917 700 4984 pudore,
727 4919 952 4987 ejusque
973 4933 1159 4983 causa,
1182 4917 1323 4983 vide,
1354 4922 1398 4973 si
1425 4919 1653 4986 lubet,D
1693 4921 2052 4988 Augustinum

474 5003 563 5041 xw
591 4990 658 5045 de
676 4991 904 5045 Civitate
937 4989 1184 5057 Dei,Cap.
1212 4990 1300 5043 l9.

544 5058 571 5097 δ
603 5060 980 5122 Districtionis,
1010 5061 1061 5114 id
1088 5069 1190 5122 est,
1212 5061 1558 5131 austeritatis.
1583 5059 1657 5114 lta
1688 5061 1884 5128 passim
1911 5062 2053 5131 apud

471 5129 808 5185 Cassianum.
837 5131 943 5186 Sed
959 5146 1136 5184 amore
1156 5131 1269 5196 sui;
1291 5130 1534 5199 intelligo
1565 5131 1731 5198 ipsius
1761 5129 2050 5200 castitatis,

468 5215 590 5270 quae
624 5217 718 5269 per
744 5218 802 5256 se
841 5202 1090 5256 amabilis
1136 5214 1240 5267 est,
1268 5201 1421 5269 juxta
1467 5203 1594 5255 illud
1638 5201 1914 5256 Ciceronis
1966 5202 2051 5256 di-

469 5281 615 5324 ctum
653 5287 670 5329 :
710 5272 910 5336 Virtus.
953 5273 997 5326 si
1045 5272 1207 5325 oculis
1255 5273 1394 5324 cerni
1443 5282 1633 5342 posset,
1663 5273 1925 5328 mirabiles
1971 5274 2054 5327 sui

469 5357 672 5397 amores
709 5345 760 5396 in
785 5343 968 5396 animis
997 5342 1263 5395 hominum
1291 5342 1530 5395 excitaret
1561 5342 1601 5411 (ι
1635 5343 1832 5412 0fﬁc.).

543 5424 562 5448 ε
597 5415 909 5468 (Iastitatetu
949 5429 976 5465 a
1004 5413 1333 5466 continentia
1367 5414 1622 5481 distingui
1653 5414 1834 5467 decuit
1863 5413 2050 5468 itidem

466 5484 759 5537 Cassianus
790 5484 882 5537 lib.
911 5499 960 5536 v1
992 5498 1108 5550 cap.
1135 5481 1170 5534 4
1197 5501 1209 5536 :
1246 5484 1422 5546 Aliud,
1467 5483 1656 5546 inquit,
1693 5494 1762 5536 est
1790 5485 2052 5536 continen-

468 5562 566 5603 tem
597 5555 800 5630 esse,id
829 5564 922 5618 est,
954 5551 1624 5630 iyxparﬁ;alittd_castunt,
1654 5564 1828 5630 ριγητ
1861 5557 1931 5604 ita
1963 5555 2052 5630 di-

465 5637 597 5678 cam.
618 5625 668 5674 in
691 5624 931 5688 aﬂ'ectum
956 5624 1258 5692 integritatis
1286 5626 1360 5677 vel
1380 5625 1780 5692 incorruptionis
1810 5626 2049 5690 transire,

463 5693 606 5768 quod
620 5693 822 5768 dicitur
851 5695 1021 5768 ἁγνόν.
1069 5695 1468 5768 Cui_consentit
1502 5699 1560 5747 ll.
1587 5695 1890 5768 Bernartius
1913 5710 2050 5768 quo-

465 5765 587 5834 datu
620 5766 739 5817 loco
773 5765 860 5834 (in
894 5764 1043 5819 serui.
1073 5768 1133 5820 de
1169 5764 1349 5819 Verbis
1382 5769 1536 5834 δίῳ..
1565 5777 1688 5818 tom.
1725 5765 1788 5828 ll)
1818 5767 1886 5819 ita
1918 5766 2051 5820 scri-

464 5832 596 5892 bens
647 5832 837 5888 :No'ta
891 5837 1036 5890 aliud
1070 5853 1182 5890 esse
1230 5832 1600 5902 continentem,
1634 5834 1779 5889 aliud
1827 5847 2041 5891 castum.

2171 3228 2378 3288 sentire,
2395 3237 2488 3275 nee
2509 3220 2730 3273 motibus
2757 3220 3064 3273 consentire.
3081 3219 3362 3275 Continens
3387 3229 3459 3274 est
3478 3222 3533 3274 in
3552 3224 3762 3287 medio,

2171 3295 2442 3359 utrobique
2481 3307 2684 3345 suntens
2730 3291 3084 3362 participium,
3131 3307 3246 3345 cum
3276 3292 3439 3345 altero
3483 3309 3768 3349 commune

2172 3366 2360 3419 habens
2387 3373 2554 3416 motus
2582 3362 2784 3426 sentire,
2820 3378 2933 3413 cum
2955 3362 3116 3415 altero
3138 3362 3360 3416 motibus
3387 3380 3488 3416 non
3527 3380 3764 3418 consen-

2171 3439 2289 3501 tire,
2323 3443 2428 3490 etc.
2462 3435 2632 3487 Porro
2659 3431 2948 3485 notandum
2972 3448 3040 3486 ex
3068 3432 3132 3488 Ι).
3162 3433 3367 3487 Thoma
3391 3433 3596 3504 (ιζ-ΞΛ.
3619 3434 3760 3503 155,

2169 3517 2272 3560 art.
2309 3507 2330 3560 1
2387 3516 2436 3559 et
2468 3505 2550 3576 2),
2579 3503 2924 3576 continentiae
2965 3519 3158 3558 nomen
3201 3503 3487 3576 dupliciter
3527 3508 3699 3574 accipi
3743 3524 3759 3561 :

2172 3579 2344 3646 primo
2376 3587 2432 3629 ut
2458 3575 2721 3643 significet
2754 3575 3014 3646 virtutem
3039 3575 3347 3646 quamdam,
3380 3590 3484 3644 qua
3516 3577 3638 3645 quis
3680 3578 3765 3633 ab

2169 3649 2313 3702 omni
2338 3646 2698 3702 delectatione
2719 3659 2948 3698 venerea
2971 3645 3222 3707 abstinet,
3246 3645 3516 3714 quomodo
3543 3649 3759 3716 passim

2169 3721 2397 3772 sumitur
2423 3718 2478 3772 in
2512 3719 2789 3785 Scriptura
2813 3729 2989 3781 sacra,
3021 3727 3075 3770 et
3101 3717 3242 3786 apud
3275 3716 3374 3771 SS.
3405 3717 3615 3782 Patres,
3647 3735 3764 3776 nec

2167 3789 2350 3844 dill'ert
2376 3805 2406 3842 a
2433 3790 2682 3842 castitate
2717 3805 2728 3839 :
2763 3787 2905 3839 unde
2935 3797 2987 3840 et
3029 3787 3128 3840 hac
3173 3789 3380 3842 ratione
3430 3798 3538 3842 tres
3567 3791 3759 3845 conti-

2170 3864 2370 3915 nentice
2397 3861 2597 3930 gradus
2627 3873 2656 3930 a
2689 3857 2959 3930 theologis
2982 3857 3405 3930 distinguuntur,
3430 3859 3755 3930 virginalis,

2167 3928 2420 3995 vidualis,
2447 3942 2499 3983 et
2525 3929 2844 3998 coniugalis,
2874 3937 2931 3982 ut
2956 3942 3116 3996 supra
3143 3929 3297 4000 (Cap.
3332 3929 3387 3999 7)
3413 3928 3479 3984 de
3499 3928 3761 3988 castitate

2167 4001 2368 4055 dictum
2396 4011 2509 4067 est;
2543 3999 2804 4063 secundo,
2840 4009 2896 4071 ut
2926 4000 3192 4071 signiticet
3219 4000 3524 4054 ﬁrmitatem
3549 4002 3752 4071 animi,

2166 4087 2268 4142 qua
2319 4074 2438 4140 quis
2487 4071 2690 4125 resistit
2719 4069 2895 4142 pravis
2919 4070 3403 4142 concupiscentiis,
3423 4087 3546 4142 _qu.e
3576 4074 3631 4127 in
3677 4069 3759 4129 eo

2168 4133 2518 4197 vehementes
2541 4153 2664 4195 sunt
2697 4133 2796 4194 z'et
2828 4140 2929 4194 hoc
2957 4133 3118 4194 modo
3156 4142 3349 4210 accipit
3380 4133 3754 4212 PliiloSoplius

2167 4215 2552 4268 continentiam
2591 4213 2644 4265 in
2681 4212 2913 4280 septimo
2961 4212 3271 4283 Etliicorum
3305 4212 3588 4283 (lnterrog.
3622 4215 3656 4268 7
3696 4224 3756 4268 et

2165 4287 2333 4359 seq._),A
2354 4299 2577 4352 eamque
2593 4295 2757 4359 _voca_t
2785 4281 3338 4359 ἐγκρὰτιιρξνηιίιῃιιοε
3367 4281 3554 4359 _etiam‘
3588 4287 3752 4359 modo

2165 4352 2417 4423 accipitur
2465 4355 2781 4408 continentia
2817 4352 2904 4406 'i'n
2950 4353 3310 4408 collationibus
3359 4352 3608 4417 Patrum.
3668 4357 3755 4412 ait

2165 4437 2383 4480 sanctus
2409 4425 2663 4484 Thomas.
2687 4423 2824 4477 haud
2852 4424 3011 4478 dubie
3038 4423 3181 4477 hunc
3214 4426 3387 4479 locum
3419 4426 3750 4492 respiciens.

2165 4495 2228 4550 D.
2263 4497 2490 4551 Basilius
2517 4497 2570 4549 in
2599 4495 2818 4564 Regulis
2843 4493 3017 4548 iusius
3046 4495 3332 4564 disputatis
3353 4496 3749 4554 continentiam

2164 4570 2323 4635 paulo
2363 4569 2518 4622 latius
2545 4568 2732 4633 sumit,
2765 4575 2816 4618 ut
2849 4575 2905 4619 et
2930 4565 3314 4620 abstinentiam
3337 4577 3391 4621 et
3434 4576 3752 4635 temperan-

2161 4640 2319 4701 tiam.
2349 4649 2403 4692 et
2449 4646 2670 4691 caeteras
2720 4637 2942 4691 virtutes
2991 4639 3302 4706 passionum
3350 4638 3751 4695 moderatrices

2158 4709 2549 4778 complectatur
2569 4726 2581 4760 :
2603 4707 2704 4773 Qui
2735 4707 2991 4772 omnibus,
3018 4707 3115 4772 ait,
3144 4708 3307 4760 animi
3336 4709 3417 4761 sui
3447 4708 3750 4776 aﬂ'ectioni-

2159 4777 2251 4832 bus
2286 4777 2627 4843 moderatur,
2653 4793 2814 4851 neque
2856 4779 3178 4847 voluptatum
3208 4778 3506 4832 titillatione
3533 4797 3751 4851 permo-

2158 4859 2324 4913 vetur,
2350 4861 2626 4916 contraque
2664 4849 2864 4917 fortiter
2888 4858 3274 4918 constanterque
3293 4849 3542 4903 adversus
3561 4867 3748 4916 quam-

2157 4935 2368 4992 cumque
2408 4935 2621 4992 pravam
2659 4919 2925 4973 libidinem
2968 4921 3228 4973 animatus
3277 4930 3373 4986 est,
3406 4919 3488 4973 hic
3515 4923 3750 4991 perfecte

2155 4991 2420 5044 continens
2449 4999 2540 5044 est.

2229 5059 2255 5096 ά
2287 5061 2410 5114 Haec
2430 5061 2611 5114 omisit
2642 5059 2927 5130 Dionysius
2956 5060 3357 5130 paraphrastes.
3388 5061 3588 5116 Sensus
3613 5078 3747 5116 esse

2157 5130 2372 5186 videtur
2396 5149 2409 5183 :
2431 5131 2674 5186 Cessatio
2703 5132 2819 5184 sive
2843 5134 3161 5200 interruptio
3191 5131 3361 5185 solita:
3382 5133 3746 5188 disnictionis

2157 5210 2210 5254 et
2237 5202 2565 5256 austeritatis
2593 5200 2797 5254 diurnze
2839 5217 2934 5270 per
2973 5217 3221 5256 SOIllnllm
3267 5213 3586 5257 nocturnum
3624 5219 3736 5258 non

2157 5270 2322 5326 ofticit
2354 5271 2784 5340 dormientibus,
2819 5287 2918 5326 nee
2947 5287 3136 5326 eorum
3174 5273 3431 5339 castitati,
3457 5274 3582 5327 dum
3615 5290 3746 5328 car-

2157 5342 2242 5396 nis
2276 5352 2452 5396 motus
2485 5343 2760 5411 patiuntur
2787 5345 2837 5395 in
2862 5343 3088 5401 somnis.
3118 5358 3238 5396 cum
3267 5345 3428 5397 etiam
3451 5344 3745 5410 vigilantes

2160 5411 2466 5477 ltttjusmodi
2498 5422 2669 5464 motus
2705 5428 2766 5466 ac
2798 5415 3042 5465 stimulos
3075 5414 3348 5481 patiantur
3376 5415 3547 5478 inviti,
3575 5426 3635 5470 ut.
3667 5415 3745 5472 de

2157 5488 2252 5538 sei.
2279 5497 2338 5536 so
2369 5492 2594 5536 testatur
2635 5484 2926 5550 Apostolus
2968 5483 3007 5536 ΙΙ
3049 5486 3294 5536 (Iorintlt.
3334 5501 3423 5539 sit.
3461 5485 3613 5541 Unde
3654 5488 3744 5542 eis

2159 5555 2317 5605 inlida
2367 5554 2562 5606 dicitur
2610 5553 2900 5619 districuo,
2944 5557 3062 5606 sive
3109 5557 3415 5615 austeritas,
3449 5558 3572 5624 quia
3626 5571 3740 5611 non

2155 5624 2337 5677 Statim
2363 5639 2456 5677 eos
2478 5629 2636 5676 etiam
2669 5624 2948 5691 vigilantes
2971 5625 3037 5678 ab
3064 5627 3210 5677 omni
3239 5627 3534 5682 tentatione
3554 5631 3746 5684 carnis

2157 5696 2366 5748 liberat.
2400 5695 2490 5746 Est
2521 5704 2697 5747 tamen
2735 5711 2982 5764 magnum
3033 5696 3324 5750 discrimen
3379 5699 3514 5751 inter
3560 5699 3740 5753 homio

2157 5780 2275 5818 nem
2302 5766 2634 5836 _vigilautem
2685 5779 2738 5818 et
2783 5767 3140 5821 durmieotem
3172 5768 3222 5820 in
3267 5767 3572 5836 httjltslnodt
3607 5771 3740 5824 illu-

2155 5834 2398 5891 si0oibus
2429 5847 2481 5889 et
2511 5835 2781 5894 illecebris
2812 5838 3011 5892 carnis.
3045 5837 3320 5907 Siquidem
3339 5834 3584 5911 vigilans
3611 5857 3744 5900 cum
