4078 6332
1346 339 1686 399 σοιιΑτιο
1723 339 1834 397 XII.
1866 371 1938 385 —
1968 340 2056 398 DE
2093 341 2504 401 CASTITATE.

2815 249 2888 265 ,νυ-

3453 345 3562 406 890

297 464 527 520 lantibus
553 463 768 519 ratione
790 461 1098 517 certissima
1142 461 1548 531 comprobatur.
1598 459 1872 529 Quidquid
1897 469 1951 530 Α
1978 465 2236 532 petierint,
2263 465 2350 532 ﬁet
2377 464 2486 518 illis
2513 479 2546 518 a
2577 461 2736 518 Patre
2753 477 2865 517 meo
2877 461 2968 532 qui
2990 465 3047 516 in
3072 461 3213 518 catis
3234 471 3312 517 est
3339 461 3557 536 (Matth.

293 558 434 614 enim
458 572 582 612 cum
608 558 794 612 labore
818 553 1218 629 comprimitur,
1251 555 1579 624 temporales
1595 554 1876 610 dimicanti

1981 554 2155 628 xviri).
2188 555 2447 627 Quisquis
2477 570 2607 628 ergo
2637 566 2660 596 °
2688 553 3081 613 intellectualis
3110 555 3259 610 illius
3287 553 3480 627 Iacob,
3510 555 3566 612 id

296 660 511 722 prastat
554 651 819 720 inducias,
878 665 984 705 non
1014 659 1194 704 tamen
1220 657 1535 720 perpetuam
1566 647 1874 704 securitatis
1978 660 2083 719 est,
2126 650 2557 721 supplantatoris
2603 648 3008 707 transcenderit
3058 647 3319 720 gradum,
3348 649 3418 704 ab
3469 649 3564 706 illa

297 746 532 816 quietem
583 745 768 799 tribuit
800 751 922 814 post
950 743 1211 799 laborem.
1243 740 1515 812 Quidquid
1545 749 1726 796 autem
1747 755 1876 811 pro-
1979 743 2332 799 continentia
2372 745 2758 800 colluctatione
2805 757 2870 799 ac
2914 743 3353 814 supplantatione
3399 743 3564 800 vitio-

299 837 459 893 funda
483 836 645 893 fuerit
679 836 874 891 virtute
904 835 1200 902 devictum,
1227 835 1429 904 absque
1467 833 1576 889 ulla
1608 833 1881 903 inquietu-

299 932 439 987 dinis
483 930 793 1000 suspicione
843 928 1224 997 compositum,
1271 927 1454 998 jugem
1505 927 1654 997 pacis
1684 926 1882 982 victori

299 1021 542 1078 conferet
574 1020 905 1076 firmitatem.
941 1003 1304 1086 Quamobrem
1352 1020 1525 1076 donec
1555 1019 1754 1091 pulsari
1782 1034 1884 1075 nos

298 1113 478 1168 carnis
502 1113 865 1167 commotione
895 1113 1180 1177 sentimus,
1234 1111 1544 1168 noverimus
1572 1127 1671 1167 nos
1699 1111 1764 1166 ad
1794 1125 1884 1166 ca-

299 1207 499 1260 stitatis
547 1204 778 1260 necdum
825 1204 1138 1274 pervenisse
1176 1204 1407 1274 fastigia,
1435 1205 1530 1260 sed
1562 1203 1738 1260 adhuc
1783 1203 1886 1260 sub

301 1297 613 1351 infirmitate
653 1295 1003 1352 continentia
1051 1295 1374 1350 constitutos
1404 1294 1608 1365 praliis
1639 1293 1880 1366 fatigari,

302 1389 356 1442 in
408 1389 606 1458 quibus
654 1403 879 1445 necesse
912 1398 994 1444 est
1021 1387 1216 1443 dubios
1241 1403 1456 1459 semper
1487 1403 1610 1444 esse
1635 1400 1883 1444 eventus.

301 1479 455 1548 Quod
486 1489 666 1536 autem
693 1479 1066 1536 inevitabilem
1095 1495 1216 1536 esse
1238 1479 1661 1536 commotionem
1709 1481 1889 1537 carnis

304 1575 409 1630 hoc
429 1585 674 1630 astruere
695 1574 950 1629 voluistis
973 1574 1194 1636 indicio.
1210 1575 1356 1646 quod
1373 1591 1434 1631 ea
1463 1591 1530 1631 ne
1553 1576 1650 1646 ipsi
1672 1576 1888 1646 quidem

304 1665 542 1721 eunuchi
572 1681 760 1721 carere
787 1666 1020 1735 demptis
1047 1667 1373 1738 genitalibus
1411 1678 1658 1737 possunt,
1713 1668 1893 1725 scien-

305 1757 432 1812 dum
455 1767 540 1813 est
571 1767 596 1794 ο
621 1771 727 1813 non
749 1760 829 1814 eis
853 1759 1101 1814 carnales
1130 1767 1293 1814 astus
1325 1774 1423 1814 nec
1447 1757 1696 1816 allectum
1717 1760 1892 1816 libidi-

1981 851 2124 906 rum,
2153 835 2533 906 obstupefacta
2563 835 2784 892 femoris
2827 851 3018 904 nervo,
3045 835 3116 892 ad
3157 835 3378 892 lsraelis
3407 834 3570 890 meri-

1985 939 2096 984 tum
2145 939 2404 1000 perpetua
2435 929 2616 986 cordis
2663 931 2968 987 directione
3011 929 3364 986 conscendet.
3391 928 3563 998 Quem

1985 1022 2234 1078 ordinem
2261 1023 2426 1079 etiam
2459 1024 2655 1080 beatus
2684 1024 2853 1080 David
2880 1024 2952 1079 ita
2995 1024 3232 1096 Spiritus
3262 1024 3439 1080 sancti
3471 1037 3567 1077 va-

1987 1113 2306 1168 ticinatione
2350 1113 2621 1181 distinxit,
2654 1115 2706 1170 in
2750 1115 2942 1186 primis
2998 1116 3269 1186 inquiens,
3301 1113 3469 1168 Notus
3513 1112 3570 1167 in

1984 1203 2179 1261 Judwa
2207 1206 2371 1275 Deus,
2406 1206 2459 1261 id
2484 1215 2585 1273 est,
2620 1206 2676 1261 in
2707 1207 2886 1262 anima
2913 1223 3032 1277 qua
3057 1207 3234 1263 adhuc
3253 1206 3352 1262 sub
3375 1218 3574 1276 pecca-

1988 1309 2170 1357 torum
2199 1298 2553 1356 confessione
2587 1300 2873 1366 retinetur,
2903 1299 3088 1355 Jndaa
3115 1299 3261 1355 enim
3295 1297 3574 1354 confessio

1991 1392 2385 1464 interpretatur
2418 1409 2433 1447 :
2464 1391 2520 1447 in
2568 1391 2732 1448 Israel
2781 1400 2984 1459 autem,
3016 1390 3069 1446 id
3127 1399 3232 1456 est,
3257 1392 3312 1445 in
3356 1405 3424 1444 eo
3476 1387 3572 1457 qui

1989 1485 2140 1540 videt
2171 1485 2365 1552 Deum,
2395 1484 2510 1540 sive
2542 1484 2624 1556 (ut
2653 1483 2871 1554 quidam
2899 1479 3352 1552 interpretantur)
3380 1479 3575 1536 rectis-

1993 1579 2162 1633 simus
2191 1577 2286 1632 Dei
2313 1586 2422 1642 est,
2455 1591 2566 1632 non
2597 1575 2774 1631 solum
2799 1583 2982 1640 notus,
3003 1575 3101 1630 sed
3128 1573 3289 1629 etiam
3317 1584 3574 1642 magnum

1992 1681 2076 1726 est
2119 1685 2316 1726 nomen
2361 1669 2504 1739 ejus.
2538 1667 2748 1724 Deinde
2794 1668 2860 1723 ad
2905 1667 3218 1723 sublimiora
3245 1679 3346 1721 nos
3377 1677 3574 1734 provo-

1993 1779 2147 1831 cans,
2192 1779 2258 1818 ac
2295 1763 2486 1818 volens
2515 1761 2682 1817 etiam
2731 1761 2910 1817 locum
2952 1761 3130 1831 ipsum
3170 1773 3279 1829 quo
3316 1755 3579 1812 Dominus

307 1851 416 1916 nis,
454 1849 550 1906 sed
576 1851 748 1905 solam
776 1850 962 1906 sativa
987 1852 1355 1920 generationis
1393 1852 1586 1908 deesse
1612 1853 1888 1909 virtutem.
1919 1865 1968 1925 Β
1995 1858 2320 1925 delectatur,
2353 1855 2645 1912 ostendere
2677 1872 2690 1910 :
2720 1853 2787 1910 Et
2815 1858 2982 1926 {actus
3013 1862 3112 1922 est,
3145 1852 3342 1923 inquit,
3367 1852 3422 1904 in
3449 1864 3577 1918 pace

306 1941 460 1997 Unde
490 1941 832 1997 manifestum
858 1950 942 1997 est
971 1957 1040 1998 ne
1066 1942 1186 1998 illos
1210 1942 1429 2013 quidem
1475 1944 1520 1998 si
1551 1943 1618 1998 ad
1650 1943 1792 2000 hanc
1821 1944 1891 2000 ad

305 2050 466 2104 quam
488 2049 589 2090 nos
619 2035 846 2090 nitimur
864 2035 1192 2102 castitatem,
1224 2037 1450 2108 cupiunt
1478 2040 1787 2108 pervenire,
1825 2039 1894 2095 ab

307 2126 613 2181 humilitate
643 2137 696 2182 et
721 2127 1055 2182 contritione
1079 2129 1260 2183 cordis
1305 2129 1390 2183 vel
1413 2129 1760 2186 continentia
1783 2129 1894 2186 dis-

307 2217 560 2273 trictione
579 2217 782 2274 debere
812 2219 1003 2285 laxari,
1033 2219 1163 2275 licet
1211 2235 1550 2293 nequaquam
1593 2224 1662 2278 sit
1685 2223 1891 2280 discre-

308 2309 546 2364 dendum
573 2309 783 2365 minore
812 2310 879 2365 ab
905 2310 985 2365 eis
1005 2312 1380 2369 castimoniam
1405 2329 1563 2383 posse
1595 2315 1781 2371 labore
1826 2329 1891 2372 ac

308 2403 492 2458 studio
517 2404 928 2474 comprehendi.

929 2497 1158 2556 CAPUT
1197 2500 1288 2556 XI.

310 2593 465 2660 Quod
493 2593 720 2646 multum
747 2593 952 2646 intersit
981 2593 1116 2647 inter
1131 2595 1412 2648 castitatem
1436 2602 1484 2648 et
1504 2594 1894 2650 continentiam.

377 2685 754 2754 Quamobrem
783 2684 1050 2755 perfectio
1079 2686 1352 2741 castitatis
1379 2701 1410 2740 a
1440 2686 1731 2742 laboriosis
1754 2702 1900 2742 con-

311 2777 559 2833 tinentia
589 2777 916 2832 rudimentis
956 2788 1216 2848 perpetua
1263 2777 1654 2849 tranquillitate
1692 2779 1901 2836 discer-

311 2871 480 2926 nitur.
513 2869 638 2925 Hac
674 2877 763 2925 est
800 2869 945 2924 enim
983 2885 1128 2925 vera
1167 2871 1570 2925 consummatio
1609 2872 1895 2942 castitatis,

311 2978 434 3032 qua
465 2977 570 3017 non
604 2963 927 3033 impugnans
953 2962 1188 3018 carnalis
1216 2963 1671 3032 concupiscentia
1695 2974 1898 3032 motus,

312 3054 408 3108 sed
442 3062 557 3109 toto
589 3053 822 3108 horrore
857 3053 1159 3120 detestans,
1181 3054 1364 3125 jugem
1397 3063 1560 3126 atque
1604 3055 1900 3111 inviolabi-

315 3148 417 3202 lem
462 3147 546 3201 sui
590 3147 792 3202 retinet
816 3150 1130 3217 puritatem,
1162 3146 1191 3187 δ
1223 3161 1323 3203 nec
1358 3158 1538 3218 potest
1575 3150 1724 3204 aliud
1768 3150 1896 3221 quid

1995 1952 2139 2006 locus
2183 1954 2322 2022 ejus,
2355 1949 2408 2004 id
2449 1958 2554 2014 est,
2589 1963 2696 2003 non
2748 1949 2800 2002 in
2851 1945 3108 2002 conflictu
3159 1941 3474 2000 certaminis
3523 1947 3581 1995 et

1995 2043 2380 2100 colluctatione
2418 2041 2693 2108 vitiorum,
2742 2039 2838 2094 sed
2881 2039 2934 2094 in
2973 2036 3314 2094 castimonia
3353 2047 3489 2104 pace
3525 2039 3582 2086 et

1996 2136 2052 2192 in
2081 2135 2264 2191 cordis
2304 2132 2696 2204 tranquillitate
2742 2140 3019 2202 perpetua.
3053 2129 3207 2184 Hune
3237 2127 3400 2198 igitur
3430 2122 3582 2194 pacis

1998 2229 2175 2285 locum
2229 2226 2591 2284 exstinctione
2639 2225 2936 2280 carnalium
2995 2222 3309 2294 passionum
3365 2215 3410 2272 si
3461 2215 3584 2286 quis

1999 2324 2258 2380 meruerit
2283 2321 2550 2386 obtinere,
2583 2335 2650 2374 ex
2692 2319 2795 2374 hoc
2822 2332 3041 2388 quoque
3068 2315 3360 2387 proficiens
3387 2310 3582 2384 gradu,

1997 2429 2061 2470 ac
2087 2412 2113 2452 ἀ
2141 2414 2269 2470 Sion
2308 2412 2590 2485 spiritalis,
2625 2410 2678 2466 id
2715 2419 2822 2476 est,
2854 2409 3071 2480 specula
3105 2407 3197 2463 Dei
3228 2417 3568 2474 consequen-

1999 2517 2083 2562 ter
2107 2505 2354 2568 eil'ectus,
2384 2504 2489 2560 erit
2530 2503 2696 2559 etiam
2726 2501 2988 2557 habitatio
3014 2499 3152 2569 ejus.
3186 2496 3304 2552 Non
3343 2494 3489 2552 enim
3520 2492 3577 2548 in

1997 2593 2249 2651 conﬂictu
2299 2593 2672 2658 continentia,
2706 2591 2802 2646 sed
2837 2590 2890 2645 in
2913 2589 3024 2660 jugi
3054 2587 3314 2641 virtutum
3359 2581 3581 2654 specula

2002 2686 2261 2741 Dominus
2302 2692 2701 2749 commoratur,
2729 2682 2821 2738 ubi
2858 2681 2970 2752 jam
3003 2695 3112 2735 non
3162 2675 3430 2740 retundit,
3475 2687 3581 2728 non

1999 2778 2335 2847 comprimit,
2380 2774 2477 2831 sed
2525 2775 2580 2830 in
2624 2784 2942 2845 perpetuum
2995 2769 3261 2840 confregit
3312 2765 3586 2838 potentias

1999 2884 2327 2934 arcuum,ex
2357 2866 2555 2938 quibus
2577 2866 2835 2922 videlicet
2861 2864 3150 2920 adversum
3180 2875 3280 2916 nos
3298 2858 3584 2914 libidinum

2000 2961 2274 3032 quondam
2322 2959 2507 3029 jacula
2566 2957 2942 3027 dirigebantur
2980 2953 3169 3024 ignita.
3203 2949 3409 3005 Videtis
3457 2960 3590 3016 ergo

2001 3054 2125 3124 quia
2155 3051 2300 3107 sicut
2327 3065 2434 3106 nou
2464 3057 2550 3104 est
2575 3049 2628 3104 in
2654 3046 3042 3102 colluctatione
3068 3041 3446 3105 continentia,
3480 3036 3578 3092 sed

2004 3149 2056 3202 in
2089 3144 2359 3202 castitatis
2387 3157 2519 3213 pace
2548 3142 2703 3198 locus
2736 3139 2973 3206 Domini,
3005 3139 3079 3193 ita
3111 3135 3272 3192 etiam
3322 3127 3590 3188 habitatio

314 3254 437 3294 esse
483 3253 646 3309 quam
698 3240 981 3294 sanctitas.
1014 3240 1128 3296 Hoc
1168 3250 1350 3296 autem
1401 3240 1514 3312 ﬂet,
1546 3242 1766 3314 quando
1786 3240 1972 3313 jamC
2005 3239 2126 3309 ejus
2179 3236 2234 3292 in
2281 3236 2500 3308 specula
2540 3233 2611 3290 sit
2665 3243 2723 3289 et
2785 3229 3252 3301 contemplatione
3308 3227 3590 3281 virtutum.

314 3329 573 3386 desinens
595 3345 723 3384 caro
753 3329 1018 3385 adversus
1046 3330 1296 3400 spiritum
1326 3332 1731 3399 concupiscere,
1760 3332 1904 3387 desi-

315 3423 480 3478 deriis
512 3423 629 3492 ejus
658 3422 952 3493 virtutique
981 3424 1343 3492 consenserit,
1370 3425 1749 3494 caperintque
1797 3425 1903 3481 sibi

319 3517 550 3570 invicem
604 3530 736 3585 pace
788 3517 1098 3570 firmissima
1164 3516 1452 3582 faderari,
1509 3526 1564 3572 et
1600 3517 1901 3572 secundum

317 3607 718 3678 psalmographi
768 3608 1096 3662 sententiam
1150 3608 1521 3663 habitaverint
1588 3608 1787 3664 fratres
1847 3609 1902 3665 in

320 3715 482 3754 unum
515 3698 686 3771 (Paul.
725 3700 966 3766 exuit),
995 3699 1145 3754 illam
1189 3701 1572 3770 repromissam
1611 3715 1639 3754 a
1670 3700 1899 3757 Domino

321 3790 713 3846 beatitudinem
743 3790 1087 3860 possidentes
1118 3792 1186 3846 de
1211 3807 1316 3862 qua
1341 3791 1418 3846 ait
1450 3809 1464 3847 :
1497 3791 1557 3847 Si
1587 3791 1690 3847 duo
1719 3810 1783 3848 ea:
1811 3810 1900 3858 tgo-

320 3883 394 3937 ltis
424 3883 770 3939 consenserint
799 3899 957 3953 super
984 3893 1200 3950 terram,
1221 3885 1286 3939 de
1299 3885 1440 3938 omni
1460 3901 1904 3956 requamcumque

2007 3333 2162 3390 Unde
2194 3346 2301 3386 non
2326 3329 2600 3385 immerito
2631 3337 2803 3399 porta
2825 3328 2954 3382 Sion
2987 3324 3200 3381 cunctis
3231 3319 3596 3377 tabernaculis

2005 3423 2172 3480 Jacob
2224 3421 2629 3492 praeferuntur:
2666 3418 2854 3491 Diligit
2910 3418 3056 3473 enim
3103 3415 3362 3468 Dominus
3418 3421 3594 3482 portas

2008 3517 2137 3571 bion
2181 3530 2336 3584 super
2369 3513 2545 3567 omnia
2575 3510 2903 3566 tabernacula
2949 3506 3114 3562 Iacob
3146 3505 3322 3576 (Psal.
3351 3502 3594 3571 uxxvt).

2005 3606 2161 3676 Quod
2219 3613 2398 3660 autem
2448 3619 2546 3674 per
2587 3603 2688 3656 hoc
2732 3599 3106 3656 inevitabilem
3158 3610 3280 3652 esse
3337 3605 3589 3648 commo-

2007 3701 2210 3754 tionem
2249 3696 2435 3752 carnis
2475 3694 2738 3757 asseritis,
2770 3691 2913 3762 quod
2971 3689 3127 3744 urina
3180 3701 3303 3741 cum
3351 3684 3593 3739 vesicam

2003 3794 2116 3865 jugi
2172 3790 2526 3846 instillatione
2567 3787 2882 3858 repleverit,
2911 3784 3093 3855 quieta
3147 3780 3312 3836 etiam
3368 3775 3598 3832 suscitet

2011 3885 2276 3949 membra,
2307 3882 2436 3936 licet
2478 3879 2624 3937 veris
2660 3877 3020 3937 sectatoribus
3063 3871 3313 3944 puritatis
3359 3870 3428 3924 ad
3458 3866 3599 3924 obti-

1397 4045 1653 4102 ALARDI
1692 4044 1926 4102 GAZEI
1962 4040 2528 4101 COMMENTARIUS.

319 4161 387 4215 sit
415 4157 610 4227 integri
647 4165 701 4212 et
729 4157 884 4213 liberi
911 4157 1140 4224 arbitrii,
1172 4167 1230 4216 et
1254 4157 1464 4227 judicii,
1495 4158 1540 4212 si
1568 4160 1893 4225 consentiat,

322 4248 425 4284 non
460 4230 624 4284 habet
646 4244 753 4297 quo
785 4239 1110 4295 excusetur;
1139 4230 1416 4286 dormiens
1449 4245 1596 4294 vero,
1630 4245 1752 4284 cum
1785 4246 1892 4284 non

322 4302 516 4356 habeat
548 4302 777 4354 liberum
803 4301 1028 4353 rationis
1055 4317 1234 4366 usum,
1253 4315 1352 4354 nec
1365 4302 1673 4355 consentire
1697 4309 1892 4370 potest,

323 4389 422 4424 ner-
451 4373 762 4436 dissentire,
794 4371 1018 4438 proinde
1060 4386 1161 4426 nec
1193 4373 1328 4426 bene
1373 4385 1533 4441 agere
1589 4386 1688 4426 nec
1735 4371 1893 4426 male.

325 4441 390 4494 Et
418 4444 537 4496 ideo
576 4442 716 4513 quod
742 4443 846 4514 agit
879 4442 1160 4514 dormiens.
1183 4459 1285 4496 non
1314 4443 1602 4514 imputatur
1621 4443 1667 4494 ei
1696 4442 1763 4494 ad
1785 4442 1898 4495 cul-

2001 4157 2182 4213 dinem
2206 4155 2418 4211 cateris
2439 4154 2727 4225 proniores
2747 4165 2902 4225 esse.
2915 4149 2986 4204 Et
3000 4148 3066 4225 D.
3083 4147 3445 4215 Hieronymus

2005 4229 2057 4282 iu
2110 4213 2456 4283 Jovinianuni
2487 4243 2502 4283 :
2534 4225 2600 4279 In
2633 4227 2859 4294 longam,
2891 4221 3086 4291 inquit,
3120 4213 3450 4294 usuramque
3480 4213 3602 4294 libi-

2004 4281 2179 4354 dinem
2200 4281 2430 4353 eazsectus
2446 4281 2629 4368 spado.
2656 4281 2864 4368 Quibus
2885 4281 3150 4368 consonat
3178 4289 3269 4342 illa
3288 4281 3599 4368 Salomonis

2005 4371 2276 4426 sententia
2311 4387 2325 4425 :
2360 4363 2544 4436 δραΗο
2569 4367 2912 4439 complectens
2936 4363 3205 4439 virginem,
3250 4363 3599 4439 et‘suspirans

2005 4425 2191 4512 (Prov.
2213 4440 2364 4512 xxx),
2382 4425 2508 4506 quia
2532 4425 2790 4512 nimirum
2818 4425 3257 4512 nequit'eXplere
3289 4425 3602 4486 libidinem.

326 4530 466 4578 pam,
490 4501 624 4566 sicut
655 4528 744 4566 nec
771 4501 901 4565 illud
928 4513 1066 4584 quod
1089 4501 1198 4584 agit
1230 4501 1458 4584 furios'us
1495 4522 1586 4564 aut
1609 4529 1804 4575 amens,
1826 4514 1902 4565 ait
1929 4552 1983 4584 η
2006 4501 2233 4584 etquod
2266 4501 2962 4584 ardentera-ppetiuonere
2987 4501 3284 4584 complere.

324 4584 643 4639 S.Thomas
678 4585 694 4652 (
721 4598 736 4637 ι
765 4601 843 4654 p.,
873 4600 924 4650 ιι.
967 4583 1022 4646 8,
1046 4583 1147 4638 art.
1177 4585 1241 4646 8;
1275 4583 1396 4646 ἰοὶ,

328 4656 460 4710 Ilinc
483 4655 548 4709 D.
568 4652 798 4722 Prosper
823 4655 918 4708 lib.
939 4669 995 4708 ιιι
1018 4655 1087 4709 de
1103 4654 1222 4709 Vita
1246 4654 1675 4722 Contemplativa
1701 4667 1822 4718 cap.
1839 4652 1902 4708 6:

329 4725 495 4790 Mens,
519 4726 716 4793 inquit,
743 4725 1036 4779 absentibus
1065 4727 1368 4796 plerumque
1402 4725 1710 4796 imaginibus
1742 4724 1908 4796 delec-

327 4806 487 4861 tatur,
518 4795 703 4868 aﬁ'ecta
722 4795 1116 4868 icarnaliter,gut
1145 4798 1308 4868 nimia
1328 4795 1554 4850 sordida
1580 4795 1907 4868 cogitationis

326 4869 605 4921 intentione
632 4866 826 4932 deﬁxa,
857 4882 957 4919 non
981 4866 1347 4937 sibiimagines
1380 4866 1657 4937 corporum
1679 4868 1910 4920 videatur

328 4939 636 5003 amplexari,
661 4940 750 4990 sed
803 4953 1043 5004 corpora.
1068 4935 1222 4990 Hinc'
1258 4947 1332 4991 est
1376 4937 1514 5008 quod
1544 4936 1636 4990 ille
1668 4937 1906 5006 corporis

329 5008 524 5074 firmus,
552 5008 640 5077 qui
680 5008 737 5076 ﬁt
779 5009 830 5060 in
884 5008 1246 5062 dormientibus
1286 5007 1395 5062 sine
1445 5007 1618 5076 culpa,
1648 5008 1909 5061 interdum

329 5081 658 5144 rigilantibus
698 5081 969 5151 contingat
994 5095 1052 5132 ra.
1094 5081 1270 5151 culpa.
1305 5079 1464 5151 Aliud
1503 5079 1642 5151 enim
1666 5088 1737 5131 est
1767 5077 1906 5148 quod

331 5151 381 5199 in
406 5151 687 5202 dormiente
715 5149 794 5218 ﬁt,
823 5149 970 5201 aliud
999 5153 1139 5220 quod
1170 5149 1388 5220 uigilans
1419 5150 1563 5220 facit.
1597 5149 1675 5201 lbi
1698 5163 1911 5202 natura-

331 5220 445 5271 liter
471 5221 735 5288 plenitudo
761 5220 991 5273 humoris
1021 5221 1318 5291 expellitur,
1345 5221 1428 5273 hic
1461 5221 1678 5290 turpiter
1705 5235 1909 5291 concu-

331 5293 578 5357 piscentia
605 5291 916 5361 publicatitr.
951 5291 1056 5345 Sed
1087 5293 1193 5346 hac
1214 5293 1620 5357 concupiscentia
1650 5290 1756 5361 illis
1784 5291 1915 5361 uigi-

333 5363 554 5416 lantibus
578 5359 715 5414 hunc
745 5362 885 5415 elicit
915 5361 1139 5430 fluxum.
1161 5362 1343 5428 quibus
1373 5379 1462 5431 per
1489 5361 1625 5431 [teda
1652 5359 1914 5431 colloquia

332 5433 597 5514 sordidum
625 5434 957 5514 commonuit
975 5434 1276 5514 appetitum,
1307 5442 1413 5514 etc.

409 5511 434 5538 ⁸
484 5506 555 5558 De
609 5504 964 5568 spadonibus,
1017 5501 1132 5557 sive
1179 5505 1462 5567 eunuchis,
1513 5504 1632 5555 fuse
1689 5501 1913 5556 disserit

337 5571 400 5626 D.
437 5574 663 5628 Basilius
695 5573 789 5627 lib.
820 5575 886 5626 de
922 5574 1057 5627 Vera
1091 5573 1426 5641 Virginitate.
1464 5573 1553 5627 ubi
1584 5572 1703 5626 illos
1734 5587 1910 5626 ennu-

333 5646 468 5698 ctms
496 5646 713 5698 damnat
740 5645 831 5713 qui
856 5645 1069 5699 tuenda
1101 5644 1365 5698 castitatis
1387 5659 1545 5698 causa
1578 5643 1784 5710 seipsos
1813 5657 1913 5697 ex-

334 5725 643 5778 secuerunt,
678 5724 734 5768 ut
762 5715 1054 5784 Origenes:
1080 5715 1425 5781 ostenditque
1483 5713 1790 5782 liujusniodi
1813 5713 1914 5766 ho-

336 5785 509 5839 mines
535 5795 822 5849 castratos,
843 5785 1050 5841 licetad
1081 5787 1282 5841 coitum
1316 5786 1598 5847 inhabiles,
1622 5784 1914 5850 majoribus

335 5855 566 5913 luxuria
598 5855 833 5911 stimulis
861 5858 1052 5926 agitari
1095 5870 1160 5912 ac
1188 5858 1484 5927 perurgeri,
1519 5868 1678 5924 atque
1709 5857 1759 5909 in
1795 5855 1916 5910 libi-

1435 4552 1804 4652 :,.“.'.-;.f',"';::.'
1821 4552 1902 4648 si:
1928 4552 1983 4612 ι)

2075 4563 2318 4635 ιῗῙῖιίἐιιιι
2349 4580 2473 4633 alibi
2499 4563 2640 4648 (ιξὶυζ
2665 4591 2719 4648 vi
2750 4563 2886 4628 Inst.
2907 4589 3024 4648 cap.
3047 4563 3178 4648 ιβὶς
3203 4569 3291 4637 l6)
3321 4563 3600 4647 contendit

2078 4591 2104 4620 ο
2140 4591 2318 4635 Etiam
2349 4591 2473 4633 alibi
2499 4591 2640 4648 (Litt.
2665 4591 2719 4631 vt
2750 4591 2886 4628 tnst.
2907 4591 3024 4696 cap.
3047 4591 3177 4626 wet
3203 4591 3291 4637 ιο)
3321 4591 3600 4647 υυιιιυιιυιι

2006 4650 2300 4707 Cassianus
2329 4650 2644 4704 castitatem
2669 4647 2738 4700 ab
2766 4651 2972 4712 Aposto
2998 4659 3029 4696 ο
3059 4641 3399 4712 designatam
3426 4651 3601 4712 nomi-

2010 4738 2077 4777 ne
2125 4721 2576 4776 sanctificationis
2626 4729 2683 4772 et
2727 4709 3124 4770 sanctimonia.
3171 4709 3466 4777 l'fliessal.
3499 4721 3594 4760 tv:

2009 4776 2140 4848 Haec
2162 4803 2236 4846 est
2264 4789 2503 4845 voluntas
2530 4787 2630 4862 Dei
2661 4784 3008 4862 sanctiﬁcatio
3029 4791 3219 4836 uestra.
3247 4780 3321 4862 Et
3334 4778 3400 4862 ad
3431 4776 3596 4860 Hebr.

2009 4879 2084 4919 xu
2116 4883 2129 4918 :
2162 4862 2353 4918 Pacem
2373 4861 2643 4916 sectamini
2673 4873 2792 4912 cum
2821 4854 3059 4909 omnibus
3096 4869 3145 4906 et
3180 4854 3598 4912 sanctimoniam,

2008 4936 2122 4989 sine
2149 4951 2252 5003 qua
2279 4949 2426 4987 nemo
2454 4928 2863 5003 videbitDeum.
2972 4992 2989 5003 _
3098 4993 3110 5003 _
3200 4991 3256 5003 Δ.
3387 4987 3421 5003 η

2084 4987 2112 5044 ί
2137 4987 2214 5060 De
2238 5015 2472 5072 utraque
2503 4992 3132 5072 norneuclatura_,_._lac_oh
3163 4987 3477 5072 etlsraelis,
3509 4987 3604 5072 de-

2010 5091 2116 5146 que
2145 5059 2494 5131 intellectuali
2529 5075 2644 5146 sive
2675 5059 3004 5146 intelligibili
3035 5064 3226 5146 Jacob,
3261 5062 3474 5146 egimus
3494 5059 3604 5114 alio

2011 5131 2152 5203 loco.
2189 5146 2323 5200 Vide
2355 5145 2510 5213 plura
2535 5144 2630 5199 lib.
2664 5159 2740 5199 vit
2773 5131 3138 5213 delncarnat.
3171 5150 3292 5204 cap.
3326 5131 3382 5187 9.

2083 5199 2388 5274 rd—ltaetD'.
2433 5215 2791 5287 Hieronymus
2838 5199 3348 5287 interpretatur-ep.
3379 5201 3450 5287 29
3486 5216 3498 5253 :
3535 5199 3605 5287 In

1969 5307 1979 5316 '
2015 5289 2170 5354 Sion,
2192 5289 2245 5342 id
2275 5298 2369 5354 est,
2401 5287 2455 5341 in
2492 5275 2725 5357 specula,
2749 5289 2802 5340 in
2840 5275 3488 5357 sublimitatehdogmatum
3535 5283 3610 5323 at-

2013 5345 2112 5425 que
2134 5345 2401 5426 virtutum,
2426 5358 2478 5411 in
2501 5345 2677 5411 anima
2700 5345 2977 5427 intima.
3016 5350 3072 5401 Et
3107 5347 3232 5402 alibi
3265 5345 3462 5427 ἒβίοηλ
3499 5359 3613 5410 συθ·

2012 5423 2643 5499 ἰηιενρνειαιιιτέρεειιια,
2674 5445 2732 5480 eo
2770 5423 2913 5499 τιμοιέ
2954 5433 3004 5468 ιη
3047 5429 3217 5499 monte
3255 5423 3362 5499 sita
3401 5423 3611 5499 statura“

2016 5483 2228 5555 sb'c'aiui
2253 5518 2266 5554 :
2298 5483 2498 5568 reliqua
2528 5483 2696 5552 autem
2720 5483 2865 5568 urbis
2894 5503 3023 5568 pars
3052 5483 3344 5568 Jerusalem
3392 5485 3610 5566 dicitur.

2016 5589 2131 5642 qua:
2158 5571 2300 5640 prius
2321 5558 2680 5642 appellabatur
2705 5565 2864 5642 Jelius
2885 5558 3164 5642 et_§‘.alem.
3183 5558 3267 5642 Ρη
3290 5558 3431 5642 ἣίοιι,
3451 5558 3611 5636 spiri-

2021 5628 2112 5697 t'ali
2143 5628 2311 5696 multa
2342 5628 2553 5694 ér'ndite
2597 5646 2653 5694 et
2682 5637 2892 5707 prolixe
2939 5637 3131 5708 Petrus
3182 5628 3505 5708 Bercliiirius
3539 5628 3608 5708 .in

2020 5727 2121 5768 suo
2155 5711 2344 5766 morali
2376 5697 2731 5780 Dictionnrio,
2760 5709 2848 5761 ubi
2884 5709 3023 5780 inter
3046 5698 3160 5780 alia
3200 5697 3501 5780 signiﬁcatu
3537 5697 3606 5750 iu-

2022 5791 2353 5855 terpretatur
2381 5780 2511 5836 Sion
2540 5779 2882 5849 religionem,
2917 5777 3029 5830 sive
3056 5777 3396 5846 religiosum.
