4078 6332
149 5633 162 5730 l

145 5743 446 5795 ~scntimus
479 5781 493 5804 ,
545 5742 691 5796 stilla
742 5742 848 5804 est,
900 5744 1102 5813 guttula
1140 5753 1257 5804 est,
1317 5743 1382 5795 de

1290 284 1632 344 COLLATIO
1671 283 1789 344 Xll.
1820 306 1896 330 -ω
1916 284 2010 342 DE
2046 283 2463 344 CASTI'I'ATE.

2473 185 2484 192 “
2505 186 2604 234 ηπ

2851 261 2916 281 εκ..

3429 296 3534 356 Μ

248 401 350 465 bat,
375 399 447 453 ita
474 397 791 470 refriguisse
812 396 1238 471 percenseritmt
1255 411 1325 452 ne
1352 397 1582 467 simplici
1608 394 1827 466 quidem
1855 398 1910 458 Α
1933 394 2141 451 liariter
2164 394 2409 451 exerceri
2451 407 2607 450 mens
2631 401 2949 452 sanctorum
2968 396 3208 454 omnium
3236 405 3530 458 momentis

248 508 298 550 se
324 484 578 562 corporis
603 501 756 555 motu
782 491 984 548 sentiat
1003 490 1249 546 incitari?
1275 489 1556 559 Quomodo
1585 503 1692 544 non
1723 488 1828 543 vir-

247 593 408 643 tatem
455 582 673 642 Domini
701 582 1088 644 contremiscat
1127 582 1376 654 quisque,
1407 597 1532 638 cum
1577 581 1826 646 homines

243 677 511 751 quondam
547 676 704 732 diros
736 684 899 747 atque
945 677 1282 736 truculentos
1322 675 1412 748 qui
1443 675 1510 734 ad
1552 689 1825 734 summum

246 769 546 826 iracundias
576 767 820 830 furorem
867 768 1033 826 etiam
1082 765 1454 824 hlandissimis
1481 765 1824 832 subditorum

242 862 594 925 irritabantur.
618 861 918 932 obsequiis,
950 859 1020 916 ad
1058 869 1263 916 tantam
1308 859 1573 918 transisse
1622 859 1826 920 viderit

241 955 532 1018 lenitatem,
569 961 628 1007 ut
652 968 761 1010 non
800 952 976 1008 solum
1020 952 1185 1008 nullis
1223 954 1336 1022 jam
1377 962 1823 1008 commoveantur

242 1048 469 1118 injuriis,
499 1047 792 1104 sedetiam
821 1062 944 1103 cum
988 1047 1151 1102 illatae
1195 1047 1416 1115 iuerint,
1455 1061 1665 1102 summa
1707 1062 1823 1104 ma-

239 1141 584 1213 gnanimitate
613 1139 1027 1211 congaudeant?
1068 1140 1198 1209 Quis
1229 1141 1389 1210 plane
1439 1156 1546 1196 non
1594 1141 1820 1196 miretur

240 1248 392 1304 opera
417 1233 540 1302 Dei,
570 1247 638 1288 ac
671 1241 784 1288 toto
813 1232 1117 1302 proclamet
1164 1232 1362 1288 allecto
1393 1250 1406 1285 :
1442 1233 1579 1300 Quia
1605 1248 1700 1304 ego
1729 1249 1818 1287 co-

238 1328 384 1400 gnovi
409 1327 552 1398 quod
573 1342 795 1398 magnus
821 1334 900 1380 est
927 1325 1178 1382 Dominus
1209 1325 1386 1396 (Psal.
1413 1326 1659 1395 cxxxrv);
1693 1341 1830 1384 cum~

236 1420 310 1476 vel
339 1434 422 1486 se.
455 1419 540 1474 vel
570 1419 735 1476 alium
770 1421 1086 1490 quempiam
1121 1436 1190 1478 ex
1235 1420 1586 1489 rapacissimo
1618 1419 1819 1475 libera-

235 1515 349 1583 lem,
376 1530 444 1571 ex
473 1514 710 1585 prodigo
734 1515 1134 1581 continentem,
1166 1531 1234 1570 ex
1263 1515 1500 1586 superbo
1529 1515 1816 1581 humilem,

233 1624 292 1666 ex
322 1608 562 1664 delicato
592 1623 657 1664 ac
697 1617 892 1664 tenero
926 1608 1230 1679 squalidum
1276 1609 1656 1679 hirsutumque
1687 1623 1813 1678 per-

235 1704 486 1772 spexerit,
515 1711 892 1774 etegestatem
921 1713 1088 1774 atque
1118 1707 1429 1774 angustiam
1461 1705 1814 1773 praisentium

1933 488 2164 560 singulis
2186 487 2607 555 intuetur,illam
2628 489 2948 548 caelestemb
2967 490 3297 554 infusionem
3327 495 3528 551 Imma,

1931 583 2348 654 spiritalis,.qua
2379 584 2628 654 dejectus
2659 584 2871 642 animus
2899 585 3159 656 insperati
3203 588 3384 662 gaudii
3414 590 3526 646 ala-

1929 677 2126 735 critate
2152 677 2460 735 sustollitur
2489 677 2554 733 ad
2599 679 2724 736 illos
2766 680 2981 751 ignotos
3018 681 3201 738 cordis
3231 698 3514 754 excessus,

1929 778 1988 834 et
2020 779 2126 826 tam
2152 771 2628 842 inelbtbilia-quam
2666 772 2907 831 inaudita
2951 776 3149 832 solatia
3175 776 3523 849 gaudiorum,
3553 757 3560 770 ί

1929 859 2125 934 quibus
2152 876 2556 933 nonnumquam
2584 865 2936 935 ignavissimo
2966 875 3189 936 stupore
3218 876 3520 939 torpentes,

1927 952 1998 1007 ad
2025 954 2330 1010 orationem
2365 953 2845 1023 ferventissimam,
2879 959 3025 1016 velut
3050 959 3119 1016 de
3145 974 3344 1016 somno
3391 979 3522 1033 pro-

1926 1045 2252 1118 fundissimo
2298 1047 2654 1114 suscitantur;
2690 1049 2813 1115 hoc,
2854 1049 3099 1122 inquam,
3130 1059 3215 1108 est
3264 1055 3518 1125 gaudium

1923 1136 1994 1192 de
2019 1153 2125 1208 quo
2147 1139 2207 1192 Β.
2249 1137 2564 1208 Apostolus,
2600 1141 2751 1206 Quod
2781 1144 2983 1210 oculus,
3006 1144 3203 1215 inquit,
3227 1162 3331 1202 non
3363 1148 3514 1215 vidit,

1924 1246 2014 1283 nec
2039 1231 2180 1285 auris
2209 1231 2427 1298 audivit,
2450 1248 2539 1285 nec
2565 1233 2617 1286 in
2641 1249 2726 1286 cor
2749 1233 2972 1288 hominis
2993 1238 3276 1309 ascendit(l
3295 1237 3412 1294 Cor.
3433 1240 3514 1308 tt),

3542 457 3598 718 ἔ

3593 643 3602 672 ξ

3561 678 3564 683 .
3581 671 3588 685 t

1923 1320 2042 1390 ejus
2060 1323 2268 1378 scilicet
2292 1323 2381 1393 qui
2412 1324 2643 1379 terrenis
2668 1326 2810 1380 vitiis
2831 1325 3114 1383 hebetatus
3140 1329 3319 1386 adhuc
3345 1330 3512 1387 homo

1921 1423 2007 1469 est
2032 1422 2088 1470 et
2127 1413 2377 1472 humanis
2412 1415 2638 1473 inltmret
2684 1417 2986 1486 affectibus,
3017 1419 3262 1493 nihilque
3292 1419 3360 1477 de
3389 1423 3508 1478 istis

1921 1505 2015 1562 Dei
2070 1507 2382 1566 muneribus
2429 1507 2673 1564 intuetur
2731 1511 2969 1584 Denique
3015 1512 3158 1568 idem
3213 1514 3504 1583 Apostolus

1919 1608 2029 1656 tam
2058 1600 2126 1655 de
2153 1616 2213 1658 se
2239 1616 2400 1670 quam
2429 1601 2497 1658 de
2524 1602 2798 1659 similibus
2828 1604 3059 1676 sibi,qui
3087 1605 3199 1674 jam
3220 1607 3288 1661 de
3321 1606 3510 1662 huma-

1919 1707 1987 1747 na
2009 1694 2425 1750 conversatione
2448 1693 2836 1760 discesserant,
2859 1697 3093 1765 subjecit
3118 1697 3510 1768 dicens,Nobis

233 1812 408 1853 rerum
439 1797 606 1853 etiam
635 1797 943 1854 voluntarie
963 1798 1370 1870 perferentem?
1392 1799 1496 1854 ista
1524 1806 1651 1854 sunt
1681 1815 1810 1868 pro-
1843 1790 1898 1854 Β
1917 1794 2087 1840 “idem
2103 1787 2336 1841 τευείαυίτ
2366 1785 2502 1840 De”
2529 1805 2622 1858 Ρθτ
2651 1786 2911 1860 Spiritum
2946 1805 3118 1844 suum.

231 1890 362 1947 facto
402 1892 540 1948 mira
579 1907 745 1963 opera
775 1892 895 1959 Dei,
917 1907 1040 1963 qum
1075 1892 1423 1962 peculiariter
1451 1893 1634 1948 anima
1680 1893 1814 1948 Pro-

231 1986 397 2056 pheta:
439 1987 806 2059 similiumque
850 1987 972 2057 ejus
1038 1987 1283 2042 mirifica;
1336 1987 1824 2056 contemplationis.

230 2083 416 2137 intuitu
447 2084 744 2153 stupefacta
776 2084 1079 2155 cognoscit.
1105 2084 1211 2140 ista
1251 2094 1379 2139 sunt
1413 2084 1656 2154 prodigia
1687 2097 1812 2155 quas

229 2176 402 2245 posuit
449 2189 617 2246 super
665 2183 888 2244 terram,
919 2191 1042 2250 quae
1083 2177 1226 2233 idem
1260 2179 1534 2248 propheta
1553 2177 1810 2233 conside~

229 2284 368 2335 rans,
408 2268 477 2323 ad
505 2268 919 2326 admirationem
947 2285 1139 2327 eorum
1184 2280 1408 2327 cunctos
1451 2270 1678 2341 populos
1714 2269 1810 2325 ad~

227 2373 395 2431 vocat,
421 2366 610 2421 dicens
639 2381 652 2420 :
688 2366 868 2423 Venite
889 2378 934 2423 et
961 2370 1128 2423 videte
1157 2385 1315 2439 opera
1344 2366 1464 2436 Dei,
1499 2383 1613 2438 qua:
1637 2367 1810 2440 posuit

228 2458 462 2528 prodigia
503 2469 660 2524 super
693 2463 904 2528 terram,
934 2462 1172 2532 auferens
1216 2463 1348 2516 bella
1386 2473 1544 2532 usque
1586 2461 1652 2514 ad
1679 2460 1812 2528 fines

226 2558 383 2614 terror,
419 2565 599 2604 arcum
637 2562 876 2619 conteret,
917 2564 967 2607 et
1013 2555 1299 2627 confringet
1345 2571 1510 2621 arnta,
1567 2561 1617 2608 et
1661 2561 1812 2607 scuta

226 2642 474 2696 corneam
515 2644 623 2716 igni
650 2643 822 2716 (Psal.
861 2644 1007 2715 xcv).
1041 2645 1195 2714 Quod
1226 2645 1374 2700 enim
1423 2645 1598 2716 majus
1627 2654 1810 2715 potest

224 2749 336 2791 esse
361 2736 698 2808 prodigium,
725 2751 885 2810 quam
911 2739 1016 2794 sub
1056 2747 1338 2794 momento
1364 2738 1692 2795 brevissimo
1735 2751 1807 2794 ex

224 2830 582 2896 rapacissimis
612 2832 914 2900 publicanis
946 2833 1229 2901 apostolos
1259 2832 1400 2899 fieri,
1434 2848 1502 2887 ex
1548 2846 1806 2901 persecu-

223 2923 427 2978 toribus
455 2924 772 2980 truculentis
796 2924 1186 2996 praedicatores
1215 2925 1490 2995 Evangelii
1522 2923 1807 2994 patientis-

220 3014 382 3072 simus
410 3015 589 3084 reddi,
621 3017 696 3072 ita
725 3027 784 3073 ut
810 3033 935 3074 eam
954 3034 1114 3088 quam
1145 3018 1614 3088 persequebantur
1644 3017 1804 3072 fidem

219 3109 369 3164 etiam
447 3108 712 3165 eifusione
761 3111 848 3167 sui
908 3112 1191 3182 sanguinis
1239 3111 1648 3183 propagarent?
1698 3109 1804 3166 ista

218 3211 334 3256 sunt
357 3215 530 3272 opera
561 3202 660 3259 Dei
689 3219 808 3275 quae
837 3218 896 3260 se
927 3203 1172 3276 quotidie
1201 3182 1307 3260 una
1338 3182 1460 3260 cum
1488 3204 1651 3261 Patre
1679 3217 1801 3274 ope-
1829 3182 1875 3248 (ἶ

218 3299 317 3352 rari
359 3293 538 3352 Filius
583 3307 942 3368 protestatur,
970 3298 1159 3356 dicens
1192 3317 1206 3353 :
1238 3297 1402 3354 Pater
1448 3317 1591 3354 meus
1644 3315 1806 3370 usque

217 3386 361 3444 Irodie
380 3398 652 3459 operatur,
677 3401 725 3445 et
754 3407 848 3463 ego
874 3407 1060 3461 operor
1087 3389 1270 3464 (Joan.
1295 3389 1372 3464 v).
1410 3392 1486 3446 De
1518 3393 1636 3446 istis
1666 3407 1802 3462 ope-

217 3481 360 3538 ribus
390 3482 490 3538 Dei
529 3483 720 3540 beatus
769 3483 939 3540 David
982 3486 1034 3539 in
1076 3485 1270 3554 Spiritu
1311 3499 1552 3540 canens:
1582 3483 1803 3538 Benedi-

215 3588 341 3642 ctus,
371 3578 572 3649 inquit,
602 3578 862 3634 Dominus
877 3579 1017 3636 Deus
1041 3577 1236 3648 Israel,
1264 3580 1352 3651 qui
1377 3581 1504 3647 facit
1545 3579 1804 3636 mirabilia

213 3685 394 3740 magna
431 3672 575 3726 solus
601 3671 724 3744 (Ps.
758 3671 932 3744 ιιιι).
968 3673 1193 3729 ῡθνίδιὶε
1221 3681 1277 3729 et
1309 3676 1478 3728 Amos
1513 3672 1800 3744 propheta,

215 3761 310 3826 Qui
335 3767 488 3834 facit,
512 3765 707 3835 inquit,
738 3765 909 3820 omnia
932 3776 983 3820 et
1006 3771 1031 3802 ⁸
1053 3766 1300 3821 convertit
1332 3780 1391 3820 ea
1418 3776 1466 3820 et
1494 3773 1817 3820 transmutat

211 3853 259 3909 in
271 3857 580 3912 matutinum
595 3857 828 3912 umbram
849 3858 1025 3913 mortis
1045 3857 1244 3929 (Amos.
1261 3859 1342 3928 v).
1368 3856 1497 3913 Haec
1517 3868 1588 3913 est
1607 3873 1800 3929 nempe

209 3945 496 4004 immutatio
519 3949 750 4005 dexterae
770 3948 979 4006 Επειεὶ
1009 3949 1193 4024 (~Psal.
1230 3950 1449 4022 uxvr).
1482 3952 1558 4007 De
1586 3950 1688 4007 hac
1711 3965 1800 4007 sa-

208 4039 360 4096 lutari
389 4045 717 4110 operatione
748 4043 847 4099 Dei
903 4049 1022 4100 orat
1051 4039 1326 4115 Propheta
1370 4044 1684 4113 Dominum,
1717 4044 1799 4099 di-

207 4147 332 4190 cens
366 4153 377 4186 ε
411 4133 702 4206 Confirma,
728 4133 890 4204 Deus,
911 4133 1011 4190 hoc
1047 4137 1186 4208 quod
1217 4145 1455 4208 operatus
1485 4153 1538 4190 es
1563 4137 1617 4190 in
1648 4135 1792 4190 nobis

208 4225 378 4296 (Psal.
393 4226 587 4299 uvis).
606 4228 676 4283 Et
698 4238 762 4284 ut
779 4228 1194 4298 prmtermittam
1216 4229 1334 4283 illas
1354 4238 1602 4284 secretas
1630 4236 1804 4299 atque.

204 4320 551 4378 absmnditas
580 4322 1021 4392 dispensatione!
1061 4321 1179 4391 Dei,
1204 4335 1340 4392 quas
1367 4321 1510 4375 intra
1537 4336 1599 4377 se
1625 4336 1792 4391 pecun-

2503 1897 2732 1956 CAPUT
2771 1900 2913 1956 Xlll.

1918 1986 2071 2054 Quod
2119 1989 2221 2043 soli
2267 1989 2358 2059 qui
2400 1992 2732 2116 temperius:th
2766 2001 3059 2116 ggnoscaat
3103 2005 3125 2034 ο
3179 1994 3512 2056 dulcedinem

2573 2079 2659 2116 cas
2684 2080 2699 2116 t
2729 2081 2758 2116 a
2787 2082 2849 2116 is.

2573 2079 2849 2119 castitatis.

1983 2154 2042 2210 in
2072 2154 2157 2210 bis
2186 2154 2354 2225 igitur
2375 2155 2635 2213 omnibus
2665 2167 2872 2228 quanto
2897 2173 3051 2216 mens
3073 2159 3140 2216 ad
3165 2160 3510 2218 subtiliorem

1911 2267 2208 2338 proiecerit
2257 2267 2549 2338 puritatem
2581 2313 2596 2338 ,
2656 2278 2812 2327 tanto
2860 2273 3158 2330 sublimius
3209 2274 3512 2331 intuebitur

1913 2359 2129 2426 Deum,
2175 2369 2235 2415 et
2283 2360 2660 2418 admirationis
2713 2362 2854 2418 intra
2909 2367 3268 2446 semetipsam
3323 2368 3510 2436 potius

1911 2453 2097 2522 capiet
2145 2455 2512 2522 incrementa,
2566 2469 2729 2526 quam
2771 2457 3026 2528 loquendi
3056 2457 3368 2515 facultatem
3413 2467 3510 2514 aut

1910 2560 2221 2602 sermonem
2253 2547 2584 2604 narrationis
2614 2549 2880 2606 inveniet.
2905 2548 2979 2608 Ut
3004 2550 3148 2606 enim
3173 2549 3278 2606 vim
3305 2550 3509 2607 laetitias

1910 2637 2070 2708 hujus
2123 2639 2442 2707 inexpertus
2481 2648 2663 2696 mente
2712 2656 2819 2698 non
2864 2641 3010 2698 valet
3055 2642 3379 2712 percipere,
3431 2643 3504 2698 ita

1910 2732 2184 2800 explicare
2208 2747 2462 2788 sermone
2486 2749 2591 2789 non
2613 2734 2819 2791 valebit
2839 2746 3127 2805 expertus;
3153 2745 3429 2806 tamquam
3456 2737 3504 2792 si

1908 2827 2035 2896 quis
2064 2827 2407 2883 dulcedinem
2451 2828 2626 2883 mellis
2667 2830 2716 2884 ei
2745 2831 2836 2898 qui
2867 2843 3166 2899 numquam
3210 2829 3502 2900 quidquam

1910 2917 2068 2976 dulce
2087 2919 2406 2991 gustaverit,
2432 2923 2565 2977 velit
2583 2921 2928 2978 sermonibus
2953 2937 3235 2990 enarrare,
3259 2923 3506 2993 profecto

1910 3028 2015 3070 nec
2057 3015 2146 3070 ille
2193 3016 2406 3085 saporis
2439 3014 2585 3070 illius
2631 3017 2950 3073 suavitatem
2994 3031 3160 3087 quam
3207 3032 3503 3086 numquam

1909 3121 2008 3162 ore
2048 3109 2292 3177 percepit
2335 3108 2558 3163 auribus
2610 3109 2826 3179 capiet.
2857 3123 2972 3166 nec.
3016 3109 3116 3166 ille
3162 3110 3504 3168 dulcedinem

1905 3215 2065 3271 quam
2107 3211 2294 3271 gustus
2322 3202 2600 3270 voluptate
2629 3202 2883 3272 cognovit
2913 3202 3101 3258 verbis
3127 3203 3336 3272 poterit
3365 3203 3506 3259 indi—

1907 3305 2034 3348 care
2069 3313 2081 3349 :
2111 3293 2206 3348 sed
2241 3295 2456 3364 propria
2491 3303 2696 3349 tantum
2730 3295 3007 3366 agnitione
3034 3298 3316 3354 sttavitatis
3350 3299 3504 3355 illec-

1908 3391 2033 3448 tus,
2083 3400 2307 3440 necesse
2353 3395 2527 3441 estut
2560 3389 2770 3456 experti
2826 3389 3041 3458 saporis
3099 3388 3498 3459 iucunditatem

1905 3477 2047 3532 intra
2076 3479 2427 3547 semetipsum
2453 3479 2802 3535 solummodo
2834 3480 3025 3535 tacitus
3051 3481 3374 3537 admiretur.
3417 3482 3497 3538 ita

1908 3571 2072 3642 igitur
2102 3574 2349 3644 quisquis
2383 3575 2435 3628 in
2469 3573 2615 3629 hunc
2663 3587 2823 3644 quem
2858 3574 3207 3645 prmdiximus
3240 3577 3502 3633 virtutum

1911 3675 2111 3722 statum
2136 3667 2398 3722 meruerit
2422 3667 2711 3737 pervenire
2724 3709 2750 3734 ,.
2775 3667 2892 3724 haec
2918 3668 3100 3724 omnia
3133 3684 3258 3738 quas
3286 3668 3339 3724 in
3385 3669 3502 3724 suis

1908 3759 2172 3829 peculiari
2192 3760 2366 3830 gratih
2395 3759 2656 3815 Dominus
2685 3769 2952 3832 operatur
2977 3761 3137 3816 tacita
3169 3772 3350 3816 ruente
3380 3777 3505 3832 perv

1907 3852 2166 3921 lustrans,
2200 3856 2504 3926 horumque
2530 3852 3027 3910 omnium'attonita
3059 3856 3501 3914 consideratione

1905 3948 2235 4017 ﬂammatus,
2274 3965 2400 4005 cum
2429 3951 2621 4006 intimo
2645 3949 2832 4006 cordis
2861 3949 3191 4009 exclamabit
3231 3950 3427 4008 all'ectu
3482 3968 3497 4007 :

1905 4042 2048 4097 Mira
2073 4059 2234 4113 opera
2262 4053 2373 4110 tua,
2404 4043 2565 4110 Deus,
2599 4045 2845 4098 etenim
2873 4059 2990 4099 mea
3025 4054 3300 4117 cognoscet
3343 4046 3500 4101 nimis

1900 4133 2076 4208 (Psal.
2110 4136 2394 4209 cxxxvm).
2427 4137 2570 4194 Istud
2617 4149 2749 4210 ergo
2786 4145 2870 4196 est
2911 4139 3157 4196 mirabile
3187 4153 3321 4211 opus
3365 4141 3496 4210 Dei,

1901 4229 2180 4288 hominem
2197 4245 2454 4288 corneum
2474 4275 2489 4299 ,
2537 4231 2786 4288 carnales
2815 4227 3042 4288 aliectus
3073 4231 3128 4288 in
3154 4247 3320 4289 carne
3345 4233 3491 4304 posi-

1899 4333 2013 4380 tum
2053 4324 2328 4396 respuisse
2352 4367 2368 4392 ,
2401 4335 2462 4382 et
2500 4325 2555 4381 in
2591 4333 2966 4382 tantareru'
2993 4334 3160 4395 atque
3185 4326 3498 4383 incursuuut

1288 4485 1544 4541 ALARDI
1587 4484 1819 4542 GAZA‘JI
1856 4483 2404 4544 COMMENTARIUS

268 4612 295 4642 ι
321 4603 558 4675 Vulgata
579 4604 762 4660 versio
789 4622 804 4660 :
827 4605 1212 4661 Convertenlem
1247 4605 1302 4659 in
1341 4619 1492 4658 mane
1523 4609 1785 4671 tenebras,

199 4686 244 4729 et
259 4675 406 4747 diem
439 4677 495 4728 in
523 4685 724 4730 noctem
745 4684 1028 4730 mutantem
1059 4677 1237 4747 (Amos
1265 4675 1341 4745 v).

259 4745 288 4785 δ
322 4748 402 4802 De
433 4747 650 4818 qusgD.
702 4747 1008 4802 Bernartius
1050 4745 1101 4801 in
1133 4749 1294 4803 verba
1332 4748 1578 4818 ApoStoii
1615 4767 1626 4800 :
1665 4745 1789 4801 Non

1893 4605 2512 4751 castitatis
2538 4678 2822 4735 dulcedine
2842 4689 2898 4736 et
2908 4680 3249 4750 jueunditate
3275 4682 3498 4751 egregie

1898 4748 1958 4820 δι
1981 4748 2216 4817 Ephrem
2240 4750 2430 4820 Syrus,
2458 4753 2611 4820 quasi
2638 4753 2690 4804 in
2711 4752 2830 4820 ejus
2856 4748 3219 4807 admiratione
3240 4748 3450 4807 delirus
3477 4773 3490 4808 :

195 4827 266 4902 est
289 4833 514 4902 regnum
538 4815 636 4871 Dei
675 4833 800 4902 esca
836 4828 882 4872 et
918 4830 1066 4890 potus
1109 4818 1289 4902 (Rom.
1335 4815 1456 4888 xit),
1500 4819 1745 4902 scribens
1775 4837 1787 4871 :
1820 4826 1874 4886 ι)
1968 4815 2177 4902 castitas
2196 4863 2209 4887 ,
2244 4815 2417 4902 inquit
2446 4815 2536 4902 (In
2558 4837 2714 4902 serm':
2742 4815 3120 4902 depugnato),
3146 4833 3307 4876 mater
3334 4824 3494 4902 dilac-

195 4887 424 4962 l.oquar,
460 4890 563 4962 ait,
586 4890 724 4962 quod
747 4887 986 4961 expertus
1009 4887 1168 4954 novit,
1211 4887 1518 4960 inexpertus
1547 4892 1789 4962 ignorat-,-

1899 4893 2084 4958 tionis,
2115 4899 2161 4943 et
2190 4892 2438 4962 angelicas
2459 4892 2578 4947 vita;
2612 4894 2784 4948 ratio!
2815 4894 2859 4948 Ο
2886 4892 3130 4959 castitas,
3156 4911 3274 4961 qua!
3296 4896 3491 4948 mundo

194 4960 460 5035 ignimttlis
482 4959 791 5035 enim/tanto
811 4959 1173 5035 non'percipit
1205 4975 1284 5035 ea,
1304 4959 1790 5035 q’um'sunt'spiritus
1870 4979 1954 5032 gs
1973 4962 2146 5035 corde,
2169 4972 2216 5035 et
2237 4959 2382 5015 dulci
2403 4973 2628 5035 gutture,
2654 4965 3132 5035 Itilariqueaspectu
3148 4959 3177 5018 l'
3193 4965 3236 5018 0
3257 4966 3490 5030 castitas,

190 5029 302 5114 Deli.
335 5029 383 5103 (Ι
415 5031 541 5114 (ἐστ.
585 5031 668 5114 ll).
721 5031 992 5102 Numquid
1031 5029 1154 5114 non
1185 5029 1487 5114 plerumque
1530 5029 1812 5114 orantibus-

190 5101 546 5156 nobis'omnia
579 5103 827 5154 uiscerum
860 5101 1223 5156 succutiuntur
1257 5101 1454 5154 occulta
1498 5103 1566 5155 ad
1597 5119 1790 5156 memo-

1509 5189 1554 5226 (Ρ
1583 5189 1788 5227 sursum

189 5173 318 5226 riam
350 5175 541 5243 gaudii
573 5173 716 5226 illius
742 5175 878 5240 quod
905 5182 977 5227 est
998 5174 1050 5226 in
1081 5171 1403 5238 Jerusalem,

1459 5256 1788 5314 acrgmarum

187 5252 279 5309 est,
308 5258 433 5314 qui:
486 5253 560 5297 est
610 5254 774 5296 mater
805 5255 984 5298 nostra
1023 5243 1165 5315 (Gal.
1201 5244 1306 5314 tv);
1339 5252 1395 5315 et

186 5316 533 5387 undaAvuttus
573 5316 936 5370 meditantium
983 5314 1282 5387 perfundit?
1322 5314 1385 5368 Si
1425 5316 1613 5387 oblitus
1643 5321 1795 5383 fuero

185 5385 276 5450 tui,
307 5383 642 5450 Jerusalem,
674 5387 917 5439 oblivioni
943 5383 1092 5439 detur
1118 5388 1326 5440 dextera
1349 5399 1496 5450 mea;
1522 5385 1788 5440 adtremat

183 5453 372 5529 lingua
400 5473 519 5509 mea
547 5458 784 5529 faucibus
812 5459 956 5523 meis,
991 5458 1159 5510 sinon
1183 5459 1454 5511 meminero
1489 5460 1595 5524 tui;
1622 5460 1666 5529 si
1686 5474 1788 5511 non

183 5526 520 5600 proposuero
537 5526 835 5582 Jerusalem
860 5530 913 5581 in
945 5529 1196 5600 principio
1231 5530 1426 5582 lmtitite
1450 5545 1575 5582 mete
1609 5528 1783 5600 (Psal.

181 5601 373 5670 cur).
420 5597 554 5670 vere
578 5600 633 5653 in
660 5601 915 5667 principio
943 5597 1136 5654 latitia!
1158 5641 1173 5666 ,
1199 5603 1319 5667 quia
1346 5599 1467 5667 ﬁnis
1495 5597 1787 5669 illic'repo-

181 5668 447 5724 situs'est.
472 5668 799 5737 Principium
817 5669 995 5743 gaudii
1017 5670 1185 5736 illius,
1214 5675 1350 5741 quod
1377 5672 1459 5724 hic
1480 5668 1785 5739 quandoque

181 5743 446 5795 sentimus
479 5781 493 5804 ,
545 5742 691 5796 stilla
742 5753 848 5804 est,
900 5744 1102 5811 guttula
1140 5753 1257 5804 est,
1317 5743 1382 5795 de
1432 5743 1645 5811 flumine
1689 5744 1784 5795 illo

1476 5744 1645 5795 nmine
1689 5744 1784 5795 illo

179 5813 514 5872 descendens
545 5855 560 5880 ,
607 5813 759 5884 cujus
805 5812 1024 5884 impetus
1078 5813 1308 5888 lwtificat
1364 5813 1631 5871 Civitatem
1683 5812 1780 5870 Dei

1895 5048 2014 5104 quc
2041 5033 2272 5087 homines
2297 5033 2496 5104 angelis
2515 5036 2708 5090 similes
2730 5033 2904 5090 reddis
2927 5038 2947 5090 !
2974 5033 3020 5089 Ο
3039 5037 3280 5098 castitas,
3309 5046 3490 5103 portus

1898 5105 2208 5171 tranquillus
2244 5106 2298 5156 in
2333 5121 2532 5158 summa
2578 5123 2702 5174 pace
2731 5125 2794 5161 ac
2837 5109 3110 5162 securitate
3151 5107 3496 5162 constitutus!

1900 5173 1948 5228 0
1975 5176 2180 5228 castitas
2200 5216 2216 5240 ,
2247 5189 2362 5244 quae
2389 5191 2478 5228 cor
2514 5173 2820 5244 possidentis
2845 5190 2891 5232 te
2921 5178 3186 5246 (icti/iras,
3219 5188 3266 5230 et
3303 5179 3494 5234 animle

1896 5247 1966 5300 ad
2000 5247 2226 5320 (sel-estin
2267 5247 2381 5320 alas
2421 5247 2701 5320 adjungt's!
2731 5249 2775 5303 0
2805 5250 3052 5320 castitas,
3079 5264 3196 5318 qua:
3216 5250 3493 5318 spirituale

1894 5318 2146 5390 gaudium
2174 5319 2354 5390 paris,
2395 5326 2443 5371 et
2470 5318 2740 5373 maerorem
2781 5321 2991 5390 aufers!
3018 5319 3322 5382 O'castilae,
3377 5337 3493 5388 quae

1895 5389 2164 5461 passiones
2192 5389 2412 5452 mittitis,
2445 5400 2494 5441 et
2524 5392 2752 5443 animant
2789 5408 2821 5443 a
2854 5389 3327 5461 perturbationibus
3355 5392 3489 5444 libeo

1894 5459 2081 5532 ras
2103 5461 2329 5532 castitas,
2357 5475 2538 5532 currus
2563 5459 3216 5532 spiritualis'possessorem
3257 5471 3401 5514 tuum
3437 5462 3498 5515 in

1893 5530 2112 5584 sublime
2135 5530 2385 5585 audiens!
2411 5529 2466 5584 0'
2485 5529 2716 5595 castitas,
2745 5549 2861 5599 qua:
2876 5529 3014 5586 rosis
3040 5534 3207 5586 instar
3235 5533 3290 5585 in
3316 5533 3491 5586 medio

1892 5602 2101 5665 animo),
2147 5610 2196 5654 et
2248 5618 2460 5672 corpore
2507 5603 2819 5672 efflorescis,
2850 5611 2898 5656 at
2941 5603 3152 5656 domum
3198 5604 3498 5659 universam

1889 5672 2395 5796 gagrtmlia'replesl
2418 5672 2543 5726 Haec
2565 5684 2618 5727 et
2634 5674 2736 5727 alia
2761 5682 2982 5728 sanctus
3026 5673 3129 5728 iste
3149 5683 3205 5729 et
3227 5676 3482 5743 antiquus

1935 5756 2072 5796 ater.
2101 5743 2368 5796 castitatis
2391 5741 2750 5796 dulcedinem
2778 5745 3142 5796 oblectatione
3161 5759 3302 5796 nene
3329 5755 3481 5796 extra

1935 5741 2084 5826 ater,
2101 5743 2368 5800 castitatis
2391 5741 2750 5804 dulcedinem
2778 5745 3142 5805 anhelatione
3161 5759 3302 5826 pene
3329 5741 3481 5808 extra

1887 5828 1948 5876 se
1973 5824 2178 5892 raptus.
