4078 6332
520 264 626 323 895

523 383 789 440 varietate
817 399 983 441 unum
1007 395 1192 442 tenere
1221 385 1386 441 animi
1407 392 1631 453 statum,
1664 395 1828 457 atque
1855 385 2108 443 immobi-
2132 389 2185 449 Α

522 475 629 533 lem
661 476 716 532 in
745 477 892 532 omni
919 477 1276 534 accidentium
1309 478 1708 548 permutatione
1745 478 1965 534 durare.
1994 477 2111 547 Qua

520 572 722 627 virtute
749 570 1000 627 fundatus
1028 580 1055 608 ⁸
1079 586 1243 628 senex
1273 571 1516 642 quidam,
1545 587 1669 626 cum
1701 570 1840 642 apud
1869 570 2106 626 Alexan-

519 663 694 720 driam
726 664 896 720 turbis
917 663 1216 720 inﬁdelium
1250 665 1632 732 circumfusus,
1658 679 1768 719 non
1793 663 1968 718 solum
1997 677 2112 717 ma-

522 759 766 828 ledictis,
810 774 994 814 verum
1021 759 1183 814 etiam
1214 759 1552 831 gravissimis
1598 759 1988 828 impellentium
2020 775 2112 815 ur-

519 858 740 917 geretur
768 848 1008 919 injuriis,
1041 850 1198 920 eique
1225 863 1254 904 a
1285 849 1746 905 subsannantibus
1802 849 2105 906 diceretur:

519 939 658 1005 Quid
689 941 934 996 miraculi
982 940 1234 997 Christus
1277 950 1480 1009 vester,
1511 957 1674 1014 quem
1703 942 1911 1010 colitis,
1939 941 2113 998 fecit?

519 1031 607 1085 ille
636 1033 830 1103 inquit,
857 1032 930 1090 Ut
959 1033 1043 1089 his
1073 1050 1137 1090 ac
1183 1034 1503 1105 majoribus,
1547 1037 1593 1110 si
1642 1035 1966 1102 intuleritis,
2002 1050 2108 1092 non

518 1140 740 1182 movear
769 1142 871 1184 nec
898 1127 1142 1183 oll'endar
1163 1127 1396 1198 injuriis.

1107 1241 1334 1299 CAPUT
1376 1241 1512 1298 XIV.

517 1332 866 1406 Interrogatio
888 1335 950 1409 de
979 1335 1313 1409 observantia:
1335 1335 1446 1409 [ΑΙ.
1480 1335 1828 1409 continentiae]
1860 1336 2109 1407 qualitate

623 1416 672 1460 et
702 1407 944 1475 temporis
969 1407 1119 1461 modo
1148 1408 1204 1460 in
1231 1407 1578 1476 quo—castitas
1606 1408 1786 1477 perﬁci
1814 1407 1995 1480 possit.

587 1497 892 1554 Germanus
926 1517 938 1554 :
967 1499 1233 1568 Quoniam
1261 1514 1360 1556 nos
1386 1501 1675 1555 admiratio
1719 1515 1822 1554 non
1856 1501 2107 1557 humanas

515 1590 712 1661 hujus,
770 1607 947 1664 neque
997 1601 1264 1661 terrente,
1319 1593 1412 1648 sed
1468 1594 1625 1664 plane
1669 1594 1910 1650 caelestis
1943 1604 2107 1666 atque

513 1686 770 1757 angelicae
804 1688 1103 1755 castitatis,
1153 1688 1226 1743 ita
1257 1688 1435 1743 subito
1463 1697 1684 1758 stupore
1713 1687 1959 1744 confudit
1984 1730 1998 1754 ,
2046 1697 2107 1745 ut

1580 265 1860 324 JOANNIS
1899 265 2214 324 CASSIANI
2248 266 2741 329 COLLATIONES.

3695 276 3806 336 896

2217 480 2524 550 Responsio,
2564 483 2705 537 intra
2733 483 2868 553 quod
2895 493 3092 557 tempus
3130 494 3340 541 castitas
3391 487 3550 559 possit
3578 490 3803 558 acquiri.

2285 571 2605 631 Chaeremon
2634 591 2648 629 :
2685 574 3057 632 Temerarium
3090 578 3224 634 satis
3251 587 3336 634 est
3361 593 3525 650 super
3551 595 3810 637 consum-

2215 669 2452 723 matione
2477 668 2638 740 hujus
2660 669 2729 726 de
2757 685 2862 740 qua
2907 671 3180 741 loquimur
3204 673 3469 729 castitatis
3490 715 3507 742 ,
3554 673 3609 730 in
3649 685 3805 731 tanta

2215 761 2519 829 praesertim
2559 761 2642 816 vel
2689 760 3026 832 voluptatum
3077 762 3394 820 diversitate
3432 765 3518 821 vel
3564 765 3760 822 virium
3786 808 3803 831 ,

2214 861 2414 908 certant
2441 853 2702 923 temporis
2732 853 2962 910 dellnire
2991 869 3299 912 mensuram
3319 897 3332 924 ,
3363 872 3484 928 qua:
3503 873 3614 914 non
3646 858 3807 916 facile

2211 943 2372 999 etiam
2421 944 2476 1000 in
2523 943 2642 1001 istis
2689 946 3060 1003 materialibus
3114 948 3319 1004 artibus
3371 964 3436 1006 ac
3480 937 3830 1007 visibilibus’

2212 1035 2514 1107 disciplinis
2555 1037 2792 1093 discerni
2823 1045 3051 1109 potest:
3101 1040 3400 1095 secundum
3440 1029 3843 1124 intentionem;

2213 1143 2446 1200 namque
2468 1129 2633 1184 animi
2659 1137 2822 1202 atque
2851 1130 3052 1201 ingenii
3080 1131 3400 1202 qualitatem
3418 1172 3433 1198 ,
3463 1146 3692 1190 necesse
3717 1142 3805 1190 est

2213 1233 2305 1275 eas
2331 1220 2403 1275 ab
2453 1235 2777 1292 unoquoque
2825 1223 2912 1278 vel
2939 1222 3173 1279 celerius
3213 1223 3300 1280 vel
3350 1224 3557 1281 tardius
3605 1240 3804 1296 appre-

2212 1310 2405 1378 hendi;
2465 1315 2730 1369 rationem
2762 1322 2942 1370 tamen
2974 1315 3341 1371 observantiae
3366 1357 3381 1381 ,
3428 1326 3484 1372 et
3538 1319 3804 1388 temporis

2211 1406 2455 1473 modum,
2514 1407 2652 1462 intra
2698 1423 2856 1479 quem
2905 1407 3026 1478 ejus
3063 1408 3395 1481 possibilitas
3437 1420 3798 1481 agnoscatur,

2210 1499 2655 1555 constantissime
2700 1514 2986 1570 possumus
3033 1499 3287 1556 delinire.
3331 1499 3586 1572 Quisquis
3637 1501 3804 1572 igitur

2211 1599 2484 1648 extractus
2527 1607 2558 1648 a
2613 1595 2820 1649 cunctis
2879 1593 3412 1649 confabulationibus
3459 1593 3689 1660 otiosis,
3744 1604 3804 1651 et

2210 1684 2571 1740 mortiﬁcatus
2609 1685 2679 1741 ab
2708 1685 2858 1741 omni
2901 1687 2983 1741 ira
3011 1701 3075 1741 ac
3103 1685 3473 1743 sollicitudine
3495 1731 3510 1757 ,
3561 1701 3805 1757 curaque

518 1786 785 1834 terrorem
814 1779 982 1850 magis
1027 1779 1426 1849 desperationis
1476 1780 1784 1846 incuteret,
1835 1795 1995 1850 quam
2034 1780 2102 1836 ad
2130 1778 2180 1839 B
2208 1778 2500 1843 mundana,
2535 1777 2746 1833 duobus
2775 1786 2981 1833 tantum
3010 1775 3040 1815 ³³
3071 1778 3384 1846 paximaeiis
3407 1777 3514 1850 [ΑΙ.
3540 1793 3804 1848 pasama-

515 1869 874 1938 expetendam
905 1885 963 1924 se
1015 1878 1233 1925 nostros
1261 1870 1474 1926 animos
1507 1878 1855 1939 provocaret,
1885 1885 2106 1940 quaesu-
2133 1917 2136 1920 .
2207 1869 2326 1942 eiis]
2355 1870 2518 1927 fuerit
2557 1870 2867 1937 quotidiana
2893 1869 3193 1926 refectione
3231 1878 3539 1935 contentus,
3566 1880 3622 1927 et
3641 1886 3803 1940 aqua:

512 1976 634 2017 mus
657 1971 716 2017 ut
748 1977 846 2018 nos
875 1962 944 2018 de
987 1963 1352 2020 observantiae
1400 1963 1695 2032 qualitate,
1744 1979 1807 2019 ac
1844 1964 2108 2035 temporis
2208 1962 2460 2018 satietate
2508 1962 2786 2018 subtracta
2815 2003 2830 2029 ,
2879 1962 3116 2033 quietem
3168 1961 3349 2017 somni
3375 1962 3538 2018 trium
3567 1963 3685 2018 sive
3714 1963 3804 2033 (ut

513 2053 677 2108 modo
706 2069 812 2124 quo
839 2056 1046 2126 acquiri
1100 2057 1188 2112 vel
1244 2055 1428 2126 perlici
1456 2056 1673 2123 valeat,
1715 2057 1960 2112 doctrina
1986 2059 2104 2128 ple-

511 2147 749 2203 nissimae
772 2149 1155 2219 disputationis
1180 2150 1451 2215 instituas,
1481 2158 1750 2220 quatenus
1771 2159 1824 2204 et
1850 2166 2104 2206 consum-

510 2239 644 2293 mari
673 2255 789 2294 eam
841 2256 1002 2310 posse
1024 2243 1342 2310 credamus,
1381 2252 1436 2298 et
1461 2243 1528 2298 ad
1557 2245 1916 2312 expetendam
1945 2245 2099 2300 dein-

506 2346 636 2402 ceps
661 2333 838 2403 spatio
881 2336 1158 2391 constituti
1209 2337 1469 2404 temporis
1509 2338 1835 2392 animemur.
1882 2338 2092 2394 Incom-

507 2425 926 2493 prehensibilem
979 2444 1212 2500 namque
1265 2445 1384 2485 eam
1441 2430 1495 2485 in
1538 2445 1703 2486 carne
1761 2430 1860 2486 hac
1913 2431 2100 2501 positis

503 2522 903 2589 quodammodo
926 2523 1260 2594 judicamus,
1303 2525 1408 2580 nisi
1435 2524 1592 2581 nobis
1618 2525 1754 2580 ordo
1775 2525 1995 2596 quidam
2035 2541 2100 2582 ac

507 2615 590 2668 via
647 2631 751 2686 qua
803 2618 871 2672 ad
926 2617 1072 2672 illam
1125 2620 1304 2674 valeat
1359 2618 1632 2689 perveniri
1683 2627 1832 2675 certa
1891 2619 2100 2675 ratione

505 2706 789 2771 pandatur.

2207 2054 2294 2110 alii
2325 2053 2653 2125 statuerunt)
2681 2063 2912 2123 quatuor
2951 2055 3208 2109 horarum
3240 2054 3419 2123 spatio
3468 2055 3800 2122 terminarit,

2206 2162 2306 2204 nec
2358 2155 2536 2202 tamen
2579 2147 2824 2202 laborum
2855 2155 2948 2200 aut
2976 2145 3326 2202 continentia;
3355 2144 3514 2215 hujus
3563 2145 3801 2210 merito,

2207 2239 2302 2296 sed
2339 2239 2691 2295 miseratione
2719 2238 2934 2294 Domini
2979 2253 3099 2295 eam
3131 2253 3192 2294 se
3225 2238 3522 2294 crediderit
3567 2238 3804 2308 adeptu-

2202 2346 2320 2386 rum
2365 2330 2510 2402 (quia
2553 2331 2672 2386 sine
2699 2330 2798 2384 hac
2829 2329 2936 2385 llde
2979 2344 3115 2384 vana
3144 2337 3230 2386 est
3253 2329 3432 2385 omnis
3459 2330 3680 2384 humani
3710 2333 3801 2384 la-

2201 2423 2350 2480 boris
2387 2420 2664 2491 intentio),
2717 2437 2821 2478 non
2863 2422 3094 2492 amplius
3118 2435 3282 2493 quam
3313 2431 3338 2461 ε
3367 2435 3466 2477 sex
3513 2424 3801 2478 mensibus

2203 2517 2593 2590 perfectionem
2642 2517 2801 2572 istius
2831 2531 2938 2571 non
2968 2516 3364 2588 impossibilem
3395 2515 3498 2572 sibi
3541 2530 3668 2571 esse
3696 2530 3802 2570 eo-

2201 2620 2445 2685 gnoscet.
2500 2610 2737 2667 Evidens
2766 2620 2941 2665 tamen
2977 2619 3061 2664 est
3087 2608 3197 2679 jam
3237 2609 3500 2679 proxima:
3541 2609 3804 2678 puritatis

2205 2709 2460 2765 indicium
2480 2748 2495 2773 ,
2529 2706 2775 2777 incipere
2804 2720 2924 2762 eam
2953 2704 3022 2761 de
3054 2704 3260 2775 preprii
3289 2704 3494 2760 laboris
3523 2703 3800 2760 industria

1571 2871 1829 2928 ALARDI
1866 2871 2102 2929 ΟΑΖᾸΞΙ
2140 2867 2712 2929 COMMENTARIUS.

584 3007 752 3075 lQuis
784 3008 946 3063 fuerit
989 3023 1156 3064 senex
1189 3010 1314 3076 iste,
1348 3010 1588 3064 nondum
1618 3015 1957 3077 compertum
1990 3009 2088 3062 ha-

505 3078 625 3151 heu.
667 3078 876 3151 Similia
916 3090 1094 3135 autem
1145 3081 1600 3151 apophthegmata
1631 3080 1698 3134 de
1729 3079 1982 3147 patientia
2029 3080 2086 3134 in

501 3148 748 3220 adversis
779 3151 1088 3217 retinenda,
1123 3148 1286 3207 etiam
1337 3148 1478 3220 apud
1503 3151 1748 3205 ethnicos
1793 3151 2088 3216 scriptores

503 3219 752 3292 leguntur
775 3219 972 3289 (Laert.
997 3221 1175 3291 lib.w,
1195 3219 1404 3278 /Elian’.
1425 3221 1512 3275 lib.
1543 3237 1594 3275 ιι
1621 3222 1685 3274 de
1709 3220 1872 3274 Varia
1898 3221 2084 3292 Hist.);

503 3289 742 3361 Dionysii
770 3294 1008 3416 tKranni,
1038 3289 1348 3363 qui,'regno
1378 3294 1583 3362 pulsus,
1611 3301 1828 3360 rogatus
1854 3294 1982 3359 quid
2011 3289 2083 3348 illi

503 3361 652 3415 Plato
672 3373 726 3416 et
755 3379 786 3416 ι)
832 3364 1110 3416 ilosonhim
1131 3365 1362 3416 studium
1396 3362 1689 3416 profuisset
1723 3381 1734 3416 :
1772 3362 1839 3416 Ut
1868 3373 2080 3416 tantam.

501 3361 652 3415 Plato
672 3373 726 3417 et
755 3361 1110 3433 philosophiae
1131 3365 1362 3419 studium
1381 3361 1689 3432 profuisset
1723 3381 1734 3416 :
1772 3362 1839 3418 Ut
1868 3373 2080 3431 tantam,

499 3433 695 3505 inquit,
725 3435 946 3501 fortuna:
974 3437 1311 3490 mutationem
1349 3450 1492 3505 (equo
1521 3435 1694 3488 animo
1727 3436 1909 3503 ferant.
1961 3435 2086 3490 Dio--

499 3504 687 3568 genis,
722 3506 810 3575 qui
841 3511 1185 3575 percontanti
1213 3506 1425 3562 cuidam
1457 3506 1582 3576 quid
1619 3506 1748 3560 lucri
1777 3516 1992 3574 (aperet
2013 3522 2080 3561 ex

499 3576 840 3648 philosophia
871 3593 886 3632 :
923 3577 994 3631 Ut
1021 3578 1175 3642 nihil,
1210 3578 1404 3646 inquit,
1430 3577 1599 3643 aliud,
1634 3588 1768 3631 certe
1785 3575 1902 3640 hoc,
1945 3576 2084 3648 quod

497 3647 566 3698 ad
581 3663 778 3718 omnem
796 3649 1057 3718 fortunam
1083 3660 1296 3718 paratus
1311 3665 1446 3703 sum.
1468 3648 1705 3716 Denique
1722 3647 2084 3703 adolescentis

499 3717 802 3788 cujusdam,
824 3719 891 3773 de
917 3735 1024 3788 quo
1046 3717 1292 3775 Elianus
1314 3721 1396 3774 his
1414 3719 1634 3772 verbis:
1660 3718 2084 3773 Adolescentulus

496 3789 706 3855 quidam
731 3786 996 3844 Eretricus
1025 3790 1252 3844 Zenonis
1293 3791 1522 3845 scholam
1546 3829 1561 3854 ,
1612 3790 1899 3842 litterarum
1926 3806 2084 3844 causa

499 3859 651 3932 longe
679 3870 904 3932 tempore
931 3865 1357 3932 frequentaverat.
1384 3861 1662 3932 Reuersum
1692 3872 1836 3928 pater
1861 3864 2082 3915 interro-

498 3930 634 3998 gavit
659 3930 909 3999 quidnam
937 3930 1207 4000 sapientia:
1235 3931 1518 3986 didicisset.
1557 3931 1657 3997 Qui
1681 3948 1793 3984 cum
1816 3949 1870 3985 se
1901 3942 2084 3985 osten-

497 4015 676 4074 surum
705 4001 951 4074 dixisset,
993 4003 1291 4074 indignatus
1319 4013 1482 4070 pater,
1517 4003 1725 4074 verbera
1749 4003 1850 4072 ipsi
1870 4004 2078 4071 inﬂixit.

499 4071 564 4146 At
579 4071 675 4146 ille
694 4072 918 4146 modeste
934 4071 1286 4146 patienterque
1305 4078 1470 4146 ferens
1498 4090 1516 4129 :
1539 4073 1663 4146 Hoc
1678 4071 1869 4146 ipsum,
1895 4073 2078 4146 inquit,

402 4170 408 4177 -
498 4141 678 4215 didici,
701 4151 755 4215 ut
775 4143 908 4215 iram
934 4141 1102 4214 'patris
1123 4141 1383 4198 moderate
1407 4145 1587 4215 feram.
1626 4144 1748 4215 Haec
1781 4144 1874 4197 illi.
1912 4141 2081 4198 Porro

499 4213 543 4265 si
573 4213 713 4279 apud
755 4213 1004 4270 ethnicus
1051 4225 1254 4269 tantum
1286 4213 1458 4284 potuit
1499 4229 1632 4267 vana
1673 4214 1760 4268 illa
1807 4224 1860 4267 et
1905 4217 2080 4270 fucata

498 4284 876 4354 philosophia;
908 4296 1164 4354 quantum
1191 4285 1330 4355 apud
1354 4284 1690 4340 Christianos
1721 4285 1902 4338 valere
1920 4286 2081 4355 debet

499 4371 623 4408 vera
657 4367 711 4410 et
739 4358 1046 4426 evangeliea
1076 4354 1275 4411 Christi
1305 4355 1566 4423 sapientia
1592 4397 1603 4416 .
1651 4356 1886 4426 dicentis,
1917 4373 1930 4409 :
1980 4354 2082 4409 Be-

499 4427 715 4500 nedicite
741 4428 1150 4500 persequentibus
1180 4437 1228 4483 et
1260 4427 1688 4500 calumniantibus
1715 4442 1844 4500 vos;
1872 4425 2077 4500 benedi.

498 4498 617 4563 cite,
661 4508 708 4552 et
739 4496 904 4553 nolite
926 4499 1230 4553 maledicere
1271 4498 1451 4565 (Matt.
1486 4498 1562 4566 v),
1598 4507 1703 4551 etc.
1754 4496 1814 4552 Si
1861 4500 1985 4550 tanti
2006 4498 2078 4550 vi-

501 4578 638 4622 trum
659 4610 674 4633 ,
703 4574 775 4624 ait
806 4569 867 4623 Β.
899 4570 1260 4641 Hieronymus
1289 4569 1482 4641 (Epist.
1521 4569 1605 4641 A10
1633 4568 1703 4620 ad
1744 4567 2076 4638 Paulinum),

496 4641 678 4708 quanti
708 4639 1130 4709 pretiosissimum
1159 4639 1530 4711 margaritum!

2272 3019 2293 3047 ε
2318 3007 2614 3078 Dionysius
2657 3023 2670 3059 :
2694 3006 2835 3075 infra
2856 3020 3193 3078 sets_menses.
3223 3005 3396 3062 Locus
3422 3007 3544 3074 iste,
3581 3007 3671 3064 tibi
3700 3025 3795 3067 se-

2196 3089 2400 3132 mestre
2439 3076 2672 3146 spatium
2721 3076 3096 3145 praescribitur
3124 3079 3353 3150 castitati
3395 3080 3750 3148 acquirendae
3777 3127 3794 3150 ,

2194 3150 2410 3205 videtur
2431 3163 2588 3218 egere
2611 3162 2842 3218 censura
2866 3163 2985 3216 qua:
3003 3157 3180 3203 exstat
3195 3148 3246 3202 in
3267 3148 3384 3204 Vita
3405 3150 3464 3203 Ρ.
3489 3148 3799 3210 Baltasaris

2195 3222 2421 3275 Alvarez
2447 3217 2874 3291 societatisiilesu
2911 3218 3158 3291 religiosi
3206 3235 3377 3290 nuper
3401 3220 3577 3286 edita,
3609 3237 3797 3291 eaque

2197 3291 2280 3345 his
2309 3291 2489 3346 verbis
2527 3287 2681 3362 (Cap.
2708 3289 2799 3360 49)
2833 3305 2848 3344 :
2901 3287 3025 3343 Non
3066 3301 3266 3362 oportet
3284 3287 3628 3362 prtescribere
3674 3287 3796 3352 Deo

2192 3373 2390 3433 (Mpus
2413 3360 2767 3433 uisitatiOnum
2787 3371 2831 3414 et
2861 3360 3332 3433 misericordiarum
3354 3380 3583 3418 suarum.
3610 3365 3799 3429 Quare

2190 3431 2428 3504 suspecta
2441 3449 2520 3508 res
2547 3448 2654 3486 esse
2673 3431 2840 3508 debet,
2861 3432 3032 3508 siquis
3062 3433 3353 3508 generalem
3375 3435 3604 3501 aliquam
3627 3453 3763 3508 regis
3780 3469 3797 3480 ι

2189 3503 2291 3558 lant
2319 3505 2626 3566 constituat,
2651 3503 2790 3571 quod
2813 3503 3003 3556 scilicet
3027 3505 3112 3570 qui
3141 3503 3293 3556 talem
3322 3521 3410 3558 aut
3438 3508 3588 3560 talem
3616 3503 3788 3564 adhi-

2189 3576 2354 3629 buert't
2369 3575 2686 3645 diligentiam
2701 3589 2790 3642 per
2813 3582 2882 3625 tot
2897 3589 3060 3626 annos
3088 3585 3175 3627 aut
3203 3591 3417 3642 menses,
3433 3578 3585 3631 talem
3604 3595 3635 3630 a
3664 3578 3793 3636 Deo

2189 3648 2415 3717 favorem
2433 3657 2522 3698 aut
2549 3646 2749 3698 uirtutis
2763 3645 2980 3717 gradum
3003 3645 3068 3698 sit
3095 3657 3478 3700 consecuturus.
3512 3647 3698 3713 In'qua
3731 3669 3798 3708 re

2187 3714 2252 3771 ab
2263 3717 2522 3790 aliquibus
2547 3725 2755 3790 notatur
2767 3714 3071 3790 Cassianus,
3098 3717 3240 3790 quod
3263 3719 3630 3790 prtescripserit
3648 3733 3793 3776 tem-

2188 3806 2283 3861 pus
2305 3787 2601 3861 aliquodad
2623 3786 2870 3861 castitatis
2899 3788 3256 3861 perfectionem
3278 3786 3602 3861 obtinendam
3617 3793 3662 3845 ei
3681 3797 3792 3861 qui

2187 3855 2448 3913 adhiberet
2475 3857 2770 3927 diligentias
2812 3856 2875 3908 ab
2906 3857 3016 3924 ipso
3044 3855 3114 3910 ibi
3154 3859 3427 3914 indicatos.
3477 3859 3592 3914 Hoc
3634 3855 3790 3918 enim

2187 3947 2290 3983 non
2317 3943 2420 3983 tam
2447 3928 2677 3982 consistit
2723 3928 2775 3980 in
2799 3928 3080 4003 industria,
3114 3939 3229 4003 arte,
3249 3940 3340 3983 aut
3371 3940 3626 4003 tempore,
3655 3950 3791 3991 cum

2186 4003 2430 4074 sitAOpus
2474 4002 2655 4074 gratia;
2677 4008 2766 4051 aut
2810 3999 3090 4074 peculiaris
3134 3999 3633 4074 Deiprouide'ntitz.
3684 4009 3792 4074 qui

2191 4072 2461 4138 unicuique
2483 4071 2663 4123 dividit
2688 4081 2836 4136 prout
2863 4070 2967 4123 vult
3013 4080 3060 4124 et
3089 4071 3293 4134 quando
3319 4074 3446 4126 uult.
3475 4074 3644 4139 Quare
3668 4070 3791 4130 uir-

2185 4144 2309 4195 tutis
2339 4142 2634 4195 exercitium
2664 4139 3028 4207 incipientibus
3054 4142 3332 4212 plurimum
3359 4145 3516 4214 refert
3557 4146 3790 4201 ordina-

2185 4214 2318 4266 rium
2345 4217 2614 4287 tritumque
2652 4213 3010 4287 vi_am_te_nere,
3045 4223 3091 4287 et
3131 4214 3382 4287 ferventer
3407 4213 3669 4287 cooperari
3714 4237 3794 4275 εει

2185 4297 2329 4364 parte
2346 4301 2452 4364 sua
2481 4281 2760 4364 ordinaria:
2788 4281 2881 4361 Dei
2909 4281 3184 4364 directioni
3218 4294 3270 4364 et
3284 4281 3510 4364 gratiae,
3544 4293 3790 4364 remo-tis

2183 4354 2556 4422 impedimentis
2584 4362 2629 4406 et
2653 4355 2969 4426 prtescriptis
2997 4354 3178 4408 mediis
3201 4354 3446 4410 adhibitis
3467 4399 3480 4422 ,
3520 4359 3786 4426 depositis

2184 4427 2320 4478 curis
2348 4436 2394 4479 et
2420 4424 2765 4478 anxietatibus
2812 4427 3134 4494 profectuum
3157 4441 3248 4494 per
3279 4427 3387 4482 uias
3409 4424 3787 4484 extraordina-

2183 4498 2324 4561 rias;
2370 4513 2496 4563 quos
2546 4496 2806 4564 profectus
2857 4495 3037 4548 merito
3077 4499 3388 4551 committent
3435 4499 3786 4564 providentia

2184 4564 2303 4632 Dei,
2339 4577 2393 4640 ut
2423 4583 2515 4635 pro
2545 4581 2642 4620 suo
2670 4565 2820 4640 libitu
2850 4565 3038 4640 dirigat
3061 4583 3122 4620 ac
3162 4569 3402 4637 disponat
3437 4571 3576 4640 quod
3604 4575 3785 4640 magis

2185 4638 2449 4704 expediet;
2476 4652 2624 4690 suam
2662 4637 2869 4690 interim
2889 4639 3160 4692 stationem
3193 4655 3293 4692 non
3321 4637 3637 4707 deserentes,
3669 4637 3788 4699 ἆο-

568 4711 593 4749 b
622 4708 715 4766 De
750 4713 1076 4783 pasamaeiis
1096 4755 1110 4779 ,
1150 4708 1284 4783 sive
1306 4709 1621 4783 paxitnaciis
1642 4749 1664 4783 ι
1691 4709 1825 4783 alias
1865 4709 2078 4783 abunde
2104 4711 2158 4772 D
2182 4724 2273 4783 nec
2295 4709 2514 4783 audiant
2537 4724 2555 4762 :
2579 4708 2774 4774 Amice,
2799 4709 3277 4783 ascendesuperius
3299 4709 3450 4777 (Luc.
3472 4713 3606 4783 xw).
3637 4713 3785 4773 Haec

497 4783 850 4853 tractavimus
878 4781 1016 4853 (Lib.
1047 4796 1105 4837 tv
1136 4781 1272 4836 Inst.
1292 4779 1338 4853 ci.
1367 4780 1463 4847 14;
1487 4780 1607 4834 coll.
1637 4779 1692 4848 9,
1720 4798 1765 4834 c.
1795 4780 1852 4835 11
1883 4790 1929 4833 et
1959 4781 2072 4850 i9).

499 4852 651 4908 Unde
675 4851 895 4908 constat
914 4853 1273 4922 paximacium
1306 4851 1470 4907 fuisse
1495 4867 1716 4921 parvum
1741 4865 1955 4920 panem.
1981 4867 2075 4907 sex

497 4923 607 4979 fere
628 4925 924 4988 unciarum;
947 4933 1312 4994 statutumque
1326 4923 1542 4978 modum
1558 4923 1885 4990 quotidianae
1907 4923 2078 4977 refec-

496 4995 678 5060 tionis,
694 5011 787 5049 seu
813 4995 1205 5062 quotidianam,
1229 5005 1288 5049 ut
1315 5001 1528 5058 vocant,
1557 4995 1853 5062 pet-tionem
1889 5007 2077 5047 mona-

493 5066 610 5118 chis
640 5065 854 5134 Aigypti
879 5066 1043 5121 fuisse
1072 5067 1179 5120 duo
1219 5067 1516 5134 paxitnacia
1547 5107 1560 5126 ,
1590 5075 1642 5118 ιιι
1678 5066 1762 5118 hic
1803 5063 1960 5118 etiam
1996 5065 2076 5117 in-

496 5137 678 5190 nttitur
723 5155 734 5189 :
785 5151 885 5206 qua
935 5147 1112 5191 tamen
1164 5152 1414 5191 mensura
1466 5135 1820 5203 perfectiores
1873 5134 2074 5204 quique

495 5207 714 5261 minime
746 5208 831 5262 usi
874 5218 1034 5272 sunt,
1069 5209 1319 5276 part-inre
1366 5207 1535 5261 multo
1585 5208 1853 5270 cententi,
1898 5219 1951 5258 ut
2007 5207 2074 5261 de

498 5278 795 5344 lzlilarione,
826 5280 1092 5340 AntOnio,
1127 5279 1356 5348 aliisque
1399 5287 1581 5331 notum
1625 5287 1726 5348 est.
1760 5277 1956 5332 Suidas
1993 5284 2073 5330 ta-

493 5363 616 5402 men
643 5350 780 5404 hanc
802 5363 988 5404 vocem
1013 5351 1190 5417 potius
1217 5347 1461 5403 Latinam
1484 5363 1642 5415 quam
1666 5347 1906 5402 Grtecam
1929 5361 2070 5412 esse,

491 5427 546 5473 et
591 5436 782 5488 panem
815 5420 900 5474 bis
928 5428 1140 5474 coctum
1181 5421 1488 5489 signitieare
1511 5419 1801 5489 contendit
1827 5417 1967 5489 ,_sie
2004 5417 2074 5473 de

493 5486 854 5567 illo‘scribens
873 5507 902 5567 _:
933 5486 1462 5567 rraEapa'tcevdiiwpoc
1500 5488 1684 5566 ἄρτος,
1715 5491 1825 5567 isti
1853 5486 1907 5542 δὲ
1946 5487 2075 5567 λέξις

492 5569 776 5631 Tatuuini;
836 5562 886 5615 id
926 5573 1028 5627 est,
1076 5561 1500 5629 paximasfsive
1534 5561 1942 5629 'paxamacium,
1991 5561 2075 5614 vel

531 5633 868 5691 axamadium
899 5675 912 5699 ,
966 5631 1116 5700 panis
1168 5642 1249 5686 est
1306 5632 1383 5686 bis
1407 5641 1594 5686 coctus
1643 5648 1653 5682 :
1705 5642 1784 5682 est
1813 5644 1940 5682 vero
1968 5645 2073 5684 vox

531 5646 868 5691 axamaqmm
899 5675 912 5699 ,
966 5649 1116 5700 panis
1168 5646 1249 5686 est
1306 5646 1383 5686 Dts
1407 5646 1594 5686 coetus
1643 5648 1653 5682 :
1705 5646 1784 5682 est
1813 5646 1940 5682 vero
1968 5646 2073 5684 vox

493 5646 755 5767 Romana,
793 5704 906 5757 sive
933 5702 1139 5758 Latina.
1172 5703 1244 5757 De
1276 5702 1607 5772 pasamaciis
1638 5701 1880 5772 meminit
1911 5701 2073 5756 etiam

493 5783 716 5830 sanctus
747 5772 979 5841 Ephrem
1011 5775 1060 5828 in
1095 5770 1319 5829 tractatu
1349 5775 1416 5828 de
1446 5773 1639 5826 virtute
1667 5785 1788 5840 cap.
1817 5770 1899 5825 10.

2143 4822 2146 4826 .
2181 4777 2289 4852 ibi;
2321 4779 2375 4833 in
2405 4779 2602 4852 quibus
2638 4788 2915 4852 spectasse
2944 4777 3158 4852 videtur
3189 4781 3392 4852 ᾼυςιοτ
3419 4784 3512 4838 ille
3540 4777 3781 4852 gravem

2179 4847 2412 4926 ill_am_et
2433 4849 2853 4926 increpatoriam
2875 4850 3373 4926 orationemludith
3397 4847 3626 4921 (Iudith.
3644 4863 3781 4926 uti)

2180 4921 2246 4974 ad
2277 4920 2643 4994 principesget
2668 4920 2924 4994 popttltrm
2954 4921 3387 4994 Betbuliensem,
3408 4920 3511 4994 qui
3546 4920 3779 4986 certuni

2180 4990 2603 5065 tempus‘auxilii
2621 4990 2827 5065 ferendi
2860 4991 2968 5065 Deo
2996 4991 3393 5060 quodammodo
3417 4990 3786 5065 praeseripse-

2177 5071 2302 5117 rant
2333 5061 2551 5140 {Quod
2577 5070 2652 5116 est
2678 5061 2776 5140 hoc
2805 5063 3039 5140 verb-um,
3062 5065 3123 5140 in
3150 5080 3250 5132 quo
3270 5061 3521 5140 consensit
3549 5061 3744 5140 Osias
3766 5118 3785 5140 ,

2176 5143 2230 5185 ut
2253 5134 2424 5188 tradat
2453 5134 2707 5186 ciuitatem
2729 5133 2981 5202 Assyriis,
3031 5136 3072 5187 si
3103 5137 3240 5189 intra
3269 5138 3494 5204 quinque
3523 5139 3634 5194 dies
3663 5133 3784 5198 non

2179 5208 2372 5278 uenerit
2401 5205 2536 5278 vobis
2565 5205 2885 5278 adiutorium
2909 5205 2931 5257 ?
2979 5204 3040 5258 Et
3059 5208 3149 5275 qui
3172 5208 3293 5260 estis
3330 5224 3416 5261 ros
3443 5212 3530 5278 qui
3557 5218 3785 5268 tentatis

2182 5273 2500 5348 Dominum?
2525 5273 2638 5348 non
2657 5285 2730 5326 est
2768 5275 2870 5348 iste
2895 5291 3056 5328 sermo
3074 5273 3170 5343 'qui
3197 5273 3606 5335 misericordiam
3638 5299 3745 5348 pro
3768 5318 3780 5325 -

2178 5358 2338 5414 uocet,
2371 5347 2461 5401 sed
2491 5346 2659 5414 potius
2691 5347 2776 5412 qui
2805 5346 2936 5398 iram
2963 5349 3141 5402 excitet
3168 5359 3212 5402 et
3239 5353 3462 5416 furorem
3489 5346 3779 5409 accendat.

2184 5416 2440 5472 Posuistis
2467 5434 2555 5471 vos
2582 5426 2777 5477 tempus
2819 5418 3160 5472 miserationis
3206 5416 3414 5473 Domini
3446 5429 3493 5474 et
3535 5423 3592 5474 in
3619 5426 3782 5477 urbi-

2181 5489 2336 5542 trium
2391 5499 2612 5542 uestrum
2661 5488 2795 5540 diem
2850 5489 3184 5548 constituistis
3216 5490 3282 5551 ei,
3316 5499 3421 5544 etc.
3455 5489 3778 5547 Retineuda

2181 5559 2341 5628 igitur
2366 5559 2453 5612 illa
2472 5558 2712 5628 ejusdem
2734 5557 3107 5614 Chatremonis
3129 5564 3394 5615 sententia
3421 5564 3574 5617 ittitio
3599 5564 3630 5618 h
3645 5557 3786 5626 ujus

2179 5627 2298 5697 cap.
2331 5627 2536 5699 prolata
2581 5644 2596 5685 :
2626 5627 2973 5684 Temerarium
2999 5647 3106 5686 esse
3132 5647 3287 5695 super
3324 5635 3787 5688 consummatione

2179 5702 2425 5755 castitatis
2449 5707 2639 5753 certam
2665 5700 2903 5770 temporis
2927 5701 3138 5769 deﬁnire
3161 5719 3477 5770 mensuram,
3507 5717 3623 5763 etc.
