4078 6332
259 386 358 447 897

1180 377 1524 438 COLLATIO
1581 373 1723 434 XIII.
1751 404 1824 420 —
1848 367 1939 432 DE
1981 367 2454 430 PROTECTIONE
2492 369 2626 427 DEI.

3432 369 3541 430 898

263 515 366 556 non
387 512 636 570 sperare.
657 497 714 555 Si
736 497 880 554 enim
902 495 1014 553 vim
1030 495 1285 551 versiculi
1308 495 1456 548 illius
1477 491 1850 560 unusquisque
1874 493 1929 550 Α
1951 499 2094 551 mus,
2115 489 2168 538 in
2195 500 2357 538 unum
2386 483 2565 537 omnia
2587 496 2707 552 quae
2727 479 2948 550 copiose
2969 479 3310 550 sparsimque
3338 478 3542 551 digesta

263 595 314 649 in
345 592 577 647 veritate
613 591 928 660 conceperit
976 608 989 642 :
1041 586 1162 643 Nisi
1215 587 1471 641 Dominus
1519 583 1854 652 cediﬁcaverit

261 686 493 750 domum,
507 684 563 738 in
573 699 764 738 vanum
779 681 1017 736 laborant
1032 682 1120 749 qui
1137 679 1394 748 aediﬁcant
1405 693 1518 731 eam
1536 675 1708 750 (Psal.
1728 677 1849 745 xu),

261 777 505 848 sequitur
549 785 607 830 ut
647 791 747 831 nec
769 775 838 830 de
868 775 1119 846 puritatis
1144 787 1257 827 suae
1296 769 1507 826 meritis
1540 768 1848 833 extollatur,

261 873 570 942 intelligens
595 885 717 927 eam
761 885 822 925 se
852 884 959 924 non
1002 882 1099 923 sua
1145 864 1462 937 diligentia,
1490 862 1584 919 sed
1633 859 1851 917 Domini

262 961 640 1021 misericordia
670 968 1057 1025 consecutum;
1107 973 1206 1015 nec
1254 965 1443 1013 contra
1488 955 1627 1009 alios
1657 951 1854 1009 immiti

265 1057 444 1127 rigore
485 1062 770 1110 moveatur
798 1095 814 1119 ,
858 1055 1036 1109 sciens
1059 1052 1345 1108 humanam
1371 1049 1506 1105 nihil
1537 1062 1659 1106 esse
1687 1045 1857 1103 virtu-

261 1157 390 1220 tem,
426 1149 476 1205 si
505 1163 627 1205 eam
648 1148 819 1204 virtus
846 1146 1026 1203 divina
1059 1160 1166 1201 non
1191 1144 1410 1216 iuverit.

874 1301 1104 1360 CAPUT
1133 1301 1274 1356 XVI.

338 1422 416 1476 De
474 1420 577 1492 (ine
611 1436 672 1474 ac
741 1418 966 1476 remedio
1019 1418 1346 1500 acquirendte
1419 1425 1468 1470 et
1510 1413 1858 1471 custodiendi:

927 1498 1196 1544 castitatis.

332 1605 572 1662 Proinde
601 1604 888 1674 unicuique
907 1612 1151 1660 nostrum
1178 1603 1439 1658 adversus
1475 1602 1724 1672 spiritum
1753 1601 1860 1656 for-

271 1697 558 1753 nicationis
586 1695 715 1752 totis
747 1694 957 1750 viribus
1007 1693 1292 1749 desudanti
1325 1701 1352 1731 ι
1382 1693 1601 1748 victoria
1634 1692 1861 1762 singula-

268 1788 340 1845 ris
365 1788 553 1852 est,de
577 1787 773 1842 merito
798 1795 1026 1842 conatus
1037 1786 1119 1842 sui
1141 1785 1434 1841 remedium
1465 1801 1570 1840 non
1601 1799 1819 1854 sperare
1843 1802 1856 1837 :

1953 589 2079 636 sunt
2130 579 2470 650 colligentes,
2503 578 2620 632 ltazc
2669 584 2752 632 est
2789 575 3184 630 consummatio
3234 575 3538 646 castitatis,

1954 683 2014 728 ut
2043 673 2350 744 vigilantem
2405 672 2722 728 monachum
2771 670 3062 727 oblectatio
3108 671 3349 727 libidinis
3389 671 3537 727 nulla

1953 765 2307 836 perstringat,
2341 775 2399 821 ut
2447 767 2814 836 quiescentem
2867 765 3201 822 somniorum
3249 780 3358 821 non
3396 765 3552 822 fallat

1955 859 2134 915 illusio
2162 875 2177 924 ;
2219 859 2314 914 sed
2341 873 2463 913 cum
2513 858 2798 914 dormienti
2825 866 3028 914 tantum
3059 873 3151 928 per
3178 858 3368 928 sopitae
3395 873 3548 914 men-

1957 952 2024 1006 tis
2053 951 2315 1006 incurism
2342 952 2634 1007 commotio
2673 951 2850 1006 carnis
2906 951 3241 1019 obrepserit,
3293 952 3554 1022 quemad-

1957 1043 2178 1099 modum
2209 1044 2330 1099 sine
2359 1043 2464 1098 ulla
2514 1044 2817 1099 titillatione
2854 1044 3144 1114 voluptatis
3179 1045 3409 1100 excitata
3436 1053 3549 1110 est,

1956 1139 2030 1195 ita
2077 1138 2242 1194 etiam
2301 1139 2418 1193 sine
2474 1137 2582 1193 ullo
2632 1138 2840 1207 pruritu
2877 1137 3125 1206 corporis
3178 1138 3547 1207 conquiescat.

1960 1231 2088 1287 Haec
2115 1233 2182 1288 de
2203 1230 2470 1288 castitatis
2515 1232 2648 1296 line,
2671 1240 2928 1301 quantum
2957 1232 3262 1300 potuimus,
3291 1247 3394 1286 non
3425 1244 3552 1285 veru

1958 1326 2072 1394 bis,
2102 1327 2196 1382 sed
2220 1325 2248 1364 ι’
2272 1324 2606 1396 experientia
2650 1322 2997 1393 magistrante
3047 1323 3385 1392 digessimus.
3417 1322 3552 1390 Quae

1961 1419 2090 1476 licet
2105 1435 2133 1474 a
2152 1419 2436 1475 desidiosis
2453 1434 2518 1473 ac
2548 1417 2940 1488 negligentibus
2958 1418 3186 1472 arbitrer
3199 1417 3551 1488 impossibilia

1961 1514 2188 1570 forsitau
2209 1511 2529 1582 judicanda,
2557 1519 2738 1566 certus
2767 1518 2944 1563 tamen
2996 1523 3112 1563 sum
3137 1525 3165 1562 a
3201 1509 3457 1564 studiosis
3488 1523 3552 1563 ac

1961 1607 2292 1679 spiritalibus
2326 1606 2459 1660 viris
2483 1603 2829 1675 agnoscenda
2877 1604 3080 1674 pariter
3129 1618 3193 1660 ac
3247 1603 3550 1674 probanda.

1962 1699 2197 1755 Tantum
2239 1714 2470 1769 namque
2494 1698 2636 1752 inter
2663 1696 2935 1752 hominem
2981 1697 3146 1752 distat
3172 1704 3226 1752 et
3254 1696 3553 1766 hominem,

1964 1802 2225 1863 quantum
2248 1803 2302 1848 et
2331 1793 2423 1847 illa
2445 1792 2496 1846 in
2521 1791 2722 1862 quibus
2769 1791 2933 1846 animi
2963 1805 3150 1846 eorum
3183 1789 3354 1846 tendit
3379 1790 3558 1844 inten-

267 1892 386 1948 quaa
417 1877 553 1934 fides
578 1879 703 1934 licet
728 1878 902 1932 facilis
925 1892 988 1932 ac
1015 1878 1174 1948 plana
1203 1877 1453 1932 omnibus
1475 1878 1751 1940 videatur,
1779 1885 1861 1932 ta-
1891 1899 1936 1958 Β
1966 1887 2042 1941 rio
2069 1886 2135 1940 ab
2179 1885 2411 1940 invicem
2444 1884 2819 1953 disparantur,
2877 1881 2928 1937 id
2979 1890 3062 1937 est
3086 1923 3102 1948 ,
3133 1881 3217 1936 vel
3238 1882 3434 1937 caelum
3489 1881 3558 1937 ab

267 1984 389 2025 mea
432 1980 541 2026 tam
577 1968 796 2025 difﬁcile
830 1969 896 2025 ab
921 1969 1306 2040 incipientibus
1333 1986 1491 2040 quam
1524 1970 1692 2039 ipsius
1735 1984 1858 2023 cas-

269 2063 438 2118 titatis
461 2062 722 2134 perfectio
742 2062 1067 2132 possidetur.
1095 2062 1228 2118 Nam
1250 2077 1370 2118 cum
1394 2064 1472 2118 eis
1494 2063 1575 2120 vel
1599 2063 1858 2134 particula

271 2155 520 2225 puritatis
549 2156 816 2222 arriserit,
848 2157 1106 2211 continuo
1143 2156 1196 2210 in
1245 2155 1593 2212 conscientia:
1633 2171 1745 2210 suae
1773 2171 1860 2210 se-

269 2248 435 2304 cretis
475 2249 712 2304 elatioue
755 2248 984 2317 quadam
1041 2249 1312 2304 subtiliter
1361 2249 1615 2304 illabente
1645 2248 1862 2304 sibimet

270 2341 644 2410 blandiuntur,
703 2342 1093 2412 credentesque
1143 2357 1260 2397 eam
1315 2357 1375 2397 se
1419 2341 1710 2412 diligentitc
1750 2357 1861 2396 suae

269 2435 450 2489 studio
474 2444 813 2498 consecutos,
852 2449 1071 2489 necesse
1095 2442 1178 2489 est
1207 2445 1260 2488 ut
1292 2449 1529 2504 superno
1559 2434 1648 2489 illo
1671 2433 1863 2502 praesi-

271 2526 360 2582 dio
392 2527 674 2596 paululum
697 2525 979 2593 denudati,
1010 2526 1214 2581 tamdiu
1242 2527 1371 2594 illis,
1400 2542 1534 2598 quas
1555 2527 1730 2582 divina
1760 2525 1869 2581 vir-

274 2629 358 2675 tus
383 2619 754 2684 exstinxerat,
807 2620 1148 2689 passiouibus
1171 2621 1578 2689 opprimantur,
1611 2620 1868 2690 quamdiu

271 2713 614 2783 experientia
639 2712 872 2769 docente
901 2721 1229 2782 cognoscant
1270 2727 1329 2769 se
1360 2713 1567 2769 viribus
1597 2724 1758 2786 atque
1781 2716 1865 2770 in-

272 2807 478 2863 dustria
510 2822 604 2862 sua
636 2805 890 2878 puritatis
914 2807 1112 2862 bonum
1159 2807 1406 2862 obtinere
1450 2823 1555 2862 non
1587 2822 1766 2878 posse.
1799 2807 1870 2862 Et

273 2909 324 2957 ιη
355 2901 772 2970 disputationem
801 2909 1040 2955 nostram
1068 2900 1133 2956 de
1160 2899 1265 2956 line
1296 2902 1621 2971 plenissima:
1648 2903 1867 2959 castita-

275 2993 341 3050 tis
362 2992 525 3064 longa
554 2993 930 3050 lucubratione
963 2992 1267 3050 confectam
1309 2993 1548 3052 breviter
1573 2998 1864 3053 concluda-

1967 1977 2206 2047 inferuo,
2237 1977 2320 2032 vel
2348 1975 2596 2031 Christus
2616 1990 2647 2028 a
2677 1974 2880 2042 Belial,
2911 1973 3205 2028 secundum
3233 1973 3558 2028 sententiam

1972 2070 2186 2126 Domini
2218 2067 2544 2134 Salvatoris,
2575 2066 2636 2122 Si
2657 2067 2770 2136 quis
2798 2067 2923 2119 mihi
2954 2066 3237 2130 ministrat,
3273 2081 3352 2118 me
3371 2081 3559 2136 sequa-

1969 2176 2092 2229 tur;
2127 2172 2183 2219 et
2211 2163 2298 2216 ubi
2324 2177 2415 2231 ego
2436 2177 2550 2215 sum
2569 2201 2584 2226 ,
2615 2160 2724 2213 illic
2749 2169 2794 2213 et
2823 2159 3059 2213 minister
3086 2174 3228 2213 meus
3252 2158 3359 2211 erit
3383 2156 3563 2228 (Joan.

1970 2255 2090 2323 xu).
2123 2253 2190 2306 Et
2214 2252 2406 2306 iterum
2433 2267 2447 2304 :
2485 2248 2582 2305 Ubi
2606 2260 2680 2304 est
2706 2249 2974 2304 thesaurus
3001 2260 3138 2315 tuus,
3169 2247 3240 2301 ibi
3269 2249 3368 2303 erit
3399 2258 3446 2302 et
3476 2264 3564 2303 cor

1971 2345 2358 2414 tuum(Matth.
2387 2345 2484 2413 v1).
2531 2342 2818 2412 Hucusque
2873 2341 3064 2396 beatus
3113 2340 3437 2395 Chaeremon
3491 2341 3565 2394 de

1969 2441 2238 2498 castitatis
2312 2439 2649 2511 perfectione
2717 2437 3012 2502 disseruit,
3078 2429 3564 2508 admirabilemque

1972 2531 2276 2588 doctrinam
2291 2531 2690 2587 sublimissima:
2708 2530 2954 2599 puritatis
2971 2528 3061 2583 tali
3074 2542 3323 2584 sermone
3340 2529 3561 2583 conclu-

1971 2626 2076 2693 sit,
2111 2625 2344 2680 suadens
2395 2621 2730 2693 stupentibus
2783 2629 2945 2691 atque
2999 2620 3170 2674 anxiis
3224 2619 3411 2685 nobis,
3471 2629 3562 2688 ut,

1975 2717 2100 2785 quia
2159 2719 2267 2790 jam
2321 2717 2494 2772 noctis
2563 2731 2689 2786 pars
2756 2716 2927 2784 major
2993 2712 3310 2780 effluxerat,
3365 2713 3561 2770 tradita

1973 2813 2141 2884 quieti
2171 2811 2441 2880 paululum
2472 2809 2715 2865 membra
2773 2806 3007 2861 naturali
3050 2807 3266 2875 soporis
3311 2806 3433 2860 cibo
3459 2807 3570 2860 mi-

1973 2905 2121 2961 nime
2144 2902 2514 2959 fraudaremus
2532 2943 2546 2967 ,
2583 2913 2649 2954 ne
2679 2899 2938 2968 languens
2967 2906 3186 2964 torpore
3212 2898 3455 2966 corporis
3484 2899 3568 2952 sui

1974 3001 2136 3057 etiam
2176 3013 2330 3054 mens
2356 2996 2596 3068 vigorem
2627 3004 2826 3048 sancta:
2858 2990 3176 3047 intentionis
3195 2991 3486 3045 amitteret.

1341 3105 1597 3161 ALABDI
1635 3105 1871 3163 GAZA‘SI
1905 3103 2472 3164 COMMENTARIUS.

409 3200 500 3256 Sic
551 3197 816 3268 Serapion
871 3212 1086 3268 quoque
1142 3199 1435 3255 collatione
1474 3200 1659 3269 quinta
1684 3242 1698 3265 ,
1747 3215 1873 3255 cum
1903 3199 1951 3267 C
1985 3200 2106 3256 Nisi
2129 3199 2388 3254 Dominus
2410 3199 2620 3250 domum
2641 3194 2811 3269 carnis
2835 3191 3100 3269 deiecerit,
3129 3190 3573 3269 domumque‘ani-

277 3271 505 3326 dixisset
522 3271 878 3326 tentationum
899 3279 954 3324 et
970 3269 1434 3340 impugnationum
1457 3271 1871 3328 exstinctionem

276 3359 305 3396 a
333 3341 452 3396 Deo
475 3341 784 3412 specialiter
807 3349 862 3395 et
880 3340 1078 3412 iugiter
1105 3341 1451 3406 poscendam,
1479 3341 1697 3410 subjicit
1722 3361 1734 3394 :
1757 3341 1870 3396 Im-

275 3413 520 3485 possibile
557 3428 780 3482 namque
808 3411 972 3485 estde
1019 3411 1244 3485 qualibet
1282 3413 1520 3485 passione
1554 3414 1872 3485 triumphum

275 3482 576 3554 quempiam
614 3482 917 3554 promereri,
950 3484 1253 3554 priusquam
1280 3482 1591 3537 intellexerit
1613 3483 1875 3538 industria

274 3557 353 3626 uel
383 3553 560 3607 labore
599 3554 798 3626 proprii
823 3553 1114 3626 certaminis
1142 3563 1296 3626 semet
1317 3553 1545 3626 obtinere
1573 3571 1674 3608 non
1704 3572 1872 3626 posse.

276 3622 553 3679 Climacus
596 3625 781 3680 itidem
827 3623 920 3678 ubi
949 3639 1108 3694 supra
1146 3639 1161 3680 :
1225 3625 1326 3692 Qui
1351 3641 1447 3679 sua
1476 3622 1735 3680 industria
1758 3642 1874 3680 car-

275 3711 393 3750 nem
421 3712 570 3749 suam
597 3695 798 3750 vincere
823 3696 901 3749 uel
917 3693 1177 3750 debellare
1209 3696 1340 3762 vult,
1388 3697 1443 3750 in
1481 3712 1672 3750 vanum
1694 3698 1873 3752 currit.

1981 3288 2078 3325 mae
2097 3271 2449 3339 mdiﬁcarerit,
2477 3271 2670 3339 frustra
2697 3266 2959 3339 quispiam.
3000 3261 3150 3315 illam
3199 3262 3481 3339 jejunapdo
3509 3279 3573 3339 ac

1981 3333 2242 3412 vigilando
2270 3333 2528 3412 destruere
2556 3333 2735 3412 nititur
2766 3351 2783 3386 :
2811 3333 2954 3400 Oﬁ'er
2995 3343 3112 3386 ante
3154 3333 3336 3412 oculos
3371 3333 3574 3412 Domini

1980 3403 2154 3468 ctirnis
2178 3411 2462 3465 naturalem
2497 3406 2872 3474 infirmitatem,
2906 3412 2956 3458 et
2974 3413 3116 3456 tuam
3145 3403 3443 3457 humiliatus
3476 3406 3574 3457 im-

1982 3483 2308 3538 becillitatem
2333 3493 2637 3552 agnoscens,
2667 3491 2878 3545 prorsus
2891 3475 3138 3545 suscipies
3157 3474 3210 3526 in
3237 3475 3434 3528 intimis
3461 3491 3574 3528 cas-

1981 3557 2146 3609 titatis
2175 3555 2388 3607 donum.

2053 3625 2080 3664 ι’
2117 3626 2189 3679 Ita
2221 3625 2381 3680 etiam
2413 3619 2537 3674 alibi
2569 3616 2782 3687 (Collat.
2825 3617 2913 3680 I0,
2941 3614 3068 3686 Cap.
3093 3616 3151 3687 AI)
3181 3615 3354 3670 dixit:
3404 3613 3548 3686 Magi

1980 3698 2264 3751 strantibus
2291 3692 2559 3762 a/fectibus
2580 3685 2657 3743 uel
2682 3687 2945 3755 effectibus
2974 3685 3182 3742 eruditi.

807 3921 1319 4074 COLLA
1339 3925 1616 4035 T10
1694 3921 2326 4030 DECIMA
2411 3908 3060 4028 TERTIA.

1294 4087 1450 4164 Quas
1483 4093 1580 4152 est
1615 4089 1802 4151 tertia
1837 4088 2088 4151 abbatis
2112 4081 2570 4152 Chteremonis,

1580 4209 1666 4262 DE
1688 4207 2132 4262 PROTECTIONE
2155 4205 2280 4257 DEI.

807 4455 1036 4514 CAPUT
1060 4452 1343 4510 PRIMUM.

359 4555 496 4613 Cum
529 4564 555 4593 ⁸
586 4553 654 4608 ad
687 4551 928 4623 synaxim
971 4548 1285 4604 matutinam
1313 4552 1568 4616 percepto
1606 4540 1881 4612 paululum

279 4664 490 4719 sopore
531 4655 861 4710 remeantes,
892 4658 1076 4700 senem
1126 4639 1511 4712 reperiremus,
1561 4635 1765 4706 ingenti
1792 4633 1887 4689 ab-

1988 4447 2087 4502 bas
2117 4445 2422 4502 Germanus
2465 4446 2721 4517 scrupulo
2768 4447 3120 4517 movebatur,
3163 4449 3305 4520 quod
3343 4449 3397 4505 in
3441 4466 3579 4522 prte-

1992 4538 2146 4593 terita
2171 4537 2556 4608 disputatione,
2604 4538 2758 4608 cujus
2814 4540 2984 4596 virtus
3035 4556 3303 4596 summum
3355 4543 3576 4600 deside-

1993 4633 2132 4686 rium
2162 4630 2450 4702 iucognita:
2472 4630 2625 4712 nobis
2655 4631 2919 4687 castitatis
2952 4633 3240 4703 infuderat,
3258 4633 3286 4673 ι)
3306 4637 3465 4693 unius
3485 4637 3582 4693 ad-

1363 4775 1616 4834 ALARDI
1655 4769 1887 4830 GAZJEI
1923 4765 2471 4826 COMMENTARIUS

363 4893 392 4922 ι
415 4881 473 4935 ω
501 4890 606 4944 esi,
655 4877 720 4932 ad
771 4885 1094 4932 conventum
1137 4873 1510 4944 matutinum,_
1546 4869 1600 4923 in
1650 4881 1755 4944 quo
1777 4863 1886 4918 ofti-
1912 4865 1967 4926 D
2001 4932 2015 4944 ‘
2042 4859 2091 4944 ,δ
2122 4861 2292 4927 Quam
2319 4859 2569 4944 superius
2605 4858 2822 4944 (Collat.
2846 4858 2947 4944 12).
2966 4858 3290 4944 “aliis‘atqpc
3309 4861 3430 4944 aliis
3451 4879 3578 4944 ver-

281 4956 439 5010 cium
466 4938 706 5007 divinum
737 4951 910 5022 primo
936 4944 1319 5022 persolvebant
1345 4961 1365 5022 :_
1407 4941 1550 5022 unde
1579 4938 1886 5022 pretionum

281 5035 335 5080 et
371 5024 708 5093 psalmorum
740 5011 1138 5093 solemnitatem
1169 5015 1406 5093 voca_t_in
1442 5013 1548 5093 line
1579 5011 1740 5093 hujus
1765 5022 1883 5077 cap.

281 5085 590 5152 Deimlede
627 5091 796 5146 rebus
863 5089 1068 5161 divinis
1120 5096 1176 5142 et
1223 5085 1592 5161 spiritualibus
1641 5085 1781 5161 inter
1826 5093 1891 5161 se

281 5165 603 5221 tractabant
642 5171 699 5217 et
745 5159 1098 5216 conferebant
1131 5176 1143 5211 :
1193 5152 1338 5212 unde
1362 5155 1681 5233 collationes
1706 5152 1890 5233 _tli_ctzn

281 5235 611 5308 huiusmodi
639 5246 968 5308 congressus
986 5241 1058 5308 _et
1101 5238 1422 5308 conventus,
1450 5236 1512 5308 ut_
1528 5226 1661 5307 alias
1687 5223 1888 5308 dictum

280 5296 392 5364 est'.
429 5307 490 5362 Id
513 5314 662 5375 patet
688 5296 799 5358 tum
849 5317 914 5375 ex
947 5302 1030 5356 liis
1056 5299 1433 5375 collationibus
1462 5296 1737 5366 plerisque
1771 5307 1890 5358 quae

282 5371 968 5444 matutinotempore,hoc
988 5381 1095 5434 est,
1127 5381 1248 5448 μένει
1284 5371 1524 5448 quietem
1571 5377 1887 5448 nocturnam

283 5449 502 5505 habita:
529 5439 882 5510 referuntur;
913 5455 1022 5498 tum
1051 5439 1351 5518 c_x_:Regula
1378 5439 1775 5518 _S..Pachomii,.
1794 5449 1888 5489 cu-

280 5523 375 5593 jus
401 5517 1050 5593 articulusseptimusex
1081 5511 1388 5593 Iliero’nymi
1407 5511 1891 5593 nititerpretatione

281 5577 371 5649 'sic
395 5591 567 5646 habet
598 5609 612 5644 :
640 5577 794 5643 Mane
815 5603 904 5656 per
932 5585 1166 5656 singulas
1195 5577 1373 5637 domos
1395 5583 1553 5656 [initis
1578 5577 1892 5656 orationibus

278 5682 400 5720 non
426 5664 604 5716 statim
626 5661 692 5714 ad
722 5650 840 5712 suas
862 5650 1382 5717 cellas'revertentur,
1411 5653 1502 5708 sed
1523 5652 1782 5721 conferent
1809 5650 1894 5703 in-

281 5746 367 5791 ter
389 5751 452 5789 se
477 5727 1208 5804 quaprtepositos_audieriut
1242 5727 1580 5796 disputantes,
1611 5733 1657 5777 et
1677 5732 1796 5804 tunc
1952 5776 1965 5792 ,

280 5791 516 5863 ιταὺωίι
537 5791 724 5858 cubilid
750 5817 865 5854 sua.
901 5799 1205 5869 Disputatio
1222 5791 1441 5869 autema
1480 5793 1770 5869 praepositis
1797 5791 1894 5849 do-

285 5891 519 5940 morum
535 5892 629 5947 per
658 5873 890 5946 singulas
919 5866 1268 5932 hebdomadas
1294 5867 1444 5926 tertio
1465 5866 1576 5937 ﬁet,
1610 5875 1716 5925 etc.

2000 4932 2084 4988 bis
2115 4947 2220 4986 non
2253 4931 2420 4986 semel
2449 4930 2737 4999 expressit.
2767 4930 2899 4997 Cap.
2926 4931 2995 4986 15
3029 4948 3040 4984 :
3076 4931 3136 4986 Si
3158 4932 3289 4984 enim
3320 4935 3418 4986 vim
3444 4937 3583 4991 illius

1995 5003 2230 5058 versiculi
2274 5002 2619 5072 unusquisque
2645 5002 2698 5056 in
2726 5003 2938 5056 veritate
2969 5001 3298 5070 conceperit:
3324 5003 3443 5058 Nisi
3474 5006 3582 5062 Do-

1996 5076 2166 5129 minus
2194 5073 2525 5146 aediﬁcaverit
2549 5073 2782 5146 domum,
2808 5073 2862 5128 in
2891 5089 3080 5146 vanum
3101 5073 3467 5129 laboraverunt
3485 5082 3576 5146 qui

1996 5146 2256 5215 wdiﬁcant
2283 5161 2410 5218 eam
2429 5143 2601 5218 (Psal.
2629 5144 2822 5218 cxxv);
2853 5144 3110 5218 _sequitur
3139 5151 3192 5196 ut
3229 5160 3322 5198 nec
3349 5147 3412 5200 de
3439 5143 3585 5218 puri—

1997 5218 2119 5271 tatis
2147 5232 2255 5270 sua:
2287 5216 2482 5270 meritis
2509 5216 2818 5278 extollatur;
2845 5215 3132 5284 intelligens
3161 5231 3272 5268 eam
3301 5233 3355 5269 se
3373 5215 3476 5272 non
3495 5237 3587 5273 sua

1997 5289 2288 5360 diligentia,
2343 5289 2430 5342 sed
2479 5286 3067 5360 Dominimisericordia
3096 5297 3441 5360 consecutum,
3479 5299 3586 5344 etc.

1999 5361 2063 5415 Et
2095 5355 2216 5428 cap.
2252 5358 2497 5428 sequenti
2535 5371 2553 5411 :
2594 5355 2883 5430 Unicuique
2937 5365 3167 5430 nostrum
3193 5357 3432 5430 adversus
3478 5363 3585 5430 spi-

1995 5427 2688 5502 ritum’fornicationistotis
2717 5428 2908 5480 viribus
2937 5427 3210 5502 desudanti
3245 5428 3460 5482 victoria
3480 5427 3584 5484 sin-

1996 5499 2200 5573 gularis
2216 5509 2289 5554 est
2331 5499 2407 5573 de
2434 5499 2612 5573 me_rito
2661 5508 2882 5573 conatus
2905 5499 2986 5551 sui
3015 5499 3291 5552 remedium
3339 5515 3441 5553 non
3471 5517 3587 5572 spe-

1997 5568 2134 5628 rare.
2169 5572 2235 5625 Et
2266 5569 2406 5626 infra
2435 5586 2448 5624 :
2481 5568 2815 5640 Experientia
2848 5568 3062 5640 docente
3100 5578 3411 5638 cognoscunt
3434 5568 3590 5627 se'vi.

1997 5645 2138 5698 ribus
2163 5651 2318 5709 atque
2340 5639 2598 5696 industria
2626 5655 2721 5693 sua
2753 5639 2994 5709 puritatis
3023 5639 3211 5693 bonum
3239 5642 3460 5696 obtinere
3487 5660 3586 5698 non

1998 5732 2182 5789 posse._
2204 5710 2372 5789 Hujus
2403 5713 2907 5789 porro_senten_tiae_
2934 5710 3171 5789 adiectio
3203 5710 3255 5789 i_n
3307 5715 3590 5789 superiore

2000 5781 2298 5843 collatione
2348 5781 2520 5855 facta,
2573 5782 2700 5855 huic
2729 5781 3019 5855 collationi
3039 5781 3392 5855 occasionem
3417 5784 3587 5855 dedit,

1999 5873 2163 5934 quam
2190 5855 2261 5918 de
2290 5852 2632 5934 protectione
2653 5853 2748 5914 Dei
2770 5853 2973 5928 placuit
2997 5854 3217 5916 Auctori
3244 5852 3588 5936 iuscriberqi

2069 6040 2131 6056 ’σ-δπ
2148 6047 2193 6065 »η
