4078 6332
461 369 566 434 903

1520 358 1799 424 JOANNIS
1836 354 2158 422 CASSIANI
2198 351 2693 420 COLLATIONES.

3645 355 3753 416 9M

463 491 552 546 dat
577 505 748 545 semen
777 485 1068 551 seminanti,
1087 499 1134 540 ει
1165 497 1350 554 panem
1379 495 1447 535 aa
1472 479 1884 535 ntunducandum
1915 493 2051 550 prai-
2078 485 2134 545 Α
2157 488 2421 530 summam
2441 471 2778 528 castimonia:
2817 469 3130 540 puritatem,
3159 469 3367 541 proprii
3405 460 3614 528 laboris
3666 460 3757 516 in-

463 585 638 653 stabit,
672 591 717 637 et
742 577 1106 653 multiplicabit
1147 593 1318 632 semen
1346 582 1592 638 vestrum,
1624 582 1672 628 et
1694 587 1918 628 crescere
1962 571 2046 641 fa-

465 681 564 734 ciet
585 679 786 750 fructus
826 675 1038 740 iustitiae
1055 668 1321 741 vestrte(ll
1346 667 1470 725 Cor.
1497 668 1594 739 Ix).
1623 666 1874 722 Nostrum
1918 679 2050 722 vero

465 781 568 838 est,
593 779 654 826 ut
679 765 920 839 quotidie
959 764 1321 820 attrahentem
1365 775 1466 817 nos
1491 759 1715 832 gratiam
1750 759 1844 814 Dei
1871 757 2053 813 humi-

467 865 592 920 liter
618 861 1031 931 subsequamur,
1061 858 1150 914 vel
1193 865 1343 914 certe
1372 855 1506 910 dura
1537 853 1746 910 cervice
1785 863 1838 909 et
1883 850 2050 907 incir-

465 955 741 1023 cumcisis,
772 962 830 1008 ut
859 951 1122 1022 scriptum
1145 959 1228 1006 est
1251 949 1448 1020 (Actor.
1473 946 1593 1018 vn),
1625 945 1846 1000 auribus
1875 942 2050 999 eidem

467 1047 807 1111 resistentes,
842 1061 938 1114 per
985 1042 1278 1099 Jeremiam
1308 1054 1610 1096 mereamur
1636 1037 1846 1104 audire,
1881 1034 2054 1088 Num-

466 1139 592 1211 quid
617 1139 705 1209 qui
725 1137 866 1192 cadit
889 1153 991 1190 non
1012 1142 1266 1204 resurget,
1293 1142 1382 1186 aut
1404 1131 1491 1201 qui
1517 1145 1724 1184 aversus
1751 1137 1824 1182 est
1845 1143 1946 1181 non
1971 1142 2053 1180 re-

465 1241 689 1288 vertetur
710 1229 922 1303 (Jerem.
954 1228 1121 1297 vni)?
1149 1226 1327 1294 Quare
1355 1237 1484 1293 ergo
1514 1236 1738 1277 aversus
1774 1230 1856 1276 est
1882 1234 2054 1291 popu-

466 1326 551 1381 lus
575 1325 676 1380 iste
703 1324 756 1378 in
787 1321 1089 1378 Jerusalem
1121 1319 1405 1374 aversione
1451 1313 1835 1371 contentiosa?
1891 1311 2051 1368 ludu-

467 1425 722 1474 raverunt
745 1415 984 1472 cervices
1008 1427 1160 1478 suas,
1191 1411 1482 1466 noluerunt
1508 1407 1730 1464 reverti.

1075 1521 1301 1579 CAPUT
1359 1519 1449 1576 ιν.

507 1621 766 1695 Objectio,
791 1617 1226 1695 quemadmodum
1249 1613 1682 1695 gentiles__absque
1706 1621 1876 1683 gratia
1900 1610 2018 1674 Dei,

805 1685 1164 1744 castimoniam
1185 1685 1425 1741 habuisse
1445 1685 1705 1738 dicantur.

549 1785 852 1842 Germanus
882 1800 894 1836 :
927 1781 1062 1836 lluic
1100 1779 1306 1841 sensui,
1338 1778 1492 1846 cujus
1536 1777 1708 1846 pietas
1761 1775 1988 1844 abrupte
2025 1786 2057 1826 a

2151 567 2352 624 dustria
2379 564 2686 637 possedisse
2721 561 3006 620 dicantur?

2789 695 3018 754 CAPUT
3060 696 3122 752 V.

2223 816 2510 889 Responsio
2534 818 2599 870 de
2621 815 3047 888 philosophorum
3074 813 3390 886 imaginaria
3417 812 3674 869 castitate.

2224 953 2541 1009 Chaeremon
2569 971 2582 1006 :
2607 952 2833 1008 Gratum
2863 951 2991 1006 mihi
3021 961 3126 1019 est,
3184 952 3328 1023 quod
3366 952 3494 1008 dum
3531 967 3753 1009 summo

2153 1045 2511 1116 agnoscenda
2557 1043 2800 1100 veritatis
2853 1058 3041 1099 amore
3071 1043 3446 1111 llammamini,
3495 1043 3750 1114 quaedam

2155 1137 2318 1191 etiam
2356 1136 2534 1205 inepta
2563 1135 2891 1206 proponitis,
2921 1151 3152 1204 quorum
3199 1135 3506 1204 obiectione
3551 1135 3755 1202 proba-

2155 1228 2283 1296 tior,
2313 1236 2473 1298 atque
2530 1227 2634 1300 (ut
2686 1228 2759 1283 ita
2789 1225 3061 1298 dixerim)
3106 1227 3439 1297 exploratior
3462 1227 3754 1284 catholicae

2156 1320 2280 1375 fidei
2312 1321 2485 1375 virtus
2519 1328 2800 1390 appareat.
2826 1319 2964 1387 Quis
3005 1321 3205 1374 etenim
3236 1319 3454 1390 sapiens
3482 1331 3588 1374 tam
3622 1335 3757 1376 con-

2156 1413 2338 1467 trariis
2369 1410 2834 1482 propositionibus
2865 1420 3132 1477 uteretur,
3167 1422 3224 1466 ut
3265 1412 3544 1467 caelestem
3587 1413 3758 1467 casti-

2165 1505 2370 1560 moniae
2396 1505 2708 1574 puritatem,
2759 1517 2922 1574 quam
2961 1502 3213 1558 hesterna
3256 1501 3345 1558 die
3388 1518 3490 1559 nec
3532 1517 3629 1573 per
3663 1504 3756 1558 Dei

2158 1599 2386 1669 gratiam
2428 1597 2737 1652 mortalium
2767 1597 3022 1667 cuiquam
3069 1596 3398 1652 asserebatis
3430 1610 3587 1665 posse
3620 1611 3756 1650 con-

2159 1689 2313 1757 ferri,
2360 1704 2503 1744 nunc
2554 1687 2798 1743 eamdem
2830 1687 2992 1744 etiam
3049 1702 3078 1741 a
3125 1687 3413 1758 gentilibus
3456 1687 3757 1743 crederetis

2159 1785 2361 1838 virtute
2415 1781 2633 1852 propria
2687 1781 2858 1836 fuisse
2897 1782 3243 1851 possessam?
3293 1780 3401 1836 Sed
3453 1782 3577 1852 quia
3638 1782 3758 1836 haec

471 1877 628 1932 nobis
656 1892 766 1932 non
803 1883 979 1945 potest
1007 1871 1328 1942 improbari,
1361 1870 1493 1925 illud
1525 1869 1741 1924 videtur
1767 1869 2054 1934 obsistere,

2170 1874 2508 1946 explorandae
2540 1873 2897 1944 proculdubio
2927 1873 3012 1943 (ut
3039 1873 3241 1928 dictum
3269 1871 3375 1944 est)
3403 1872 3584 1927 studio
3612 1872 3756 1927 veri-

473 1978 499 2006 ιι
526 1969 666 2039 quod
695 1967 760 2021 ad
783 1965 1210 2022 destructionem
1239 1961 1398 2017 liberi
1427 1960 1634 2014 arbitrii
1675 1957 1865 2014 tendit.
1923 1957 2058 2012 Nam

476 2077 601 2116 cum
652 2059 848 2114 multos
895 2056 1196 2128 gentilium,
1253 2054 1342 2124 qui
1393 2054 1578 2123 utique
1608 2052 1775 2107 divini
1804 2050 2059 2121 adjutorii

473 2153 701 2224 gratiam
733 2166 839 2206 non
869 2158 1168 2213 merentur,
1205 2162 1313 2201 non
1339 2146 1516 2200 solum
1547 2143 1871 2214 frugalitatis
1899 2153 2062 2211 atque

473 2245 770 2315 patientiae,
799 2241 918 2308 sed,
953 2240 1095 2311 quod
1126 2239 1296 2309 magis
1337 2237 1531 2292 mirum
1558 2245 1661 2302 est,
1692 2236 1861 2290 etiam
1902 2234 2063 2290 casti-

471 2338 601 2393 tatis
625 2335 907 2391 videamus
930 2333 1138 2404 fulgere
1165 2330 1474 2395 virtutibus,
1500 2326 1773 2399 quomodo
1795 2327 2063 2396 captivato

473 2433 662 2488 liberte
690 2429 986 2484 voluntatis
1031 2424 1278 2491 arbitrio,
1311 2423 1407 2479 Dei
1437 2437 1663 2478 munere
1711 2421 1923 2476 collatae
1951 2419 2062 2475 illis

473 2523 762 2580 credendus
793 2530 919 2575 sunt
944 2564 959 2588 ,
992 2534 1113 2574 cum
1142 2517 1327 2587 utique
1357 2513 1647 2570 mundanae
1676 2513 1955 2582 sapientiae
1977 2527 2063 2568 se-

472 2627 734 2681 ctatores,
763 2629 872 2671 non
899 2614 1074 2669 solum
1120 2611 1212 2666 Dei
1259 2609 1508 2680 gratiam,
1541 2607 1638 2663 sed
1687 2607 1863 2677 ipsum
1897 2607 2061 2663 etiam

473 2727 662 2767 verum
693 2709 861 2765 Deum
887 2707 1100 2778 penitus
1127 2704 1458 2771 ignorantes,
1489 2710 1746 2771 quantum
1796 2700 1881 2755 vel
1921 2701 2064 2756 serie

474 2803 745 2871 lectionis,
798 2800 885 2856 vel
933 2796 1289 2869 quorumdam
1345 2793 1635 2850 traditione
1687 2797 2059 2864 cognovimus,

2166 1967 2293 2022 tatis
2320 1966 2615 2036 opponitis,
2647 1964 2776 2034 quid
2795 1963 2864 2020 de
2885 1964 2971 2021 bis
2988 1973 3287 2031 teneamus,
3322 1964 3608 2021 advertite.
3640 1963 3753 2019 Pri-

2164 2076 2311 2116 mum
2339 2059 2366 2099 ι»
2396 2059 2754 2130 philosophos
2775 2074 3112 2130 nequaquam
3135 2058 3466 2114 credendum
3484 2068 3567 2113 est
3594 2058 3759 2111 talem

2165 2153 2330 2207 animi
2353 2153 2680 2217 castitatem,
2713 2152 2894 2223 qualis
2916 2166 2943 2204 a
2973 2150 3130 2206 nobis
3160 2151 3416 2220 exigitur,
3441 2159 3756 2205 assecutus:

2165 2245 2362 2315 quibus
2393 2243 2714 2314 iniungitur,
2743 2253 2805 2300 ut
2851 2259 2958 2299 non
2989 2246 3165 2300 solum
3215 2243 3515 2307 fornicatio,
3569 2244 3663 2297 sed
3691 2257 3762 2298 ne

2165 2335 2512 2391 immunditia
2552 2336 2772 2407 quidem
2797 2337 3106 2392 nominetur
3136 2335 3188 2390 in
3217 2335 3394 2390 nobis.
3442 2334 3762 2390 Habuerunt

2167 2439 2348 2486 autem
2381 2430 2458 2485 illi
2487 2431 2776 2500 quamdam
2811 2441 2833 2468 ε
2867 2428 3073 2506 μερίδα,
3107 2429 3159 2484 id
3210 2437 3324 2497 est,
3359 2426 3759 2496 portiunculam

2171 2522 2454 2588 castitatis,
2490 2521 2542 2576 id
2571 2531 2675 2588 est,
2707 2521 3092 2576 abstinentiam
3145 2521 3346 2586 carnis,
3390 2529 3451 2575 ut
3488 2527 3693 2574 tantum
3726 2533 3760 2573 a

2167 2613 2314 2669 coitu
2341 2614 2620 2670 libidinem
2649 2623 3009 2670 coercerent:
3061 2614 3199 2669 hanc
3250 2621 3436 2668 autem
3484 2613 3760 2668 internam

2170 2707 2391 2772 mentis,
2418 2707 2712 2777 perfectam
2743 2722 2806 2762 ac
2835 2716 3146 2778 perpetuam
3166 2706 3414 2776 corporis
3438 2707 3759 2776 puritatem,

2166 2814 2274 2853 non
2303 2798 2476 2854 dicam
2526 2813 2692 2870 Opere
2723 2799 2942 2871 assequi
2967 2816 2982 2865 ;
3013 2798 3110 2854 sed
3141 2813 3242 2855 nec
3271 2797 3510 2870 cogitare
3555 2813 3758 2870 pome-

1548 2931 1821 2988 .ALARDI
1857 2931 2094 2988 GAZAEI
2133 2935 2699 2994 COMMENTARIUS.

549 3047 577 3075 ι
610 3034 776 3090 Vetus
805 3029 1074 3087 cantilena
1123 3041 1218 3081 seu
1249 3025 1582 3095 querimonia
1625 3024 2057 3096 Pelagianorum,

477 3117 540 3166 ut
564 3108 698 3162 alias
727 3105 927 3159 dictum
949 3110 1054 3162 est,
1084 3097 1252 3168 posita
1285 3097 1470 3168 gratim
1490 3096 1842 3168 necessitate,
1889 3099 2059 3151 everti

478 3165 540 3235 ac
565 3177 768 3233 destrui
796 3174 1025 3228 liberum
1055 3165 1618 3223 hominis’arbitrium.
1660 3166 1865 3232 Quibus
1904 3183 1936 3222 e
1981 3168 2064 3222 di-

476 3265 636 3305 verso
680 3243 1023 3314 respondent,
1056 3241 1251 3314 Patres
1290 3253 1389 3314 per
1418 3238 1643 3314 gratiam
1698 3252 1804 3314 non
1836 3237 2060 3314 destrui,

480 3321 576 3377 sed
606 3308 788 3387 potius
806 3315 986 3387 perlici
1016 3311 1249 3366 liberum
1277 3309 1561 3387 arbitrium
1593 3325 1616 3387 :_
1659 3308 1785 3387 quia
1810 3308 1952 3379 quod
1991 3324 2062 3387 ex

479 3408 538 3447 se
559 3379 748 3446 etsuis
778 3379 980 3440 viribus
1028 3397 1134 3437 non
1180 3391 1374 3452 potest,
1401 3379 1619 3452 periDei
1654 3379 1879 3452 gratiam
1922 3381 2064 3435 acci-

485 3438 900 3532 piunt—possit.
921 3457 995 3511 lta
1031 3454 1097 3532 D;
1121 3438 1749 3532 ﬂi'eroiiymus_in_epist.
1791 3451 1857 3532 ad
1884 3452 2062 3532 Gtesi-
2089 3438 2136 3500 C

483 3521 742 3604 phontem
772 3529 1030 3604 adversus
1062 3522 1500 3604 Pelagianam-ad
1547 3521 1674 3604 illud
1721 3523 2066 3604 axioma‘Pe-

485 3592 608 3672 lagii
635 3619 649 3657 :
684 3601 744 3657 Si
768 3599 981 3672 alterius
1012 3611 1106 3663 0pc
1134 3593 1376 3672 indigeo,
1409 3592 1820 3672 libertasnin‘me
1843 3593 2066 3646 destrui-

482 3662 566 3729 ιιιῖ
595 3671 829 3738 arbitrii;
858 3662 1136 3736 eleganter
1165 3665 1234 3717 ita
1255 3662 1584 3738 respondet:
1617 3662 1762 3716 Velle
1785 3673 1832 3730 et
1859 3679 2065 3738 currere

483 3762 653 3799 meum
679 3752 773 3806 est,
811 3732 899 3796 sed
929 3732 1098 3805 ipsum
1127 3750 1294 3788 meum
1323 3735 1432 3788 sine
1458 3732 1559 3806 Dei
1605 3750 1808 3806 semper
1841 3733 2064 3806 auxilio,

483 3833 585 3869 non
615 3815 708 3868 erit
739 3803 926 3865 meum.
952 3803 1025 3862 Et
1057 3806 1339 3874 Augustin.
1386 3805 1542 3868 epist.
1577 3805 1674 3859 89:
1709 3803 1965 3860 Voluntas
1995 3805 2064 3858 li-

485 3887 602 3941 bera
633 3893 773 3938 tanto
801 3879 1006 3934 liberior
1035 3885 1226 3948 quanto
1254 3876 1428 3928 sanior
1440 3890 1469 3948 :_
1489 3885 1630 3928 tanto
1672 3886 1844 3948 autem
1876 3876 2067 3948 sanior

483 3954 897 4028 quanlo_divina:
927 3945 1295 4028 misericordiw
1341 3946 1963 4028 gratiaquehsubjec'tior.
2001 3945 2069 4001 Et

487 4016 623 4080 infra
647 4023 923 4079 :Liberum
954 4019 1228 4089 arbitrium
1247 4032 1349 4068 non
1378 4016 1735 4089 ideogtollitur.
1757 4016 1885 4088 'quia
1911 4020 2068 4089 ju_va-

487 4107 610 4150 tur:
637 4097 723 4150 sed
737 4095 850 4148 ideo
875 4094 1112 4163 juvatur,
1145 4088 1264 4156 quia
1284 4103 1386 4140 non
1401 4085 1634 4163 tollitur.
1671 4085 1934 4163 Quilenin't
1959 4087 2067 4163 Deo

489 4168 611 4220 dicit
637 4185 650 4219 :
677 4157 901 4236 Adjutor
929 4177 1071 4236 meus
1099 4169 1258 4236 esto,_
1287 4157 1584 4236 «ξοηιῑιειατς⁸
1602 4174 1655 4210 se
1698 4158 1826 4236 velle
1855 4160 2070 4224 implere

484 4239 623 4308 quod
635 4228 797 4310 jussit
819 4251 838 4310 ς
877 4233 964 4289 sed
996 4230 1058 4310 a_b
1090 4245 1146 4283 eo
1163 4230 1258 4310 qui
1291 4228 1827 4310 jt’t‘ssitladjutorium‘
1865 4244 2070 4310 poscere

487 4297 542 4380 ut
570 4297 750 4380 possit.
783 4297 931 4380 Idem
955 4301 1114 4380 epist.
1157 4297 1259 4380 1οξ
1277 4297 1305 4351 ι’
1327 4297 1478 4380 Quod
1509 4297 1709 4380 putant_
1731 4301 1925 4370 auferri
1973 4299 2070 4380 sibi

487 4370 702 4432 liberum
751 4370 1041 4438 arbitrium,
1069 4374 1114 4424 si
1136 4387 1226 4424 nec
1244 4370 1606 4435 ipsambonam
1626 4371 1942 4425 voluntatem
1956 4371 2070 4425 sine

487 4450 748 4521 adjutorio
776 4447 869 4500 Dei
900 4445 1150 4521 hominem
1179 4441 1362 4495 habere
1388 4442 1756 4521 consenserint,
1786 4441 2072 4521 nomintel-

489 4510 653 4591 lig'unt
683 4535 784 4572 non
814 4533 868 4591 se
898 4516 1105 4591 ﬁrmare
1128 4512 1411 4591 humanum
1439 4512 1730 4591 arbitrium,
1759 4514 1847 4567 sed
1887 4510 2072 4591 impel-

489 4583 614 4656 levre,
639 4600 694 4644 ut
715 4606 804 4657 per
823 4583 1001 4657 inania
1025 4589 1238 4657 feratu_r,
1269 4599 1369 4636 non
1393 4583 1445 4635 in
1475 4585 1698 4657 Domino
1723 4593 1989 4657 tamquam
2017 4585 2072 4657 in

489 4652 632 4729 petra
658 4652 831 4729 stabili
855 4652 1153 4729 collocetur.
1176 4654 1562 4729 Prosper.cap.
1579 4654 1648 4708 58
1675 4652 1931 4729 adversus
1948 4652 2075 4708 Col-

488 4727 734 4786 latorem:
771 4727 892 4783 Non
918 4727 1184 4781 conturbat
1209 4743 1298 4779 nos
1328 4727 1729 4795 superbientium
1754 4727 1930 4793 inepta
1949 4741 2075 4795 que-

2163 3031 2332 3099 qualis
2353 3030 2581 3101 corporis
2603 3040 2753 3098 atque
2783 3030 3027 3102 vitiorum
3046 3040 3213 3102 potest
3231 3046 3339 3102 esse
3360 3046 3502 3084 mens
3524 3030 3762 3102 domina,

2163 3102 2269 3154 veri
2299 3102 2395 3154 Dei
2422 3102 2610 3165 nescia,
2633 3117 2734 3173 nec
2765 3104 2876 3172 ejus
2908 3101 3125 3171 imperio
3155 3101 3464 3173 subjugata,
3489 3102 3579 3173 sed
3615 3101 3769 3173 vitio-

2163 3173 2381 3227 sissimis
2397 3172 2715 3243 dwmonibus
2739 3169 3180 3238 cor-rumpentibus
3196 3169 3477 3243 prostituta
3489 3172 3514 3226 1'
3527 3169 3770 3226 Proinde

2165 3245 2372 3297 virtutes
2403 3259 2530 3312 quas
2556 3243 2650 3296 sibi
2683 3242 2865 3314 habere
2894 3243 3114 3314 videtur,
3139 3242 3230 3314 per
3250 3260 3378 3310 quas
3404 3243 3620 3308 imperat
3641 3258 3765 3314 cor-

2166 3317 2277 3386 pori
2309 3325 2354 3368 et
2384 3315 2544 3386 vitiis,
2570 3313 2637 3366 ad
2655 3313 2916 3386 quodlibet
2944 3313 3345 3386 adipiscendum
3364 3314 3440 3368 vel
3467 3313 3763 3386 tenendum,

2167 3383 2269 3439 nisi
2311 3387 2380 3439 ad
2409 3383 2575 3437 Deum
2619 3383 2894 3451 retulerit,
2921 3385 3074 3438 etiam
3116 3384 3233 3454 ipsa
3259 3385 3382 3438 vitia
3427 3392 3546 3438 sunt
3587 3384 3769 3454 potius

2167 3472 2321 3526 quam
2348 3458 2578 3510 virtutes.
2614 3454 2754 3508 Nam
2777 3456 2889 3510 licet
2916 3471 2947 3507 a
2973 3453 3277 3524 quibusdam
3306 3465 3427 3508 tunc
3445 3469 3576 3526 verte
3595 3463 3645 3506 et
3671 3453 3770 3509 ho-

2166 3525 2326 3583 neslte
2349 3536 2592 3592 putentur
2612 3541 2720 3580 esse
2739 3529 2971 3594 virtutes,
2993 3542 3108 3579 cum
3132 3526 3200 3579 ad
3223 3527 3416 3594 seipsas
3438 3525 3762 3595 referuntur,

2167 3614 2260 3652 nec
2288 3607 2497 3668 propter
2529 3597 2685 3668 aliud,
2708 3608 3041 3668 expetuntur,
3085 3598 3239 3651 etiam
3287 3606 3408 3650 tunc
3453 3597 3652 3668 inﬂata:
3701 3612 3768 3649 ac

2166 3667 2402 3738 superba:
2429 3678 2569 3736 sunt,
2596 3677 2645 3722 et
2671 3667 2792 3721 ideo
2820 3685 2923 3722 non
2945 3669 3174 3736 virtutes,
3205 3669 3294 3722 sed
3317 3668 3448 3738 pilio
3465 3667 3771 3738 judicanda

2167 3735 2308 3794 sunt.
2339 3739 2483 3794 ldem
2513 3735 2609 3795 lib.
2635 3753 2686 3808 Iv
2706 3739 2966 3794 adversus
2981 3735 3252 3793 lulianum
3277 3735 3428 3808 (Cap.
3453 3735 3567 3808 tu):
3592 3739 3768 3805 Absit,

2168 3810 2364 3880 inquit,
2388 3819 2441 3864 ut
2461 3810 2525 3863 sit
2554 3812 2610 3864 in
2633 3807 2807 3876 aliquo
2836 3826 2953 3863 vera
2971 3810 3152 3874 virtus,
3177 3811 3278 3863 nisi
3288 3807 3372 3863 sit
3387 3807 3585 3880 justus.
3617 3808 3770 3862 Absit

2168 3877 2339 3935 autem
2369 3889 2422 3934 ut
2444 3881 2509 3934 sit
2532 3881 2705 3949 justus
2733 3897 2867 3942 vere,
2891 3880 2991 3934 nisi
3011 3881 3144 3934 vivat
3180 3897 3244 3933 ea:
3269 3877 3397 3946 ﬁde.
3414 3877 3451 3932 Ι
3457 3888 3599 3933 ustus
3627 3881 3768 3949 enim

2169 3968 2232 4006 ex
2259 3951 2364 4021 ﬁde
2388 3951 2506 4005 vivit
2533 3947 2715 4022 (Rom.
2744 3950 2808 4022 ι).
2843 3950 2970 4016 Quis
3000 3965 3164 4022 por_ro
3195 3966 3374 4005 eorum
3397 3951 3486 4020 qui
3523 3966 3575 4003 se
3608 3947 3768 4022 Chri—

2169 4019 2363 4076 stianos
2393 4019 2563 4075 haberi
2590 4019 2793 4085 volunt,
2820 4022 2920 4074 nisi
2948 4022 3044 4073 soli
3074 4019 3367 4091 Pelagiani,
3386 4019 3589 4092 justum
3615 4020 3771 4075 diate-

2169 4095 2236 4174 rit
2266 4093 2548 4174 inﬁdelem,
2574 4091 3002 4174 justum‘ditreril
3047 4092 3294 4174 impium;
3320 4091 3532 4174 justum

2171 4159 2376 4234 diabolo
2422 4159 2804 4234 mancipatum?
2844 4163 2911 4234 sit
2957 4161 3072 4234 licet
3098 4159 3198 4234 ille
3232 4159 3523 4234 Fabricius,
3551 4161 3618 4214 sit
3641 4161 3770 4234 licet

2172 4233 2389 4298 Fabius,
2410 4237 2474 4289 sit
2502 4230 2614 4287 licet
2643 4231 2927 4300 Scipio,sil
2951 4233 3065 4304 licet
3087 4233 3453 4304 Regulus,etc.
3482 4231 3552 4287 Et
3574 4230 3720 4304 infra
3747 4249 3768 4292 :

2172 4307 2316 4360 Absit
2345 4313 2402 4358 ut
2450 4304 2659 4358 virtutes
2707 4319 2838 4358 uera:
2885 4303 3123 4367 cuiquam
3165 4303 3420 4369 serviant,
3464 4304 3563 4358 nisi
3599 4303 3680 4356 illi
3713 4314 3771 4358 et

2171 4388 2378 4448 propter
2408 4375 2555 4429 illum
2583 4375 2666 4448 cui
2687 4374 2943 4448 dicimus:
2963 4373 3102 4429 Deus
3125 4374 3388 4439 virtutum,
3410 4383 3770 4448 convertenos

2173 4443 2344 4513 '(Psal.
2379 4448 2580 4512 Lxxtx).
2617 4445 2853 4499 Proinde
2878 4445 3123 4509 virtutes,
3153 4461 3265 4514 qua:
3291 4445 3584 4498 carnalibus
3621 4443 3768 4498 dele-

2173 4517 2512 4580 ctationibus,
2540 4517 2618 4570 vel
2657 4515 2936 4586 quibusque
2982 4515 3262 4570 commodis
3309 4524 3358 4570 et
3401 4515 3767 4571 emolumentis

2176 4590 2538 4660 temporalibus
2569 4589 2812 4660 serviunt,
2847 4601 2980 4660 verae
3006 4603 3215 4660 prorsus
3238 4603 3344 4660 esse
3379 4602 3479 4639 non
3524 4595 3765 4656 possunt.

2178 4657 2304 4723 om
2325 4669 2493 4711 autem
2525 4657 2659 4712 nulli
2689 4659 2761 4712 rei
2776 4658 2961 4712 servire
2980 4657 3177 4721 volunt,
3201 4673 3288 4710 nec
3311 4659 3438 4726 ipsa:
3462 4671 3593 4710 verte
3615 4669 3768 4713 sunt.

2186 4729 2336 4783 Verte
2354 4729 2545 4798 quippe
2570 4730 2776 4782 virtutes
2800 4727 2908 4781 Deo
2933 4729 3155 4798 serviunt
3177 4729 3233 4780 in
3263 4729 3568 4791 hominibus,
3599 4743 3633 4780 a
3657 4743 3769 4796 quo

489 4804 732 4877 rimonia,
765 4818 863 4877 quo
907 4800 1120 4877 liberum
1148 4797 1415 4851 arbitrium
1453 4797 1996 4877 causentur-auferri;
2027 4797 2072 4850 si
2100 4816 2152 4877 D
2176 4797 2431 4877 donantur
2454 4799 2766 4877 hominibus.
2797 4798 2922 4877 Haec
2951 4797 3020 4854 de
3049 4798 3344 4877 virtutibus
3372 4799 3424 4852 in
3450 4797 3770 4877 universum

489 4885 536 4928 et
566 4874 844 4945 principia,
875 4880 922 4945 et
947 4871 1224 4945 profectus,
1259 4869 1711 4945 et‘perseverantia
1735 4871 1794 4945 in
1824 4868 1966 4945 bonis
1986 4885 2074 4945 us-

489 4938 586 5015 que
605 4946 659 4997 in
681 4945 856 5014 ﬁnem,
889 4942 976 4994 Dei
1005 4941 1144 5015 dona
1162 4956 1279 5015 esse
1299 4938 1569 5015 dicantur:
1591 4941 1830 5009 quoniam
1842 4938 2077 5015 Qpittila-

497 5009 895 5070 liones'diviua‘.
943 5011 1130 5082 gratia:
1184 5009 1551 5064 stabilimenta
1606 5021 1731 5066 sunt
1777 5009 2076 5065 voluntatis

494 5088 763 5141 humana}.

566 5157 591 5195 ι)
623 5157 774 5224 Quod
808 5154 872 5208 de
899 5154 1145 5224 castitate
1178 5152 1264 5206 hic
1293 5151 1520 5214 dicitur,
1570 5150 1625 5206 id
1673 5151 1976 5219 generatim
2007 5150 2078 5206 de

495 5223 784 5282 virtutibus
815 5223 1110 5278 moralibus
1137 5224 1332 5277 astruit
1375 5224 1436 5276 Ι).
1484 5224 1836 5291 Augustinus,
1878 5224 2078 5277 nullam

497 5301 545 5352 in
580 5297 936 5369 pllllttSOplllS,
968 5311 1031 5369 ac
1056 5295 1270 5369 caneris
1296 5293 1608 5369 gentilibus,
1631 5307 1728 5346 seu
1747 5295 2069 5369 inﬁdelibus,

495 5363 840 5440 quantumvis
873 5384 899 5419 a
930 5368 1130 5440 virtute
1176 5363 1487 5440 celebratis,
1518 5378 1720 5440 veram
1750 5363 1996 5440 absolute
2023 5371 2078 5418 et

495 5432 712 5510 proprie
731 5440 923 5493 dictam
951 5435 1118 5510 fuisse
1135 5435 1390 5510 virtutem
1407 5448 1427 5510 ;Δ
1444 5432 1540 5486 sed
1567 5442 1660 5486 aut
1680 5435 2078 5510 siniulatam,_et

494 5503 894 5575 adumbratam,
927 5517 1017 5561 aut
1047 5506 1347 5561 inchoatam
1397 5505 1694 5575 dumtaxat
1721 5514 1773 5558 et
1823 5503 2077 5575 imperfe-

493 5593 660 5636 ctam.
687 5581 780 5637 Sic
817 5573 956 5633 enim
989 5578 1064 5632 ait
1093 5579 1182 5630 lib.
1215 5591 1301 5630 xix
1331 5575 1398 5628 de
1426 5574 1657 5628 Civitate
1688 5574 1779 5627 Dei
1807 5589 1928 5641 cap.
1960 5573 2033 5628 25
2061 5591 2073 5626 :

500 5652 792 5718 Quamlibet
821 5650 1053 5704 videatur
1078 5649 1279 5700 animus
1308 5646 1543 5718 corpori,
1568 5655 1616 5700 et
1639 5645 1772 5698 ratio
1799 5645 1933 5718 vitiis
1960 5644 2079 5698 lau-

498 5715 734 5774 dabiliter
763 5724 1036 5788 imperare,
1060 5720 1102 5772 si
1131 5729 1293 5771 tamen
1328 5715 1433 5768 Deo
1461 5717 1680 5788 animus,
1715 5725 1759 5767 et
1781 5716 1916 5768 ratio
1941 5717 2070 5788 ipsa,

496 5809 597 5846 non
623 5794 795 5854 servit,
825 5785 954 5844 sicut
981 5790 1077 5842 sibi
1103 5789 1422 5859 serviendum
1451 5803 1557 5841 esse
1587 5785 1723 5842 Deus
1745 5788 1851 5856 ipse
1888 5785 2078 5859 prmce-

497 5865 592 5939 pit,
624 5861 769 5918 nullo
795 5862 946 5916 modo
992 5860 1196 5931 corpori
1241 5858 1472 5933 vitiisque
1499 5869 1632 5912 recte
1662 5856 1902 5929 imperat.
1938 5856 2081 5916 Nam

2179 4871 2243 4926 D.
2275 4871 2625 4939 Augustinus.
2659 4869 2827 4924 Porro
2875 4869 2941 4924 de
2989 4870 3317 4924 continentia
3364 4884 3458 4924 seu
3507 4871 3768 4924 castitate

2178 4941 2453 5011 speciatim
2499 4942 2641 4995 idem
2683 4941 2845 4996 docet
2869 4939 3058 4996 eodem
3109 4941 3250 5005 loco,
3304 4942 3443 4995 inter
3487 4939 3592 4994 alia
3622 4941 3772 5011 scri-

2180 5010 2310 5068 bens
2341 5029 2354 5064 :
2400 5011 2461 5066 Si
2495 5028 2666 5066 veram
2697 5013 2956 5082 justitiam
2979 5028 3084 5066 non
3109 5011 3296 5065 habent
3331 5011 3497 5082 impii,
3529 5010 3772 5082 profecto

2179 5101 2269 5138 nec
2294 5083 2426 5135 alias
2451 5083 2660 5156 virtutes
2688 5083 2896 5136 comites
2920 5085 3029 5156 ejus
3069 5091 3116 5156 et
3142 5084 3340 5156 socias;
3375 5083 3630 5156 quiacum
3657 5098 3773 5156 non

2179 5155 2248 5208 ad
2275 5169 2423 5208 suum
2456 5155 2744 5224 referuntur
2771 5152 3030 5208 auctorem
3059 5153 3197 5208 dona
3227 5152 3344 5219 Dei,
3374 5154 3469 5224 hoc
3499 5153 3613 5218 ipso
3637 5155 3773 5207 mali

2181 5227 2260 5279 his
2287 5233 2486 5296 utentes
2512 5223 2798 5295 efﬁciuntur
2819 5225 3028 5296 injusti;
3057 5234 3105 5280 et
3145 5226 3188 5279 si
3217 5241 3346 5294 quas
3374 5223 3587 5282 habent.
3611 5239 3773 5296 veras

2185 5312 2284 5349 non
2309 5295 2524 5363 habent,
2557 5311 2617 5348 ac
2644 5310 2733 5361 per
2772 5294 2877 5349 hoc
2910 5313 3006 5350 nec
3039 5297 3351 5351 continentia
3381 5296 3484 5349 sive
3514 5294 3775 5363 pudicitia

2183 5381 2302 5418 vera
2335 5375 2412 5419 est
2434 5366 2728 5434 impiorum.

2259 5445 2280 5473 ο
2309 5436 2593 5515 ρὶθιξοιιίιιε
2638 5437 2768 5515 legit
2795 5441 3021 5515 μερικὴν,
3072 5437 3124 5515 ill
3174 5435 3619 5515 est,_partialem,
3647 5435 3776 5490 sive

2184 5507 2434 5582 partitam
2455 5549 2470 5570 ,
2516 5507 2630 5560 sive
2657 5507 3046 5582 imperfectam.
3077 5508 3184 5582 ‘Est‘
3212 5509 3358 5582 enim
3408 5509 3578 5582 piptc.
3605 5520 3773 5582 pars,

2185 5577 2502 5652 particula;_
2530 5576 2746 5652 μερμήζ
2784 5579 3001 5652 partita,
3057 5577 3367 5652 dimidiata,
3408 5576 3773 5652 imperfecta.

2187 5645 2281 5703 Sic
2310 5645 2539 5714 exponit
2564 5645 2730 5702 abbas
2777 5645 3014 5702 Joannes
3060 5649 3240 5703 collat.
3273 5645 3338 5706 l9
3372 5645 3569 5717 cap.‘9
3603 5663 3618 5700 :
3661 5647 3775 5700 Sed

2181 5717 2307 5782 htec,
2338 5719 2560 5796 inquit,_
2587 5725 2764 5796 μαρυςή
2788 5761 2800 5782 ,
2832 5718 2888 5772 id
2913 5729 3022 5796 est,_
3052 5737 3155 5796 non
3182 5720 3237 5796 in
3273 5719 3504 5772 omnibus
3531 5732 3773 5772 consum-

2183 5801 2324 5844 mata
2351 5791 2614 5861 perfectio,
2639 5791 2729 5845 sed
2760 5807 2878 5863 pars
2904 5792 3231 5863 perfectionis
3258 5797 3351 5851 est,
