4078 6332
500 314 598 378 907

1548 314 1839 374 JOANNIS
1873 311 2193 374 CASSIANI
2227 309 2724 371 COLLATIONES.

3678 310 3789 369 908

502 435 754 508 pertinet,
782 451 875 507 per
891 448 951 492 se
972 435 1167 501 solam,
1183 433 1235 490 id
1252 440 1354 502 est,
1382 431 1501 489 sine
1518 433 1788 503 adjutorio
1814 432 1910 489 Dei
1932 445 2097 502 posse
2126 441 2172 502 Α
2201 429 2496 503 peragendi
2521 438 2726 485 nostra:
2746 425 2991 499 subjacet
3014 425 3315 503 potestati?
3340 425 3478 485 Nam
3501 440 3678 500 neque
3701 444 3795 487 re-

502 530 785 600 perlioere,
818 538 843 567 θ
874 531 926 584 in
959 529 1109 584 nullo
1136 527 1298 583 modo
1326 539 1505 584 tamen
1529 526 1831 584 evidentius
1853 541 2017 597 quam
2042 526 2094 581 in

503 623 865 694 acquisiticne
903 631 1069 693 atque
1095 619 1344 677 custodia
1376 620 1641 677 castitatis
1670 617 1998 676 ostenditur.
2026 616 2099 675 Ut

503 719 648 776 enim
679 718 942 789 tantisper
968 716 1036 773 de
1061 715 1387 788 integritatis
1416 716 1534 786 ejus
1559 714 1882 771 difﬁcultate
1911 714 2098 785 dispu-

508 812 641 869 tatio
682 808 981 879 din‘eratur,
1017 808 1085 866 de
1111 809 1486 869 instrumentis
1529 809 1648 881 ejus
1678 808 1924 866 breviter
1952 806 2096 862 inte-

505 905 609 962 rim
638 903 1000 976 disputemus.
1042 903 1175 972 Quis
1222 902 1549 974 prevalcat,
1602 916 1821 975 quase,
1850 900 2101 974 quamvis

503 1000 723 1056 fervens
749 997 970 1070 spiritu,
1009 998 1096 1055 vel
1137 998 1451 1069 squalorem
1478 998 1817 1068 solitudinis,
1860 998 1943 1054 vel
1969 995 2099 1052 sicci

418 1143 432 1161 ,
508 1093 684 1166 panis,
730 1107 842 1149 non
868 1091 1067 1163 dicam,
1102 1092 1473 1165 quatidianam
1511 1091 1769 1159 esuriem,
1800 1090 1894 1148 sed
1923 1091 2097 1162 ipsam

505 1185 870 1254 saturitatem,
918 1186 1065 1242 nulla
1117 1184 1402 1242 hominum
1442 1186 1606 1242 laude
1656 1184 1937 1253 suffultus,
1986 1184 2100 1239 suis

506 1279 713 1337 viribus
741 1280 1017 1337 sustinere
1036 1280 1063 1335 τ
1107 1279 1228 1352 quis
1257 1295 1415 1353 aquae
1462 1290 1780 1352 perpetuam
1811 1280 1955 1336 sitim
1982 1278 2100 1336 sine

506 1373 729 1431 Domini
779 1374 1159 1431 consolatione
1188 1374 1457 1432 tolerare?
1491 1375 1753 1447 illumque
1783 1374 1996 1431 dulcem
2037 1388 2102 1430 ac

508 1467 891 1526 delectabilem
918 1469 1241 1525 matutinum
1288 1483 1545 1540 soporem
1577 1468 1829 1524 humanis
1865 1466 2101 1523 fraudari

506 1563 700 1631 oculis,
729 1572 782 1618 et
808 1559 835 1601 ιι
864 1562 1002 1618 intra
1036 1562 1303 1618 terminos
1331 1560 1590 1619 horarum
1620 1569 1853 1633 quatuor
1881 1576 2100 1617 omnem

507 1657 703 1728 quietis
726 1655 1079 1715 refectionem
1102 1656 1217 1727 iugi
1231 1660 1404 1728 possit
1434 1658 1553 1730 lege
1575 1657 1904 1715 concludere
1924 1658 1947 1712 i
1968 1656 2101 1726 Quis

506 1752 906 1810 indesinentem
946 1752 1201 1809 lectionis
1229 1754 1581 1810 instantiam?
1611 1754 1732 1825 quis
1763 1754 2102 1810 irremissam

2201 526 2463 582 motionis
2505 524 2823 593 silentium,
2871 537 2973 579 nec
3020 520 3393 579 districtiones
3436 521 3793 594 ieiuniorum.

2199 633 2301 675 nec
2321 617 2572 674 lectionis
2596 616 2939 685 instantiam,
2963 614 3058 672 illo
3078 615 3239 672 etiam
3260 624 3513 689 tempore
3536 630 3646 689 quo
3670 631 3799 687 pos-

2199 727 2413 786 sumus,
2445 728 2548 785 pro
2576 720 2766 769 nostro
2791 711 3019 768 arbitrio
3043 719 3405 778 retentamus,
3435 711 3535 768 sed
3572 710 3801 784 quihus-

2200 806 2329 865 dam
2356 807 2769 865 occurrentibus
2794 807 2995 877 causis,
3018 806 3185 864 etiam
3212 806 3522 864 invitissimi
3543 808 3802 879 frequen-

2200 910 2286 960 ter
2331 902 2664 961 retrahimur
2708 917 2738 958 a
2787 901 3112 960 salutaribus
3139 902 3432 971 institutis,
3464 901 3539 959 ita
3585 910 3681 970 ut,
3712 901 3802 958 rei

2200 999 2326 1070 loci,
2355 1000 2445 1056 vel
2474 1000 2735 1071 temporis
2758 1000 2972 1071 copiam
3001 997 3058 1054 in
3086 1013 3198 1071 quo
3228 998 3346 1054 haec
3374 1012 3638 1055 exercere
3676 1011 3805 1069 pos-

2201 1092 2398 1163 simus,
2430 1107 2659 1151 necesse
2711 1094 2783 1149 sit
2833 1107 2937 1149 nos
2990 1104 3022 1148 a
3072 1091 3306 1148 Domino
3335 1090 3642 1163 deprecari,
3694 1103 3804 1146 nec

2197 1184 2457 1244 sufﬁcere
2508 1184 2667 1241 nobis
2701 1184 2757 1242 id
2798 1184 2945 1257 quod
2983 1198 3279 1257 possumus
3310 1191 3520 1241 eertum
3558 1189 3665 1251 est,
3696 1181 3805 1238 nisi

2202 1282 2367 1338 etiam
2413 1281 2795 1354 opportunitas
2842 1279 3134 1352 peragendi
3184 1295 3250 1337 ea
3279 1295 3399 1352 quae
3429 1278 3591 1337 nobis
3619 1278 3806 1350 utique

2203 1373 2483 1445 possibilia
2513 1382 2677 1442 sunt,
2707 1390 2738 1430 a
2770 1374 2999 1431 Domino
3042 1373 3315 1431 tribuatur
3338 1414 3355 1441 ,
3404 1373 3474 1430 de
3518 1372 3717 1444 quibus
3751 1380 3808 1428 et

2204 1467 2525 1539 Apostolus,
2558 1466 2818 1536 Quoniam
2847 1467 3125 1535 voluimus,
3158 1466 3358 1538 inquit,
3388 1466 3560 1522 uenire
3600 1464 3675 1519 ad
3718 1478 3808 1520 eos

2204 1570 2252 1618 et
2281 1562 2437 1617 δεητεί
2454 1570 2502 1619 et
2525 1562 2752 1632 iterum,
2797 1570 2847 1619 et
2888 1561 3150 1637 impedivit
3192 1576 3288 1616 nos
3314 1558 3617 1633 Satanas“
3648 1557 3803 1616 Thes.

2204 1655 2310 1730 ιι);
2350 1657 2422 1713 ita
2453 1664 2513 1714 ut
2542 1668 2950 1735 nonnumquam
2984 1671 3085 1716 nos
3129 1657 3293 1713 etiam
3337 1655 3547 1712 utiliter
3572 1654 3644 1712 ab
3687 1655 3811 1713 istis

2206 1751 2547 1824 spiritalibus
2574 1752 2875 1809 sentiamus
2895 1750 3092 1808 studiis
3116 1752 3354 1818 avocari,
3380 1758 3439 1805 ut
3456 1749 3583 1807 dum
3614 1748 3811 1806 nolen-

507 1848 691 1919 operis
720 1848 1098 1917 sedulitatem,
1132 1848 1341 1905 nullum
1371 1849 1658 1920 praesentis
1686 1846 1823 1904 lucri
1854 1861 2104 1905 commo-
2135 1861 2186 1935 Β
2212 1846 2359 1905 tibus
2403 1848 2562 1906 nobis
2594 1848 3008 1918 interrumpitur
3035 1846 3209 1903 nostri
3251 1858 3442 1902 cursus
3472 1845 3729 1910 intentio,
3752 1850 3814 1901 et

507 1940 635 1996 dum
666 1950 925 2012 captans,
973 1940 1181 2012 absque
1231 1939 1328 1997 Dei
1365 1940 1538 2013 gratia
1588 1942 1807 2013 explere
1833 1938 2106 1998 sufﬁciat?

507 2034 643 2102 Quae
667 2035 851 2091 omnia
891 2035 1031 2090 sicut
1060 2034 1358 2091 desiderari
1389 2050 1420 2089 a
1467 2035 1623 2092 nobis
1649 2034 1854 2108 iugiter
1898 2036 2105 2108 absque

508 2126 697 2182 divina
742 2126 1100 2197 inspiratione
1143 2141 1250 2183 non
1282 2135 1536 2198 possunt,
1569 2128 1643 2186 ita
1672 2144 1742 2186 ns
1770 2129 1961 2200 perﬁci
1985 2129 2107 2202 quio

509 2222 632 2279 dem
670 2222 790 2279 sine
819 2222 939 2294 eius
966 2222 1168 2279 auxilio
1208 2222 1490 2280 ullatenus
1527 2232 1756 2296 queunt.
1803 2225 1869 2281 Et
1896 2232 1958 2280 ut
1987 2224 2105 2282 haec

508 2316 702 2373 eadem
730 2332 839 2373 non
870 2317 1048 2373 solum
1082 2316 1312 2389 probata
1352 2318 1513 2376 nobis
1557 2320 1913 2392 experientia:
1944 2319 2108 2377 disci—

506 2411 678 2481 plina,
711 2410 811 2473 sed
836 2412 1000 2471 etiam
1029 2412 1198 2470 certis
1228 2411 1449 2471 indiciis
1478 2422 1537 2470 et
1562 2413 1895 2485 argumentis
1926 2413 2105 2470 mani-

506 2505 734 2563 festiora
758 2506 1070 2575 reddamus,
1105 2522 1287 2565 nonne
1321 2510 1377 2564 in
1406 2509 1594 2565 multis
1624 2524 1745 2582 quae
1775 2509 1981 2565 utiliter
2010 2522 2109 2581 ορο

508 2607 684 2659 tamus
712 2600 965 2671 implere,
987 2616 1111 2663 cum
1133 2601 1391 2659 desiderii
1421 2603 1617 2678 plenus
1644 2602 1810 2660 ardor
1831 2617 1895 2661 ac
1916 2601 2111 2660 volun-

508 2702 595 2753 tas
622 2694 863 2766 perlecta
890 2711 1000 2761 non
1031 2696 1197 2764 desit,
1224 2698 1574 2769 interpellans
1606 2714 1958 2770 quaecumque
1997 2699 2110 2755 1⁸η-

506 2788 689 2858 gilitas
720 2798 900 2844 cassat
928 2799 1055 2845 veta
1102 2800 1403 2863 concepta,
1453 2805 1555 2847 nec
1599 2793 1882 2865 proposito
1921 2800 2108 2849 nostro

505 2884 716 2938 assistit
741 2883 993 2952 eli'ectus,
1013 2884 1119 2945 nisi
1149 2885 1321 2945 virtus
1351 2885 1673 2955 perﬁciendi
1704 2885 1920 2944 Domini
1947 2886 2112 2947 fuerit

508 2978 860 3037 miseratione
886 2978 1110 3045 donata,
1139 2979 1215 3036 ita
1246 2989 1307 3037 ut
1333 2995 1461 3037 eum
1489 2982 1560 3036 sit
1592 2981 1878 3039 innumera
1923 2982 2111 3037 multi-

509 3072 641 3127 tudo
664 3072 881 3128 illorum
905 3074 1001 3143 qui
1025 3073 1263 3130 ﬁdeliter
1287 3075 1549 3131 virtutum
1571 3077 1767 3132 studiis
1793 3076 2109 3135 desiderent

504 3164 795 3233 inhaerere,
827 3179 1091 3227 summam
1123 3175 1305 3225 tamen
1340 3184 1528 3225 eorum
1559 3170 1655 3241 qui
1694 3169 1811 3226 haec
1839 3169 2109 3242 perficere

2211 1942 2517 1999 inﬁrmitati
2565 1942 2747 2001 carnis
2794 1940 2943 1999 aliud
2989 1942 3319 2008 reiaxamus,
3353 1934 3515 1996 etiam
3544 1940 3697 1996 inviti
3743 1938 3813 1995 ad

2211 2037 2507 2094 salutarem
2551 2036 3016 2111 perseverantiam
3054 2048 3419 2092 reservemur.
3450 2033 3527 2089 De
3551 2048 3655 2105 qua
3693 2032 3813 2088 dis-

2212 2132 2537 2205 pensatione
2577 2130 2698 2199 Dei,
2748 2129 2931 2187 simile
2977 2127 3184 2201 aliquid
3226 2128 3418 2186 beatus
3464 2125 3810 2198 Apostolus:

2214 2225 2437 2298 Propter
2461 2226 2620 2298 quod,
2648 2225 2843 2295 inquit,
2868 2232 2945 2279 ter
2961 2222 3241 2279 Demittunt
3265 2222 3461 2294 rogati,
3493 2230 3552 2279 ut
3573 2219 3815 2281 dissede-

2215 2329 2292 2375 ret
2318 2336 2351 2373 a
2380 2335 2498 2391 me;
2522 2327 2574 2374 et
2599 2319 2730 2377 dixit
2764 2318 2932 2373 mihi:
2963 2317 3163 2389 Sumsit
3204 2317 3295 2372 tibi
3320 2318 3489 2393 gratia
3513 2332 3665 2385 mea;
3690 2334 3818 2373 nam

2213 2417 2376 2473 uirtus
2402 2416 2457 2473 in
2477 2416 2777 2487 inﬁrmitate
2806 2413 3075 2487 perﬁcitur
3100 2413 3181 2485 (ll
3194 2412 3314 2471 Cor.
3340 2410 3462 2485 xu).
3486 2411 3553 2471 Et
3576 2412 3815 2469 iterum:

2218 2508 2360 2576 Quid
2385 2513 2525 2563 enim
2549 2525 2785 2578 «smus,
2809 2509 3097 2570 secundum
3122 2506 3261 2580 quod
3290 2513 3488 2580 oportet
3509 2546 3527 2575 ,
3557 2506 3817 2564 nescimus

2217 2601 2407 2676 (Rom.
2431 2604 2573 2674 vni).

2830 2694 3059 2759 CAPUT
3090 2695 3202 2757 VII.

2218 2791 2298 2848 De
2323 2790 2604 2861 principats'
2621 2790 2893 2863 proposito
2916 2789 3039 2859 Dei,
3066 2800 3112 2845 et
3140 2789 3465 2864 providentis
3486 2789 3816 2861 quotidiana.

2290 2883 2637 2955 Propositum
2667 2896 2901 2957 namque
2932 2884 3047 2953 Dei,
3063 2897 3171 2959 quo
3194 2896 3301 2939 non
3324 2882 3394 2941 ob
3411 2881 3516 2939 hoc
3537 2880 3815 2941 hominem

2218 2975 2427 3035 fecerat
2447 2985 2505 3034 ut
2533 2977 2757 3049 periret,
2788 2976 2886 3037 sed
2914 2986 2973 3035 ut
3000 2977 3054 3034 in
3087 2988 3410 3049 perpetuum
3440 2975 3671 3049 viveret,
3703 2992 3820 3035 ma-

2218 3081 2319 3131 net
2353 3071 2654 3135 immobile.
2695 3068 2866 3142 Cujus
2890 3071 3199 3145 benignitas
3218 3083 3240 3112 ο
3269 3071 3583 3135 subornat
3622 3070 3827 3127 volun-

2218 3168 2348 3223 tatis
2368 3166 2421 3222 in
2453 3166 2608 3224 nobis
2630 3165 3186 3241 quantulamcumque
3206 3165 3496 3222 scintillam
3525 3164 3826 3225 emicuisse

505 3259 591 3315 vel
616 3260 852 3317 tolerare
874 3262 1229 3332 praevaleant,
1255 3263 1507 3320 invenias
1533 3266 1814 3321 raritatem
1842 3276 1941 3321 :ut
1968 3282 2109 3336 prar-
2135 3270 2184 3335 ο
2219 3262 2585 3334 perspexerit,
2616 3260 2698 3320 vel
2731 3277 2893 3335 quam
2936 3263 3056 3333 ipse
3085 3270 3361 3334 tamquam
3404 3259 3473 3318 de
3497 3260 3635 3318 dura
3661 3259 3825 3317 silice

504 3356 800 3411 termittam
844 3357 993 3428 quod
1023 3373 1093 3414 ne
1124 3366 1249 3414 tunc
1278 3359 1518 3430 quidem,
1544 3374 1671 3416 cum
1704 3361 1927 3416 omnino
1958 3361 2105 3417 nulla

504 3461 606 3505 nos
633 3459 784 3510 arcet
811 3450 1101 3508 inﬁrmitas
1120 3493 1135 3517 ,
1161 3450 1391 3509 facultas
1421 3451 1678 3511 universa
1704 3468 1825 3526 qua:
1855 3453 2109 3510 volumus

2216 3358 2394 3416 nostri
2417 3359 2602 3416 cordis
2626 3358 2953 3425 excusserit,
2981 3358 3239 3415 confovet
3263 3372 3386 3414 earn
3409 3365 3467 3413 et
3488 3355 3825 3425 exsuscitat,

2216 3468 2425 3525 suaque
2451 3453 2805 3526 inspiratione
2824 3452 3115 3521 confortat,
3134 3449 3164 3491 ⁸
3186 3451 3365 3508 volens
3387 3467 3560 3509 omnes
3577 3450 3825 3507 homines

1576 3568 1838 3625 ALARDI
1876 3568 2109 3627 GAZZEI
2144 3568 2728 3631 COMMENTARIUS.

504 3687 571 3745 ad
595 3686 1062 3759 iustiﬁcationem,
1088 3687 1315 3759 gratiam
1342 3695 1401 3759 et
1424 3686 1656 3743 salutem
1678 3688 2101 3756 promerendam

506 3758 806 3831 pertineat;
838 3768 895 3815 at
923 3775 1030 3816 non
1060 3774 1226 3829 posse
1255 3758 1390 3815 illud
1420 3759 1711 3829 perﬁcere,
1741 3768 1799 3815 et
1823 3760 1889 3814 ad
1922 3760 2100 3828 ρει-[θη

503 3833 700 3889 ctionis
730 3831 889 3887 linem
923 3831 1243 3902 perducere.
1286 3832 1407 3887 sine
1433 3831 1656 3900 speciali
1685 3840 1740 3888 et
1770 3841 2101 3901 supernatu-

506 3905 609 3960 rali
633 3906 834 3959 auxilio
854 3903 972 3959 Dei.
1004 3906 1070 3959 At
1099 3903 1363 3958 catholica
1386 3902 1589 3959 veritas
1611 3902 1770 3959 docet
1790 3920 1896 3961 non
1921 3904 2099 3959 solum

508 3990 873 4045 progressum,
901 3974 1289 4041 perfectionem
1312 3985 1366 4028 ct
1391 3974 1917 4031 consummationem
1940 3977 2105 4031 virtu-

505 4053 619 4101 tum
641 4054 697 4102 et
722 4046 991 4102 bonorum
1020 4061 1277 4113 onerum,
1313 4045 1407 4100 sed
1446 4058 1499 4100 et
1532 4045 1708 4115 ipsum
1738 4046 1984 4113 initium,
2018 4048 2104 4104 ill-

506 4118 871 4180 cboationeut,
896 4117 1257 4183 desiderium,
1278 4116 1461 4180 ﬁderit.
1483 4119 1811 4183 orationem,
1843 4119 1939 4174 Dei
1958 4120 2104 4177 dona

507 4203 648 4257 esse,
682 4198 736 4244 et
763 4207 791 4243 a
823 4188 919 4243 Dei
944 4189 1111 4258 gratia
1140 4189 1396 4257 pendere.
1428 4187 1607 4257 Atque
1641 4188 1697 4243 in
1726 4188 1828 4243 hoc
1852 4200 1959 4245 tota
1988 4190 2104 4247 iere

506 4260 755 4317 consistit
779 4260 1153 4315 controversia
1175 4261 1240 4315 D.
1264 4260 1514 4328 Prosperi
1542 4270 1598 4315 et
1617 4259 1847 4315 aliorum
1876 4260 2104 4319 Patruus

508 4332 770 4386 adversus
798 4330 1115 4389 Cassianum
1156 4339 1383 4402 ejusque
1420 4332 1597 4402 socios
1642 4331 1879 4390 clericos
1911 4333 2106 4389 Massi—

508 4401 875 4529 liettfw,bqum
916 4403 973 4459 in
1015 4401 1313 4474 progressu
1343 4401 1505 4472 huius
1542 4402 1847 4460 collationis
1885 4405 2104 4473 plenius

509 4487 717 4529 exutca
758 4486 882 4529 ιιιιι.

509 4487 574 4529 ex
583 4477 882 4543 plicabitur.

578 4555 605 4583 ι
637 4544 778 4601 idem
818 4545 1087 4617 superiori
1123 4546 1306 4603 eollat.
1334 4561 1453 4617 cap.
1486 4546 1695 4615 penult.
1725 4555 1782 4604 et
1823 4546 1942 4613 ult.,
1969 4548 2103 4604 alibi

506 4616 705 4686 saepius
728 4616 1075 4674 inculcatum.

577 4685 604 4726 5
645 4687 758 4744 Hoc
793 4691 937 4745 enim
977 4690 1118 4747 inter
1153 4689 1263 4747 alia
1299 4688 1559 4758 perfectas
1604 4701 1659 4746 et
1706 4700 2103 4748 consummatus

504 4762 774 4816 castitatis
820 4762 1203 4831 comparandm
1248 4761 1426 4817 media
1468 4763 1582 4817 sive
1614 4764 1972 4818 instrumenta
2011 4779 2103 4818 re-

502 4833 714 4903 censuit
766 4833 1093 4901 praecedenti
1140 4834 1323 4893 coliat.
1355 4849 1370 4888 :
1404 4833 1465 4889 Si
1491 4835 1713 4903 quietem
1736 4836 1903 4889 somni
1940 4837 2103 4890 trium

503 4901 712 4979 sive_(ut
739 4904 832 4979 alii
859 4905 1171 4979 statuerunt)
1201 4913 1424 4979 quatuor
1453 4901 1698 4960 horarum
1726 4908 1892 4979 spatio
1917 4907 2103 4962 termi-

505 4972 1319 5070 ξςνξεἒηυοῆθνθοξιίεἱιπιιιξὲξί
1350 4972 1854 5070 illosanacltorétas
1881 4988 1951 5063 ἐς
1975 4994 2099 5035 mo-
2124 5007 2181 5070 Β
2208 4972 2440 5070 cundum
2484 4977 2619 5060 hunc
2656 4993 2863 5070 sensum
2893 4992 2913 5031 :
2942 4972 3079 5070 Diana

505 5045 728 5113 nacltos,
758 5044 1013 5113 perlecta:
1054 5045 1316 5099 castitatis
1342 5054 1645 5109 amatores,
1689 5064 1793 5100 non
1842 5051 1944 5105 nisi
1979 5060 2098 5107 tres

503 5129 800 5184 qnmuorve
826 5115 988 5171 horas
1016 5131 1212 5173 somno
1251 5125 1302 5172 et
1333 5116 1501 5186 quieti
1539 5119 1897 5175 corrressisse.
1934 5118 2093 5187 Quod

501 5187 665 5241 etiam
694 5200 761 5242 es
807 5187 1052 5243 Cassiani
1095 5188 1244 5245 libris
1293 5187 1526 5243 lnstitut.
1568 5190 1811 5247 secundo
1831 5200 1889 5246 et
1932 5192 2099 5248 tertio

500 5255 660 5311 datur
704 5258 951 5329 intelligi,
1002 5258 1095 5314 ubi
1140 5260 1339 5315 dicitur
1388 5274 1499 5314 non
1544 5260 1764 5317 licuisse
1807 5262 2092 5318 monachis

500 5335 626 5397 post
671 5338 997 5386 nocturnum
1040 5330 1274 5387 ofﬁcium
1325 5340 1378 5387 et
1424 5331 1637 5388 Laudes
1684 5334 1977 5389 matutinas
2021 5335 2095 5389 ad

497 5415 748 5456 somnum
781 5403 1008 5468 reverti;
1032 5403 1126 5458 sed
1156 5403 1329 5459 noctis
1356 5403 1635 5459 residuum
1649 5404 1902 5469 orationi,
1926 5405 2101 5460 medio

497 5472 711 5546 talioni,
742 5473 831 5528 vel
857 5474 1015 5541 operi
1061 5491 1313 5532 manuum
1361 5475 1427 5529 ab
1455 5476 1537 5530 eis
1566 5475 1735 5531 fuisse
1784 5478 2087 5546 impensum

498 5539 651 5616 (Lib.
678 5558 715 5598 ιι
738 5560 785 5600 c.
813 5539 963 5602 i3’et
998 5546 1090 5601 lib.
1119 5562 1179 5603 ιιι
1214 5564 1260 5603 c.
1294 5546 1383 5616 ὃ).
1428 5546 1604 5602 Fuere
1632 5555 1813 5603 autem
1842 5539 2097 5603 nonnulli

496 5613 588 5680 qui
619 5629 720 5669 nec
762 5617 923 5673 unius
955 5618 1102 5673 horas
1131 5613 1365 5689 Spatium
1405 5618 1510 5673 sibi
1534 5618 1602 5673 ad
1629 5633 1879 5673 somnum
1910 5619 2089 5674 indul-

494 5694 688 5759 gerent
716 5703 757 5759 :_
760 5690 905 5744 unde
932 5691 1233 5759 ἀκοίμητοι,
1262 5691 1313 5746 id
1352 5700 1437 5745 est
1467 5691 1774 5757 insomnes,
1808 5690 1959 5747 dicti.
2011 5691 2096 5747 De

495 5711 688 5751 δσιυιιι
716 5711 728 5737 :
761 5711 905 5744 ulla!)
932 5711 1046 5747 ακοι
1154 5712 1233 5759 οι,
1262 5711 1313 5746 tu
1352 5711 1437 5745 εει
1467 5711 1740 5746 "[50"!le
1759 5731 1774 5757 ,
1808 5711 1959 5747 (NOII.
2012 5711 2090 5747 UB

495 5754 984 5833 quibus_Evagrius
1012 5711 1216 5818 ιδέτὲτ.
1245 5761 1556 5818 Ecclesiast.
1583 5763 1678 5816 lib.
1706 5777 1765 5818 ιιι
1790 5778 1914 5833 cap.
1940 5764 2010 5819 t9
2031 5773 2090 5819 et

607 5827 800 5909 ‘hbhas
836 5824 1119 5909 Arsenius,
1152 5844 1209 5909 ut
1237 5845 1319 5889 est
1346 5835 1399 5887 in
1444 5833 1579 5909 Vitis
1602 5833 1823 5909 Patrum
1860 5824 1891 5909 ’(
1910 5834 2026 5890 Lib.
2056 5851 2091 5889 ν

493 5895 670 5957 libello
689 5901 723 5957 4
745 5916 891 5961 nocte
909 5895 1194 5978 editionis),
1208 5913 1314 5962 tota
1340 5913 1488 5962 nocte
1510 5904 1752 5976 uigilabat
1764 5924 1785 5975 ;
1814 5895 2093 5979 siquando

2120 6005 2195 6041 *ἶ*

2206 3687 2409 3742 uolebat
2446 3691 2584 3743 circa
2617 3704 2766 3743 mane
2796 3696 3004 3757 prapter
3056 3692 3256 3743 natura:
3302 3684 3649 3757 necessitatem
3684 3685 3822 3741 dor-

2209 3760 2359 3821 mire,
2389 3758 2590 3814 dicebat
2621 3755 2804 3815 somno
2819 3776 2837 3814 :
2872 3755 3018 3826 Veni,
3052 3775 3194 3817 serve
3220 3755 3390 3822 male;
3419 3765 3468 3811 et
3492 3758 3823 3827 surripiebat

2212 3830 2510 3902 partaillum
2549 3832 2714 3887 somni
2755 3831 3001 3899 sedendo,
3045 3840 3091 3885 et
3138 3826 3612 3902 statint_surgebat.
3640 3826 3818 3902 Plura

2208 3898 2460 3972 exempla
2490 3904 2653 3963 habes
2679 3903 2818 3974 apud
2843 3898 3144 3959 Palladium
3171 3903 3189 3973 (
3205 3900 3270 3955 In
3296 3898 3499 3974 Hister.
3518 3898 3817 3974 Pausiaca)

2214 3974 2266 4027 in
2299 3975 2481 4047 Moyse
2503 3972 3067 4047 Ethiope,Macario,
3097 3972 3482 4047 etaliiSLVide
3512 3973 3819 4047 Turrecre-

2214 4015 2415 4102 matrum
2449 4015 2524 4101 in‘
2545 4015 2666 4116 cap.
2699 4015 3018 4117 ξδ’ῐὶθειιιω
3141 4015 3453 4113 Benedicti“,
3484 4015 3573 4101 ubi
3615 4026 3818 4104 contra

2212 4120 2586 4177 somnolentos
2609 4118 2901 4177 inenarhos
2935 4119 3063 4185 agit.

2290 4199 2312 4229 ο
2345 4188 2438 4245 Hic
2462 4194 2678 4247 demum
2698 4191 2886 4261 incipit
2911 4194 3112 4245 Auctor
3130 4188 3340 4261 aperire
3361 4196 3597 4261 mentem
3624 4201 3814 4260 suam,

2211 4268 2271 4316 et
2306 4264 2509 4319 erroris
2550 4264 2786 4327 initium,
2814 4257 2959 4328 quod
2990 4257 3238 4328 sequenti
3269 4259 3450 4328 capite
3479 4258 3675 4316 clarius
3704 4257 3816 4316 ex;

2210 4334 2388 4457 sonit.
2418 4333 2587 4401 Quam
2617 4337 2760 4388 enim
2794 4330 2883 4385 hic
2914 4330 3223 4395 scintillam,
3267 4330 3376 4386 illic
3401 4341 3580 4389 ortum
3607 4346 3813 4403 quem-

2255 4416 2338 4457 am
2355 4404 2510 4457 bonae
2526 4404 3005 4457 voluntatisvocat.
3024 4402 3111 4457 ubi
3133 4402 3200 4457 de
3212 4401 3315 4457 hoc
3331 4403 3488 4457 latius
3507 4403 3812 4457 nitendum-

2255 4416 2338 4461 am
2355 4404 2510 4461 bona)
2526 4404 3005 4468 voluntatisvocat,
3024 4402 3111 4457 ubi
3133 4402 3200 4459 de
3212 4401 3315 4459 hoc
3331 4403 3488 4459 latius
3507 4401 3812 4468 agendum.

2289 4471 2316 4512 ἀ
2345 4475 2367 4530 l
2396 4474 2597 4547 Timet.
2642 4492 2677 4531 tt
2714 4492 2727 4530 :
2761 4473 2946 4530 Coram
2991 4473 3265 4531 Saluatore
3300 4487 3484 4547 nostra
3534 4471 3667 4542 Deo,
3710 4476 3815 4547 qui

2211 4564 2388 4602 omnes
2416 4546 2646 4605 homines
2675 4546 2781 4603 vult
2806 4546 2976 4601 salvos
3005 4547 3141 4615 ﬁeri,
3173 4555 3219 4603 et
3240 4546 3306 4601 ad
3329 4548 3642 4619 agnitionem
3666 4546 3814 4619 ueri.-

2214 4621 2336 4675 tatis
2364 4626 2557 4674 venire.
2584 4619 2750 4687 Cuius
2773 4622 3059 4691 sententiae
3083 4621 3225 4691 varia
3255 4629 3337 4671 est
3366 4616 3654 4691 expositio.
3680 4616 3814 4691 Tri-

2214 4691 2407 4761 plicem
2435 4706 2502 4747 ex
2530 4690 2777 4746 Patribus
2818 4689 2973 4745 aliert
3008 4690 3063 4743 S.
3096 4689 3330 4761 Thomas
3378 4689 3592 4761 (t‘part.
3622 4690 3810 4761 q._59,

2210 4758 2316 4835 art.
2359 4763 2413 4835 ὅ)
2457 4780 2470 4816 :
2518 4760 2687 4827 Illud,
2736 4763 2927 4835 inquit,
2971 4761 3175 4835 verbum
3205 4758 3811 4835 Apostoli,quo_d"_Deus

2213 4834 2323 4888 uult
2350 4824 2524 4889 omnes
2552 4824 2779 4889 homines
2805 4824 2980 4887 Salvos
3008 4833 3143 4901 fieri,
3174 4824 3303 4897 etii,
3333 4824 3810 4953 potiat'tripliciter

2213 4903 2458 4953 intelligi-
2498 4904 2613 4953 (hia
2640 4904 2818 4953 modo-
2847 4913 2905 4953 ut
2933 4904 2997 4953 sit
3025 4903 3358 4953 accommoda
3436 4902 3687 4953 tslrtbttlto
3715 4916 3810 4953 se-

2210 4903 2459 4977 intelligi.
2498 4904 2613 4961 Uno
2640 4904 2819 4973 modo,
2847 4913 2905 4959 ut
2933 4904 2997 4977 sit
3025 4901 3358 4977 accommoda
3398 4901 3687 4977 distributio
3715 4916 3810 4955 se-

3126 4968 3231 5024 vult
3264 4970 3432 5042 salvos
3470 4971 3584 5042 ﬁeri
3619 4985 3809 5027 omnes

2206 5051 2441 5101 homines
2492 5050 2577 5117 qui
2626 5047 2916 5100 salvantur.
2970 5042 3094 5099 Non
3126 5044 3263 5168 ζΪιιὶα
3310 5040 3485 5097 nullus
3534 5043 3685 5096 homo
3730 5042 3809 5097 sit

2206 5135 2357 5168 artem
2386 5119 2589 5168 saluum
2621 5118 2731 5168 ﬁeri
2760 5133 2861 5168 non
2892 5113 3007 5168 velit
3026 5155 3040 5168 .
3072 5131 3123 5168 se
3180 5116 3299 5168 auia
3323 5112 3499 5168 nullus
3530 5114 3704 5168 saluus
3731 5115 3809 5168 sit

2206 5135 2357 5191 quem
2386 5112 2861 5191 salvumhﬁcrinon
2892 5113 3007 5191 uelit
3026 5155 3040 5177 ,
3072 5112 3508 5191 sed‘guia‘nullus
3530 5114 3707 5191 salvus
3731 5115 3810 5191 sit

2210 5181 2638 5262 quentAnon'ueli—t
2668 5189 2865 5262 salvum
2890 5186 3024 5257 ﬁeri,
3050 5195 3107 5262 ut
3139 5181 3262 5262 dicit
3292 5184 3620 5262 Augustinus
3638 5184 3657 5256 (

2204 5257 2234 5318 ι’
2256 5261 2319 5316 de
2348 5259 2657 5316 Prwdatin.
2693 5260 2935 5316 Sanctor.
2966 5274 3012 5311 ε.
3043 5258 3121 5328 8).
3151 5257 3391 5315 Secundo
3417 5267 3579 5328 potest
3602 5257 3812 5313 intelli-

2205 5335 2284 5408 gi,
2325 5340 2391 5408 ut
2428 5332 2856 5408 ﬁat__distributio
2898 5347 2991 5403 pro
3021 5328 3288 5408 generibus
3314 5330 3810 5408 singulorumhnou

2211 5397 2307 5472 pro
2350 5397 2573 5478 singulis
2607 5419 2872 5478 generum,
2897 5397 3183 5478 secundum
3210 5404 3347 5478 hunc
3376 5397 3583 5478 sensum
3608 5416 3627 5455 :
3656 5397 3811 5455 Deus

2203 5478 2317 5532 'vult
2357 5478 2419 5531 de
2434 5472 2678 5547 'quolibet
2713 5484 2853 5532 statu
2887 5473 3151 5528 hominum
3181 5472 3348 5528 salvos
3377 5472 3512 5544 ﬁeri,
3548 5486 3715 5529 mares
3750 5479 3809 5524 et

2206 5546 2685 5619 {eritiuasJuda'os
2714 5553 2761 5600 et
2789 5546 3020 5619 gentiles,
3055 5561 3236 5619 part-os
3266 5554 3312 5599 et
3334 5560 3570 5619 magnas.
3595 5558 3696 5619 n‘on
3716 5551 3813 5597 ta-

2208 5608 2324 5675 men
2344 5608 2515 5674 omnes
2531 5620 2593 5673 de
2605 5608 2823 5678 singulis
2838 5608 3074 5673 statibus.
3090 5616 3287 5678 Tertio.
3302 5608 3584 5672 secundum
3598 5608 3810 5669 Dama-

2204 5706 2419 5745 sccnum
2448 5690 2584 5762 (Lib.
2613 5706 2651 5745 ιι
2679 5682 2744 5762 de
2774 5688 2903 5762 Fide
2931 5706 2973 5742 c.
3007 5689 3088 5757 9),
3106 5682 3419 5759 intelligitur
3442 5687 3505 5762 de
3530 5683 3811 5762 uoluntate

2202 5754 2560 5825 antecedente,
2587 5778 2690 5814 non
2713 5761 2777 5815 de
2790 5754 3054 5815 uoluntate
3066 5754 3415 5831 consequente.
3434 5757 3564 5831 Qut:
3587 5754 3806 5831 quidem

2204 5834 2470 5887 distinctio
2502 5849 2605 5888 non
2645 5832 2893 5904 accipitur
2915 5846 2982 5887 ea
3008 5839 3155 5904 parte
3177 5829 3455 5904 uoluntatis
3490 5829 3701 5904 diuina.
3742 5829 3807 5876 ίκ

2204 5922 2310 5973 qua
2333 5904 2464 5959 nihil
2484 5914 2557 5959 est
2584 5904 2725 5976 prius
2744 5889 2822 5960 iet
2845 5889 3223 5977 pecunias,“
3245 5889 3314 5960 si
3494 5889 3803 5962 "mm!
