4078 6332
298 339 402 398 909

1227 325 1568 396 COLLATK)
1603 335 1744 396 Xlll.
1771 365 1840 382 -—
1863 333 1960 396 BI
1990 331 2474 396 PROTECME
2509 335 2644 394 Du.

3467 347 3575 408 910

300 461 462 516 salsos
485 457 688 528 ﬁeri,“
707 445 1106 532 adagnitionsns
1125 457 1356 514 ueritatis
1379 460 1548 514 uenire
1573 457 1883 530 (lTimotlt.
1915 461 1964 520 Α
1993 465 2100 524 tur,
2131 459 2204 514 ita
2232 457 2510 530 Scriptum
2545 453 2780 516 testante
2806 472 2825 516 :
2859 447 2996 528 Quia
3034 451 3174 516 Deus
3211 471 3424 518 mortem
3465 483 3574 522 non

299 555 380 625 ιι).
416 554 554 621 Quia
581 569 684 607 non
731 561 836 620 est,
883 549 1077 622 inquit,
1123 552 1362 606 uoluntas
1403 563 1522 608 ante
1567 551 1778 608 Patrem
1807 569 1890 608 ινα-

303 659 462 702 struat
489 647 656 718 quiin
679 646 822 701 uelis
863 655 956 708 est,
983 654 1042 699 ut
1081 653 1257 716 pereat
1285 661 1418 701 unus
1449 661 1512 700 ea:
1551 647 1752 716 pusillis
1781 647 1892 700 istis

301 741 322 814 (
347 739 538 796 Matth.
583 739 776 808 xvtu).
819 741 884 794 Et
909 739 1105 796 iterum
1137 758 1150 794 :
1181 737 1306 794 Non
1334 739 1467 806 uult,
1513 739 1708 810 inquit,
1753 741 1892 796 Deus

304 839 470 908 perire
497 837 755 904 animam,
787 839 876 893 sed
909 847 1150 894 retractat
1181 839 1417 912 sagitans
1445 837 1616 912 [I.ips.
1646 838 1700 892 in
1721 851 1889 907 marg.

303 940 606 988 retractans
630 929 864 1004 cogitat]
891 948 956 986 ne
977 931 1180 1004 penitus
1222 939 1402 1003 pereat
1439 932 1528 1001 qui
1553 931 1785 1002 abjectus
1819 937 1894 984 est

305 1023 384 1096 (ll
415 1024 544 1096 Reg.
577 1039 668 1078 xiv
687 1025 728 1093 ).
773 1023 952 1080 Verax
999 1039 1232 1094 namque
1261 1031 1346 1080 est
1380 1033 1436 1080 et
1483 1039 1590 1079 non
1639 1021 1894 1079 mentitur

309 1117 475 1184 Deus,
516 1131 640 1172 eum
685 1117 1048 1173 obtestatione
1076 1117 1346 1174 deﬁniens
1387 1135 1402 1169 :
1451 1115 1580 1171 Vivo
1606 1133 1730 1188 ego,
1772 1115 1896 1168 dicit

309 1209 570 1264 Dominus
591 1207 756 1276 Deus,
777 1211 900 1278 quia
923 1211 1046 1266 nolo
1067 1221 1276 1266 mortem
1297 1211 1464 1283 impii,
1493 1211 1582 1265 sed
1613 1218 1668 1264 ut
1690 1223 1898 1264 conuer-

311 1311 450 1358 tatur
471 1320 504 1357 a
536 1303 620 1358 uia
646 1321 740 1358 sua
770 1314 818 1358 et
843 1305 974 1359 vivat
1002 1303 1021 1374 (
1047 1303 1233 1360 Ezech.
1267 1319 1433 1360 xxxut
1455 1303 1498 1376 ).
1525 1303 1628 1372 Qui
1660 1303 1808 1358 enim
1839 1312 1904 1360 ut

313 1407 498 1469 pereat
529 1413 666 1453 unus
693 1414 762 1454 ex
807 1399 1018 1468 pusillis
1047 1415 1152 1454 non
1189 1397 1350 1454 habet
1377 1398 1732 1462 voluntatem,
1759 1410 1899 1468 quo-

315 1491 473 1548 modo
499 1491 624 1550 sine
659 1491 861 1562 ingenti
889 1491 1176 1562 sacrilegio
1204 1491 1474 1562 putandus
1503 1501 1610 1562 est,
1643 1506 1750 1548 non
1778 1489 1900 1546 uni-

307 1585 598 1642 versaliter
629 1599 840 1654 omnes,
871 1585 970 1640 sed
996 1584 1258 1654 quosdam
1286 1585 1472 1643 salvos
1493 1585 1606 1642 ﬁeri
1631 1585 1772 1641 velle
1804 1599 1902 1656 pro

307 1678 590 1734 omnibus?
615 1687 642 1716 ι·
673 1679 812 1749 Ergo
843 1677 1170 1750 quicumque
1197 1687 1466 1750 pereunt,
1519 1689 1708 1736 contra
1751 1678 1904 1735 illius

313 1783 534 1842 pereunt
575 1773 940 1840 voluntatem,
991 1773 1062 1830 ita
1113 1789 1178 1830 eo
1230 1783 1422 1832 contra
1469 1788 1902 1846 unumquemque

1989 551 2130 622 fecit,
2161 567 2254 606 nec
2289 553 2482 628 gaudet
2523 553 2578 606 in
2626 552 2913 624 perditione
2939 553 3170 610 vivorum
3199 553 3470 630 (Sapient.
3495 558 3568 632 ι).

1991 641 2057 698 Et
2079 642 2204 698 inde
2230 653 2316 700 est
2344 644 2486 714 quod
2513 644 2833 716 plerumque
2861 645 2987 702 dum
3015 661 3111 718 pro
3129 648 3283 704 nobis
3303 653 3574 708 contraria

1991 735 2366 806 postulamus,
2413 738 2498 794 vel
2543 739 2750 796 tardius
2779 741 2863 797 vel
2895 757 3233 813 nequaquam
3267 755 3449 800 nostra
3480 763 3574 802 ex-

1992 827 2206 884 auditur
2257 829 2464 899 oratio;
2514 839 2568 888 et
2605 847 2817 904 rursus,
2867 850 2930 890 ea
2977 851 3096 907 quas
3143 837 3412 894 credimus
3450 855 3575 897 esse

1994 923 2284 988 contraria,
2327 923 2552 992 utiliter,
2585 933 2646 982 ut
2675 927 3091 1000 benignissimus
3119 933 3384 1000 medicus,
3413 937 3574 992 etiam

1995 1011 2338 1070 invitissimis
2367 1017 2626 1074 Dominus
2656 1019 2862 1078 inferre
2891 1022 3173 1094 dignatur;
3213 1041 3275 1082 ac
3307 1043 3579 1084 nonnum~

1996 1121 2158 1179 quam
2215 1111 2550 1181 perniciosas
2601 1111 2990 1184 dispositiones
3047 1127 3260 1175 nostras
3317 1121 3576 1178 Ietbales—

1996 1215 2104 1272 que
2161 1211 2389 1260 conatus
2455 1205 2522 1261 ab
2571 1205 2766 1264 ell'ectu
2833 1209 3142 1268 detestabili
3213 1215 3452 1271 retardat
3517 1233 3580 1272 ac

1997 1303 2260 1363 revocat;
2305 1311 2372 1354 ac
2423 1309 2777 1368 properantes
2824 1301 2892 1356 ad
2945 1313 3176 1362 mortem
3235 1307 3466 1364 retrahit
3512 1311 3581 1366 ad

1997 1386 2266 1458 salutem,
2328 1398 2384 1446 et
2449 1389 2517 1448 de
2570 1390 2768 1448 inferni
2830 1392 3074 1454 faucibus
3135 1399 3370 1456 extrahit
3429 1400 3584 1473 igno-

1998 1490 2202 1542 rantes.

2588 1555 2816 1616 CAPUT
2853 1559 2992 1616 Vill.

2283 1649 2362 1706 De
2391 1653 2562 1726 gratia
2588 1651 2687 1708 Dei
2703 1697 2718 1723 ,
2749 1662 2798 1709 et
2827 1655 3030 1711 arbitrii
3055 1656 3302 1716 libertate.

2075 1765 2244 1836 Quam
2283 1783 2472 1826 curam
2497 1781 2660 1841 atque
2695 1771 3088 1842 providentiam
3118 1775 3258 1832 circa
3291 1793 3390 1833 nos
3427 1793 3580 1836 suam

313 1879 496 1920 eorum
521 1864 762 1935 quotidie
793 1865 1166 1934 proclamante
1197 1885 1210 1920 :
1240 1867 1603 1924 Convertimini
1630 1886 1661 1922 a
1687 1869 1786 1922 siis
1819 1883 1904 1922 ue-
1931 1851 1980 1916 Β
2006 1861 2107 1916 ωδ
2157 1862 2328 1934 ﬁgura
2379 1863 2682 1920 meretricis
2724 1863 3022 1922 Jerusalem
3069 1879 3126 1924 et
3179 1871 3480 1940 perniciosa
3521 1871 3588 1927 ad

312 1957 428 2012 stris
441 1957 703 2029 pessimis,
718 1967 764 2012 et
787 1973 946 2026 quare
965 1959 1276 2028 moriemini,
1293 1961 1476 2016 domus
1493 1960 1660 2016 Israel
1675 1960 1834 2034 (Iln'd.
1846 1961 1900 2032 )i

315 2047 380 2103 Et
411 2049 606 2104 iterum
639 2067 656 2103 τ
689 2049 902 2118 Quoties
922 2051 1062 2106 volui
1083 2067 1394 2126 congregare
1425 2053 1562 2124 ﬁlios
1589 2063 1705 2110 tuos
1725 2098 1742 2122 ,
1775 2055 1905 2110 sicut

315 2141 512 2215 gallina
539 2153 820 2216 congregat
852 2145 1026 2218 pullos
1045 2163 1170 2202 suos
1188 2146 1284 2202 sub
1311 2147 1428 2204 alas
1454 2163 1598 2214 suas,
1621 2155 1670 2202 et
1695 2147 1906 2202 noluisti

315 2235 544 2306 (Matth.
579 2237 776 2308 sxnt)?
806 2235 874 2290 Et
899 2255 1062 2310 quare
1081 2279 1098 2306 ,
1124 2238 1329 2309 inquit,
1355 2255 1564 2294 aversus
1586 2247 1660 2294 est
1687 2241 1909 2311 populus

313 2327 410 2384 iste
433 2329 490 2382 in
511 2326 828 2398 Jerusalem,
863 2331 1128 2386 aversione
1148 2333 1500 2386 contentiosa?
1527 2329 1912 2386 Induraverunt

318 2419 474 2492 {acies
497 2419 670 2496 [Lips.
702 2423 758 2476 in
779 2440 944 2496 marg.
971 2419 1240 2496 cervices]
1259 2441 1402 2488 suas,
1429 2423 1710 2480 noluerunt
1734 2425 1912 2480 reverti

317 2515 530 2589 (leum.
555 2517 692 2590 vni).
724 2517 752 2557 ιι
783 2517 992 2574 Praesto
1011 2527 1098 2574 est
1119 2534 1254 2590 ergo
1292 2519 1536 2590 quotidie
1561 2518 1764 2574 Christi
1790 2533 1912 2589 gra-

321 2610 412 2676 tis,
441 2625 568 2680 quas
591 2610 720 2665 dum
749 2613 856 2664 calt
885 2627 1060 2666 omnes
1102 2611 1336 2666 homines
1383 2612 1552 2667 salios
1600 2612 1735 2684 ﬁeri,
1765 2619 1814 2666 et
1843 2612 1912 2666 ad

322 2703 632 2774 agnitionem
654 2703 882 2758 veritatis
913 2704 1102 2770 venire,
1139 2715 1362 2762 cunctos
1389 2705 1594 2776 absque
1625 2705 1732 2760 ulla
1757 2719 1916 2762 exce-

323 2795 504 2868 ptione
533 2804 832 2862 convocat,
884 2795 1108 2852 dicens:
1165 2797 1340 2852 Venite
1379 2798 1446 2852 ad
1475 2813 1584 2864 nte,
1625 2813 1800 2852 osnnes
1827 2798 1918 2868 qui

327 2889 574 2944 laboratis
597 2898 648 2944 et
665 2889 869 2943 onerati
883 2889 1022 2956 estis,
1039 2897 1086 2944 et
1114 2905 1206 2962 ego
1226 2891 1454 2960 reﬁciam
1471 2907 1558 2945 eos
1580 2889 1798 2962 (Matth.
1818 2889 1916 2962 ιι).

326 2981 380 3038 Si
409 2993 593 3038 autem
619 2997 722 3038 non
756 2997 948 3040 omnes
978 2983 1384 3050 universaliter,
1413 2985 1510 3042 sed
1533 2985 1796 3054 quosdam
1821 2984 1918 3040 ad-

325 3087 508 3142 vocat,
541 3075 790 3148 sequitur
821 3085 882 3132 ut
903 3091 1004 3132 nec
1027 3091 1222 3134 otnnes
1245 3079 1356 3134 sint
1381 3079 1612 3142 onerati,
1645 3079 1732 3132 vel
1762 3077 1923 3147 origi-

325 3170 434 3224 nali
463 3171 554 3224 vel
583 3169 780 3224 actuali
814 3179 1072 3238 peccato,
1105 3185 1204 3226 nec
1235 3185 1361 3226 vera
1391 3173 1462 3226 sit
1499 3172 1592 3226 illa
1617 3171 1919 3228 sententia:

331 3260 516 3316 Omnes
541 3263 679 3318 enim
709 3273 1050 3334 peccauerunt
1077 3271 1126 3318 et
1152 3275 1300 3338 egent
1329 3265 1496 3338 gloria
1523 3263 1620 3320 Dei
1639 3309 1654 3332 ,
1687 3281 1788 3322 nec
1831 3281 1920 3336 per
1947 3241 1996 3309 α

327 3369 498 3410 omnes
520 3353 754 3410 homines
781 3373 916 3410 mors
943 3358 1279 3424 pertransisse
1307 3357 1556 3414 credatur
1589 3358 1774 3428 (Rom.
1803 3355 1916 3428 ιιι).

329 3445 394 3502 Et
421 3447 474 3502 in
501 3457 710 3504 tantum
737 3463 928 3504 omnes
957 3449 1046 3520 qui
1076 3459 1326 3519 pereunt,
1355 3459 1542 3506 contra
1575 3451 1668 3506 Dei
1691 3459 1919 3521 pereunt

327 3541 684 3609 voluntatem,
712 3553 772 3598 ut
793 3557 894 3599 nec
925 3541 1096 3613 ipsam
1123 3554 1352 3600 mortem
1384 3543 1528 3600 Deus
1557 3545 1748 3604 iecisse
1772 3545 1912 3602 dica-

2003 1955 2276 2012 idolorum
2319 1957 2522 2014 cultum
2577 1959 2858 2016 alacritate
2911 1961 3204 2030 tendentis,
3255 1979 3350 2033 per
3395 1965 3590 2022 Oscam

2003 2049 2322 2122 prOphetatn
2363 2065 2542 2108 sermo
2584 2051 2802 2110 divinus
2841 2053 3119 2124 eleganter
3162 2057 3453 2126 expressit.
3499 2057 3592 2112 Di-

2007 2149 2164 2198 cente
2211 2155 2448 2212 umque
2476 2157 2538 2197 ea
2573 2161 2586 2196 :
2625 2141 2820 2197 Vadam
2861 2155 2976 2214 post
3013 2155 3266 2203 amatores
3303 2163 3466 2218 meos,
3506 2149 3594 2219 qui

2007 2235 2134 2290 dant
2155 2251 2311 2308 panes
2334 2233 2479 2304 mihi,
2509 2243 2558 2290 et
2578 2251 2740 2306 aquas
2761 2253 2918 2304 meas,
2949 2239 3122 2292 lanam
3145 2256 3330 2306 meam,
3359 2249 3406 2294 et
3431 2240 3592 2295 linum

2009 2345 2202 2396 meum,
2229 2329 2397 2386 oleum
2427 2347 2620 2395 meum,
2647 2341 2696 2384 et
2735 2341 2910 2402 potum
2943 2347 3136 2398 meum,
3173 2334 3474 2400 respondit,
3508 2347 3592 2390 sa-

2013 2422 2108 2476 luti
2139 2421 2280 2492 ejus,
2311 2435 2418 2478 non
2449 2422 2738 2488 voluntati,
2771 2421 3062 2478 consulens
3089 2421 3268 2478 divina
3297 2423 3542 2492 dignatio
3573 2439 3592 2481 :

2013 2513 2146 2568 Ecce
2174 2529 2268 2586 ego
2292 2515 2488 2586 sepiam
2515 2515 2652 2568 siam
2689 2517 2802 2588 ejus
2831 2515 3014 2586 spinis,
3045 2525 3094 2570 et
3121 2517 3317 2586 sapiant
3341 2531 3452 2568 eam
3479 2531 3594 2570 ma-

2012 2608 2170 2674 ceria,
2213 2615 2262 2664 et
2293 2611 2500 2666 semitas
2543 2625 2665 2663 snas
2701 2625 2804 2663 non
2833 2609 3074 2675 inveniet,
3105 2617 3152 2664 et
3181 2618 3417 2680 sequetur
3447 2626 3595 2663 ama-

2017 2711 2148 2758 tores
2192 2719 2333 2768 suos,
2361 2713 2408 2758 et
2433 2720 2536 2758 non
2563 2705 2944 2775 apprehendet;
2973 2713 3020 2760 et
3047 2713 3236 2773 artaret
3263 2721 3370 2772 eos,
3398 2722 3488 2760 nec
3517 2707 3598 2758 in-

2017 2795 2182 2850 veniet
2203 2794 2343 2860 illos,
2362 2805 2408 2849 et
2429 2795 2564 2849 dicet
2585 2811 2604 2850 :
2633 2795 2879 2851 Ret‘ertar
2903 2797 2974 2850 ad
2996 2797 3164 2850 virum
3187 2813 3354 2850 meum
3378 2799 3600 2866 priorem

2018 2889 2138 2960 quia
2164 2887 2288 2942 bene
2314 2889 2438 2942 mihi
2463 2897 2572 2944 erat
2597 2897 2718 2944 tunc
2735 2891 2896 2960 magis
2916 2907 3068 2960 quam
3085 2907 3222 2946 nunc
3249 2899 3322 2946 est
3345 2889 3489 2962 (Ose.
3518 2891 3599 2964 ιι).

2021 2981 2100 3036 Ac
2141 2995 2330 3036 rursus
2371 2981 2742 3036 contumacias
2793 2991 3006 3036 nostras
3046 2993 3208 3052 atque
3237 2995 3601 3052 contemptus,

2021 3075 2220 3145 quibus
2247 3091 2368 3130 eum
2397 3075 2464 3130 ad
2493 3076 2758 3130 salutares
2789 3076 3102 3131 invitantem
3137 3091 3388 3132 recursus
3415 3075 3607 3132 rebelli

2023 3167 2216 3238 spiritu
2245 3169 2620 3240 dedignamur,
2651 3169 2739 3224 tali
2771 3172 3174 3236 comparatione
3203 3170 3461 3226 describit
3493 3187 3504 3222 :
3541 3168 3608 3222 Et

2027 3263 2158 3328 dimi,
2205 3263 2402 3332 inquit,
2433 3259 2648 3316 Patrem
2674 3265 2878 3318 vocabis
2913 3281 3014 3328 me,
3057 3273 3108 3320 et
3140 3273 3256 3334 post
3293 3279 3372 3318 me
3409 3263 3612 3334 ingredi

2028 3371 2130 3410 non
2155 3355 2398 3409 cessabis.
2431 3355 2538 3410 Sed
2563 3355 2822 3426 quomodo
2856 3357 2900 3410 si
2941 3363 3230 3409 contemnat
3257 3356 3440 3410 mulier
3468 3371 3613 3410 ama-

2025 3456 2186 3502 torem
2221 3463 2392 3512 suum,
2427 3447 2500 3500 sic
2525 3448 2830 3520 contempsit
2860 3461 2940 3500 me
2965 3451 3150 3500 domas
3179 3445 3371 3512 Israel,
3404 3446 3478 3498 ait
3503 3444 3614 3500 Do-

2023 3543 2191 3594 minus
2217 3539 2430 3612 (Jrrem.
2462 3539 2566 3612 ιιι).
2589 3539 2736 3596 Satis
2756 3553 3014 3610 congrue,
3038 3539 3294 3610 quoniam
3315 3538 3614 3596 Jerusalem

1389 3708 1650 3766 ALARDI
1691 3707 1927 3768 GAZIEI
1963 3706 2538 3766 COMMENTARIUS.

333 3825 456 3881 Haec
470 3826 530 3900 S.
553 3825 810 3890 Thomas,
833 3825 1116 3900 explicans
1143 3827 1338 3882 deinde
1361 3829 1608 3900 pluribus
1635 3845 1754 3900 quae
1776 3827 1922 3886 dica-

337 3907 418 3952 tur
439 3899 686 3971 voluntas
705 3897 1052 3971 antecedens,
1078 3915 1196 3970 quae
1219 3897 1582 3968 consequens;
1612 3897 1731 3971 qua:
1753 3901 1924 3956 lector

333 3969 474 4037 apud
499 3969 676 4037 ipsum
709 3969 966 4036 requirat.
1001 3971 1172 4024 Porro
1207 3971 1522 4027 Damasceni
1563 3969 1828 4028 sententia
1858 3974 1926 4028 de

334 4041 612 4114 voluntate
643 4039 734 4094 Dei
753 4040 1116 4114 antecedente
1142 4051 1196 4096 et
1220 4053 1588 4114 consequente
1621 4043 1698 4098 sic
1725 4045 1920 4100 habet:

340 4110 618 4164 Sciendum
645 4121 718 4162 est
743 4110 906 4164 Deum
928 4115 1282 4167 antecedenter
1303 4110 1426 4168 vcllé
1451 4131 1624 4169 omnes
1643 4115 1856 4178 salvari,
1879 4123 1928 4170 et

338 4197 492 4252 regno
517 4182 682 4256 ipsius
705 4183 877 4252 patiri.
922 4181 1044 4256 Non
1072 4187 1204 4256 enim
1235 4187 1302 4237 ad
1333 4188 1468 4254 puni.
1490 4185 1646 4240 mlum
1691 4187 1930 4256 {armavit

339 4269 462 4318 nos;
481 4253 595 4318 sed,
629 4260 888 4319 tamquam
915 4253 1094 4316 bonus,
1127 4255 1196 4308 ad
1221 4253 1588 4312 stratbonitatis
1615 4253 1928 4312 communio-

339 4341 452 4400 nem
469 4341 486 4388 ;
500 4333 790 4400 peccatores
816 4335 982 4400 autem
999 4325 1104 4378 vult
1127 4327 1328 4394 punire,
1348 4339 1604 4396 tamquam
1623 4333 1817 4400 justus.
1837 4327 1932 4382 Di-

338 4399 468 4448 citur
509 4411 632 4468 ergo
655 4397 795 4468 prior
823 4397 1060 4452 voluntas
1087 4401 1414 4464 antecedens,
1458 4407 1504 4452 ct
1534 4397 1930 4466 bcn'eplacitmn,

339 4468 567 4542 quam-in
589 4483 642 4520 se
653 4469 918 4542 concepit;
939 4470 1240 4542 alteraivcro
1263 4487 1574 4542 consequens
1597 4479 1642 4524 et
1665 4471 1930 4542 permissio

339 4553 406 4592 ea:
425 4539 570 4592 nobis
592 4553 806 4592 causam
833 4541 1043 4596 habens.
1077 4541 1200 4596 Haec
1233 4539 1610 4598 llatnascenns.
1649 4539 1932 4596 Voluntate

341 4609 522 4678 itaque
545 4613 907 4666 antecedente
933 4613 1051 4666 vult
1083 4615 1218 4667 Deus
1241 4627 1426 4670 omnes
1452 4615 1628 4670 salvas
1661 4613 1800 4682 ﬁeri,
1823 4613 1930 4668 hoc

341 4691 446 4756 est,
475 4689 734 4750 quantum
761 4685 816 4756 in
845 4697 904 4756 se
936 4697 1038 4756 est,
1074 4695 1128 4740 et
1158 4701 1224 4738 ex
1257 4695 1405 4756 parte
1443 4699 1560 4750 sua,
1589 4685 1712 4754 quia
1737 4701 1926 4740 otnnes

342 4751 410 4828 ad
449 4763 710 4808 aeternam
759 4753 1146 4828 beatitudinem
1185 4751 1445 4828 condidit,
1486 4767 1540 4811 et
1578 4751 1928 4828 congruentia

344 4819 412 4873 ad
453 4835 572 4876 eam
617 4825 1048 4894 consequendam
1101 4827 1272 4882 media
1315 4819 1566 4884 omnibus
1608 4819 1840 4882 ins'tituit
1875 4837 1930 4884 et

345 4901 591 4968 prtestat.
630 4893 924 4968 Voltmtate
951 4907 1130 4952 autem
1173 4909 1539 4968 consequente
1578 4909 1631 4954 ct
1661 4899 1928 4964 absoluta.

345 4963 460 5042 vult
501 4962 796 5032 unicuique
835 4967 1060 5020 reddere
1086 4969 1234 5042 juxta
1266 4962 1430 5042 opera
1472 4985 1590 5036 sua,
1623 4962 1928 5042 praemium,

347 5041 592 5111 inqam,
616 5047 700 5088 aut
733 5049 968 5111 pinnam,
1003 5041 1450 5111 quemadmodum
1479 5043 1562 5096 lex
1592 5041 1861 5111 aequitatis
1878 5047 1932 5096 et

346 5103 570 5182 iustitiae
599 5103 847 5182 postulat.
880 5105 996 5160 Non
1015 5103 1175 5182 ’_enim
1209 5112 1514 5166 misericors
1543 5103 1748 5166 tantum
1791 5127 1930 5182 prte-

348 5175 579 5248 dicatnr,
607 5178 700 5233 sed
729 5187 780 5230 et
794 5177 972 5248 justus
1005 5175 1276 5235 Dominus.

424 5256 450 5322 ᾗ
481 5247 596 5302 Non
630 5247 824 5322 contra
853 5249 1184 5322 voluntatem
1225 5252 1548 5312 absolutam,
1590 5267 1708 5322 qua:
1735 5251 1932 5310 dicitur

353 5317 600 5372 voluntas
629 5319 973 5392 beneplaciti,
1004 5321 1072 5376 de
1093 5337 1194 5390 qua
1221 5323 1422 5378 dictum
1444 5335 1554 5378 est:
1578 5317 1760 5378 timnia
1789 5341 1931 5392 qure-

350 5405 564 5466 cumque
585 5391 746 5466 solunit
775 5391 1046 5466 I_)_omintts,
1082 5395 1198 5464 fecit
1229 5395 1282 5448 in
1303 5395 1428 5448 calo
1456 5403 1500 5446 et
1528 5395 1580 5448 in
1601 5403 1735 5466 terra
1759 5391 1930 5466 (Psal.

349 5459 618 5539 cxxxtv)?
649 5463 744 5529 Et,
789 5461 1050 5539 Voluntati
1080 5459 1194 5539 ejus
1222 5469 1332 5539 quis
1369 5467 1556 5520 resistit
1590 5459 1784 5539 (Romi
1811 5483 1861 5520 ιχ
1881 5467 1934 5535 )‘l

349 5531 450 5604 sed
501 5531 688 5588 c0ntra
732 5534 1056 5590 voluntatem
1096 5531 1532 5600 antecedentem,
1586 5531 1687 5604 qua
1737 5531 1931 5594 dicitur

351 5601 500 5656 Deus
529 5605 681 5678 velle
707 5619 894 5678 omnes
933 5607 1178 5662 homines
1209 5611 1384 5662 salvus
1417 5609 1554 5673 ﬁeri,
1586 5601 1842 5678 quantum
1879 5611 1930 5664 in

347 5685 422 5750 se
451 5683 552 5740 est,
594 5676 716 5750 quia
749 5677 1016 5730 neminem
1061 5679 1284 5750 impedit
1317 5695 1348 5732 a
1377 5681 1573 5744 salute,
1605 5676 1702 5734 sed
1743 5695 1932 5736 omnes

349 5743 566 5820 adeam
591 5745 778 5820 invitat
798 5757 854 5802 et
885 5743 1158 5820 provocat,
1185 5761 1240 5804 ut
1260 5750 1460 5804 dictum
1487 5743 1569 5806 est
1587 5766 1602 5816 ;
1631 5751 1716 5806 vel
1745 5761 1930 5805 contra

356 5817 694 5892 voluntatem
722 5817 1030 5892 signi,‘quia
1053 5819 1196 5876 Deus
1219 5833 1488 5892 prtccepta
1511 5833 1565 5877 et
1587 5823 1807 5876 consilia
1832 5835 1933 5878 sua

359 5879 562 5952 quibus
587 5879 1156 5948 adesalutctn'instruit
1192 5879 1244 5948 e't
1283 5879 1494 5958 inviiat,
1526 5892 1774 5947 omnibus
1805 5907 1931 5962 pro-

2030 3827 2227 3898 posuit.
2259 3827 2520 3884 Voluntas
2556 3825 2700 3880 cnim
2732 3825 2872 3895 signi
2901 3823 3096 3880 dicitur
3123 3825 3334 3894 signum
3363 3827 3612 3882 volunta-

2031 3897 2098 3956 tis
2127 3901 2270 3970 cjus,
2301 3907 2369 3970 ut
2387 3907 2518 3970 sunt
2543 3905 2814 3969 pratcepta
2841 3907 2899 3954 et
2927 3897 3150 3952 consilia
3181 3915 3194 3954 :
3223 3901 3362 3954 sicut
3385 3899 3618 3954 dicimus

2032 3968 2240 4026 litteras
2297 3968 2554 4040 principis
2605 3968 2738 4026 esse
2775 3970 3100 4026 voluntatem
3154 3970 3342 4040 ipsius,
3401 3972 3454 4026 id
3513 3981 3617 4039 est,

2033 4043 2245 4098 sianum
2279 4043 2592 4096 voluntatis.

2673 4113 2872 4168 intuitu
2901 4113 2984 4180 pia
3015 4121 3072 4168 et
3093 4113 3378 4178 catholica,
3412 4114 3620 4170 valent-

2033 4201 2138 4256 quc
2169 4185 2234 4238 ad
2261 4183 2600 4256 probandum
2623 4185 2876 4240 omnibus
2906 4185 3212 4240 hominibus
3243 4201 3342 4253 pro
3373 4195 3622 4252 tempore

2034 4255 2088 4312 et
2127 4258 2246 4312 loco
2286 4256 2402 4312 dari
2439 4255 2714 4312 sufficiens
2752 4257 3008 4310 auxilium
3037 4259 3248 4326 gratim,
3291 4273 3398 4325 quo
3427 4256 3622 4310 salvari

2037 4330 2268 4397 possint,
2305 4329 2600 4382 secundum
2639 4327 3058 4396 probabiliorem
3089 4327 3462 4397 theologorum
3497 4343 3623 4382 sen-

2036 4403 2277 4454 tentiam.
2325 4399 2522 4454 Verum
2571 4399 2774 4466 aliquid
2815 4400 2946 4454 latet
2987 4398 3042 4452 in
3087 4413 3326 4464 recessu,
3365 4399 3508 4469 quod
3553 4398 3620 4452 ad

2041 4469 2494 4538 Pelaginnismum
2537 4479 2762 4536 spectat,
2807 4479 2866 4522 ut
2902 4483 2972 4524 ex
3016 4469 3176 4525 dictis
3209 4469 3386 4538 colligi
3421 4479 3616 4538 potest.

2039 4541 2312 4596 Sententia
2337 4539 2607 4610 siquidem
2631 4539 3038 4610 Pelagianorum
3069 4539 3196 4607 fuit,
3223 4551 3276 4595 et
3313 4557 3502 4596 eorum
3530 4543 3621 4610 qui

1959 4639 2012 4704 Β
2041 4611 2348 4704 Pelagianisl
2386 4613 2440 4664 in
2465 4609 2646 4704 Ili-allia
2687 4611 2896 4664 occulte
2934 4609 3210 4676 favebant,
3246 4615 3484 4704 gratiam
3528 4613 3620 4666 Dei

2035 4685 2286 4738 omnibus
2333 4681 2642 4734 hominibus
2675 4695 2918 4748 paratam
2965 4696 3110 4744 esse.
3151 4683 3310 4738 modo
3357 4683 3462 4751 ipsi
3499 4697 3622 4736 eam

2033 4765 2217 4824 petere
2255 4764 2310 4812 et
2343 4751 2594 4824 excipere
2619 4752 2785 4824 velint
2812 4769 2834 4824 7:
2869 4765 3028 4824 posse
3053 4761 3236 4808 autem
3263 4767 3624 4823 unmnquemo

2034 4822 2140 4895 quo
2169 4841 2232 4880 ex
2268 4825 2474 4880 viribus
2513 4822 2670 4895 liberi
2708 4822 2940 4887 arbitrii,
2973 4823 3092 4880 sine
3137 4825 3240 4878 alia
3282 4822 3458 4892 gratia
3485 4839 3624 4895 prte-

2035 4894 2286 4952 vcniente
2331 4895 2500 4964 ipsam
2541 4894 2766 4964 gratiam
2811 4903 3086 4964 expetere,
3139 4895 3409 4957 invocare,
3463 4894 3622 4950 exci-

2034 4983 2184 5036 pere.
2217 4969 2286 5024 At
2308 4963 2578 5022 sententia
2597 4963 3000 5036 catholicorum
3025 4963 3130 5036 est,
3157 4965 3430 5036 neminem
3461 4979 3623 5032 posse

2037 5035 2246 5106 petere,
2295 5039 2566 5100 invocare,
2612 5035 2778 5091 immo
2822 5049 2891 5092 ne
2935 5035 3170 5106 cogitare
3219 5035 3460 5105 quidem,
3515 5037 3624 5090 nisi

2036 5109 2402 5180 praeveniente
2427 5108 2522 5180 Dei
2542 5107 2718 5178 gratia
2743 5108 2810 5162 ad
2836 5107 3144 5178 petendum,
3175 5107 3527 5180 pulsandum,
3543 5108 3625 5160 in-

2035 5177 2340 5236 vocandum
2381 5177 2652 5236 excitetur
2680 5187 2736 5234 et
2765 5177 3080 5234 moueatur:
3129 5177 3356 5244 proinde
3395 5179 3622 5246 gratiam

2037 5251 2132 5308 Dei
2173 5263 2228 5308 et
2273 5253 2568 5308 motionem
2611 5250 2848 5318 Spiritus
2887 5249 3056 5304 sancti
3101 5263 3404 5319 praevenire
3441 5249 3624 5303 omnia

2037 5324 2330 5392 desideria,
2369 5337 2586 5378 omnem
2624 5323 3020 5377 invocationem
3063 5331 3325 5392 nostram.
3366 5320 3624 5392 Qumlin

2040 5396 2273 5450 concilio
2316 5391 2656 5450 Arausionnn
2707 5393 2986 5448 deﬁnitum
3035 5392 3262 5446 habetur
3311 5391 3392 5444 his
3441 5391 3624 5446 verbis

2041 5463 2193 5536 (Can.
2217 5465 2302 5538 5):
2331 5465 2392 5522 Si
2419 5467 2530 5531 quis
2555 5465 2874 5538 invocatione
2893 5463 3120 5517 humana
3138 5464 3360 5538 gratiam
3381 5462 3480 5514 Dei
3499 5461 3628 5538 dicit

2039 5533 2186 5608 posse
2215 5533 2458 5607 cortferri,
2491 5551 2592 5590 nan
2619 5545 2788 5608 autem
2810 5536 2984 5608 ipsam
3016 5535 3240 5608 gratiam
3270 5533 3520 5608 facerent
3546 5533 3630 5586 in-

2039 5604 2244 5663 bocetur
2273 5604 2510 5670 a'rtobis;
2541 5604 2842 5660 contradicit
2867 5605 3024 5658 Isaia:
3043 5605 3334 5674 prophetat,
3385 5606 3459 5658 uel
3488 5604 3628 5672 Apo-

2038 5681 2170 5733 stolo
2213 5681 2346 5734 idem
2375 5679 2560 5732 dicenti
2594 5694 2610 5730 :
2643 5675 2892 5730 Iuventus
2935 5692 3052 5730 sum
3090 5694 3123 5730 ιι
3149 5693 3254 5730 non
3285 5677 3626 5745 quaerentibus

2041 5767 2150 5816 me;
2171 5751 2342 5821 palam
2369 5749 2590 5820 apparui
2611 5747 2690 5802 his
2713 5747 2898 5816 quinte
2919 5765 3024 5802 non
3042 5747 3428 5818 interrogabant
3447 5745 3628 5819 (Isaia

2041 5838 2165 5889 va,
2201 5823 2347 5876 Itoni.
2381 5821 2454 5890 χ).
