4078 6332
446 343 548 403 911

1503 335 1788 394 ,ιοΑΝΝιδ
1825 335 2141 396 CASSIANI
2177 334 2675 394 COLLATIONES.

3609 333 3714 395 913

444 421 710 512 adultera
758 457 1165 522 comparaverat
1210 463 1239 503 a
1289 463 1388 504 suo
1433 451 1660 518 conjuge
1700 448 2021 515 discedenti,
2050 451 2104 513 Α
2129 449 2383 505 feminam
2419 449 2710 520 diligentis,
2747 445 2838 518 qui
2869 453 3072 518 quanto
3110 446 3280 518 magis
3319 446 3514 518 negligi
3545 461 3606 504 se
3635 448 3704 503 ab

443 561 683 603 amorem
711 559 924 616 quoque
963 557 1025 597 ac
1057 541 1511 612 perseverantiam
1538 541 1887 612 benignitatis
1914 556 2025 596 suae

444 639 562 696 viro
586 639 676 712 qui
703 655 731 693 a
759 638 956 694 femina
984 636 1272 703 deseritur,
1297 636 1644 706 comparavit.
1677 636 1854 691 Pietas
1881 636 2022 691 enim

443 752 508 793 ac
536 735 750 791 dilectio
792 735 909 800 Dei,
953 748 1074 804 quae
1113 733 1257 786 circa
1286 730 1578 786 humanum
1608 747 1778 802 genus
1807 745 2025 801 semper

444 829 794 900 impenditur,
823 843 888 883 eo
915 826 1056 896 quod
1086 825 1247 880 nullis
1273 825 1344 882 ita
1375 826 1620 880 vincatur
1648 824 1878 895 injuriis,
1907 831 1967 878 ut
1991 837 2022 878 a

442 937 572 977 cura
598 931 798 975 nostrae
826 918 1017 972 salutis
1047 916 1326 983 abscedat,
1358 925 1413 971 et
1441 913 1836 986 quodammodo
1860 927 2022 982 snpe-

439 1026 556 1071 rata
593 1013 966 1084 iniquitatibus
997 1011 1198 1066 nostris
1227 1025 1257 1064 a
1289 1009 1571 1080 principali
1612 1023 1710 1063 suo
1749 1007 2024 1077 proposito

439 1119 741 1174 revocetur,
775 1105 944 1177 magis
976 1104 1192 1174 proprie
1221 1104 1450 1173 exprimi
1483 1103 1583 1156 alia
1617 1101 2025 1171 comparatione

437 1220 543 1260 non
574 1201 765 1274 potuit,
804 1215 962 1271 quam
999 1198 1247 1268 exemplo
1292 1198 1390 1252 viri
1421 1196 1805 1252 ardentissimo
1839 1207 2026 1248 amore

2133 558 2195 598 ea
2224 544 2475 609 senserit,
2513 553 2661 598 tanto
2690 541 3114 598 vehementioris
3146 541 3288 597 circa
3325 556 3442 597 eam
3483 542 3583 598 zeli
3617 557 3712 598 ar-

2133 635 2266 691 dore
2306 635 2630 690 ﬂammatur.
2676 635 2842 690 Adest
2885 635 3044 706 igitur
3080 635 3510 706 inseparabiliter
3554 636 3710 693 nobis

2131 744 2344 800 semper
2366 729 2545 785 divina
2571 729 2854 799 protectio,
2877 736 3132 798 tantaque
3151 738 3232 784 est
3257 743 3381 800 erga
3410 738 3712 785 creaturam

2129 838 2279 878 suam
2313 825 2483 894 pietas
2509 823 2803 887 Creatoris,
2836 831 2895 876 ut
2925 838 3030 876 non
3053 821 3226 877 solum
3255 825 3540 879 comitetur
3563 839 3710 896 eam,

2129 917 2221 973 sed
2251 917 2413 973 etiam
2445 915 2712 986 praecedat
2737 915 2848 985 jugi
2878 915 3234 985 providentia.
3261 915 3430 982 Quam
3455 926 3714 987 expertus

2125 1009 2392 1080 Propheta
2443 1010 2670 1064 Domino
2714 1009 3054 1080 apertissime
3098 1008 3406 1075 conﬁtetur,
3457 1010 3642 1065 dicens
3696 1026 3710 1063 :

2125 1099 2266 1155 Deus
2314 1117 2480 1166 meus,
2526 1099 2882 1154 misericordia
2928 1103 3040 1171 ejus
3084 1101 3355 1171 pra'veniet
3403 1117 3484 1156 me
3531 1099 3712 1171 (Psal.

2126 1193 2297 1264 LVIII).
2337 1202 2363 1230 ι
2393 1193 2493 1260 Qui
2539 1207 2660 1248 cum
2702 1191 2754 1246 in
2805 1191 2962 1247 nobis
3007 1202 3184 1248 ortum
3220 1193 3508 1264 quemdam
3553 1195 3712 1249 bona:

1515 1332 1771 1391 ALABDI
1812 1328 2045 1388 GAZIEI
2082 1325 2642 1387 COMMENTARIUS.

511 1474 536 1501 δι
570 1457 664 1518 liic
693 1467 773 1514 est
801 1457 938 1526 lapis
965 1451 1300 1526 oﬁ‘ensionis,
1331 1460 1387 1506 et
1425 1457 1574 1519 petra
1603 1446 2019 1526 scandali,_pri_-

437 1552 578 1600 mus,
603 1535 840 1602 inquam,
859 1518 921 1580 'et
950 1528 1248 1602 pnecipnus
1272 1518 1473 1602 lapsus,
1495 1518 2018 1602 et_crro_r.Cassiani_,

437 1589 541 1678 quo
566 1589 694 1658 ἰιιιιῖ
735 1589 872 1678 ipse,
917 1589 1026 1678 tum
1058 1589 1170 1678 alii
1206 1589 1509 1678 prcsbxteri
1553 1593 1927 1678 {lassilienses'
1953 1589 2022 1678 ab

437 1664 572 1749 ῑῇςη,
607 1686 661 1729 ut
687 1664 963 1749 Acri-ditur1
985 1668 1195 1749 imbuti,
1221 1666 1523 1749 doctrinam
1650 1664 2020 1749 Attgttstinide

435 1738 604 1819 gratia
635 1746 891 1819 adversus
930 1740 1247 1819 Pelagianos
1286 1738 1674 1806 promulgatam
1708 1740 2020 1819 imppgnare

435 1805 498 1874 ac
537 1814 934 1886 reprehendere
965 1805 1201 1880 aggressi
1224 1817 1385 1886 sunt.
1428 1805 1922 1886 magnumquejtac
1949 1805 2015 1858 de

434 1877 902 1946 causa-dissidium
929 1895 976 1936 et
1002 1877 1398 1935 contentionem
1431 1879 1483 1931 in
1517 1877 1756 1931 Ecclesia
1784 1877 2014 1930 Gallica-

435 1979 502 2016 na
535 1961 856 2014 excitarunt.
892 1951 1040 2020 Quod
1067 1963 1120 2005 ut
1145 1950 1347 2005 clarius
1376 1956 1430 2002 et
1457 1949 1793 2020 commodius
1819 1947 2016 2020 intelli-

435 2044 613 2101 gatur,
649 2044 774 2101 cum
801 2041 873 2101 ex
914 2017 1004 2101 his
1035 2032 1154 2101 t0ta_
1175 2020 1732 2101 reliquzecollationis
1774 2017 1931 2101 hujus
1961 2027 2013 2072 et

436 2090 810 2167 disnutationis
840 2093 1193 2167 intelligentia
1219 2091 1541 2160 dependeat,
1572 2106 1748 2167 opera:
1780 2090 2012 2167 pretium

435 2160 565 2229 duxi
609 2179 734 2225 ante
771 2169 950 2223 omnia
999 2160 1183 2234 paucis
1224 2177 1494 2234 exponere
1540 2178 1642 2230 qua
1686 2163 1752 2216 de
1780 2177 1839 2215 re
1873 2160 2015 2215 inter

431 2233 1068 2313 Augustimtm__ejus_the
1115 2233 1407 2302 discipulos
1459 2248 1524 2287 ex
1579 2248 1696 2313 tina
1735 2240 2016 2313 parte,“et

433 2302 773 2375 Cassianum,
805 2302 1184 2367 Massilienses,
1218 2316 1550 2371 caeterosquc
1583 2303 1764 2358 Gallos
1794 2319 1858 2357 ex
1887 2302 2008 2366 alia,

433 2387 654 2441 suborta
677 2383 837 2438 fuerit
859 2379 925 2434 de
948 2377 1267 2433 necessitate
1289 2377 1476 2446 gratim
1498 2375 1721 2444 ejusque
1742 2389 2011 2428 concursu

433 2471 556 2512 cum
594 2457 764 2510 libero
805 2450 1028 2505 arbitrio
1054 2447 1341 2502 dissensio.
1385 2446 1440 2501 In
1482 2446 1581 2500 hac
1611 2448 1770 2516 igitur
1799 2457 2016 2500 contro-

432 2529 609 2582 versia
640 2536 824 2580 contra
857 2522 996 2575 duos
1027 2534 1238 2572 errores
1270 2518 1521 2586 pugnavit
1557 2519 1616 2570 D.
1658 2517 2008 2586 Augustinus.

432 2599 671 2653 Primum
699 2605 886 2650 contra
926 2590 1202 2660 Pelagium
1248 2599 1301 2642 ct
1341 2590 1657 2660 leestium
1706 2588 2008 2660 lucreticos,

433 2671 522 2739 qni
565 2670 632 2723 de
677 2667 846 2740 gratia
886 2664 1004 2740 haec
1053 2659 1489 2740 asserebant._l°
1535 2659 2011 2740 possehominem

433 2729 564 2796 solis
609 2729 812 2794 nainra:
850 2734 1071 2800 viribus,
1121 2733 1236 2786 sola
1283 2730 1536 2786 facultate
1576 2729 1729 2785 liberi
1775 2730 2009 2798 arbitrii,

432 2813 636 2878 absque
661 2809 866 2864 auxilio
891 2805 1149 2878 ειιιοιξὶιιιί,⁸
1172 2819 1266 2878 seu
1304 2804 1474 2878 gratia
1511 2801 1599 2855 Dei
1631 2802 2010 2870 praeveniente,

433 2893 485 2936 et
511 2874 717 2936 interna
749 2880 1003 2942 motione,
1035 2875 1380 2937 excitatione,
1413 2874 1789 2938 illustratione,
1821 2888 2015 2928 conse-

433 2954 523 3016 qui
570 2952 766 3007 donum
812 2948 933 3003 lidei
975 2956 1025 2999 et
1069 2947 1294 3016 gratiam
1332 2944 1752 3011 justiﬁcationis,
1796 2958 2014 2999 servare

427 3061 436 3074 .
459 3016 598 3077 “tam
616 3023 810 3087 legem,
827 3032 1175 3089 perseverare
1192 3016 1463 3085 injustitia
1480 3030 1650 3089 usque
1672 3016 1735 3089 ad
1760 3026 2010 3089 mortem,

535 3085 752 3148 tandem
801 3085 963 3144 vitam
1010 3099 1265 3142 aeternam
1311 3086 1634 3156 promereri;
1680 3085 1739 3138 2°
1786 3085 2012 3154 gratiam

432 3157 634 3221 Christi
675 3163 964 3233 specialem
1003 3158 1373 3233 tantummodo
1406 3157 1758 3233 _utilem_essc
1799 3157 1863 3210 ad
1897 3157 2013 3212 lu-c

2127 1446 2449 1503 sentiebant.
2486 1446 2681 1503 Verum
2716 1446 2818 1502 hoc
2842 1445 3112 1502 addebant
3135 1463 3439 1516 erroneum,
3468 1460 3524 1506 et
3551 1468 3582 1506 a
3610 1467 3710 1509 vc-

2126 1519 2286 1591 ritate
2326 1520 2584 1586 alienum,
2630 1534 2790 1587 posse
2827 1519 2958 1591 oriri
2986 1536 3046 1572 cx
3079 1520 3233 1574 nobis
3277 1521 3424 1574 initia
3460 1523 3710 1591 quaedam

2124 1589 2386 1664 bonarum
2420 1592 2751 1645 voluntatum
2776 1599 2831 1645 et
2853 1590 3136 1645 affectuum
3167 1589 3505 1664 absqneulla
3535 1598 3710 1664 gratia

2123 1660 2322 1715 Christi
2368 1662 2598 1716 interius
2649 1671 2928 1728 movente;
2976 1678 3199 1730 quorum
3255 1663 3450 1718 intuitu
3505 1660 3711 1723 dcindc

2122 1732 2298 1805 gratia
2334 1733 2424 1787 Dei
2458 1733 2612 1788 nobis
2639 1733 2976 1805 conferretur
3003 1733 3067 1788 ad
3091 1734 3492 1805 promovendos
3517 1735 3712 1805 hujus-

2127 1803 2268 1858 modi
2299 1815 2525 1859 conatus
2552 1812 2607 1859 et
2639 1805 2720 1873 pia
2755 1803 3041 1858 desideria.
3082 1803 3398 1860 Seutiebant
3426 1803 3604 1875 itaque
3633 1810 3710 1863 li-

2121 1877 2308 1930 berum
2359 1877 2637 1932 arbitrium
2685 1877 2814 1930 solis
2859 1875 2972 1930 suis
3019 1876 3218 1930 viribus
3269 1892 3428 1944 posse
3476 1878 3710 1946 quodvis

2117 1963 2254 2016 opus
2297 1947 2494 2002 bonum
2534 1948 2808 2008 inchoare.
2839 1948 3115 2001 voluntate
3153 1947 3365 2012 saltem,
3403 1958 3596 2003 conatu
3638 1965 3708 2006 ac

2117 2019 2412 2090 desiderio,
2445 2034 2508 2073 ac
2537 2034 2633 2088 per
2663 2021 2764 2073 hoc
2792 2017 3127 2090 desiderium
3155 2019 3444 2088 impetrare
3467 2021 3704 2090 gratiam

2117 2089 2182 2142 ad
2229 2090 2636 2159 perficiendum,
2681 2089 2840 2159 idque
2880 2104 2972 2158 per
3011 2089 3228 2159 modum
3269 2091 3442 2144 meriti
3468 2089 3534 2146 de
3564 2107 3707 2146 con-

2115 2158 2249 2230 gruo
2277 2180 2287 2213 :
2323 2162 2462 2215 sicut
2485 2160 2658 2216 oratio
2687 2158 2882 2216 ex'ﬁde
2911 2158 3144 2228 profecta
3177 2161 3344 2228 (juxta
3375 2163 3704 2218 sententiam

2117 2231 2428 2303 Augustini)
2459 2233 2598 2287 valet
2622 2231 2688 2286 ad
2717 2231 2940 2300 gratiam
2964 2230 3371 2303 jttstilicationis
3403 2233 3704 2303 impetran-

2117 2301 2265 2374 dam,
2297 2301 2527 2374 eamque
2558 2315 2795 2374 meretur
2833 2318 2900 2374 ex
2939 2316 3196 2374 congruo.
3238 2301 3706 2374 Proinde‘merito

2116 2373 2447 2429 dicebantur
2484 2377 2594 2445 isti
2616 2389 2722 2430 non
2772 2373 3062 2445 Pelagiani,
3093 2373 3196 2445 sed
3227 2373 3650 2445 Semipelagiani
3681 2393 3701 2432 :

2114 2445 2237 2514 quia
2269 2461 2388 2499 cum
2419 2444 2667 2516 Pelagius
2699 2460 2872 2514 neque
2902 2444 2968 2497 ad
3001 2444 3383 2516 inchoandum,
3426 2444 3602 2516 neque
3630 2446 3704 2502 ad

2116 2515 2503 2585 perﬁciendum
2532 2530 2667 2583 opus
2706 2516 2902 2570 bonum
2937 2517 3163 2585 gratiam
3204 2515 3298 2571 Dei
3336 2515 3702 2578 necessariam

2117 2587 2465 2654 praedicaret,
2519 2588 2595 2642 illi
2649 2587 2883 2656 priorem
2941 2596 3145 2654 partem
3195 2587 3703 2656 amplectebantur,

2117 2660 2471 2726 posteriorem
2503 2658 2838 2728 rejiciebant,
2887 2667 3154 2726 tamquam
3203 2673 3503 2718 erroneam.
3535 2670 3706 2728 atque

2114 2727 2186 2784 ita
2212 2729 2386 2786 solum
2418 2727 2635 2785 dimidia
2661 2745 2727 2784 ex
2759 2740 2910 2797 parte
2937 2745 3062 2784 cum
3094 2729 3184 2783 illo
3225 2731 3275 2783 in
3307 2727 3706 2799 quaestionede

2117 2801 2443 2872 necessitate
2473 2803 2660 2872 gratiae
2689 2799 3014 2855 sentiebant.
3047 2799 3122 2872 Ex
3156 2800 3257 2872 hoc
3282 2811 3459 2856 autem
3483 2817 3699 2869 errore,

2116 2881 2174 2926 ut
2202 2871 2335 2926 falso
2364 2871 2710 2928 fundamento
2737 2880 2790 2927 et
2818 2871 2957 2924 malo
2986 2871 3250 2939 principio
3277 2872 3532 2942 admisso,
3563 2889 3707 2928 con-

2116 2957 2351 3013 sequens
2375 2943 2475 2998 fuit
2501 2959 2595 3000 eos
2623 2943 2785 2997 multa
2816 2943 2921 2996 alia
2944 2942 3175 2998 absurda
3205 2955 3256 2998 et
3279 2944 3542 3013 paradoxa
3567 2945 3704 3000 huic

2116 3023 2479 3070 consentanea
2517 3025 2572 3071 et
2610 3014 2943 3070 consectaria
2986 3013 3291 3077 admittere,
3329 3027 3451 3083 puta
3483 3015 3702 3070 initium

2117 3086 2307 3140 salutis
2332 3102 2400 3141 ex
2432 3087 2587 3141 nobis
2615 3101 2755 3149 esse,
2787 3085 3012 3155 gratiam
3045 3085 3138 3139 Dei
3168 3101 3289 3141 esse
3318 3087 3702 3156 pedissequam

2117 3156 2405 3214 voluntatis
2430 3167 2647 3222 nostrae,
2681 3157 2929 3211 humana:
2955 3156 3276 3211 obedientite
3297 3157 3545 3226 subjungi
3570 3173 3705 3227 gra-

435 3237 630 3291 mclius
654 3227 720 3290 et'
739 3232 948 3288 facilius
972 3229 1346 3305 praestandaet
1367 3227 1680 3305 obtinenda,
1711 3240 2010 3305 nouantem
2038 3240 2087 3305 ο
2119 3229 2206 3282 tia:
2231 3230 2576 3305 adjutorium,
2603 3229 2804 3305 nostris
2831 3228 3078 3305 precibus
3101 3227 3326 3298 gratiam
3351 3228 3440 3305 Dei
3467 3229 3704 3305 subinde

433 3308 678 3361 absolute
729 3302 1120 3366 necessariam;
1167 3300 1224 3354 5°
1275 3300 1413 3353 hanc
1455 3301 1678 3369 gratiam
1721 3301 2013 3355 secundum

435 3376 626 3432 merita
658 3385 862 3439 ucstra,
894 3373 943 3426 id
973 3382 1076 3434 est,
1101 3385 1261 3440 opera
1284 3387 1349 3424 ex
1375 3371 1604 3440 pr0priis
1627 3371 1834 3424 virihns
1855 3376 2013 3438 facta,

437 3449 589 3502 nobis
616 3446 826 3511 donari,
859 3445 1018 3514 idque
1044 3458 1114 3497 ex
1142 3443 1409 3512 condigno
1440 3453 1494 3494 et
1524 3457 1587 3495 ex
1615 3442 1840 3509 justitia.
1869 3443 2015 3498 Con-

435 3528 517 3573 tra
542 3522 637 3574 bos
664 3531 878 3573 errores
906 3514 1145 3584 probavit
1181 3516 1243 3568 D.
1278 3515 1600 3582 AtlgtlSlillus
1629 3523 1682 3566 et
1709 3515 1796 3566 alii
1829 3514 2014 3571 Patres

435 3589 595 3645 fidem
637 3587 997 3645 Christianam
1041 3600 1164 3640 esse
1202 3585 1400 3638 donum
1450 3584 1542 3637 Dei
1583 3587 2010 3653 supernatnrale,

436 3677 535 3716 nec
567 3677 722 3730 posse
753 3659 1024 3714 hominem
1066 3657 1325 3730 credere,
1345 3655 1659 3730 justilicari,‘
1691 3658 1860 3730 legem
1894 3673 2012 3730 ser-

435 3726 582 3798 vare,
620 3741 674 3788 et
707 3732 931 3784 salutem
968 3727 1248 3796 consequi,
1287 3728 1404 3780 sine
1442 3726 1662 3795 speciali
1693 3727 1783 3781 Dei
1815 3727 2014 3784 auxilio

436 3813 488 3859 ct
522 3805 690 3872 gratia
717 3800 1094 3872 prmveniente.
1126 3800 1417 3872 comitante
1445 3807 1500 3851 et
1530 3808 1875 3872 cooperante.
1908 3800 2010 3854 Se-

433 3870 612 3930 cundo
639 3870 928 3936 dis—putavit
954 3870 1280 3938 Augustinus
1324 3878 1510 3922 contra
1549 3871 1712 3922 alium
1745 3885 2008 3936 errorem,

434 3961 620 4001 eorum
649 3943 857 3998 scilicet
890 3940 979 4010 qui
1014 3957 1042 3992 a
1074 3941 1132 3992 ί).
1163 3939 1430 4007 Prospero
1453 3949 1506 3993 et
1533 3938 1735 3994 Hilario
1763 3942 2013 3996 dicuntur

433 4016 676 4084 reliquiae
707 4013 1134 4084 Pelagianorum,
1164 4019 1218 4065 et
1239 4010 1404 4084 vulgo
1431 4011 1848 4084 Semipelagiani
1877 4029 2012 4067 nun-

433 4081 787 4155 cupabantur.
830 4083 892 4155 lli
923 4081 1092 4155 fuere,
1125 4091 1185 4135 ut
1220 4081 1420 4155 dictum
1462 4091 1564 4146 est,
1608 4082 1790 4155 clerici
1821 4085 2008 4137 Massi-

433 4151 633 4213 lienses
663 4158 715 4210 in
745 4153 915 4210 Gallia
944 4151 1299 4216 Narbonensi,
1341 4154 1480 4206 inter
1521 4168 1658 4220 quos
1698 4153 2006 4222 Cassianus,

434 4244 556 4283 cum
608 4243 638 4282 e
688 4225 968 4280 Palaestina
1022 4222 1308 4276 Massiliam
1358 4226 1787 4288 commigrasset,
1840 4235 1896 4278 ut
1939 4241 2006 4280 ex

434 4297 713 4354 chnadio
759 4305 814 4351 et
857 4293 1156 4369 Trithemio
1199 4291 1482 4348 retulimus
1524 4292 1612 4369 (In
1658 4296 2003 4369 prwfatione),

432 4383 733 4438 magnaque
767 4365 1082 4438 eruditionis
1123 4362 1262 4418 fama
1301 4373 1356 4418 et
1390 4362 1706 4438 aucIOritatc
1757 4362 2006 4434 polleret,

431 4435 594 4510 hujus
624 4435 881 4510 doctrinae
913 4435 1438 4510 praecipuusanctor
1469 4436 1760 4510 ferebatur,
1795 4447 1852 4491 nt
1877 4454 2010 4494 con-

431 4505 541 4566 stat
573 4521 681 4565 tum
707 4524 772 4563 ex
801 4507 1042 4574 epistolis
1077 4505 1261 4578 Hilarii
1291 4518 1344 4561 et
1373 4507 1624 4574 Prosiieri
1655 4508 1721 4562 ad
1752 4511 2008 4578 Augusti-

432 4598 560 4636 num
578 4580 752 4654 (Tom.
772 4577 1146 4654 VllAuqust.),
1169 4589 1277 4630 tum
1302 4579 1584 4654 ex_eo_dem_
1613 4577 1880 4650 Prospero
1905 4581 2008 4638 ini-

430 4655 508 4706 tio
531 4649 653 4708 libri
674 4651 929 4705 adversus
954 4649 1298 4714 Collatorem,
1330 4650 1415 4702 ubi
1437 4651 1749 4704 Cassianum
1779 4663 1968 4707 notans
1993 4672 2004 4708 :

436 4723 625 4786 Unius,
657 4723 848 4790 inquit,
881 4721 1197 4788 potissimum
1224 4720 1567 4787 definitiones,
1592 4738 1740 4791 quem
1773 4739 1869 4776 non
1907 4725 2008 4778 du-

429 4795 569 4848 bium
586 4803 657 4850 est
675 4793 779 4846 illis
795 4792 1088 4846 omnibusin
1112 4800 1411 4844 sanctarum
1429 4793 1821 4860 Scripturarum
1836 4795 2009 4849 studio

430 4874 696 4934 praestare,
721 4865 1155 4934 referemus,etc.
1177 4861 1336 4933 (Vide
1362 4863 1499 4931 infra
1526 4872 1639 4934 post
1663 4863 1751 4916 lib.
1784 4863 1851 4917 D.
1877 4863 2010 4919 Pro-

427 4933 610 5008 speri).
652 4937 859 5008 Horum
898 4933 1402 5008 opinionemsecuti
1431 4933 1555 4987 sunt
1579 4935 1732 4988 multi
1764 4949 1859 5004 per
1884 4935 2008 5008 Gal-

429 5003 858 5074 liam'episcOpi,
904 5005 981 5074 ad,
1011 5018 1145 5071 quos
1179 5003 1502 5058 CoeleStinus
1545 5020 1680 5074 papa
1724 5007 2004 5074 epistolam

424 5073 664 5146 scripsit,
695 5073 798 5143 qua
831 5073 1236 5146 Massiliensium
1263 5073 1918 5144 audaciam'con‘tpescuit,
1949 5089 2002 5134 et

425 5145 708 5218 Augustini
741 5145 1040 5218 doctrinam
1072 5146 1459 5218 comprobavit.
1507 5146 1571 5201 Ili
1603 5149 1760 5218 igitur
1786 5164 1994 5216 omnes,

425 5215 610 5286 utpote
636 5217 736 5271 viri
768 5217 1000 5284 alioquin
1032 5215 1281 5288 catholici
1307 5228 1357 5270 et
1389 5215 1647 5288 religiosi,
1678 5230 1862 5275 contra
1897 5215 1997 5276 Pc-

423 5289 621 5360 laginm
645 5288 1094 5360 gratiamChristi
1128 5287 1453 5356 fatebantur,
1488 5287 1592 5344 non
1625 5295 1796 5345 solum
1823 5303 2000 5348 exter-

421 5358 506 5418 nas
533 5358 948 5432 prmdicatio‘nis,
973 5374 1155 5432 verum
1185 5370 1344 5414 etiam
1376 5361 1600 5415 interna:
1631 5365 1998 5432 inspirationis

420 5441 476 5488 et
506 5430 901 5494 illustrationis,
935 5446 1041 5484 non
1072 5430 1246 5485 solum
1280 5433 1484 5491 utilem.
1513 5433 1605 5488 sed
1637 5430 1994 5488 necessariam

419 5519 542 5560 esse
571 5505 636 5558 ad
654 5502 1114 5572 justiﬁcationem,
1148 5505 1630 5572 persevcrantiam,
1663 5515 1716 5560 et
1747 5507 1994 5560 meritum

419 5575 544 5630 vita:
574 5585 820 5639 :etcrnaa;
853 5589 955 5644 qua
989 5573 1088 5627 nisi
1117 5573 1502 5642 adjuvarentnr
1537 5588 1762 5631 conatus
1800 5578 1991 5644 nostri,

419 5661 526 5701 non
569 5646 728 5700 modo
767 5645 986 5717 difﬁcile
1035 5657 1496 5716 consequerentur
1530 5650 1670 5717 quod
1712 5649 1992 5702 contendi-

417 5731 560 5782 mus,
595 5727 652 5770 ut
678 5716 924 5771 volebant
956 5717 1244 5786 Pelagiani,
1284 5735 1469 5772 verum
1502 5716 1660 5773 etiam
1695 5721 1830 5774 irriti
1871 5736 1991 5773 om-

415 5789 546 5843 nino
586 5798 767 5842 essent
807 5797 861 5842 et
916 5788 1102 5843 inanes
1147 5790 1212 5842 ad
1254 5789 1689 5856 justtlicationem
1734 5801 1789 5846 et
1827 5795 1990 5846 vitam

415 5868 673 5918 aeternam
714 5858 1148 5929 promerendam.
1190 5861 1254 5916 Et
1292 5864 1550 5920 hactenus
1589 5863 1804 5936 quidem
1846 5874 1990 5920 recte

2037 4625 2090 4684 D

2119 3301 2424 3369 przeveniri,
2469 3315 2624 3370 posse
2664 3299 2935 3354 hominem
2974 3299 3104 3354 solis
3142 3308 3344 3354 naturai
3383 3301 3584 3355 viribus
3627 3301 3702 3356 ad

2119 3371 2482 3441 recipiendam
2515 3373 2744 3442 gratiam
2782 3370 2962 3440 aliquo
2998 3371 3159 3426 modo
3193 3385 3252 3426 se
3286 3386 3606 3441 praeparare,
3642 3382 3702 3427 et

2120 3442 2204 3514 his
2253 3443 2470 3508 similia,
2512 3460 2630 3514 quae
2679 3451 2789 3498 tota
2835 3443 3040 3514 reliqua
3082 3442 3438 3514 disputatione
3481 3443 3547 3497 ab
3589 3442 3701 3498 hoc

2117 3512 2238 3569 loco
2266 3530 2434 3584 usque
2465 3512 2540 3568 ad
2569 3515 2726 3568 linem
2758 3513 2914 3583 hujus
2951 3512 3254 3569 collationis
3279 3529 3309 3568 a
3339 3512 3704 3570 Chaeremone

2119 3588 2401 3640 traduntur
2430 3597 2480 3640 et
2517 3600 2548 3640 a
2579 3585 2644 3640 D.
2687 3585 2953 3654 Prospero
2981 3585 3217 3656 graviter
3252 3593 3309 3640 et
3332 3597 3487 3640 acute
3518 3586 3704 3656 impu-

2115 3666 2368 3726 gnantnr.
2423 3656 2502 3711 Ex
2547 3655 2740 3724 quibus
2782 3659 2943 3711 etiam
2987 3655 3200 3710 elicitur
3241 3655 3376 3709 ratio
3413 3671 3509 3710 cur
3555 3655 3702 3713 hanc

2115 3729 2456 3782 collationem
2507 3744 2611 3780 non
2651 3727 2967 3796 simpliciter
3009 3726 3076 3780 de
3113 3726 3280 3794 gratia
3327 3726 3452 3788 Dei,
3493 3726 3588 3781 sed
3635 3729 3704 3782 de

2114 3801 2428 3870 protectione
2457 3798 2548 3852 Dei
2572 3798 2863 3852 Cassianus
2884 3797 3240 3866 inscripserit,
3271 3799 3510 3852 sentiens
3535 3799 3704 3853 nimi-

2115 3869 2232 3924 rum
2257 3870 2484 3939 gratiam
2520 3871 2609 3924 Dei
2640 3885 2744 3924 non
2769 3869 3082 3938 simpliciter
3101 3883 3222 3924 esse
3243 3870 3601 3924 necessariam
3628 3870 3703 3924 ad

2113 3941 2457 3996 excitandum
2488 3950 2584 3996 aut
2613 3941 2973 3996 inchoandum
3003 3940 3056 3994 in
3087 3940 3240 3996 nobis
3269 3940 3462 3995 bonum
3496 3955 3703 4010 propo-

2113 4013 2298 4079 situm,
2333 4013 2425 4068 sed
2450 4012 2516 4067 ad
2551 4013 2961 4082 protegendum,
2989 4011 3040 4065 id
3063 4021 3164 4077 est,
3191 4011 3614 4082 conservandum
3642 4020 3702 4068 et

2112 4085 2561 4152 promovendum.
2591 4084 2682 4137 llis
2707 4081 2774 4137 ita
2797 4083 2864 4139 de
2885 4098 3044 4138 causa
3059 4083 3296 4138 Cassiani
3319 4093 3374 4138 et
3391 4081 3701 4138 Massilien-

2111 4155 2250 4208 sium
2274 4156 2568 4224 generatim
2588 4156 2922 4226 prmnotatis,
2949 4164 3117 4209 restat
3145 4165 3199 4207 ut
3216 4156 3374 4208 verba
3398 4161 3700 4226 textussu-

2114 4228 2293 4294 perius
2323 4227 2550 4295 allegata
2577 4224 2940 4295 expendamus
2966 4236 3019 4280 et
3048 4240 3464 4294 prosequamur;
3495 4224 3699 4294 quibus

2113 4298 2341 4366 primum
2364 4297 2618 4367 supponit
2643 4299 2888 4360 collator,
2911 4296 3049 4366 quod
3077 4297 3323 4366 superius
3349 4305 3696 4365 annotstum,

2110 4369 2370 4439 quoddam
2406 4370 2627 4431 initium,
2659 4385 2747 4422 seu
2777 4378 2942 4439 ortum
2967 4367 3110 4421 bona:
3139 4368 3415 4422 voluntatis
3452 4385 3514 4422 ex
3543 4368 3698 4424 nobis

2110 4438 2295 4510 absque
2328 4440 2422 4494 Dei
2445 4439 2702 4507 adiutorio
2731 4438 2948 4492 subinde
2969 4454 3238 4510 emergere,
3269 4440 3372 4494 hoc
3396 4450 3498 4504 est,
3533 4453 3699 4508 posse

2111 4509 2384 4566 hominem
2426 4527 2493 4566 cx
2530 4512 2662 4565 solis
2693 4520 2897 4564 natura:
2922 4509 3125 4565 viribus
3161 4510 3359 4578 aliquid
3390 4511 3514 4564 boni
3546 4511 3698 4568 velle

2113 4589 2206 4636 aut
2251 4583 2508 4652 cogitare.
2562 4581 2714 4650 Quod
2760 4582 2974 4650 quidem
3021 4591 3280 4651 repugnat
3328 4582 3555 4652 primum
3607 4581 3694 4638 illi

2113 4651 2392 4708 sententia:
2413 4653 2713 4718 catholicae,
2741 4668 2897 4715 quam
2929 4653 3152 4721 ipsemet
3177 4655 3424 4719 superius
3452 4651 3600 4724 (Cap.
3632 4653 3694 4724 5)

2113 4724 2279 4778 veluti
2300 4739 2394 4793 pro
2413 4724 2758 4778 fundamento
2777 4725 2939 4777 totius
2955 4724 3330 4792 disputationis
3348 4733 3619 4792 posuerat,
3637 4735 3696 4779 et

2110 4794 2401 4864 Scriptura
2425 4797 2733 4850 testimonio
2762 4795 3104 4849 conﬁrmarat
3128 4794 3313 4849 dicens
3335 4813 3346 4846 :
3366 4794 3491 4849 Non
3515 4796 3693 4864 sol_um

2111 4859 2338 4927 actuum,
2371 4882 2545 4919 verum
2581 4869 2732 4919 etiam
2775 4866 3141 4937 cogitationum
3175 4867 3422 4919 bonarum
3465 4878 3530 4937 ex
3575 4859 3691 4937 Deo

2111 4953 2216 4991 esse
2248 4939 2575 5008 principium,
2607 4936 2695 5006 qui
2724 4935 2868 4990 nobis
2907 4945 2954 4990 et
2998 4938 3370 5008 initia_sancta:
3405 4935 3691 4988 voluntatis

2108 5003 2350 5074 inspirat,
2382 5003 2428 5062 et
2457 5003 2690 5060 virtutem
2719 5017 2866 5072 atque
2897 5003 3328 5075 opportunitatem
3355 5020 3533 5075 eorum
3569 5020 3692 5075 qua

2109 5089 2243 5132 recte
2269 5073 2504 5143 cupimus
2536 5079 2654 5148 (vel
2687 5073 2947 5148 coepimus
2971 5073 2994 5140 7)
3025 5076 3318 5148 peragendi.
3346 5073 3524 5148 Omne
3549 5073 3690 5129 enim

2106 5150 2288 5204 datum
2313 5151 2522 5213 bonum,
2548 5147 2593 5204 et
2625 5165 2771 5202 omne
2794 5147 2988 5201 donum
3021 5147 3298 5216 perfectum
3320 5147 3585 5199 desursum
3608 5157 3692 5200 est

2106 5220 2258 5294 (Jac.
2290 5226 2364 5294 ι),
2386 5231 2500 5294 etc.
2535 5222 2704 5287 Quam
2740 5222 2905 5294 ipsius
2931 5217 3292 5294 deﬁnitionem
3313 5218 3602 5294 aliquoties
3621 5219 3691 5294 _ei

2105 5289 2288 5360 objicit
2307 5293 2364 5349 S.
2383 5293 2631 5362 Prosper,
2655 5302 2815 5358 atque
2841 5291 2963 5344 hinc
2986 5289 3216 5345 levitatis
3243 5289 3692 5362 etinconstantia;

2103 5359 2229 5419 eum
2263 5359 2555 5433 redarguit,
2589 5375 2644 5417 ιιι
2669 5367 2758 5434 qui
2792 5362 2892 5434 sibi
2927 5363 3042 5429 ipse
3071 5359 3486 5434 contradixerit;
3514 5361 3691 5434 etqni

2107 5443 2274 5489 totum
2321 5429 2506 5505 gratia:
2553 5429 2709 5489 antea
2748 5433 3028 5497 tribuerat,
3079 5433 3236 5486 modo
3268 5441 3474 5505 partem
3513 5429 3693 5505 libero

2103 5500 2595 5562 deferat'arbitrio.
2629 5506 2879 5560 Secundo
2917 5514 3175 5573 repugnat
3206 5500 3508 5573 manifestis
3537 5501 3692 5573 Scri-

2099 5588 2272 5647 pturze
2303 5578 2644 5639 testimoniis,
2675 5591 2904 5645 quorum
2936 5569 3205 5647 praecipua
3235 5586 3360 5628 sunt
3392 5572 3503 5647 haec
3528 5589 3540 5623 :
3570 5569 3690 5624 Ne-

2098 5644 2182 5722 i_no
2207 5659 2369 5722 potest
2401 5649 2568 5722 venire
2595 5648 2661 5701 ad
2691 5644 2789 5722 nte,
2823 5647 2923 5701 nisi
2949 5645 3106 5722 Pater
3134 5661 3283 5722 meus
3303 5644 3514 5698 traxerit
3541 5658 3689 5722 eum.

2096 5713 2250 5776 Joan.
2285 5737 2355 5776 vt.
2389 5721 2513 5774 Sine
2541 5737 2617 5774 me
2649 5713 2783 5773 nihil
2805 5720 3010 5788 potestis
3038 5717 3228 5787 facere.
3255 5715 3414 5788 Joan.
3445 5729 3524 5768 ιιι.
3559 5713 3693 5769 Non

2095 5809 2273 5848 sumus
2307 5793 2601 5863 sufﬁcientes
2635 5787 2856 5860 cogitare
2893 5789 3093 5861 aliquid
3128 5805 3191 5863 ea:
3225 5787 3691 5863 nobis,_tgnqttam

2093 5881 2159 5920 ea;
2185 5855 2471 5934 nobis,"sed
2497 5855 2792 5935 sufﬁcientia
2818 5855 2993 5918 nostra
3019 5877 3084 5917 ea;
3111 5857 3221 5916 Deo
3247 5866 3338 5915 est.
3369 5855 3413 5912 ll
3443 5855 3560 5911 Cor.
3595 5863 3683 5908 ιιι.
