4078 6332
471 310 578 373 919

1519 305 1801 365 JOANNIS
1835 305 2150 364 CASSIANI
2184 305 2677 365 COLLATIONES.

471 430 586 498 trii,
602 410 629 469 ί
645 428 836 500 etquia
847 426 1009 486 etiam
1020 424 1416 483 suisinterdum
1430 423 1665 480 motibus
1682 423 1845 480 homo
1865 422 1931 477 ad
1944 422 2055 478 vir-
2084 427 2139 487 Α
2161 421 2421 477 bonarum
2451 420 2791 477 voluntatum
2818 420 3037 492 prodire
3062 421 3347 495 principia,
3386 438 3510 498 quas
3538 433 3740 497 tamen,

471 530 652 601 tutum
677 522 952 594 appetitus
973 518 1143 592 possit
1163 517 1404 586 extendi,
1434 532 1651 588 semper
1671 531 1800 574 vero
1823 516 2060 589 indigeat

474 616 741 689 adjuvari.
771 614 885 672 Nec
911 614 1052 671 enim
1095 627 1219 669 cum
1258 612 1486 669 voluerit
1526 612 1648 684 quis
1675 613 1907 669 sanitate
1936 626 2062 683 per—

473 711 698 779 fruitur,
723 718 815 764 aut
831 706 899 764 de
919 705 1255 779 aegritudinis
1271 704 1460 762 morbo
1476 721 1574 777 pro
1587 705 1798 762 arbitrii
1818 705 1901 761 sui
1916 705 2059 762 desi-

474 803 630 861 derio
649 801 930 858 liberatur.
960 798 1100 869 Quid
1118 807 1297 857 autem
1320 798 1546 871 prodest
1564 799 1815 856 sanitatis
1835 800 2062 871 gratiam

476 897 822 968 concupisse,
862 895 967 951 nisi
999 894 1258 952 Dominus
1285 896 1376 965 qui
1414 895 1545 951 vitae
1573 895 1746 967 ipsius
1774 909 1930 951 usum
1969 895 2065 951 tri-

475 989 614 1057 buit,
655 989 817 1045 etiam
860 988 1101 1060 vigorem
1145 986 1532 1043 incolumitatis
1576 986 1888 1058 impartiat?
1931 985 1959 1025 δ
1994 985 2066 1044 Ut

477 1092 661 1139 autem
690 1082 993 1139 evidentius
1019 1082 1245 1150 clareat,
1273 1080 1436 1138 etiam
1486 1095 1583 1152 per
1610 1089 1818 1137 naturas
1862 1081 2065 1139 bonum

481 1176 626 1248 quod
651 1176 918 1234 beneﬁcio
937 1174 1212 1233 Creatoris
1233 1174 1503 1232 indultum
1530 1182 1639 1241 est,
1661 1188 2065 1245 nonnumquam

2161 517 2266 573 nisi
2284 531 2316 571 a
2346 515 2571 572 Domino
2592 515 2911 586 dirigantur,
2938 515 3009 572 ad
3025 519 3548 576 consummationem
3571 522 3745 578 virtu-

2163 614 2277 664 tum
2311 609 2597 679 pervenire
2624 623 2730 663 non
2766 619 3014 679 possunt,
3044 609 3335 679 Apostolus
3364 611 3518 667 testis
3551 621 3635 669 est
3661 614 3745 671 di-

2164 715 2295 758 cens
2319 719 2333 755 :
2374 699 2512 756 Velle
2538 701 2742 774 adjacet
2773 701 2917 769 mihi,
2945 702 3188 773 perﬁcere
3212 712 3384 760 autem
3426 703 3616 760 bonum
3645 721 3744 761 non

2164 794 2365 851 invenio
2390 793 2586 867 (Rom.
2625 795 2756 865 vn).

2790 909 3017 968 CAPUT
3055 909 3125 969 Χ.

2546 1044 2626 1100 De
2656 1044 2799 1100 liberi
2828 1045 3026 1099 arbitrii
3052 1045 3371 1117 inﬁrmitate.

2243 1177 2376 1234 Nam
2417 1189 2439 1218 ο
2463 1179 2769 1237 libertatem
2803 1180 3083 1253 Scriptura
3121 1181 3302 1239 divina
3342 1182 3514 1239 nostri
3554 1165 3748 1240 contir-

1551 1315 1806 1373 ALARDI
1845 1314 2078 1383 GAZJEI
2113 1314 2685 1378 COMMENTARIUS.

484 1440 729 1498 divinum
782 1454 878 1507 per
906 1439 1143 1510 Spiritus
1189 1437 1361 1510 sancti
1403 1436 1875 1510 illuminationem,
1902 1448 2068 1510 Anunc

485 1513 724 1569 divinam
754 1506 1092 1566 vacationem
1120 1508 1372 1579 appellat.
1402 1507 1607 1563 Dicitur
1628 1507 1772 1579 enim
1798 1506 2065 1579 excitans,

483 1585 609 1655 quia
653 1584 821 1638 veluti
866 1581 1101 1653 iungitur
1147 1576 1372 1655 munere
1407 1578 1699 1655 excitantis
1736 1576 2068 1655 voluntatem

485 1648 728 1711 nostram
765 1670 796 1709 a
827 1648 1017 1710 somno
1048 1653 1254 1723 peccati
1284 1659 1378 1723 aut
1414 1649 1785 1723 negligentiae;
1825 1656 1881 1723 et
1906 1648 2069 1723 sicuti

485 1728 747 1781 excitatio
769 1725 828 1779 tit
857 1726 976 1780 sine
1001 1719 1270 1778 consensu
1301 1719 1642 1783 dormientis,
1673 1722 1752 1775 sic
1770 1721 1931 1775 etiam
1962 1719 2073 1787 agit

485 1798 659 1866 gratia
691 1798 935 1852 excitans
957 1795 1075 1850 sine
1105 1800 1285 1866 nostra
1318 1792 1588 1866 libertate.
1616 1790 1769 1847 Unde
1788 1798 1845 1845 et
1871 1806 2073 1859 praeve-

486 1848 659 1924 ise};
681 1848 1007 1937 appellatur,
1031 1848 1154 1935 quia
1194 1860 1458 1933 praevenit
1500 1876 1715 1937 omnem
1746 1848 2071 1937 consensum
2103 1848 2151 1908 Β

486 1932 734 1993 nostrum
756 1932 1028 2003 liberum;
1050 1932 1128 1990 'et
1156 1932 1408 2000 operans,
1452 1933 1537 1989 vel
1573 1932 1773 2003 potius,
1805 1941 1864 1987 ut
1893 1935 2072 2003 Augu-

485 2012 664 2065 stinus
690 2009 953 2079 loquitur,
985 2021 1144 2077 quam
1174 2004 1397 2079 Deusin
1426 2004 1585 2059 nobis
1616 2003 1735 2079 sine
1762 2004 1914 2059 nobis
1944 2018 2073 2074 0pc-

486 2090 660 2146 ratur,
689 2079 742 2134 id
763 2074 876 2143 est,
921 2074 1042 2133 sine
1085 2085 1273 2132 nostro
1302 2077 1477 2132 libero
1504 2084 1560 2130 et
1597 2074 1895 2146 deiiberato
1945 2090 2073 2130 con-

486 2144 676 2207 sensu.
707 2150 896 2207 Gratia
921 2156 1100 2205 autem
1122 2148 1384 2216 adjuvans
1408 2157 1489 2201 est
1520 2147 1635 2215 ipsa
1663 2144 1844 2200 divina
1871 2160 2072 2213 coope-

484 2222 663 2288 ratio,
705 2221 964 2287 directio,
1027 2218 1290 2289 protectio
1352 2217 1456 2290 (de
1504 2232 1608 2288 qua
1677 2216 1867 2290 titulus
1917 2217 2074 2286 hujus

488 2292 844 2362 collationis),
896 2287 1103 2363 quibus
1136 2287 1430 2363 juvamur,_
1460 2298 1571 2363 t_um
1614 2296 1677 2343 ut
1722 2287 2077 2363 eligamus‘et

488 2364 747 2432 velimus,
780 2359 894 2418 tum
912 2359 983 2418 ἰιι
1009 2359 1267 2418 faciamus
1292 2361 1434 2430 quod
1469 2361 1608 2415 Deus
1632 2359 2075 2432 praeveniensin-

490 2430 741 2505 spiravit.
768 2434 920 2491 Unde
959 2445 1015 2490 et
1059 2448 1357 2505 cooperans
1385 2442 1441 2487 et
1477 2430 1853 2487 concomitans
1887 2431 2075 2486 eadem

491 2507 824 2570 nominatur,
856 2506 984 2576 quia
1024 2515 1076 2560 et
1116 2504 1399 2576 nobiscum
1428 2511 1705 2576 operatur,
1745 2512 1800 2555 et
1833 2511 2076 2576 nostrum

466 2590 813 2633 consensum
835 2572 1138 2633 comitatur.
1171 2575 1310 2629 Hinc
1335 2572 1690 2643 Apocalypsis
1717 2572 1869 2643 tttait
1897 2572 2081 2628 Domi-

395 2705 412 2727 ‘
491 2663 633 2727 nus:
667 2646 782 2721 Ego
823 2658 915 2727 _sto
958 2648 1027 2701 ad
1074 2648 1289 2727 ostium,
1314 2655 1366 2727 et
1391 2641 1582 2727 pulso.
1748 2642 2080 2727 significatur

492 2720 668 2789 prima
698 2713 869 2787 g'ratia
910 2719 1246 2787 praeveniens
1272 2726 1328 2789 et
1355 2714 1619 2771 excitans.
1655 2713 1812 2769 Stare
1839 2715 1982 2789 enim
2013 2713 2079 2770 ad

492 2785 771 2844 ostium‘et
801 2785 1015 2859 pulsare
1044 2790 1240 2843 dicitur
1270 2788 1809 2859 Deuspersanctam
1840 2785 2077 2859 inspira-

494 2861 720 2922 tionem,
752 2857 815 2915 id
844 2870 946 2927 est,
981 2860 1393 2915 illustrationem
1424 2857 1753 2917 intellectus,
1798 2866 1855 2911 et
1889 2857 2081 2910 motio-

494 2946 619 2986 nem
644 2930 943 3001 voluntatis
963 2972 979 2997 ,
1010 2929 1156 3001 quod
1187 2930 1252 2983 ad
1283 2928 1513 3001 gratiam
1543 2928 1873 2982 excitantem
1912 2928 2080 2993 perti-

495 3011 609 3057 net.
643 3000 889 3057 Secunda
931 2998 1109 3056 autem
1151 3001 1322 3070 gratia
1363 2998 1622 3067 adjuvans
1663 3008 1717 3053 et
1742 3012 2077 3070 couperans,

497 3087 619 3142 qua:
640 3072 753 3141 jam
782 3074 850 3129 ab
878 3088 945 3128 eo
975 3069 1171 3140 incipit
1203 3079 1478 3142 momento
1517 3083 1627 3142 quo
1660 3069 1785 3142 quis
1822 3069 2083 3124 excitatus

497 3138 714 3197 vocanti
754 3157 813 3197 se
839 3144 952 3198 Deo
981 3138 1149 3197 libere
1178 3140 1495 3211 respondet,
1532 3140 1615 3193 his
1643 3138 1935 3211 denotatur
1963 3156 2080 3194 ver-

496 3214 583 3271 bis
611 3230 626 3267 :
658 3213 736 3286 iSi
770 3214 885 3286 quis
926 3214 1179 3286 aperuerit
1200 3210 1694 3286 jauuam,__intrabo
1725 3212 1795 3286 ad_
1833 3211 2005 3277 illum,
2037 3222 2082 3286 et

499 3285 731 3353 caenabo,
758 3280 864 3340 non
893 3280 1061 3353 solus,
1089 3283 1182 3339 sed
1201 3280 1325 3338 cum
1345 3297 1424 3337 eo.
1455 3280 1694 3353 Utraque
1724 3281 1883 3335 etiam
1910 3284 2081 3352 gratia

500 3356 837 3427 signiﬁcatur
860 3356 952 3411 illa
982 3352 1227 3411 oratione
1252 3354 1516 3427 Ecclesiae
1545 3371 1557 3404 :
1592 3352 2081 3427 Actioncsuostras,

501 3423 815 3498 qtimsumus,
839 3427 1079 3491 Domine,
1110 3425 1392 3498 aspirando
1421 3424 1675 3498 prtereni,
1706 3434 1754 3498 e_t
1785 3423 2085 3498 adiuvando

501 3492 845 3571 prosequere,
901 3510 1006 3555 etc.
1071 3492 1310 3571 Denique
1359 3492 1663 3571 concilium
1711 3492 2083 3571 Tridentinum

501 3563 788 3639 utramque
812 3563 1193 3641 complectitur
1219 3563 1384 3638 (Sess.
1409 3565 1442 3621 6
1470 3582 1589 3637 cap.
1614 3563 1693 3635 6),
1716 3579 1839 3641 cum
1861 3566 1928 3620 de
1952 3582 2088 3636 βιαιο

502 3633 787 3711 paratione
834 3642 901 3696 ad
939 3633 1381 3711 jttstilicationem
1422 3633 1673 3711 agens;
1702 3633 2083 3711 Di‘sponuntur,

502 3707 680 3781 inquit
707 3707 1277 3783 (scilicet'peccatorcs
1305 3707 1626 3783 adulti),_ad
1647 3708 1929 3783 justitiam,
1964 3710 2085 3762 dum

505 3779 725 3855 excitati.
745 3784 920 3839 divina
942 3779 1135 3855 gratia.
1166 3790 1215 3835 et
1244 3779 1437 3855 adjuti,
1467 3779 1624 3846 ﬁdem
1645 3795 1715 3855 ea:
1752 3780 1933 3831 auditu
1960 3795 2087 3833 con-

506 3854 775 3919 cipientes,
808 3864 913 3911 etc.
942 3848 1265 3921 'Utramque
1308 3848 1479 3921 igitur
1518 3848 1747 3919 gratiam
1794 3860 2091 3919 agnoscunt

507 3925 762 3981 catholici
801 3920 1260 3981 necessariam’ad
1298 3920 1741 3991 justilicatiouem
1772 3929 1830 3975 et
1859 3921 2088 3976 salutem

508 3996 984 4065 consequendam;
1037 4004 1285 4065 neutram
1329 3992 1642 4065 Pelagiani;
1692 3991 1927 4065 priorem
1976 4004 2091 4047 tan-

509 4060 790 4122 tummodo
820 4083 888 4122 ex
915 4060 1065 4135 parte
1104 4062 1546 4135 Semipelagiani,
1578 4072 1635 4135 ιιι
1668 4060 1934 4135 e;_dictis
1960 4079 2091 4118 con-

507 4144 639 4193 stat.
672 4139 740 4193 Et
765 4131 1026 4193 hactenus
1052 4134 1357 4206 quidemrde
1383 4131 1573 4206 gratia.
1607 4131 1882 4206 Delibero
1913 4143 2088 4191 autem

510 4208 760 4276 arbitrio,
792 4208 1002 4264 dicetur
1046 4201 1181 4261 intra
1226 4205 1377 4276 (Cap.
1412 4201 1523 4272 10),
1555 4203 1702 4273 quod
1745 4202 1812 4256 ad
1849 4220 2090 4275 praesens

510 4275 815 4335 institutum
856 4281 988 4334 satis
1017 4291 1141 4335 esse
1176 4275 1471 4331 videbitur.
2036 4311 2041 4316 .

584 4359 610 4387 ⁸
637 4351 750 4407 Hoc
770 4350 884 4422 jam
913 4351 1042 4405 satis
1074 4365 1142 4403 ex
1170 4346 1540 4422 dic_t_is__r_uauei
1578 4344 1893 4422 refutatum,
1925 4357 1977 4403 et
1993 4365 2093 4422 re-

510 4433 713 4491 pugnat
745 4415 1030 4477 manifeste
1056 4417 1297 4491 generali
1328 4416 1404 4471 illi
1437 4415 1745 4491 deﬁnitioni
1773 4417 1939 4487 ipsius
1970 4420 2092 4475 Col-

512 4489 705 4565 iatoris
732 4492 884 4565 (Cap.
910 4494 987 4561 5),
1017 4489 1119 4559 qua
1147 4489 1350 4565 dictum
1381 4496 1486 4550 est,
1520 4503 1624 4565 un_n
1651 4490 1826 4543 solum
1852 4498 2087 4565 actuum,

509 4563 609 4635 sed
650 4573 705 4619 et
740 4558 1122 4635 cogitatiOnum
1165 4561 1424 4635 bonarum
1470 4573 1547 4635 eg
1574 4558 1858 4635 Deo__esse_
1882 4561 2064 4635 princi

512 4596 609 4619 nou
650 4596 705 4619 σι
740 4596 1122 4635 wg......u.......
1471 4596 1536 4613 υ-
1574 4596 1689 4613 νιν
1723 4596 1847 4614 που
1896 4596 2091 4629 ,κωνι-

512 4634 682 4712 pium,
714 4637 853 4712 quod
880 4633 1042 4712 eiiam
1074 4632 1309 4712 ProsQer
1331 4631 1417 4712 hic
1441 4630 1658 4712 objicit:
1676 4630 1769 4712 iiis
1795 4631 2092 4712 adde‘prm-
2121 4604 2170 4664 θ

512 4700 714 4760 claram
731 4700 885 4760 'hanc
909 4704 975 4759 D.
1004 4701 1262 4758 Bernardi
1288 4700 1614 4773 sententiam
1640 4700 1779 4773 (Lib.
1804 4703 1868 4757 de
1914 4700 2091 4760 Gratia

513 4786 561 4830 et
592 4776 706 4830 Lib.
742 4775 934 4846 Arbit.)
965 4792 978 4828 :
1004 4774 1239 4846 Conatus
1252 4771 1405 4846 liberi
1426 4773 1625 4826 arbitrii
1652 4771 1701 4846 et
1725 4775 1858 4826 cassi
1884 4786 2023 4842 sunt,
2047 4780 2091 4831 si

513 4863 621 4919 non
666 4843 1012 4919 adjuventur;
1060 4854 1119 4919 eti
1150 4843 1300 4906 nulli,
1346 4844 1390 4896 si
1417 4858 1517 4896 non
1551 4843 1865 4919 excitentur._
1887 4847 2090 4912 Quibus

513 4918 695 4973 verbis
729 4914 1214 4987 comprehenditur
1249 4922 1480 4983 utraque
1506 4914 1701 4985 gratia,
1744 4917 1994 4973 excitans
2038 4927 2091 4973 ct

513 4988 796 5056 adjuvans,
828 4986 1076 5059 superius
1100 4986 1391 5059 declarata.

498 5064 501 5067 ’
583 5059 610 5098 δ
629 5060 728 5116 Hic
748 5057 935 5116 rursus
956 5057 1062 5113 sibi
1083 5057 1424 5123 adversatur,
1452 5071 1710 5127 suamque
1738 5057 1882 5113 illam
1912 5075 2090 5116 asser-

512 5132 722 5187 tionem
762 5131 996 5187 destruit
1022 5127 1303 5201 Collator,_
1330 5127 1676 5201 abutiturque
1722 5130 1900 5185 verbis
1948 5135 2091 5201 Apo-

513 5203 667 5276 _sto_li;
700 5204 853 5276 quasi
886 5201 1018 5276 illud
1050 5200 1188 5255 velle
1233 5199 1308 5271 (id
1340 5208 1459 5264 est,
1486 5199 1687 5276 bonam
1735 5199 2089 5276 voluntatem)

515 5270 768 5330 habuerit
797 5271 1086 5341 Apostolus
1116 5286 1212 5341 per
1250 5280 1458 5325 natura:
1486 5270 1708 5335 bouum,
1750 5270 1851 5327 hoc
1882 5284 1986 5340 est,
2023 5270 2089 5331 ei

513 5344 745 5400 naturali
790 5343 1067 5414 facultate,
1117 5342 1205 5411 qui
1234 5341 1521 5414 proﬁtetur
1563 5356 1630 5396 cx
1680 5342 1791 5414 Deo
1836 5344 1935 5399 sibi
1971 5360 2091 5402 esse

511 5415 911 5539 sufﬁcientiam,
960 5412 1065 5468 hoc
1106 5422 1208 5479 est,
1236 5412 1566 5469 'facultatem
1619 5412 1780 5468 etiam
1820 5415 2089 5485 cogitandi

552 5499 762 5539 umtaxa
792 5525 808 5539 .

552 5496 808 5543 umtaxat.

436 5622 445 5636 ‘
589 5568 611 5596 ο
641 5558 722 5636 De
747 5558 917 5636 libero
944 5555 1172 5636 arbitrio
1204 5555 1315 5636 duo
1348 5556 1440 5636 hic
1470 5555 1777 5636 traduntur,
1811 5571 1932 5636 quae
1967 5570 2093 5636 sunt

513 5636 663 5683 certa
693 5628 797 5684 ﬁde
833 5628 1064 5684 tenenda
1091 5645 1104 5679 :
1136 5628 1310 5696 primo
1346 5628 1464 5697 ejus
1498 5628 1721 5681 libertas
1752 5626 1805 5681 in
1837 5628 2083 5698 homine,

514 5698 703 5769 etiam
730 5708 852 5767 post
878 5709 1189 5769 peccatum;
1240 5696 1479 5756 secundo
1506 5699 1627 5767 ejus
1653 5696 1959 5765 infirmitas,
1992 5696 2086 5758 seu

516 5768 959 5835 imbecillitas,et
988 5770 1305 5838 impotentia
1334 5785 1400 5823 ex
1438 5780 1660 5839 peccato
1688 5779 1985 5839 contracta,
2017 5776 2085 5828 ad

2168 1450 2236 1510 ex
2265 1437 2532 1510 diametro
2553 1449 2855 1510 repugnant
2892 1441 3001 1496 duo
3029 1455 3249 1497 errores
3287 1440 3583 1507 contrarii,
3614 1440 3750 1498 alter

2171 1504 2796 1591 bl_anichmorut_u,'_alter_
2822 1511 3263 1591 Pelagianorum.
3297 1504 3576 1567 Manicbaai
3594 1504 3757 1591 _eni_r_n'

2172 1578 2404 1653 iiberum
2445 1580 2729 1637 arbitrium
2766 1583 2835 1639 de
2871 1578 3049 1638 medio
3089 1583 3367 1646 tollebant,
3409 1596 3548 1653 quos
3593 1581 3752 1639 hodie

2171 1648 2470 1733 Lutherani
2506 1654 3280 1733 ειηρειγὶιιῐειω-εθιῃιιιιιιιιι·;
3321 1648 3595 1733 Pelagiaui
3623 1667 3753 1733 γειςο

2176 1723 2403 1797 nimium
2433 1723 2786 1797 ex_t_ol|eban_t,
2803 1734 2860 1781 et
2884 1726 3004 1794 plus
3032 1727 3105 1781 illi
3134 1740 3292 1797 quam
3318 1723 3637 1797 grati:ng
3662 1724 3752 1779 tri-

2175 1791 2431 1865 buebant.
2485 1793 2686 1851 Verum
2733 1795 2851 1851 lucc
2888 1791 2952 1851 ut
2993 1791 3749 1865 commodius'intelligantur,

2176 1875 2300 1919 sunt
2332 1864 2420 1919 hic
2450 1865 2625 1936 aliqua
2674 1866 2907 1922 uetanda
2934 1886 2946 1922 :
2978 1868 3033 1923 i'
3061 1867 3318 1922 Liberum
3349 1867 3634 1922 arbitrium
3666 1880 3754 1922 se-

2175 1936 2410 2009 cundum
2441 1952 2554 1992 rem
2594 1938 2724 1992 nihil
2756 1938 2901 1993 aliud
2931 1953 3054 1995 esse
3091 1954 3253 2009 quam
3298 1938 3638 2009 voluntatem
3672 1952 3757 1991 ra-

2178 2008 2456 2074 tionalem,
2488 2009 3064 2080 seuintellectualem,
3094 2007 3344 2080 quamvis
3372 2008 3489 2077 ejus
3516 2007 3671 2080 radix
3698 2015 3754 2062 et

2177 2079 2331 2149 origo
2360 2081 2428 2133 ab
2457 2079 2742 2135 intellectu
2766 2090 2821 2136 et
2862 2079 3358 2149 perfecto'rationis
3393 2095 3492 2133 usu
3524 2079 3755 2134 oriatur.

2182 2147 2333 2205 Unde
2376 2151 2737 2206 communiter
2778 2147 3000 2207 vocatur
3025 2152 3257 2208 liberum
3285 2151 3579 2206 voluntatis
3609 2149 3758 2203 arbi-

2162 2221 2367 2292 trium,
2395 2230 2490 2276 aut
2519 2222 2687 2277 libera
2720 2224 2988 2278 voluntas.
3035 2222 3172 2277 Hinc
3202 2221 3535 2292 Augustinus
3566 2223 3618 2273 in
3654 2221 3760 2274 Eu-

2178 2290 2411 2365 chiridio
2439 2293 2458 2360 (
2489 2292 2617 2365 Cap.
2646 2292 2775 2365 l05)
2801 2310 2815 2347 :
2848 2293 2947 2365 Aut
2974 2292 3233 2359 uoluntas,
3262 2290 3456 2365 inquit,
3504 2307 3607 2365 non
3634 2302 3760 2365 _e_st:

2178 2371 2271 2415 aut
2297 2357 2458 2416 libera
2478 2357 2696 2418 dicenda
2722 2357 2819 2419 cit.
2851 2364 2919 2419 Et
2946 2357 3312 2420 Damascenus
3337 2357 3478 2434 (Lib.
3502 2377 3520 2417 ι
3541 2363 3604 2417 de
3626 2357 3761 2434 Ride

2179 2449 2297 2502 cap.
2327 2434 2420 2504 22)
2448 2434 2639 2490 deﬁnit
2665 2437 3000 2491 voluntatem
3030 2449 3153 2490 esse
3179 2433 3497 2489 rationalem
3535 2442 3591 2489 et
3628 2433 3761 2488 Iibe-

2180 2519 2301 2575 rum
2355 2507 2677 2574 appetitum.
2726 2507 2879 2575 Quod
2921 2506 3189 2562 latissime
3231 2506 3472 2560 omnium
3518 2504 3763 2559 declarat

2181 2574 2481 2646 probatque
2525 2576 2586 2630 D.
2616 2574 2923 2633 Bernardus
2953 2578 3097 2633 libro
3125 2578 3194 2633 de
3231 2576 3534 2632 Concordia
3573 2576 3764 2646 gratia:

2182 2654 2236 2699 et
2269 2644 2422 2702 liberi
2452 2649 2684 2704 arbitrii.
2727 2648 2900 2705 αι’ωοί
2932 2648 3147 2704 brevius
3179 2657 3235 2703 et
3263 2644 3655 2717 signiﬁcantius
3682 2646 3764 2700 di-

2183 2727 2310 2790 cunt
2339 2719 2694 2785 αὐτεξούσιον,
2735 2720 2877 2790 quod
2911 2730 2992 2774 est
3024 2720 3109 2775 sui
3139 2719 3341 2788 ipsius,
3374 2718 3459 2774 vel
3486 2718 3568 2773 sui
3591 2717 3763 2790 juris,

2184 2787 2768 2862 habereipotestatem,‘
2795 2806 3119 2862 suarumque
3142 2787 3414 2862 actionum
3443 2803 3565 2862 esse
3589 2788 3762 2862 domi-

2184 2874 2332 2913 num.
2369 2860 2595 2934 l_linc_D_.
2632 2862 2990 2934 Hieronymus
3020 2860 3118 2916 lib.
3149 2878 3209 2917 ιιι
3239 2861 3496 2934 adversus
3524 2860 3764 2927 Pelagia-

2184 2944 2283 3011 nos
2317 2948 2331 2983 :
2364 2931 2739 3011 Quo¢l_Gra2ci,
2781 2931 2987 3011 inquit,
3041 2934 3221 3011 dicunt
3265 2932 3632 3011 αὐτεξρύσιρῃ,
3673 2946 3767 2985 nos

2184 2999 2403 3074 liberum
2428 3003 2700 3058 arbitrium
2739 2999 3087 3074 appellamus.
3125 3003 3196 3060 Ut
3218 3015 3400 3059 autem
3432 3002 3767 3074 intelligatur

2184 3087 2287 3139 qua
2336 3072 2588 3130 libertate
2638 3071 2852 3131 dicatur
2890 3076 3120 3131 liberum
3174 3075 3479 3138 arbitrium,
3530 3071 3766 3127 notanda

2185 3143 2424 3217 secundo
2472 3145 2676 3217 duplex
2733 3147 2930 3202 divisio
2960 3146 3245 3201 libertatis.
3286 3143 3550 3217 Dividitur
3586 3143 3769 3217 primo

2110 3223 2154 3285 ο
2188 3212 2240 3267 in
2274 3212 2580 3287 libertatem
2613 3230 2841 3283 naturae,
2872 3219 3080 3287 gratim,
3104 3217 3391 3286 etgloriae.
3413 3214 3545 3281 Qus:
3569 3213 3770 3287 divisio

2187 3294 2273 3340 est
2299 3286 2359 3339 D.
2385 3287 2644 3360 Bernardi
2666 3290 2787 3345 loco
2807 3284 2970 3344 citato
2994 3307 3007 3341 :
3036 3284 3270 3360 Triplex,
3298 3287 3491 3356 inquit,
3523 3284 3665 3360 nobis
3691 3296 3771 3339 est

2187 3360 2454 3427 Proposita
2474 3358 2709 3426 libertas,
2748 3378 2779 3413 a
2808 3368 3037 3427 peccato,
3069 3376 3099 3412 a
3130 3357 3357 3425 miseria,
3385 3375 3416 3411 a
3444 3357 3768 3410 necessitate.

2190 3426 2342 3481 Hanc
2373 3430 2555 3502 ultjmo
2581 3431 2691 3484 loco
2721 3426 2941 3502 positam
2971 3430 3184 3486 contulit
3213 3430 3355 3485 nobis
3384 3432 3437 3483 in
3478 3428 3773 3502 conditione

2186 3507 2392 3552 natura.
2428 3497 2495 3553 In
2525 3497 2746 3572 primam
2772 3504 3116 3573 rejormamur
3144 3518 3177 3555 a
3202 3502 3395 3573 gratia,
3426 3497 3595 3573 media
3625 3499 3774 3551 nobis

2188 3580 2475 3623 reservatur
2499 3570 2554 3625 in
2582 3573 2770 3641 patria.
2812 3570 3032 3627 Dicatur
3058 3570 3219 3643 igitur
3243 3574 3410 3641 prima
3443 3570 3649 3643 libertus
3673 3585 3773 3643 na-

2189 3648 2347 3705 turae,
2379 3637 2604 3715 secunda
2653 3644 2833 3715 gratim
2856 3687 2871 3711 ,
2920 3637 3213 3698 tertia'vita:
3242 3637 3316 3697 rel
3342 3640 3537 3715 glorise.
3562 3637 3773 3715 “Primo

2190 3727 2369 3781 nempe
2402 3714 2455 3766 in
2484 3710 2699 3769 liberam
2739 3710 3051 3769 voluntatem
3081 3731 3143 3767 ac
3176 3710 3519 3768 voluntariam
3553 3710 3771 3764 liberta-

2190 3790 2289 3837 tem
2312 3783 2507 3838 conditi
2529 3802 2703 3839 sumus
2726 3786 2913 3840 nobilis
2942 3786 3039 3840 Dei
3066 3795 3332 3848 creatura;
3358 3782 3581 3838 secundo
3601 3783 3774 3851 refor-

2191 3868 2393 3925 mantur
2418 3858 2471 3907 in
2491 3857 2852 3925 innocentiam,
2877 3873 3005 3912 nova
3025 3857 3077 3910 in
3100 3854 3301 3910 Christo
3327 3866 3595 3918 creatura;
3615 3854 3773 3908 tertio

2189 3923 2528 4000 sublimatum
2556 3927 2609 4000 in
2635 3923 2873 3997 gloriam,
2916 3932 3144 4000 perfecta
3179 3928 3234 3981 in
3272 3927 3459 4000 spiritu
3507 3934 3769 4000 creatura.

2193 3992 2374 4065 Prima
2422 4013 2543 4065 ergo
2571 3992 2777 4053 libertas
2823 3992 2974 4054 habet
3009 3992 3234 4053 multum
3272 3992 3502 4062 honoris,
3543 3996 3776 4050 secunda

2190 4064 2466 4136 plurimum
2484 4064 2641 4123 etiam
2671 4071 2893 4135 virtutis,
2925 4070 3200 4125 novissima
3220 4069 3480 4124 cumulum
3507 4068 3661 4119 etiam
3678 4069 3773 4135 ju-

2191 4136 2495 4216 cunditatis.
2515 4139 2598 4194 Ea:
2626 4142 2793 4216 prima
2811 4150 3000 4213 quippe
3022 4150 3327 4216 prastamus
3349 4138 3543 4194 steteris
3566 4137 3774 4216 animu-

2192 4206 2359 4273 libus;
2390 4211 2444 4262 in
2468 4206 2692 4266 secunda
2719 4206 2964 4280 carnem}
3002 4206 3091 4280 per
3120 4213 3321 4267 tertiam
3349 4220 3563 4264 mortem
3596 4208 3772 4280 subji-

2192 4280 2378 4352 cimus.
2402 4280 2477 4336 Ita
2509 4283 2571 4337 D.
2615 4282 2943 4338 Bernardus.
2974 4283 3054 4341 Ex
3081 4282 3276 4352 quibus
3314 4280 3669 4350 intelligimus
3703 4280 3775 4335 li-

2193 4346 2384 4430 berum
2413 4353 2694 4409 arbitrium
2719 4354 2826 4410 dici
2854 4368 2960 4409 non
2983 4346 3283 4430 alibertate
3302 4346 3516 4430 gratias;
3542 4364 3664 4419 qua:
3687 4359 3776 4406 est

2195 4417 2417 4501 libertas
2446 4440 2474 4477 a
2500 4435 2740 4501 peccaio,
2765 4440 2943 4501 neque
2965 4425 3277 4501 alihertate
3304 4417 3662 4501 gloriatique
3690 4432 3777 4478 est

2196 4490 2416 4548 libertas
2446 4510 2477 4549 a
2502 4490 2745 4562 miseria,
2777 4490 2872 4550 sed
2902 4512 2932 4551 a
2964 4497 3209 4552 libertate
3239 4490 3468 4550 naiurae.
3495 4493 3624 4560 Qua:
3653 4509 3777 4547 rur-

2195 4575 2285 4616 sus
2337 4564 2589 4621 dividitur
2641 4568 2693 4621 iu
2744 4567 3105 4624 libertatema
3156 4568 3451 4633 coactione,
3496 4574 3552 4621 et
3603 4563 3776 4619 liber-

2198 4641 2360 4689 tatem
2402 4652 2428 4689 a
2472 4637 2814 4693 necessitate.
2866 4638 3115 4693 Libertas
3161 4652 3190 4691 a
3240 4637 3521 4693 coactione
3559 4645 3644 4689 est
3692 4637 3775 4689 vis

2193 4706 2458 4779 quaedam
2494 4725 2597 4779 qua
2647 4710 2895 4764 voluntas
2949 4724 3057 4764 non
3112 4718 3291 4778 potest
3338 4709 3475 4779 cogi.
3522 4706 3776 4779 Libertas

2194 4790 2223 4828 a
2258 4775 2580 4851 necessitate
2632 4789 2715 4836 est
2766 4795 2869 4851 qua
2898 4775 3146 4836 voluntas
3195 4789 3373 4849 pclest
3408 4775 3482 4834 ex
3524 4775 3776 4851 Ριυτίίῑυξ

2194 4861 2358 4928 unum
2388 4850 2665 4920 quodlibet
2688 4847 2889 4928 eligere
2912 4893 2926 4914 ,
2973 4860 3029 4906 et
3055 4847 3258 4928 nullum
3310 4849 3637 4928 necessario.
3688 4847 3774 4902 Ad

2194 4916 2423 4993 liberum
2469 4929 2650 4978 autem
2675 4916 2952 4977 arbitrium
2978 4924 3195 4993 proprie
3225 4922 3460 4991 pertinet
3486 4919 3711 4993 libertas
3741 4933 3775 4974 ι

2194 4991 2541 5057 necessitate,
2577 5002 2635 5048 ut
2660 4994 2860 5048 dictum
2894 4989 2996 5057 est,
3024 4989 3130 5049 non
3164 4989 3382 5048 libertas
3406 5008 3439 5048 a
3463 4989 3773 5046 coactione.

2194 5058 2326 5115 Nam
2372 5062 2534 5135 homo
2569 5066 2775 5135 appetit
2814 5064 3197 5120 beatitudinem
3247 5079 3353 5119 non
3398 5070 3618 5122 coacte:
3666 5075 3775 5135 nec

2193 5141 2371 5188 tamen
2399 5134 2587 5202 libere,
2619 5134 2741 5206 quia
2770 5137 3078 5192 necessario
3109 5155 3120 5190 :
3157 5146 3213 5191 et
3240 5134 3775 5207 pecoraruecessario

2193 5216 2452 5273 appetunt
2480 5204 2682 5274 cibum,
2714 5222 2820 5261 non
2847 5217 3060 5271 coacte;
3097 5222 3196 5262 nec
3217 5204 3393 5262 tamen
3419 5206 3609 5266 libere.
3640 5204 3774 5273 quia

2193 5287 2380 5331 carent
2410 5278 2578 5334 libero
2606 5279 2850 5334 arbitrio.
2884 5279 2980 5333 Est
3010 5279 3168 5345 igitur
3206 5279 3315 5332 alia
3364 5277 3583 5333 libertas
3608 5287 3640 5327 a
3667 5289 3771 5329 co—

2193 5347 2428 5415 actione,
2462 5350 2562 5405 alia
2594 5365 2625 5404 a
2650 5352 2987 5420 necessitate.
3017 5349 3203 5420 Neque
3228 5364 3361 5407 vero
3389 5345 3685 5420 requiritur
3712 5353 3774 5400 ut

2193 5420 2264 5476 sit
2288 5420 2535 5475 voluntas
2558 5421 2722 5475 libera
2750 5423 2815 5477 ad
2839 5415 3144 5492 eligendum
3169 5421 3371 5477 bonum
3408 5415 3491 5474 vei
3530 5415 3771 5492 malum;

2196 5506 2318 5546 nam
2351 5492 2655 5563 hujusmodi
2682 5492 2903 5548 libertas
2917 5488 3271 5563 consequitur
3294 5499 3495 5563 tantum
3518 5488 3775 5563 diversos

2193 5571 2367 5618 Status
2388 5562 2543 5618 liberi
2565 5563 2795 5619 arbitrii.
2823 5564 2970 5619 Alias
2995 5559 3135 5620 enim
3162 5566 3306 5618 vires
3328 5560 3519 5617 habuit
3538 5559 3591 5614 in
3617 5566 3774 5613 statu

2191 5634 2535 5699 innocentiae,
2568 5633 2705 5688 alias
2728 5634 2784 5689 in
2813 5644 2955 5689 statu
2982 5634 3210 5704 peccati,
3242 5633 3374 5688 alias
3398 5633 3452 5689 in
3475 5640 3614 5686 statu
3635 5643 3774 5704 gra-

2190 5706 2299 5773 tiae,
2330 5714 2383 5760 et
2411 5705 2547 5777 alias
2578 5707 2631 5759 in
2662 5713 2803 5777 statu
2832 5706 3019 5777 gloriae
3042 5723 3054 5759 :
3079 5716 3129 5777 et
3152 5719 3315 5774 posse
3334 5705 3535 5777 eligere
3559 5705 3774 5777 malum

2188 5790 2295 5831 non
2318 5774 2598 5844 perfectio,
2622 5776 2717 5831 sed
2741 5774 3074 5846 imperfectio
3100 5776 3331 5833 dicenda
3350 5774 3434 5832 est
3454 5774 3770 5839 libertatis;

517 5841 656 5899 bene
682 5841 1036 5911 operandum,
1066 5840 1269 5912 absque
1305 5838 1472 5911 gratia
1503 5841 1622 5895 Dei.
1672 5838 1768 5897 Cui
1822 5842 2084 5900 doctrinm
2184 5838 2410 5916 proinde
2441 5864 2545 5903 non
2577 5838 2753 5903 solum
2787 5838 2895 5905 Deo
2926 5863 3029 5903 non
3061 5850 3360 5918 convenit,
3404 5847 3497 5903 sed
3526 5859 3627 5902 nec
3658 5838 3764 5899 an4
