4078 6332
349 398 462 449 mat
486 391 720 464 arbitrii,
764 396 950 455 dicens
984 418 997 457 :
1042 404 1197 462 Omni
1226 413 1461 469 custodia
1491 434 1639 473 serva
1665 436 1755 475 cor
1784 430 1929 478 tuum

349 482 535 557 (Prov.
569 487 669 560 tv).
702 486 811 552 Sed
841 492 1208 557 inﬁrmitatem
1237 503 1353 574 ejus
1380 509 1673 579 Apostolus
1698 516 1925 574 manife-

346 585 453 634 stat
478 578 669 637 dicens
699 600 713 637 :
741 581 998 644 Dominus
1024 594 1285 650 custodiat
1324 578 1486 655 corda
1514 615 1681 660 vestra
1704 616 1753 661 et
1777 608 1931 664 intel-

346 672 590 768 ligentias
610 687 803 735 uestras
824 682 880 735 in
904 681 1111 741 Christo
1132 686 1256 744 Jesu
1286 690 1513 767 (Philip.
1537 701 1637 768 tv).
1662 700 1926 759 Virtutem

343 764 498 823 liberi
537 770 751 828 arbitrii
779 773 947 831 David
976 780 1251 850 enuntiat,
1281 764 1469 842 dicens
1497 806 1511 843 :
1547 764 1813 847 Inclinavi
1838 808 1928 850 cor

539 867 612 961 ad
638 869 911 939 faciendas
933 876 1334 946 justiﬁcationes
1365 890 1480 938 tuas
1508 884 1682 957 (Psal.
1712 890 1924 961 cxvut).

340 956 449 1014 Sed
498 959 869 1019 inﬁrmitatem
906 965 1027 1037 ejus
1064 963 1206 1026 idem
1251 987 1417 1030 orans
1452 956 1706 1034 similiter
1747 956 1924 1049 docet,

339 1049 576 1121 Inclina,
608 1052 858 1127 inquiens
878 1098 894 1125 ,
924 1074 1016 1114 cor
1039 1077 1207 1118 meum
1233 1066 1288 1120 in
1312 1069 1603 1126 testimonia
1628 1082 1717 1127 tua
1739 1083 1788 1128 et
1825 1090 1927 1130 non

338 1145 393 1198 in
437 1146 709 1202 avaritiam
753 1146 966 1223 (Ibid.).
1010 1154 1264 1213 Salomon
1299 1174 1511 1233 quoque
1551 1164 1664 1219 ait:
1697 1163 1925 1222 Inclinet

337 1236 496 1292 corda
513 1246 694 1293 nostra
715 1240 785 1295 ad
813 1259 887 1310 se,
912 1255 967 1298 ut
991 1248 1314 1306 ambulemus
1334 1253 1389 1307 in
1419 1255 1674 1311 universis
1695 1259 1792 1314 viis
1813 1260 1924 1331 ejus

339 1338 387 1385 et
412 1334 763 1391 custodiamus
806 1338 1051 1394 mandata
1081 1347 1216 1414 ejus,
1257 1354 1305 1399 et
1349 1352 1677 1406 cteremonias
1706 1355 1842 1426 ejus,
1873 1363 1922 1409 et

333 1424 538 1516 judicia
565 1431 682 1500 ejus
730 1428 822 1502 (ill
853 1430 981 1504 Reg.
1008 1434 1149 1506 vm).
1189 1435 1520 1497 Potestatem
1552 1424 1799 1516 designat
1834 1462 1922 1501 ar-

336 1515 486 1572 bitrii
518 1522 689 1576 nostri
721 1520 1178 1598 Psalmograpltus
1208 1528 1399 1589 dicens
1424 1551 1439 1588 :
1470 1532 1661 1591 Cohibe
1687 1536 1922 1609 linguam

335 1618 478 1664 tuam
504 1628 538 1666 ιι
558 1614 723 1682 malo,
752 1624 802 1671 et
833 1617 971 1673 labia
1006 1629 1099 1674 tua
1125 1638 1189 1676 ne
1229 1623 1510 1696 loquantur
1535 1626 1712 1683 dolum
1743 1629 1916 1704 (Psal.

330 1705 550 1777 xum).
593 1705 965 1768 Inﬁrmitatem
999 1712 1117 1786 ejus
1160 1728 1343 1774 nostra
1385 1732 1714 1791 protestatur
1742 1728 1918 1784 oratio

1266 288 1605 353 coccmo
1645 297 1785 356 xm.
1818 330 1890 344 —
1918 301 2011 360 ne
2048 261 2536 375 rnorecrtoue
2574 318 2688 377 DEI

3514 335 3622 394 θὶς

1956 436 2003 494 Α
2033 427 2401 492 inﬁrmitatem
2426 438 2544 508 ejus
2567 440 2710 497 idem
2733 441 2993 503 Dominus
3013 456 3369 520 protestatur,
3388 451 3615 513 dicens:

2034 521 2202 579 Nemo
2245 536 2409 596 potest
2452 534 2623 588 venire
2671 534 2740 590 ad
2770 553 2871 604 me,
2905 540 3007 595 nisi
3050 540 3212 597 Pater
3233 546 3324 616 qui
3354 547 3488 601 misit
3515 564 3614 616 nte,

2031 620 2300 673 attraxerit
2338 637 2454 676 eum
2497 623 2675 696 (Joan.
2706 627 2807 700 γι).
2854 629 3149 701 Apostolus
3183 634 3415 692 liberum
3473 638 3619 695 arbi-

2032 708 2196 764 trium
2241 721 2485 769 nostrum
2516 715 2722 785 incitat,
2770 719 2955 777 dicens
2983 740 2997 778 :
3030 724 3122 781 Sic
3148 728 3343 783 currite
3389 741 3444 784 ut
3475 747 3614 785 cont-

2032 802 2366 869 prehendatis
2398 804 2440 876 (Ι
2464 804 2583 861 Cor.
2618 808 2718 881 ιι).
2754 811 2860 869 Sed
2893 815 3264 874 inﬁrmitatem
3295 821 3414 890 ejus
3443 821 3617 878 Joan-

2029 906 2125 948 nes
2182 893 2421 964 Baptista
2468 906 2701 956 testatur
2743 917 2864 959 cum
2914 907 3034 962 ait:
3088 907 3211 965 Non
3250 919 3413 982 potest
3460 912 3614 969 homo

2027 985 2262 1057 accipere
2289 1004 2323 1040 a
2348 1005 2402 1043 se
2440 991 2744 1063 quidquam,
2794 996 2891 1051 nisi
2920 998 3076 1069 fuerit
3102 1001 3149 1055 ei
3174 1001 3349 1058 datum
3394 1004 3458 1059 de
3488 1005 3613 1062 calo

2027 1074 2207 1149 (Joan.
2240 1082 2342 1148 ιιι).
2375 1079 2639 1139 Jubemur
2670 1086 2878 1142 animas
2907 1101 3120 1148 nostras
3156 1094 3390 1151 sollicite
3429 1109 3613 1153 enato-

2026 1170 2174 1240 dire,
2223 1173 2439 1230 dicente
2489 1177 2792 1248 propheta:
2850 1181 3115 1238 Custodite
3162 1186 3365 1241 animas
3417 1197 3609 1245 vestras

2026 1260 2241 1332 (Jerem.
2276 1264 2433 1338 xvu).
2489 1266 2594 1324 Sed
2649 1270 2843 1327 eodem
2889 1275 3085 1344 spiritu
3130 1276 3267 1333 alius
3307 1280 3610 1348 proclamat

2025 1358 2286 1429 propheta
2320 1379 2334 1416 :
2366 1360 2487 1416 Nisi
2518 1361 2773 1421 Dominus
2801 1370 3099 1423 custodierit
3131 1371 3401 1441 ciuitatem,
3433 1375 3487 1429 in
3513 1392 3606 1430 va-

2022 1468 2147 1506 num
2169 1454 2346 1528 vigilat
2369 1457 2458 1527 qui
2481 1458 2703 1512 custodit
2727 1476 2839 1514 eam
2870 1460 3043 1531 (Psal.
3073 1462 3278 1536 cxxvr).
3310 1467 3607 1537 Apostolus

2022 1543 2466 1618 Philippensibus
2486 1550 2752 1621 scribens,
2787 1561 2847 1608 ut
2873 1552 3104 1610 liberum
3135 1571 3328 1612 eorum
3354 1557 3603 1629 designet

2020 1639 2330 1707 arbitrium,
2360 1640 2491 1695 Cum
2524 1651 2661 1698 metu
2692 1652 2739 1699 et
2765 1655 3005 1713 tremore,
3049 1648 3245 1719 inquit,
3277 1660 3492 1705 uestram
3517 1668 3607 1705 sa-

2020 1732 2175 1787 lutem
2204 1736 2491 1806 operamini
2520 1735 2687 1809 (Phil.
2734 1735 2819 1809 ιι).
2851 1738 2953 1795 Sed
2987 1747 3048 1794 ut
3086 1742 3454 1799 inﬁrmitatem
3485 1743 3605 1814 ejus

331 1794 636 1904 dicentibus
660 1800 858 1906 nobis:
894 1802 1065 1874 Pone,
1093 1807 1337 1877 Domine,
1366 1815 1652 1871 custodiam
1677 1819 1755 1872 ori
1781 1837 1909 1885 meo,
1942 1849 1990 1910 Β
2018 1794 2297 1893 ostendat,
2343 1794 2608 1900 atljungit,
2650 1794 2858 1901 dicens,
2904 1830 3043 1887 Deus
3084 1843 3161 1888 est
3205 1835 3359 1902 enim,
3403 1794 3598 1906 inqdit,

331 1898 381 1944 et
405 1892 592 1946 ostium
623 1895 1022 1955 circumstantia
1044 1902 1190 1958 labiis
1210 1908 1336 1961 meis
1360 1906 1535 1980 (Psal.
1569 1913 1718 1981 (ιιι).
1749 1913 1914 1971 Arbi-

330 1985 422 2040 trii
452 1988 625 2043 nostri
650 1989 883 2048 facultas
908 2009 939 2049 a
962 1996 1194 2054 Domino
1220 2000 1531 2059 declaratur
1550 2021 1671 2062 cum
1693 2008 1725 2063 d
1736 2009 1910 2078 icitur,

331 2078 489 2175 Solve
511 2080 719 2137 vincula
756 2086 879 2141 colli
908 2089 1019 2155 tui,
1052 2093 1254 2162 captiva
1283 2095 1397 2165 ﬁlia
1427 2097 1553 2155 Sion
1590 2099 1775 2173 (Isaia.-
1795 2104 1910 2175 LII).

329 2172 701 2271 Iiragilitatem
732 2178 851 2249 ejus
875 2182 1137 2256 propheta
1168 2188 1419 2246 decantat
1456 2193 1624 2267 (Lips.
1662 2197 1715 2251 in
1743 2172 1909 2271 marg.

328 2267 662 2345 denuntiat],
686 2274 875 2333 dicens
904 2297 916 2334 :
947 2279 1202 2338 Dominus
1225 2284 1375 2340 solvit
1395 2291 1712 2361 compeditos
1734 2267 1909 2363 (Ρωί.

325 2362 503 2434 cur).
536 2363 624 2433 Et,
662 2365 917 2441 Dirupisti
941 2372 1148 2429 vincula
1177 2392 1322 2443 mea,
1355 2379 1447 2433 tibi
1477 2362 1783 2451 sacriﬁcabo
1814 2386 1908 2441 ho-

324 2454 477 2550 sfium
524 2456 696 2514 laudis
739 2460 914 2534 (Psal.
943 2466 1089 2538 ειν).
1139 2468 1460 2527 Audivimus
1508 2473 1563 2530 in
1618 2476 1912 2550 Evangelio

327 2544 615 2606 Dominum
643 2565 1037 2613 convocantem
1071 2569 1129 2614 ut
1169 2562 1236 2615 ad
1268 2579 1389 2618 eum
1422 2544 1796 2635 properemus.
1815 2588 1912 2642 per

325 2639 552 2697 liberum
580 2644 864 2703 arbitrium
900 2668 913 2703 :
953 2650 1132 2706 Venite
1162 2656 1230 2709 ad
1254 2673 1351 2726 me,
1386 2674 1558 2715 omnes
1587 2663 1675 2733 qui
1704 2639 1912 2720 labora-

326 2735 387 2788 tis
411 2744 459 2790 et
482 2739 681 2793 onerati
699 2741 839 2811 estis,
872 2751 920 2798 et
942 2760 1033 2816 ego
1057 2744 1288 2816 reﬁciam
1316 2764 1403 2805 vos
1431 2750 1646 2820 (Matth.
1672 2755 1772 2826 ιι).
1800 2755 1907 2812 Sed

2016 1924 2107 1992 qui
2136 1933 2375 1994 operatur
2419 1924 2475 1978 in
2503 1924 2663 1990 vobis,
2696 1933 2744 1979 et
2782 1925 2912 1980 velle
2951 1935 2997 1979 et
3049 1927 3294 2001 perﬁcere
3337 1945 3428 2000 pro
3469 1928 3603 1984 bona

2016 2014 2273 2069 voluntate
2303 2013 2513 2088 (lbid.).

2634 2131 2863 2191 CAPUT
2895 2133 2987 2189 XI.

2092 2268 2278 2324 Utrum
2307 2270 2494 2325 bonam
2526 2270 2843 2347 voluntatem
2877 2281 3103 2347 nostram
3135 2283 3382 2347 sequatur
3402 2317 3417 2344 ,
3463 2293 3529 2331 an

2518 2343 2775 2413 prteredat
2794 2347 2965 2416 gratia
2988 2346 3102 2402 Dei.

2087 2478 2156 2533 Et
2187 2479 2259 2533 ita
2286 2485 2412 2534 sunt
2439 2478 2555 2535 haec
2577 2480 2975 2551 quodammodo
3019 2460 3307 2538 indiscrete
3332 2481 3593 2552 permixta

2012 2581 2174 2643 atque
2194 2573 2442 2638 confusa,
2465 2583 2491 2611 ⁸·
2513 2585 2572 2629 ιιι
2600 2574 2727 2645 quid
2753 2591 2817 2631 ex
2842 2591 2949 2647 quo
2970 2575 3203 2647 pendeat
3232 2577 3375 2632 inter
3396 2576 3594 2633 multos

2013 2679 2205 2735 magna
2223 2666 2524 2735 quaestione
2540 2666 2802 2733 volvatur,
2831 2666 2883 2722 id
2904 2676 3008 2733 est,
3032 2677 3209 2723 utrum
3235 2668 3359 2739 quia
3385 2668 3595 2724 initium
3674 2708 3683 2715 -

2012 2756 2169 2812 bona:
2219 2758 2515 2816 voluntatis
2563 2760 2999 2832 praebuerimus,
3054 2763 3375 2818 misereatur
3424 2763 3596 2818 nostri

1392 2842 1649 2899 ALARDI
1690 2846 1918 2903 GAZIEI
1958 2847 2522 2909 COMMENTARIUS.

323 2921 480 3008 gelis,
517 2939 619 3008 nec
650 2924 959 3008 hominibus
1005 2930 1216 3008 beatis;
1252 2933 1391 3008 sicut
1436 2950 1485 3008 e_
1506 2935 1721 2992 diverso
1751 2954 1907 3008 posse

322 2993 524 3067 eligere
553 2996 755 3052 bonum
800 2999 1139 3059 dmutonibus
1165 2993 1219 3059 ei.
1248 3005 1518 3061 damnatis
1560 3024 1665 3063 non
1711 2993 1907 3067 conve:

323 3064 553 3143 nit._qui
585 3077 763 3143 tamen
796 3070 965 3126 libero
997 3074 1204 3143 polleat
1239 3076 1485 3131 arbitrio.
1536 3079 1669 3135 lliuc
1702 3081 1759 3135 υ.
1784 3064 1906 3136 Ati-

322 3136 570 3211 gustitius
616 3140 636 3211 (
665 3139 780 3196 Lib.
810 3159 920 3197 χχιι
949 3136 1014 3197 de
1036 3144 1184 3201 Civit.
1217 3164 1264 3201 ε.
1295 3146 1362 3203 '50
1390 3152 1409 3210 )
1450 3149 1518 3204 de
1554 3149 1654 3205 hac
1694 3153 1904 3209 arbitrii

323 3207 588 3291 varietate
614 3207 712 3291 pro
739 3213 1248 3291 diversitatestatus
1269 3207 1533 3289 cujusque
1556 3238 1755 3291 agens:
1787 3207 1906 3278 Non

324 3280 467 3346 ideo,
494 3280 710 3362 inquit,
743 3285 959 3362 liberum
987 3286 1258 3342 arbitrium
1301 3280 1423 3362 non
1447 3280 1703 3347 habebunt
1729 3336 1743 3359 ,
1788 3296 1907 3362 quia

322 3361 535 3435 peccata
561 3350 650 3435 eos
669 3357 920 3435 delectare
949 3376 1052 3412 non
1079 3369 1337 3435 poterunt.
1370 3360 1542 3434 Magis
1580 3350 1767 3435 quippe
1799 3350 1906 3419 'erit
1936 3350 1981 3414 C

324 3421 539 3479 liberum
562 3443 595 3479 a
616 3428 950 3501 delectatione
975 3421 1221 3501 peccandi
1245 3448 1400 3500 usque
1425 3421 1492 3486 ad
1521 3421 1910 3491 delecldtionem

323 3510 425 3574 non
448 3499 697 3574 peccandi
730 3499 1141 3574 indeclinabilem
1169 3503 1458 3557 liberatum.
1506 3503 1645 3558 Nam
1685 3508 1909 3574 primum

324 3565 537 3645 liberum
577 3570 848 3645 arbitrium
875 3613 889 3635 ,
929 3570 1065 3642 quo'd
1106 3574 1299 3626 homini
1334 3576 1511 3628 datum
1546 3586 1621 3629 est
1644 3618 1658 3643 ,
1685 3565 1910 3645 quando

324 3638 549 3716 primum
580 3643 814 3695 conditus
838 3652 919 3716 est
940 3638 1107 3697 rectus
1133 3686 1147 3710 ,
1190 3646 1354 3713 potuit
1393 3663 1494 3700 non
1529 3638 1735 3716 peccare
1760 3664 1777 3712 ;
1821 3651 1911 3703 sed

323 3712 489 3785 potuit
530 3720 579 3766 et
615 3728 825 3783 peccare
853 3730 871 3767 :
900 3714 995 3768 hoc
1018 3728 1186 3769 autem
1213 3712 1538 3770 novissimum
1568 3736 1626 3772 eo
1656 3723 1909 3785 potentius

324 3780 451 3843 erit,
482 3780 826 3858 quopeccare
863 3801 974 3858 non
1006 3788 1191 3856 poterit
1218 3827 1233 3854 ,
1266 3797 1371 3843 etc.
1404 3787 1497 3842 His
1528 3780 1815 3858 pratmissis
1846 3807 1910 3846 ac

324 3854 639 3928 praenotatis
667 3896 680 3919 ,
729 3854 1028 3928 statuenda:
1072 3868 1195 3912 sunt
1235 3859 1353 3916 dum
1399 3854 1796 3928 propositiones
1841 3863 1907 3918 ad

324 3921 748 3997 elucidationcm
765 3927 922 3997 hujus
937 3943 1054 3997 cap.
1066 3971 1081 3993 ,
1102 3929 1266 3984 immo
1278 3941 1331 3985 et
1355 3921 1518 3985 totius
1531 3932 1839 3988 collationis
1857 3943 1911 3989 et

322 3993 705 4067 disputationis
733 3999 802 4054 de
830 3993 1018 4067 gratia
1039 4010 1091 4054 et
1116 4001 1286 4055 libero
1310 4002 1535 4056 arbitrio
1564 4006 1904 4060 necessarim.

326 4061 382 4146 ξ’
410 4061 768 4146 Adam_liberi
800 4061 1009 4146 arbitrii
1040 4086 1068 4123 a
1104 4072 1213 4126 Deo
1237 4073 1484 4146 conditus
1508 4075 1607 4129 fuit
1631 4078 1910 4146 potuitque

324 4135 378 4190 in
408 4140 912 4212 statuionocentia:
941 4142 1075 4197 bene
1106 4152 1160 4198 et
1195 4144 1335 4197 male
1364 4160 1541 4212 agere.
1575 4135 1835 4201 Testatur"
1856 4148 1906 4202 id

324 4210 672 4283 apertissime
696 4228 847 4268 sacra
876 4212 1174 4283 Scriptura.
1206 4210 1568 4269 Ecelesiastici
1596 4233 1663 4271 xv
1715 4236 1726 4269 :
1769 4217 1909 4273 Deus

322 4280 386 4333 ab
410 4281 558 4335 initio
586 4286 848 4339 constituit
877 4280 1163 4349 hominem,
1201 4295 1250 4340 et
1276 4286 1481 4354 reliquit
1519 4304 1631 4340 eum
1667 4289 1722 4342 in
1753 4305 1909 4343 manu

324 4353 525 4429 consilii
572 4355 653 4407 sui
672 4356 918 4429 ,‘Uadjecit
960 4358 1289 4429 mandataiet
1330 4353 1582 4429 prcecepta
1625 4375 1719 4413 sua
1745 4400 1759 4422 ,
1800 4371 1905 4415 etc.

324 4421 579 4494 Idemque
602 4421 869 4496 colligit'ur
897 4443 959 4481 ex
995 4427 1101 4481 illis
1128 4428 1307 4483 verbis
1330 4421 1560 4483 Genesis
1592 4445 1647 4483 ιιι
1676 4448 1689 4484 :
1722 4421 1909 4485 Facia-

325 4509 439 4547 mus
466 4497 723 4550 hominem
754 4499 821 4551 ad
866 4498 1141 4566 imaginem
1166 4511 1212 4553 et
1240 4499 1628 4553 similitudinem
1658 4510 1903 4568 nostram,

323 4574 380 4641 ut
414 4568 591 4641 prtesit
629 4568 888 4641 piscibus,
936 4577 1040 4624 etc.
1089 4570 1374 4641 imaginem
1418 4570 1685 4637 siquidem
1717 4574 1809 4626 Dei
1854 4575 1905 4627 in

324 4634 547 4692 homine
580 4634 692 4692 tum
722 4640 842 4695 aliis
878 4634 1226 4705 rationibus,
1269 4652 1378 4695 tum
1407 4634 1640 4695 maxime
1676 4641 1905 4699 libertati

2010 2942 2204 2995 tionem
2242 2942 2388 2996 illam
2430 2943 2682 3012 recipiens
2705 2986 2723 3019 ,_
2768 2945 2959 3019 quippe
2986 2947 3078 3019 qui
3103 2944 3249 3019 illam
3289 2955 3338 3000 et
3376 2945 3596 3019 abjicere

2012 3021 2213 3087 potest,
2262 3030 2424 3081 neque
2464 3024 2632 3087 tamen
2678 3015 2790 3071 sine
2830 3015 2997 3087 gratia
3039 3015 3135 3070 Dei
3180 3032 3383 3073 movere
3427 3015 3482 3071 se
3524 3020 3594 3073 ad

2011 3084 2263 3148 iustitiam
2296 3102 2467 3139 coram
2512 3085 2605 3141 illo
2646 3086 2806 3158 libera
2831 3084 2946 3141 'sua
2992 3088 3255 3144 voluntate
3297 3089 3478 3158 possit.
3530 3089 3597 3144 Et.

2011 3170 2198 3230 rursus
2239 3158 2505 3230 canone}
2538 3157 2829 3213 anathema
2868 3159 3064 3230 dicitur
3089 3200 3103 3225 ,
3152 3160 3197 3213 si
3243 3157 3358 3230 quis
3408 3161 3594 3215 dixerit

2013 3225 2229 3279 liberant
2262 3225 2483 3282 hominis
2514 3230 2783 3283 arbitrium
2812 3246 2843 3282 a
2876 3228 2981 3284 Deo
3016 3238 3209 3283 motum
3240 3225 3286 3285 et
3314 3232 3592 3286 excitatum

2011 3297 2144 3350 nihil
2163 3299 2427 3370 cooperari
2447 3300 2775 3353 assentiendo
2810 3301 2915 3355 Deo
2942 3302 3189 3355 excitanti
3214 3314 3366 3370 atque
3392 3305 3594 3357 vocanti

2011 3383 2110 3432 quo
2149 3367 2218 3420 ad
2244 3368 2575 3422 obtinendam
2608 3370 2996 3444 justiﬁcationis
3031 3373 3248 3444 gratiam
3275 3367 3329 3425 se
3355 3373 3593 3444 disponat

2014 3455 2077 3491 ac
2097 3449 2349 3509 prwparet
2368 3455 2387 3501 ;
2418 3456 2581 3509 neque
2605 3441 2750 3509 posse
2770 3441 3056 3505 dissentire,
3079 3443 3125 3496 si
3144 3442 3265 3495 velit
3290 3458 3302 3495 :
3328 3445 3415 3496 sed
3436 3441 3591 3498 ueluti

2011 3508 2239 3583 inanima
2264 3508 2521 3583 quoddam
2552 3508 2681 3565 nihil
2712 3513 2925 3565 omnino
2944 3529 3112 3582 agere,
3143 3529 3377 3581 mereque
3394 3516 3593 3583 passive

2014 3596 2067 3633 se
2103 3579 2308 3633 habere.
2360 3582 2426 3636 Et
2469 3597 2676 3638 canone
2721 3579 3204 3650 sequentiveodem
3249 3579 3589 3640 anathemate

2013 3651 2323 3721 percellitur
2349 3698 2362 3719 ,
2397 3654 2491 3726 qui
2521 3653 2737 3707 liberum
2768 3651 2994 3726 hominis
3023 3654 3292 3707 arbitrium
3322 3664 3436 3726 post
3463 3656 3589 3709 Adte

2011 3730 2278 3792 peccatum
2303 3723 2549 3777 amissum
2573 3731 2618 3777 et
2650 3724 2957 3778 exstinctum
2985 3741 3091 3779 esse
3118 3723 3336 3792 dixerit,
3367 3733 3457 3778 aut
3483 3742 3587 3779 rem

2011 3810 2118 3866 esse
2145 3793 2206 3846 de
2232 3795 2528 3866 sologtitulo
2550 3836 2564 3860 ,
2597 3796 2749 3848 immo
2781 3795 2987 3849 titulum
3022 3798 3132 3850 sine
3167 3812 3239 3849 re.
3276 3797 3445 3866 Atque
3474 3796 3590 3852 lucc

2012 3864 2118 3917 duo
2146 3874 2268 3917 sunt
2303 3864 2424 3918 ﬁdei
2452 3867 2626 3934 capita
2667 3881 2786 3935 qua:
2812 3866 2880 3921 de
2912 3866 3083 3923 libero
3111 3866 3343 3921 hominis
3361 3864 3588 3921 arbitrio

2012 3935 2063 3989 in
2096 3935 2198 3988 hoc
2228 3950 2347 4005 cap.
2383 3937 2686 4003 traduntur,
2719 3945 2777 3991 ut
2805 3936 3053 4006 superius
3082 3937 3280 3992 dictum
3322 3945 3425 3992 est.
3456 3937 3587 4006 Qua:

2013 4007 2225 4061 tametsi
2257 4023 2381 4060 vera
2414 4009 2519 4063 sint
2543 4050 2559 4072 ,
2588 4022 2649 4063 ac
2678 4008 2995 4063 certissimis
3020 4008 3310 4075 Scriptura:
3338 4011 3585 4064 testimo-

2012 4077 2114 4149 niis
2143 4078 2481 4144 conﬁrmata,
2513 4080 2640 4134 falsa
2676 4087 2853 4135 tamen
2881 4088 2964 4134 est
2990 4081 3296 4145 conclusio,
3328 4094 3489 4149 quam
3519 4095 3586 4136 ex

2012 4148 2093 4202 his
2125 4149 2353 4204 intendit
2390 4152 2615 4213 Auctor,
2648 4150 2899 4205 nimirum
2928 4151 3207 4207 arbitrium
3238 4148 3478 4206 nostrum
3510 4152 3587 4206 sic

2011 4233 2131 4275 esse
2163 4220 2415 4285 liberum,
2449 4230 2505 4276 ιιι
2534 4222 2598 4275 ad
2625 4221 2823 4277 bonum
2856 4230 2909 4276 et
2950 4222 3148 4278 malum
3181 4223 3294 4292 pari
3323 4233 3413 4275 attt
3439 4220 3588 4277 sufﬁ-

2009 4292 2174 4364 cienti
2207 4292 2401 4364 polleat
2437 4292 2688 4347 facultate
2709 4334 2724 4358 ,
2773 4307 2872 4347 nec
2899 4304 3052 4361 egeat
3079 4295 3266 4364 gratia:
3304 4292 3544 4347 subsidio
3569 4334 3583 4354 .

2010 4363 2114 4417 nisi
2163 4362 2227 4417 ad
2278 4363 2666 4433 perﬁciendum
2705 4364 2756 4419 id
2799 4364 2940 4433 quod
2985 4362 3265 4433 incdeperit
3293 4405 3309 4430 ,
3362 4380 3466 4418 non
3515 4364 3584 4419 ad

2011 4434 2293 4487 rolendum
2325 4444 2377 4487 et
2410 4433 2802 4499 inchoandum;
2835 4449 2953 4488 cum
2982 4450 3049 4491 ex
3080 4435 3268 4490 iisdem
3291 4436 3585 4503 Scripturis

2007 4507 2192 4577 gratim
2241 4507 2539 4560 necessitas
2570 4503 2635 4558 ad
2668 4514 2952 4575 utrumque
2992 4505 3296 4562 certissime
3340 4521 3586 4577 compro-

2009 4574 2183 4628 betur.
2869 4574 2879 4575 “
3290 4606 3303 4617 .

2085 4655 2108 4680 η
2144 4645 2285 4717 Inter
2323 4645 2639 4716 Pelagianos
2666 4645 2920 4717 quidem,
2965 4656 3057 4701 aut
3084 4646 3582 4717 Semipelagianos,

322 4706 531 4791 arbitrii
559 4709 1090 4791 ascribuntpatres.
1119 4713 1224 4791 .Sic
1256 4713 1743 4791 Damascenuslib.
1772 4730 1811 4791 ιι
1841 4716 1908 4771 de
1934 4734 1986 4791 ι)
2010 4726 2068 4791 at
2087 4733 2202 4791 _u_on
2232 4716 2372 4772 inter
2392 4706 2755 4791 cailtolieos,
2783 4706 2979 4791 quibus
3012 4733 3108 4785 pro
3138 4706 3387 4791 confesso
3423 4706 3590 4791 etin;

322 4778 554 4857 QrI-ltod.
587 4780 733 4857 Fide
753 4796 803 4857 ς.
835 4781 935 4857 ιε.
972 4783 1280 4847 Hominem,
1310 4784 1504 4857 inquit,
1535 4784 1603 4837 ad
1628 4787 1903 4857 imaginem

320 4849 434 4923 Dei,
447 4865 579 4923 esse,
599 4853 859 4922 signiﬁcat
893 4855 1062 4923 ipsum
1092 4870 1199 4908 esse
1228 4849 1653 4921 intellectualem;
1684 4849 1906 4911 et'liberi

319 4919 558 4995 arbitrii,
583 4919 934 4989 «ascraeum;
965 4924 1029 4978 2°
1052 4925 1179 4981 Post
1202 4925 1409 4992 lapsum
1442 4929 1596 4995 primi
1632 4919 1903 4993 hominis,

320 4992 555 5047 liberum
600 4995 923 5063 arbitrium,
966 4998 1094 5051 licet
1135 4992 1470 5053 debilitatum
1520 5008 1574 5052 et
1602 4992 1901 5054 sauciatum

318 5063 416 5126 sit,
447 5078 554 5118 non
581 5076 760 5119 tamen
782 5066 1036 5122 amissum
1064 5076 1157 5121 aut
1202 5069 1534 5124 exstinctum
1557 5079 1661 5124 est.
1680 5071 1906 5127 Omissis

317 5148 492 5190 sacrae
523 5135 819 5206 Scriptura:
846 5147 902 5193 et
926 5138 1026 5195 SS.
1056 5139 1276 5195 Patrum
1308 5140 1719 5195 auctoritatibus
1747 5142 1906 5197 innu-

319 5207 489 5261 meris
514 5248 531 5272 ,
570 5223 703 5275 quas
739 5208 879 5278 apud
912 5210 1237 5266 cardinalem
1270 5211 1660 5266 Bellarminum
1690 5222 1743 5267 et
1773 5214 1907 5267 alios

317 5278 816 5351 controversiarum
857 5289 1175 5337 tractatores
1213 5282 1386 5336 lector
1418 5282 1697 5351 requirat,
1744 5283 1905 5340 διιπε-

316 5349 461 5403 eerit
494 5348 657 5405 nobis
685 5351 940 5407 Ecclesia:
967 5352 1211 5407 deﬁnitio
1241 5355 1294 5407 in
1325 5352 1558 5408 concilio
1585 5348 1903 5411 Tridentino

317 5435 585 5495 expressa
624 5420 795 5495 (Sess.
824 5439 876 5478 νι
906 5440 952 5478 c.
998 5424 1107 5493 5),
1130 5424 1240 5495 ‘ubi
1271 5426 1499 5492 primunt
1535 5425 1780 5495 deﬁnitur
1810 5425 1903 5480 ho-

316 5493 520 5569 mines,
566 5493 657 5563 qui
697 5509 783 5560 per
808 5506 1015 5569 peccata
1044 5510 1075 5548 a
1114 5493 1223 5549 Deo
1248 5498 1412 5569 aversi
1440 5493 1618 5563 erant,
1667 5513 1757 5569 per
1794 5500 1904 5566 ejus

317 5565 632 5641 excitantem
658 5574 809 5636 atque
829 5566 1161 5641 adjuvantem
1182 5568 1401 5641 gratiam
1426 5571 1494 5622 ad
1518 5565 1908 5623 convertendum

316 5651 380 5711 se
415 5635 485 5689 ad
526 5651 696 5711 suam
723 5635 950 5711 ipsorum
992 5635 1424 5711 justiﬁcationem
1454 5681 1469 5704 ,
1521 5640 1683 5695 cidem
1730 5642 1910 5710 gratia:

274 5711 283 5738 ⁸
317 5706 478 5762 libere
503 5706 831 5778 assentiendo
853 5717 898 5763 et
925 5706 1250 5778 cooperando
1291 5711 1495 5777 disponi
1527 5727 1545 5764 :
1587 5712 1659 5765 ita
1700 5706 1756 5766 ut
1794 5721 1909 5766 tan-

317 5786 475 5853 gente
510 5777 623 5833 Deo
660 5794 750 5832 cor
780 5779 1003 5853 hominis
1037 5799 1127 5853 per
1156 5780 1385 5853 Spiritus
1424 5782 1589 5834 sancti
1639 5783 1908 5836 illumina-

322 5849 516 5904 tionem
542 5890 558 5918 ,
594 5864 757 5920 neque
795 5849 950 5906 homo
987 5849 1096 5924 ipse
1137 5849 1269 5907 nihil
1298 5853 1501 5907 omnino
1530 5863 1651 5924 agat
1684 5855 1907 5923 inspira-

2012 4787 2257 4842 dubitato
2302 4799 2385 4841 est
2432 4802 2591 4842 omne
2640 4787 2847 4843 initium
2880 4787 3035 4842 bona:
3063 4789 3355 4843 voluntatis
3401 4803 3430 4842 a
3480 4789 3589 4842 Deo

2014 4858 2317 4927 provenire,
2350 4870 2407 4911 ιιι
2437 4860 2687 4927 superius
2710 4868 2985 4914 ostensum
3015 4867 3118 4914 est.
3151 4859 3367 4928 Triplex
3411 4868 3585 4912 autem

2011 4944 2165 4984 error
2195 4938 2249 4983 et
2281 4930 2583 4984 ahsurditas
2627 4930 2711 4984 hic
2751 4931 3125 4984 committitur.
3174 4930 3421 4991 Primus,
3464 4931 3587 4997 quia

2012 5002 2213 5070 pariter
2258 5001 2686 5055 condemnamur
2738 5010 2794 5057 et
2836 5016 3019 5055 errare
3063 5002 3315 5055 dicuntur
3348 5012 3452 5055 tam
3499 5000 3589 5070 qui

2012 5074 2343 5126 voluntatem
2380 5073 2575 5127 bonam
2607 5090 2671 5129 ex
2716 5072 2810 5128 Dei
2845 5072 3077 5126 fatentur
3106 5073 3251 5126 nasci
3285 5071 3590 5126 mismieor-

2013 5141 2138 5206 dia,
2186 5151 2245 5196 ut
2272 5144 2567 5209 catholici;
2612 5159 2771 5214 quam
2816 5145 2904 5211 qui
2951 5159 2980 5197 c
3024 5146 3313 5214 contrario,
3340 5151 3590 5197 asserunt

2012 5215 2236 5285 gratiam
2269 5229 2336 5269 ex
2373 5217 2509 5269 bona
2557 5213 2794 5285 pendere
2834 5215 3104 5268 voluntate
3135 5256 3149 5279 ,
3202 5221 3264 5268 ut
3292 5213 3587 5283 Pelagiani.

2015 5285 2298 5339 Secundus
2319 5331 2331 5353 ,
2365 5286 2506 5356 quod
2539 5286 2886 5341 nihilominus
2919 5297 3143 5354 utraque
3174 5285 3439 5340 sententia
3472 5299 3590 5338 sus-

2013 5357 2258 5424 cipienda
2289 5357 2618 5421 decernitur,
2646 5358 2770 5411 dum
2803 5357 2957 5410 unius
2980 5357 3034 5409 in
3058 5357 3304 5410 Matthmo
3326 5367 3379 5410 et
3405 5356 3586 5421 l'aulo,

2011 5428 2229 5482 alterius
2256 5429 2307 5483 in
2337 5426 2566 5483 Zachmo
2592 5438 2645 5482 et
2670 5428 2877 5482 latrone
2904 5428 3213 5497 exemplum
3239 5437 3295 5483 et
3314 5425 3588 5492 specimen

2014 5498 2395 5567 prztitenditur;
2427 5499 2581 5571 quasi
2612 5515 2641 5552 e
2672 5499 2880 5553 duobus
2911 5500 3256 5571 malis‘unum
3289 5501 3484 5552 bonum
3513 5539 3527 5563 ,
3559 5513 3591 5553 e

2014 5570 2224 5625 duobus
2256 5569 2551 5627 mendaciis
2584 5585 2687 5623 una
2718 5571 2918 5623 veritas
2964 5569 3156 5625 conﬁci
3200 5579 3254 5623 et
3283 5571 3590 5625 coalescere

2014 5642 2204 5712 possit.
2239 5641 2473 5709 Tertius,
2502 5641 2641 5713 quod
2669 5641 2890 5696 alterius
2919 5642 3105 5709 partis,
3136 5649 3322 5713 utpote
3350 5655 3590 5696 erronem:

2014 5712 2403 5783 etPelagianae,
2426 5712 2673 5781 exempla
2691 5713 2963 5783 pr0posita
2987 5714 3090 5771 Siul
3117 5712 3247 5769 falSa
3271 5726 3586 5782 eterrouea,

2015 5795 2074 5840 ut
2103 5800 2167 5841 ex
2200 5784 2550 5854 sequentibus
2575 5793 2739 5855 patet.
