4078 6332
496 314 635 377 θὲὄ,

1542 306 1829 371 .IOANNIS
1865 306 2185 371 CASSIANI
2220 306 2716 371 COLLATIONES.

496 428 671 494 Dens;
702 439 769 481 an
797 425 923 498 quia
956 423 1097 481 Deus
1124 420 1418 478 miseretur
1440 460 1457 488 ,
1495 434 1893 490 consequamur
1918 420 2073 476 bona
2100 423 2154 485 Α
2179 419 2320 488 sitio,
2347 419 2437 475 sed
2460 420 2727 476 voluntate
2753 418 2853 478 Dei
2891 423 2994 482 line
3018 427 3208 486 nam
3230 447 3351 489 ιη
3368 478 3383 505 ,
3418 439 3507 506 με
3538 439 3662 509 με,
3686 462 3767 503 η

494 517 793 575 voluntatis
816 512 1064 573 initium?
1093 512 1243 570 Multi
1268 512 1412 569 enim
1441 510 1648 584 singula
1681 511 1798 568 haec
1825 526 2075 583 qumren-

494 622 579 669 tes
607 628 671 669 ac
706 612 854 683 justo
880 610 1109 681 amplius
1135 615 1445 664 asserentes
1466 650 1482 677 ,
1514 604 1680 663 variis
1712 606 1922 679 sibique
1948 623 2079 663 con-

496 704 679 762 trariis
722 711 850 761 snnt
888 701 1163 759 erroribus
1204 700 1450 759 involuti.
1494 700 1553 758 Si
1594 698 1741 757 enim
1781 699 2079 758 dixerimus

496 807 741 854 nostrum
771 810 893 854 esse
921 796 1075 851 bona!
1105 793 1431 866 principium
1457 793 1752 850 voluntatis
1778 835 1792 861 ,
1822 794 1949 865 quid
1978 793 2079 850 fuit

496 894 548 948 in
583 897 927 963 persecutore
966 888 1135 945 Paulo
1157 931 1173 958 ,
1205 886 1333 960 quid
1370 889 1423 943 in
1459 886 1744 959 publicano
1785 886 2075 957 Matthaao,

493 999 722 1057 quorum
750 998 893 1038 nnns
919 983 1100 1038 cruori
1125 996 1190 1037 ac
1216 980 1502 1053 suppliciis
1524 982 1876 1037 innocentum
1895 1022 1911 1052 ,
1941 981 2077 1038 alius

493 1077 771 1134 violentiis
800 1091 862 1133 ac
891 1076 1095 1149 rapinis
1125 1076 1353 1147 publicis
1380 1076 1640 1133 incubans
1679 1076 1969 1132 attrahitur
2010 1074 2079 1137 ad

494 1172 758 1229 salutem?
786 1171 881 1229 Sin
911 1186 1042 1227 vero
1070 1170 1239 1242 gratia
1270 1169 1368 1226 Dei
1398 1186 1617 1243 semper
1644 1171 1899 1244 inspirari
1922 1172 2079 1230 bona

497 1264 794 1323 voluntatis
839 1265 1105 1338 principia
1163 1263 1495 1332 dixerimus,
1527 1264 1705 1337 “quid
1747 1265 1815 1324 de
1863 1264 2079 1325 Zachtei

497 1359 620 1427 fide,
655 1358 783 1431 quid
809 1356 877 1414 de
899 1357 1046 1414 illius
1075 1357 1127 1413 in
1151 1371 1311 1414 cruce
1340 1356 1567 1415 latronis
1594 1358 1796 1429 pietate
1824 1357 2074 1431 dicimus,

494 1453 583 1526 qui
615 1450 886 1509 desiderio
926 1466 1026 1507 suo
1055 1451 1163 1507 vim
1192 1450 1481 1523 quamdam
1531 1451 1714 1524 regnis
1757 1450 2077 1509 cmlestibns

498 1548 813 1614 inferentes,
836 1545 1092 1618 specialia
1114 1548 1414 1603 vocationis
1436 1547 1638 1604 monita
1664 1544 2079 1618 praevenerunt?

493 1640 1031 1697 Consummationem
1082 1655 1213 1697 vero
1253 1641 1512 1699 virtutum
1559 1651 1615 1698 et
1667 1641 2076 1699 exsecutionem

495 1734 871 1792 mandatorum
900 1734 1018 1806 Dei,
1051 1738 1095 1795 si
1129 1745 1315 1795 nostro
1359 1737 1798 1810 deputaverinnts
1827 1737 2075 1805 arbitrio,

2178 511 2327 584 quasi
2368 521 2568 585 patrem
2593 510 2885 571 Pharaonis
2908 557 2925 587 ,
2971 528 3023 575 et
3065 521 3334 583 dominum
3374 531 3536 587 totius
3582 535 3765 595 domus

2178 607 2311 680 ejus,
2343 612 2390 661 et
2417 606 2707 680 principem
2732 608 2784 664 iu
2817 620 2955 667 terra
2979 612 3203 689 zEgypti
3241 618 3456 693 (Cenes.
3494 626 3644 699 xu).
3694 630 3763 688 ει

2178 714 2298 756 cum
2328 708 2451 774 post
2480 702 2684 761 obitum
2713 706 2887 777 patris
2926 707 3343 773 formidantibus
3382 715 3646 779 fratribus
3672 738 3766 782 suo

2178 794 2476 866 spicionem
2501 798 2714 855 timoris
2740 798 3016 860 auferret:
3050 802 3232 862 Nolite
3251 847 3270 874 .
3299 808 3516 881 inquit,
3545 816 3763 886 timere;

2178 890 2425 964 numquid
2465 888 2565 948 Dei
2611 909 2887 964 possumus
2928 898 3162 957 resistere
3202 900 3454 961 voluntati
3476 907 3501 961 7
3535 906 3643 964 Vss
3680 927 3764 965 ce-

2178 985 2378 1057 gitastis
2404 986 2676 1043 adversum
2701 1005 2781 1045 me
2818 991 3010 1046 malunt
3037 1033 3052 1060 ,
3103 1001 3151 1047 et
3198 992 3338 1052 Deus
3365 1002 3515 1054 vertit
3539 998 3677 1058 illud
3708 1004 3763 1061 in

2178 1078 2385 1148 bonum,
2410 1089 2465 1135 ut
2486 1082 2736 1138 exultaret
2756 1100 2856 1154 me,
2886 1085 3016 1141 sicut
3040 1086 3509 1157 imprwsentiarunt
3529 1096 3758 1163 nutricis,

2178 1179 2226 1226 et
2271 1172 2438 1228 salvos
2478 1174 2673 1245 faceret
2717 1177 2940 1250 populos
2989 1178 3180 1235 multos
3228 1178 3441 1253 (Cenes.
3480 1183 3559 1255 s.).
3606 1185 3761 1255 Quod

2178 1264 2342 1322 etiam
2374 1266 2563 1324 beatus
2594 1268 2761 1327 David
2792 1272 3130 1329 mconomice
3155 1282 3282 1333 tunc
3312 1275 3509 1333 factum
3536 1277 3593 1333 iu
3618 1280 3763 1349 psal—

2178 1377 2267 1416 mo
2296 1363 2596 1420 centesimo
2622 1374 2815 1436 quarto
2843 1366 3093 1427 similiter
3115 1368 3390 1437 declarat,
3417 1371 3609 1431 dicens
3644 1392 3659 1430 :
3692 1373 3761 1431 Et

2178 1457 2371 1510 vocavit
2397 1458 2589 1529 famem
2625 1476 2780 1532 super
2807 1468 2996 1519 terram
3022 1501 3040 1529 .
3090 1470 3140 1517 et
3191 1479 3339 1519 enim
3383 1465 3762 1533 ﬁrmamentum

2178 1549 2329 1621 panis
2359 1552 2616 1606 contrivit.
2650 1552 2798 1608 Misit
2833 1561 2955 1610 ante
2990 1570 3076 1610 eos
3119 1555 3284 1610 virum
3306 1599 3322 1626 ,
3358 1556 3417 1615 in
3445 1574 3649 1623 unum
3680 1578 3763 1617 ne

2179 1643 2456 1699 numdatus
2479 1655 2554 1700 est
2575 1643 2791 1717 Joseplz.
2814 1646 2941 1703 Haec
2964 1646 3097 1716 duo,
3124 1647 3178 1704 id
3199 1659 3307 1717 est,
3338 1650 3425 1707 vel
3450 1653 3621 1723 gratia
3642 1653 3762 1720 Dei,

2178 1737 2265 1793 vel
2294 1737 2521 1793 liberum
2547 1738 2855 1807 arbitrium,
2881 1740 2986 1797 sibi
3009 1741 3229 1813 quidem
3251 1743 3484 1802 invicem
3504 1745 3763 1804 videntur

494 1828 763 1902 quomodo
786 1844 1040 1886 oramus:
1066 1828 1349 1903 Conﬁrma,
1376 1831 1535 1898 Deus,
1565 1833 1659 1888 hoc
1678 1833 1815 1903 quod
1836 1842 2076 1905 aperatus
2105 1829 2153 1893 Β
2181 1829 2403 1886 adversa
2430 1870 2445 1895 ,
2487 1830 2581 1887 sed
2609 1841 2838 1903 utraque
2871 1837 3207 1893 concordant
3227 1877 3243 1905 ,
3274 1844 3331 1897 et
3356 1846 3381 1878 α
3410 1845 3641 1910 utraque
3665 1853 3765 1898 nos

493 1941 544 1979 es
574 1926 628 1980 in
667 1925 813 1981 nobis
842 1922 1021 1996 (Psal.
1053 1923 1224 1998 van)
1251 1944 1265 1993 ;
1298 1936 1373 1998 et,
1408 1926 1580 1998 Opera
1606 1943 1848 1982 manuum
1873 1938 2076 1983 nostra-
2180 1924 2381 1995 pariter
2406 1922 2605 1979 debere
2629 1924 2927 1996 suscipere,
2951 1926 3173 1997 pietatis
3194 1929 3411 1986 ratione
3428 1930 3763 2002 colligimus,

490 2032 605 2070 rum
634 2017 799 2091 dirige
835 2034 988 2085 super
1023 2033 1117 2072 nos
1165 2016 1346 2090 (Psal.
1389 2018 1659 2091 Lxxxtx)?
1708 2018 1924 2075 Scimus
1951 2017 1980 2058 δ
2008 2019 2075 2075 ad
2180 2033 2247 2075 ne
2279 2032 2447 2073 nnnm
2479 2017 2671 2075 horum
2701 2017 2908 2077 homini
2937 2020 3346 2089 subtrahentes.
3373 2024 3767 2084 ecclesiastico

491 2110 923 2167 maledicendum
980 2112 1163 2167 lsraefi
1226 2113 1441 2168 Balaam
1507 2112 1674 2169 fuisse
1747 2114 2075 2172 conductum
2181 2111 2303 2167 ﬁdei
2350 2111 2595 2183 regulam
2623 2113 2930 2170 excessisse
2957 2112 3263 2171 videamur.
3302 2115 3443 2171 Nam
3468 2114 3497 2155 ά
3529 2133 3658 2175 cum
3686 2121 3768 2178 rio

493 2203 682 2276 (Num.
710 2203 846 2277 xxn)
873 2245 889 2273 ,
928 2206 1024 2261 sed
1066 2204 1312 2262 videmus
1353 2206 1676 2263 maledicere
1702 2208 1940 2278 cupienti
1969 2223 2074 2263 non
2177 2203 2318 2260 derit
2349 2218 2448 2259 nos
2479 2204 2624 2261 Dens
2657 2204 2724 2260 ad
2752 2204 2956 2262 bonum
2993 2206 3133 2263 velle
3160 2206 3472 2277 deflectere,
3504 2213 3766 2281 occurrit,

491 2296 657 2355 fuisse
707 2298 1056 2367 permissum.
1098 2298 1419 2355 Custoditnr
1467 2298 1783 2357 Abimelech
1811 2344 1826 2371 ,
1872 2317 1942 2359 ne
1970 2301 2078 2358 Re-

488 2393 708 2448 beccam
732 2402 959 2464 tangens
980 2402 1173 2465 peccet
1198 2395 1252 2449 in
1284 2393 1452 2450 Deum
1482 2393 1693 2469 (Genes.
1722 2395 1847 2466 xx).
1874 2394 2072 2465 Ioseph

487 2485 717 2542 fratrum
765 2487 939 2544 livore
983 2487 1347 2555 distrahitur,
1397 2498 1456 2545 ut
1505 2489 1791 2547 descensio
1840 2487 2073 2545 filiorum

486 2577 656 2635 Israel
682 2579 736 2636 in
769 2579 1061 2652 Egyptum
1096 2581 1251 2639 fieret
1278 2623 1294 2650 ,
1336 2590 1390 2639 et
1432 2582 1538 2639 illis
1563 2582 1631 2641 de
1660 2582 1902 2656 germani
1941 2599 2076 2643 nece

488 2675 887 2745 tractantibus,
939 2675 1135 2734 futurae
1189 2677 1346 2734 famis
1412 2678 1654 2735 remedia
1725 2687 2071 2749 pararentur.

488 2766 644 2835 Quod
688 2767 830 2824 idem
870 2768 1075 2842 .loseph
1107 2787 1139 2826 a
1168 2770 1427 2828 fratribus
1467 2770 1682 2843 agnitus
1720 2771 2072 2842 manifestat,

486 2858 717 2917 dicens:
752 2861 935 2916 Nolite
981 2880 1201 2935 pavere,
1254 2882 1345 2920 nec
1401 2864 1593 2918 durum
1647 2864 1789 2921 vobis
1841 2863 2076 2920 videatur

485 2956 620 3029 quod
642 2957 940 3013 vendidislis
967 2975 1047 3013 me
1072 2959 1126 3013 in
1150 2960 1232 3014 his
1263 2959 1556 3031 regionibus
1578 2975 1598 3014 :
1620 2975 1716 3031 pro
1743 2957 1915 3014 salute
1939 2959 2078 3014 enim

485 3062 652 3108 vestra
681 3054 819 3107 misit
848 3070 931 3108 me
958 3053 1206 3109 Dominus
1231 3065 1351 3109 ante
1370 3071 1478 3110 vos.
1512 3054 1581 3110 Et
1609 3055 1746 3111 infra
1772 3072 1786 3109 :
1817 3053 2080 3109 Prmisit

487 3147 621 3201 enim
648 3161 729 3203 me
758 3144 1014 3203 Dominus
1038 3192 1053 3219 ,
1105 3158 1160 3202 ut
1191 3149 1519 3205 reservemini
1563 3164 1721 3221 super
1751 3156 1938 3203 terram
1960 3188 1976 3214 ,
2024 3161 2073 3203 et

2177 2298 2361 2371 dirigit
2395 2309 2557 2371 atque
2594 2300 2883 2356 confortat.
2916 2300 2997 2357 Ad
3023 2319 3197 2359 uocem
3228 2305 3374 2361 enim
3403 2307 3654 2363 clamoris
3693 2310 3769 2366 tui

2174 2394 2348 2447 statim
2378 2400 2435 2447 ut
2460 2394 2683 2448 audierit
2711 2395 3033 2466 respondebit
3062 2396 3151 2454 tibi
3182 2396 3362 2470 (Isaias
3388 2400 3544 2472 xxx).
3570 2400 3644 2457 Et
3671 2399 3771 2457 Its-

2175 2504 2301 2543 noca
2322 2505 2421 2554 me,
2454 2489 2647 2561 inquit,
2680 2490 2733 2544 in
2754 2489 2839 2545 die
2868 2492 3215 2548 tribulationis
3239 2502 3363 2560 tuo,
3395 2500 3444 2549 et
3468 2510 3651 2550 oratam
3690 2505 3766 2563 te,

2175 2581 2492 2653 gloriﬁcabis
2518 2598 2598 2637 me
2622 2581 2735 2656 (Ps.
2760 2583 2944 2657 xux).
2975 2583 3045 2641 Et
3069 2601 3260 2643 rursus
3294 2588 3341 2643 si
3372 2603 3473 2644 nos
3500 2588 3651 2645 nolle
3680 2589 3767 2646 vel

2176 2673 2473 2745 intepuisse
2523 2676 2864 2745 perspexerit
2896 2717 2913 2743 ,
2986 2677 3399 2736 adhortationes
3449 2679 3769 2737 salutiferas

2177 2767 2437 2825 admovet
2470 2767 2725 2824 cordibus
2758 2770 2983 2838 nostris,
3010 2771 3208 2841 quibus
3230 2772 3484 2831 voluntas
3506 2772 3648 2832 bona
3676 2774 3767 2832 vel

2178 2871 2464 2934 reparetnr
2496 2862 2583 2919 vel
2615 2860 2879 2919 formetur
2909 2863 2962 2919 in
2994 2864 3174 2921 nobis.

2776 2975 3005 3034 CAPUT
3042 2976 3160 3033 XII.

2215 3073 2363 3140 Quod
2393 3072 2632 3131 voluntas
2664 3072 2803 3147 bona
2832 3088 2923 3147 nec
2953 3087 3151 3147 semper
3178 3072 3382 3147 gratiis,
3411 3087 3503 3129 nec
3527 3089 3731 3147 seraper

2671 3146 2739 3199 sit
2770 3144 2966 3198 homini
2992 3144 3282 3199 tribuenda.

487 3253 632 3296 escas
667 3239 737 3295 ad
778 3240 1049 3297 vivendum
1086 3242 1291 3311 possitis
1336 3241 1545 3299 habere.
1594 3242 1720 3298 Non
1749 3252 1913 3299 vestro
1952 3260 2077 3298 con-
2105 3234 2151 3299 C
2254 3252 2278 3282 ο
2310 3240 2420 3298 Nec
2446 3240 2589 3296 enim
2620 3238 2784 3295 talem
2812 3237 2960 3296 Dens
2988 3238 3267 3297 hominem
3298 3239 3493 3299 fecisse
3532 3244 3769 3301 creden-

1556 3357 1813 3418 ALARDI
1853 3359 2089 3418 GAZIEI
2123 3356 2695 3417 COMMENTARIUS.

559 3456 586 3487 ι
626 3446 942 3520 Respondet
965 3447 1201 3520 Prosper
1232 3456 1286 3506 et
1317 3449 1476 3505 fidem
1510 3449 1765 3518 Zachaao,
1792 3458 1847 3507 et
1876 3450 2077 3513 latroni

490 3516 754 3594 pietatem
778 3534 809 3594 a
832 3518 944 3574 Deo
989 3516 1157 3577 fuisse
1187 3521 1507 3594 inspiratam
1532 3566 1548 3589 ,
1595 3532 1648 3579 et
1674 3516 1960 3591 utrumque
1990 3525 2076 3576 di-

491 3593 611 3647 vina
638 3592 925 3647 vocatione
956 3592 1312 3662 praeventum.
1345 3594 1444 3658 Qui
1473 3596 1605 3648 enim
1632 3595 1806 3649 illuxit
1838 3595 1891 3649 in
1922 3596 2078 3650 corde

490 3661 724 3738 Matthxi
754 3662 1032 3738 publicani
1054 3708 1069 3732 ,
1114 3677 1173 3738 et
1203 3662 1367 3738 Pauli
1405 3675 1524 3719 tunc
1558 3664 1854 3738 Ecclesium
1897 3682 2074 3738 perse—

524 3734 715 3807 uentis,
748 3734 859 3807 ipse
885 3743 933 3789 et
966 3735 1021 3790 in
1050 3736 1205 3791 corde
1240 3733 1447 3791 Zachtei
1475 3746 1521 3790 et
1549 3736 1602 3791 in
1643 3737 1798 3791 corde
1837 3733 2076 3805 cruciﬁxi

508 3805 703 3880 gtronis
742 3805 915 3880 illuxit
939 3823 959 3873 ;
989 3824 1088 3861 non
1117 3808 1251 3880 enim
1278 3807 1483 3862 Domini
1509 3824 1605 3862 vos:
1640 3810 1805 3864 otiosa
1830 3809 1930 3880 fuit
1958 3825 2076 3863 cum

488 3874 789 3943 Zuclueum,
819 3879 906 3948 qui
937 3878 1193 3948 quwrebat
1221 3879 1393 3932 videre
1432 3895 1567 3946 eum,
1601 3881 1715 3948 quis
1754 3874 1904 3945 esset,
1936 3896 2076 3934 com-

486 3950 681 4017 pellare
698 3949 939 4018 dignatus
961 3961 1031 4003 est
1052 3950 1255 4005 dicens:
1273 3948 1316 4003 Ζ
1320 3949 1510 4017 αεήίερ,
1535 3951 1783 4016 festinans
1799 3951 2070 4017 descende,

487 4020 608 4087 quia
637 4018 792 4073 hodie
822 4023 876 4073 in
907 4022 1058 4076 domo
1101 4032 1190 4077 tua
1237 4032 1435 4087 oportet
1470 4040 1549 4076 me
1579 4037 1803 4077 manere.
1850 4021 1919 4077 Et
1969 4040 2071 4081 non

487 4094 797 4172 preparavit
824 4091 920 4145 sibi
944 4095 1057 4166 ejus
1087 4096 1350 4157 animum,
1384 4097 1535 4166 cujus
1575 4093 1729 4166 elegit
1757 4094 2075 4165 hospitium?

558 4159 586 4200 ι)
630 4161 764 4215 Vide
789 4162 977 4218 collat.
1012 4163 1082 4220 “24
1112 4180 1231 4220 can.
1262 4165 1348 4219 i7.

677 4173 764 4215 tne
789 4173 977 4218 couat.
1012 4173 1082 4220 24
1112 4180 1231 4233 cap.
1262 4173 1348 4219 t7.

561 4242 585 4272 ο
626 4232 743 4288 Non
776 4234 845 4287 ita
877 4245 1073 4303 tamen,
1110 4245 1166 4290 nt
1193 4236 1245 4290 in
1274 4234 1594 4304 quihusdam
1634 4234 1947 4291 hominibus
1979 4252 2075 4293 vo-

488 4302 667 4378 luntas
692 4305 941 4374 gratiam,
973 4308 1026 4378 in
1053 4302 1175 4362 aliis
1202 4302 1371 4376 gratia
1398 4308 1690 4378 praeveniat
1709 4307 2069 4378 voluntatem;

485 4374 579 4452 sed
629 4386 698 4452 ιιιΔ
732 4377 1085 4452 ἰηλοιηιῃὶὺυξ
1131 4374 1375 4452 voluntas
1399 4374 1657 4452 'gratiamg
1689 4374 2067 4452 subsequatur.

485 4447 702 4518 Alioqui
730 4450 872 4503 enim
914 4450 959 4504 si
994 4449 1234 4513 aufertur
1265 4447 1497 4506 liberum
1549 4449 1831 4506 arbitrium
1873 4447 1994 4506 cum
2040 4470 2069 4507 a

484 4519 1026 4591 gratiaprtevenitur,
1052 4521 1295 4577 aufertur
1321 4523 1482 4576 etiam
1506 4521 1681 4591 gratia
1707 4537 1826 4577 cum
1848 4537 1879 4577 a
1903 4523 2071 4581 libero

485 4587 713 4660 arhitrio
752 4593 1108 4660 przevenitnr;
1139 4594 1324 4660 sicque
1353 4587 1583 4647 alterum
1616 4591 1819 4647 homini
1854 4595 2069 4651 subtra-

484 4657 663 4716 hatur.
687 4657 859 4717 Porro
881 4664 1025 4718 circa
1052 4657 1193 4720 hunc
1218 4657 1392 4721 locum
1415 4679 1444 4716 a
1463 4663 1526 4718 D.
1543 4664 1815 4720 Antonino
1836 4665 2064 4722 relatum

482 4728 675 4809 Petrus
697 4730 935 4789 Maturus
964 4734 1164 4809 saepius
1192 4751 1223 4790 a
1255 4751 1339 4790 me
1362 4734 1565 4809 citatus
1596 4733 1751 4809 (Ubi_
1758 4752 1917 4809 supra
1946 4754 2060 4809 cap.

481 4801 710 4877 mihine
735 4806 1016 4877 annotavit
1043 4801 1059 4859 Ξ
1082 4803 1312 4862 Joannes
1346 4801 1629 4860 Cassianus
1654 4848 1668 4872 ,
1711 4801 2063 4877 Chr'ysostonu'

481 4872 707 4947 auditor,
728 4875 957 4947 medium
974 4894 1026 4931 se
1046 4887 1273 4932 statuens
1294 4878 1425 4932 inter
1443 4892 1528 4932 eos
1548 4878 1636 4947 qui
1657 4894 1774 4931 cum
1794 4872 2063 4935 catholicis

480 4944 848 5021 qﬂit‘mantnos
874 4946 972 5001 Dei
997 4950 1165 5018 gratia
1187 4950 1473 5021 prwveniri,
1501 4958 1549 5002 ct
1561 4944 1701 5003 inter
1727 4964 1812 5021 eos
1833 4951 2061 5021 quicum

483 5012 781 5091 Pelagianis
814 5012 1050 5091 asserunt
1081 5036 1172 5074 nos
1187 5012 1286 5073 'Dei
1310 5022 1528 5091 gratiam
1560 5012 1857 5089 prwuenire,
1887 5022 2064 5078 docuit

478 5089 725 5162 quosdam
766 5105 861 5144 sua
893 5090 1153 5145 voluntate
1179 5089 1402 5145 divinam
1442 5091 1663 5162 gratiam
1708 5101 2019 5148 antevertere
2041 5136 2057 5161 ,

477 5161 815 5284 gluorumdam
850 5177 966 5216 vero
1008 5162 1291 5216 voluntates
1321 5178 1355 5215 a
1383 5162 1560 5215 divina
1592 5162 1761 5232 gratia
1791 5164 2052 5232 prceuerti.

533 5246 707 5284 rosner
730 5231 1031 5284 Rheaiensis
1077 5234 1344 5284 eniscomts
1379 5232 1623 5284 adversus
1663 5233 1792 5284 hanc
1816 5233 2052 5284 Cassiani

533 5246 707 5305 rosper
730 5231 1031 5305 Rhegiensis
1077 5234 1344 5305 episcopus
1379 5231 1623 5305 aduersus
1663 5231 1797 5288 hanc
1816 5233 2055 5293 Cassiani

475 5301 768 5377 opinionem
795 5301 1075 5377 disputavit
1100 5301 1359 5377 peculiari,
1376 5304 1648 5377 volumine,
1681 5307 1764 5360 cui
1785 5307 1963 5377 titulus
1983 5318 2057 5361 est

474 5373 539 5426 de
585 5371 767 5429 Libero
812 5371 1069 5442 Arbitrio,
1100 5371 1301 5432 'Sixtus
1331 5376 1549 5433 Senens.
1581 5374 1677 5434 lib.
1711 5392 1763 5431 v1
1799 5374 2052 5434 Biblioth.

474 5455 657 5521 annot.
688 5444 811 5521 185.
857 5444 1102 5521 Prosperi
1146 5450 1449 5503 sententiam
1500 5449 1809 5521 conﬁrnmnt
1849 5449 2057 5521 Augus-

475 5515 611 5587 tinus
639 5516 691 5569 in
721 5518 808 5575 tib.
844 5515 1186 5587 dePrazdest.
1220 5521 1402 5576 Sanct.
1435 5536 1480 5573 c.
1510 5520 1567 5587 ἓ,
1599 5515 1645 5572 et
1676 5519 1765 5575 lib.
1809 5535 1845 5576 tt
1875 5515 2050 5575 contra

474 5585 605 5662 duas
631 5588 875 5662 epistolas
900 5586 1311 5662 Pelagianorum
1336 5608 1383 5662 (ξ.
1408 5590 1465 5662 9,
1496 5585 1665 5662 etlib.
1699 5588 1761 5644 de
1792 5587 2047 5646 Praedest.

473 5655 731 5734 ςερναῴ
756 5677 871 5734 cap.
902 5662 966 5734 10
993 5703 1008 5728 ,
1036 5655 1217 5734 έειμιὶὺ.
1250 5662 1314 5717 de
1342 5660 1954 5734 Ecclesice_Dogmatibus
2000 5680 2048 5717 c.

606 5738 655 5803 et
679 5727 740 5803 1':
728 5725 1076 5803 uigentius'de
1099 5730 1466 5790 Incarnatione
1493 5743 1542 5788 et
1571 5725 1754 5788 Gratia
1779 5732 1973 5789 Christi
2002 5752 2048 5790 ο.

473 5799 540 5855 18
561 5816 580 5877 ;Δ
608 5798 675 5855 Ι).
700 5798 923 5877 Titosz
950 5807 1003 5857 in
1036 5805 1154 5866 1-2.
1187 5823 1239 5877 q.
1272 5804 1392 5873 109,
1420 5812 1518 5863 art.
1552 5806 1617 5874 6,
1640 5813 1697 5877 iet
1721 5803 1825 5861 2-2
1849 5844 1864 5870 ,
1894 5821 1944 5873 g.
1976 5808 2009 5863 6
2030 5846 2046 5873 ,

473 5885 525 5928 a.
567 5874 624 5934 l;
655 5883 701 5928 ct
731 5873 839 5937 ipse
867 5873 937 5929 ι).
964 5873 1249 5933 Antoninus
1286 5880 1340 5931 in
1371 5892 1422 5933 tv
1452 5873 1854 5947 part.'Sumnue
1883 5878 1962 5936 tit.
1992 5877 2046 5949 9,

2181 3470 2226 3505 c.
2253 3452 2286 3506 5
2307 3492 2322 3517 ,
2354 3449 2382 3520 δ
2409 3449 2439 3504 4
2460 3489 2476 3514 ,
2502 3458 2549 3502 et
2572 3465 2619 3502 c.
2644 3448 2677 3502 6
2704 3447 2733 3520 ᾗ
2761 3447 2809 3503 1.
2842 3447 2995 3513 Quod
3018 3448 3171 3502 etiam
3202 3449 3255 3504 in
3281 3451 3498 3506 concilio
3526 3451 3771 3514 Trident.

2180 3539 2306 3577 sess.
2333 3522 2367 3577 6
2391 3539 2436 3575 c.
2471 3520 2503 3576 5
2526 3520 2803 3585 deﬁnitum
2830 3529 2903 3574 est
2928 3560 2943 3586 ,
2987 3530 3033 3573 et
3064 3538 3179 3575 can.
3205 3522 3256 3575 5.
3288 3520 3436 3576 Idem
3461 3525 3613 3579 etiam
3639 3542 3772 3581 con-

2179 3594 2355 3647 cilium
2386 3593 2762 3672 Arausicanum
2790 3607 2834 3672 tt
2854 3633 2870 3658 ,
2911 3608 2958 3646 c.
2991 3591 3062 3660 6ο
3096 3600 3142 3647 et
3168 3590 3524 3649 Mileuitanum
3547 3636 3563 3663 ,
3609 3612 3657 3654 ε.
3691 3600 3730 3655 5
3753 3644 3770 3672 ,

2177 3674 2297 3718 ante
2322 3672 2629 3719 statuerunt.
2667 3661 2794 3718 Haec
2819 3662 2955 3730 ipse.

2251 3736 2277 3773 (ί
2319 3732 3130 3809 Hoocommentumsuperius
3176 3732 3326 3809 (Cap
3380 3734 3589 3809 8et9)
3640 3739 3771 3796 aliis

2177 3814 2339 3876 atque
2370 3807 2490 3861 aliis
2504 3806 2702 3878 _verbis
2728 3805 3057 3862 inculcatum
3082 3815 3137 3862 et
3164 3805 3453 3878 refutatum
3481 3805 3595 3864 est:
3619 3812 3770 3878 quod

2177 3875 2475 3951 etabjpso
2503 3875 2718 3951 Pelagio
2745 3878 3056 3951 damnatum
3082 3879 3275 3933 asserit
3295 3876 3528 3951 Prosper
3559 3883 3611 3937 in
3634 3875 3772 3939 con-

2175 3949 2302 4004 cilio
2332 3949 2618 4005 Palaestino
2636 3948 2700 4020 in
2734 3964 2894 4004 causa
2927 3950 3093 4015 ipsius
3122 3948 3470 4020 congregato.

2251 4031 2273 4059 ο
2315 4020 2506 4076 Plures
2552 4018 2739 4076 itidem
2786 4020 3148 4092 absurditates
3177 4018 3263 4076 hic
3301 4018 3478 4077 notari
3510 4036 3768 4092 possunt.

2176 4092 2356 4149 Primo
2381 4094 2505 4163 quia
2535 4092 2783 4162 imperite
2806 4090 3003 4165 allegat
3024 4094 3335 4165 exemplum
3361 4090 3574 4159 Adami.
3597 4111 3769 4165 quem

2173 4161 2627 4219 constatirectum
2656 4172 2713 4219 et
2748 4164 2894 4218 omni
2928 4161 3073 4218 'vitio
3102 4161 3376 4219 carentem
3408 4180 3436 4219 a
3471 4165 3579 4221 Deo
3605 4161 3771 4223 crea-

2173 4243 2284 4291 tum
2320 4234 2521 4301 fuisse;
2568 4249 2689 4288 cum
2740 4234 2828 4289 hic
2868 4248 2975 4288 non
3008 4243 3195 4304 agatur
3218 4235 3287 4292 de
3329 4235 3506 4292 libero
3534 4236 3771 4299 arbitrio

2173 4306 2227 4363 in
2267 4316 2410 4363 statu
2454 4305 2785 4361 innocentiae
2825 4314 2881 4362 et
2910 4315 3117 4360 natura:
3144 4307 3385 4378 integrze,
3411 4308 3505 4363 sed
3536 4308 3587 4364 in
3615 4320 3769 4368 statu

2174 4387 2381 4435 naturae
2404 4388 2675 4448 corruptas
2705 4386 3103 4449 perpeccatnm
3130 4375 3341 4433 Adami.
3384 4378 3515 4434 Nam
3557 4379 3769 4436 debili-

2173 4457 2274 4517 tas,
2311 4465 2407 4521 sen
2442 4447 2780 4505 imbecillitas
2808 4447 2964 4521 liberi
2991 4447 3198 4504 arbitrii
3230 4464 3336 4505 non
3375 4460 3555 4505 estex
3584 4452 3769 4521 prima

2171 4520 2515 4577 institutione
2559 4530 2786 4587 natura,
2833 4519 2926 4575 sed
2970 4536 3037 4575 ex
3068 4530 3295 4590 peccato
3321 4519 3620 4577 contracta.
3654 4523 3766 4580 Se-

2168 4592 2349 4649 cundo
2375 4595 2514 4648 male
2542 4592 2893 4647 ratiocinatnr
2914 4590 3156 4646 Collator
3179 4593 3280 4646 hoc
3300 4590 3463 4647 modo
3483 4610 3494 4645 :
3514 4591 3568 4648 Si
3594 4593 3767 4651 homo

2173 4680 2278 4719 non
2312 4668 2483 4735 possit
2505 4663 2646 4720 velle
2673 4664 2876 4719 bonum
2907 4678 2974 4718 ex
3006 4678 3065 4735 se
3085 4707 3099 4731 ,
3122 4678 3260 4735 ergo
3287 4673 3438 4718 caret
3468 4662 3641 4735 libero
3672 4682 3766 4722 ar-

2171 4733 2351 4790 bitrio.
2381 4736 2617 4806 Negatur
2644 4736 2979 4806 consecutio.
3012 4733 3221 4790 Sufficit
3247 4735 3390 4806 enim
3426 4733 3493 4789 ad
3538 4735 3768 4792 liberta-

2175 4817 2280 4889 tem
2326 4802 2538 4863 arbitrii
2588 4802 2885 4889 quoduhoc.
2906 4805 3096 4888 possit,
3126 4805 3417 4889 suppositis
3445 4820 3767 4889 supponen-

2168 4876 2280 4941 dis,
2335 4894 2530 4947 nempe
2572 4874 2786 4932 auxiliis
2832 4876 3027 4948 divinae
3064 4874 3289 4948 gratiae,
3336 4892 3465 4948 quae
3503 4874 3764 4934 ominibus

2169 4959 2367 5017 praesto
2420 4946 2589 5007 sunt.
2646 4957 2705 5003 nt
2753 4946 3004 5019 superius
3059 4946 3286 5019 ipsemet
3344 4946 3614 5019 professus
3674 4962 3765 5006 est

2169 5018 2323 5093 (Cap.
2370 5021 2450 5101 _8).
2501 5019 2755 5101 Alioquin
2801 5018 2995 5101 eodem
3044 5018 3362 5101 argumento
3407 5018 3765 5101 colligeretur

2167 5088 2281 5145 non
2302 5088 2476 5146 solum
2502 5092 2568 5144 ad
2596 5088 2985 5159 incipiendum,
3015 5088 3242 5146 sedinec
3271 5088 3337 5145 ad
3367 5088 3761 5159 perliciendum

2164 5165 2338 5233 gratia
2366 5161 2458 5219 Dei
2490 5156 2748 5229 indigere,
2780 5156 3163 5233 contra'ipsnm
3189 5156 3762 5233 collatorems'l‘ertio

2168 5230 2450 5305 perperam
2462 5234 2627 5305 etiam
2648 5230 2918 5302 produxit.
2938 5233 3003 5287 ad
3023 5232 3347 5305 probandam
3362 5231 3571 5287 arbitrii
3588 5232 3761 5305 liber-

2166 5302 2330 5362 tatem
2372 5315 2425 5360 et
2467 5304 2799 5371 facultatem,
2847 5314 3047 5359 textum
3081 5303 3233 5357 illum
3265 5302 3579 5359 Geueseos:
3615 5303 3761 5358 Ecce

2162 5378 2327 5431 Adam
2358 5382 2527 5447 factus
2554 5387 2647 5441 est,
2677 5376 2808 5447 sicut
2841 5391 2970 5429 unus
2998 5390 3059 5447 ea:
3080 5375 3248 5447 nobis,
3278 5376 3439 5447 sciens
3473 5374 3664 5429 bonum
3706 5390 3759 5429 et

2159 5444 2366 5503 malum
2398 5448 2604 5519 (Genes.
2637 5447 2741 5515 ut).
2782 5446 2945 5519 Quasi
2986 5444 3233 5519 diabolus
3270 5444 3560 5519 Adae_vera
3610 5461 3759 5516 pra:-

2160 5522 2361 5589 dixerit
2396 5516 2451 5575 et
2479 5520 2809 5589 promiserit,
2841 5524 2897 5574 et
2924 5518 3009 5573 his
3053 5516 3229 5574 verbis
3258 5516 3589 5588 significetur
3613 5519 3754 5585 quid

2160 5582 2332 5646 Adam
2372 5582 2494 5662 per'
2517 5601 2793 5662 peccatum
2841 5598 3161 5662 consecutus
3195 5589 3285 5659 sit,
3310 5582 3373 5646 ct
3418 5605 3526 5644 non
3564 5582 3756 5661 potius

2157 5662 2284 5734 quid
2308 5658 2551 5719 amiserit
2575 5677 2591 5715 :
2614 5677 2735 5715 cum
2763 5658 3059 5734 haecverba
3082 5658 3374 5716 secundum
3401 5658 3751 5734 communem

2159 5730 2379 5791 sensum
2427 5742 2799 5794 tractatornm,
2841 5730 2891 5785 id
2938 5740 3041 5797 est,
3087 5733 3457 5801 interpretum,
3502 5730 3753 5803 perira-

2160 5807 2303 5862 niam
2331 5804 2474 5862 dicta
2503 5812 2858 5874 censeantur;
2888 5814 2949 5858 ut
2969 5803 3356 5874 intelligeretur
3379 5800 3571 5874 quanta
3594 5800 3755 5874 deri-

2159 5878 2314 5937 sione
2340 5888 2394 5937 et
2424 5875 2653 5934 ludibrio
2681 5868 2876 5947 dignus
2902 5883 3045 5933 esset
3070 5868 3263 5944 Atiam,
3303 5868 3529 5947 qui—non
3563 5868 3751 5936 solum
