4078 6332
302 371 404 428 925

1216 367 1556 426 COLLATIO
1594 367 1737 424 Xlil.
1765 397 1835 408 -ο
1865 367 1954 424 DE
1993 366 2470 426 PROTECTIONE
2511 367 2628 426 DEI

3462 367 3568 424 928

301 485 402 541 dus
431 489 520 539 est
541 522 560 550 ,
602 483 692 554 qui
739 495 840 539 nec
877 481 1004 538 velit
1034 495 1288 552 umquam
1318 497 1418 538 nec
1445 481 1616 554 possit
1655 481 1875 536 bonum.
1903 485 1958 546 Α
1983 483 2323 537 testimonium
2347 483 2592 538 reddente
2623 483 2731 538 illis
2755 483 3073 540 medentia
3099 515 3116 550 -,
3153 489 3203 536 et
3229 479 3363 536 inter
3399 491 3453 534 se
3477 479 3565 536 in-

302 576 552 647 Alioquin
597 589 697 632 nec
743 575 968 632 liberum
1011 575 1060 630 ei
1107 575 1348 646 permisit
1393 575 1672 634 arbitrium
1699 621 1714 646 ,
1755 575 1800 630 si
1829 575 1877 630 ei

303 665 674 724 tantummodo
700 667 898 724 malum
931 677 989 724 ut
1017 668 1147 724 velit
1170 677 1226 724 et
1263 668 1432 738 possit
1461 713 1477 738 ,
1523 670 1720 724 bonum
1751 683 1879 724 vero

301 779 330 818 a
355 762 654 830 semetipso
681 777 782 818 nec
811 763 947 818 velle
975 778 1073 817 nec
1109 778 1265 832 posse
1295 765 1584 820 concessit.
1629 763 1698 818 Et
1743 779 1881 834 quo-

303 855 465 912 modo
493 853 658 910 stabit
689 855 778 909 illa
813 855 1024 910 Domini
1053 863 1172 926 post
1197 855 1691 926 praevaricationem
1722 855 1878 926 primi

301 949 542 1006 hominis
577 947 684 1003 lata
716 949 1023 1006 sententia:
1063 949 1191 1004 Ecce
1221 949 1386 1004 Adam
1427 950 1598 1020 {actus
1635 958 1708 1004 est
1747 951 1880 1004 sicut

299 1061 434 1098 unus
463 1059 528 1098 ex
557 1041 734 1109 nobis,
769 1043 932 1100 sciens
961 1041 1149 1096 bonum
1178 1055 1224 1097 et
1252 1041 1446 1096 malum
1479 1043 1500 1113 (
1529 1041 1710 1096 Cenes.
1741 1059 1797 1098 ιιι
1821 1043 1882 1110 )‘.’

301 1133 416 1190 Non
449 1137 596 1190 enim
643 1135 765 1190 talis
794 1145 918 1190 ante
957 1135 1120 1190 fuisse
1161 1135 1428 1208 putandus
1461 1143 1581 1202 est,
1632 1137 1721 1204 qui
1755 1136 1880 1192 boni

301 1237 448 1282 esset
495 1241 716 1296 prorsus
759 1227 1016 1298 ignarus;
1065 1227 1300 1298 alioquin
1331 1229 1478 1282 velut
1505 1228 1776 1298 quoddam
1809 1227 1882 1282 ir-

299 1319 622 1374 rationabiie
651 1329 810 1390 atque
841 1319 1168 1376 insensatum
1216 1321 1409 1374 animai
1450 1335 1573 1375 eum
1607 1319 1878 1374 latendum

301 1419 386 1466 est
435 1409 600 1466 luisse
642 1409 950 1466 i’orn‘tatum.
1003 1411 1156 1480 Quod
1205 1413 1336 1467 satis
1381 1413 1674 1468 absurdum
1720 1425 1882 1482 atque

299 1517 328 1556 ιι
351 1501 622 1557 catholica
653 1501 756 1558 [ide
786 1503 1110 1560 omnimodis
1139 1503 1372 1558 alienum
1403 1515 1508 1558 est.
1541 1505 1878 1571 Quinimmo,

300 1595 600 1652 secundum
633 1597 1016 1666 sapientissimi
1045 1598 1350 1654 Salomonis
1379 1597 1725 1666 sententiam,
1761 1599 1883 1670 fecit

301 1687 444 1743 Deus
475 1687 728 1744 hominem
763 1699 954 1744 rectum
981 1734 994 1757 ,
1029 1689 1080 1744 id
1121 1701 1202 1746 est
1225 1731 1240 1756 ,
1273 1699 1329 1744 ut
1357 1693 1728 1746 tantummodo
1758 1691 1880 1746 boni

301 1781 528 1836 scientia
552 1780 753 1851 jugiter
779 1781 1072 1849 frueretur,
1105 1783 1193 1836 sed
1219 1783 1316 1854 ipsi
1346 1784 1657 1854 quwsierurtt
1683 1783 1879 1855 coqita-

1982 576 2136 630 uicem
2162 579 2550 649 cogitationibus
2577 577 2964 644 accusantibus,
2991 585 3078 632 aut
3099 577 3252 630 etiam
3281 573 3566 644 defenden-

1982 667 2154 738 tibus,
2195 670 2250 722 iu
2289 669 2372 724 die
2419 687 2524 740 qua
2563 669 2818 740 judicabit
2865 669 3005 726 Deus
3055 669 3258 724 occulta
3297 667 3564 722 hominum

1983 761 2160 834 (Rom.
2193 761 2276 832 ιι).
2307 764 2424 828 Quo
2455 779 2616 818 sensu
2643 766 2804 820 etiam
2831 763 3092 820 Dominus
3121 779 3218 834 per
3247 761 3561 834 prophetam

1983 857 2225 926 increpat
2251 857 2560 912 Judazorum
2593 873 2698 912 non
2729 859 3052 924 naturalem,
3075 858 3174 913 sed
3205 855 3560 912 voluntariam

1981 951 2276 1004 atrocitatem
2295 989 2310 1014 ,
2341 963 2501 1018 quam
2527 949 2633 1018 ipsi
2665 949 2766 1004 sibi
2791 948 3186 1004 contumaciter
3211 947 3515 1004 inferebant
3545 963 3559 1002 :

1985 1040 2164 1108 Surdi,
2181 1041 2677 1110 inquit,audite;et,
2699 1043 2846 1108 eieci,
2865 1041 3141 1096 intuemini
3167 1041 3238 1096 ad
3263 1041 3559 1096 uidendum.

1981 1132 2010 1170 δ
2043 1133 2172 1200 Quis
2197 1136 2386 1188 surdus
2412 1136 2512 1188 uisi
2541 1151 2714 1190 seruus
2741 1151 2907 1206 meus,
2935 1145 2986 1191 et
3007 1153 3174 1192 cereus
3199 1137 3302 1190 nisi
3323 1136 3392 1188 ad
3413 1149 3564 1206 quem

1985 1227 2193 1281 nuntios
2223 1245 2359 1282 meos
2381 1229 2496 1283 misi
2529 1227 2721 1300 (Isaia:
2745 1227 2911 1302 XLII)?
2941 1228 3011 1285 Et
3037 1245 3105 1286 ne
3131 1229 3274 1286 forte
3305 1231 3442 1284 hanc
3471 1243 3563 1284 eo-

1983 1331 2102 1374 rum
2133 1319 2432 1374 caecitatem
2459 1319 2653 1389 aliquis
2687 1331 2929 1386 naturae,
2961 1335 3064 1376 non
3091 1319 3354 1376 voluntati
3395 1323 3566 1389 possit

1983 1409 2293 1476 ascribere,
2326 1411 2452 1466 alibi
2478 1413 2555 1465 ait
2585 1429 2596 1464 :
2630 1411 2778 1466 Educ
2825 1415 2964 1482 foras
3003 1413 3250 1485 populum
3293 1429 3484 1468 crucum
3519 1421 3568 1467 et

1983 1505 2155 1556 oculos
2181 1503 2464 1568 habentem,
2490 1487 2706 1558 surdum
2731 1513 2779 1558 et
2801 1521 2952 1560 aures
2975 1507 3022 1559 ei
3043 1515 3161 1560 sunt
3189 1504 3373 1578 (Isaia:
3396 1504 3565 1576 XLIII).

1984 1597 2052 1652 Et
2083 1600 2272 1652 iterum
2301 1615 2314 1650 :
2349 1598 2450 1665 Qui
2477 1599 2741 1666 habentes,
2769 1599 2962 1670 inquit,
2995 1601 3194 1668 oculos,
3229 1615 3330 1654 non
3361 1599 3566 1666 uidetis,

1985 1701 2030 1744 et
2059 1708 2226 1758 aures,
2260 1699 2308 1744 et
2347 1709 2448 1744 non
2475 1692 2666 1748 auditis
2703 1692 2915 1764 (Ezech.
2948 1694 3086 1764 xw).
3117 1695 3372 1750 Dominus
3404 1693 3566 1748 etiam

1987 1787 2038 1842 in
2067 1789 2354 1856 Evangelia
2383 1807 2394 1841 :
2431 1789 2564 1854 Quia
2587 1789 2812 1843 ridentes
2839 1829 2854 1856 ,
2887 1789 3097 1858 inquit,
3127 1806 3228 1844 non
3269 1790 3437 1844 vident
3460 1831 3474 1854 ,
3520 1797 3568 1842 et

301 1873 460 1926 tiones
491 1873 676 1926 multas
706 1872 906 1942 (Eccle.
933 1875 1062 1944 vn);
1095 1871 1220 1927 facti
1249 1875 1392 1928 enim
1420 1885 1540 1930 sunt
1575 1875 1656 1948 (ut
1681 1875 1880 1930 dictum
1909 1881 1957 1944 Β
1987 1881 2250 1936 audientes
2273 1897 2370 1934 non
2403 1883 2642 1948 auctiunt,
2673 1897 2838 1952 neque
2865 1880 3158 1954 intelligunt
3187 1877 3566 1952 (Matth.xm).

301 1975 410 2031 est)
439 1963 672 2019 scientes
697 1963 896 2020 bonum
923 1973 976 2020 et
1009 1965 1229 2020 malum.
1257 1965 1521 2036 Concepit
1549 1982 1678 2036 ergo
1707 1967 1877 2022 Adam

299 2065 422 2127 post
441 2059 965 2128 praevaricationem,
993 2073 1150 2128 quam
1175 2073 1278 2112 non
1308 2057 1568 2113 habuerat
1595 2059 1876 2114 scientiam

297 2149 446 2219 mali,
468 2150 598 2206 boni
621 2165 750 2208 vero
769 2167 926 2222 quam
945 2163 1230 2222 acceperat
1251 2153 1527 2208 scientiam
1553 2171 1654 2206 non
1679 2155 1876 2208 amisit.

297 2248 544 2320 Denique
571 2263 678 2304 non
707 2249 954 2304 amisisse
999 2249 1290 2304 humanum
1327 2265 1497 2320 genus
1529 2259 1648 2318 post
1677 2266 1880 2319 prttrva-

298 2343 619 2400 ricationem
646 2345 926 2399 scientiam
957 2343 1120 2410 boni,
1153 2343 1316 2398 etiam
1343 2343 1586 2413 Apostoli
1615 2345 1878 2398 sententia

297 2435 702 2492 evidentissima
745 2435 1084 2504 declaratur,
1125 2449 1232 2506 qua
1270 2435 1400 2490 dicit
1443 2449 1460 2487 :
1511 2445 1532 2470 δ
1567 2433 1699 2489 Cum
1741 2437 1880 2489 enim

299 2536 474 2600 gestes
499 2543 612 2596 qua
637 2532 798 2598 legem
823 2543 927 2580 non
956 2525 1162 2591 habent,
1191 2525 1500 2580 naturaliter
1527 2543 1588 2580 ea
1619 2543 1730 2596 qua:
1758 2527 1881 2598 legis

295 2629 414 2674 sunt
445 2619 666 2690 faciunt,
696 2619 750 2672 hi
779 2619 936 2690 legem
973 2635 1078 2672 non
1107 2615 1346 2671 habentes
1375 2619 1474 2688 ipsi
1505 2619 1598 2671 sibi
1629 2629 1744 2672 sunt
1775 2619 1876 2686 lex,

295 2714 383 2780 qui
427 2711 702 2766 ostendunt
737 2727 864 2781 opus
909 2709 1034 2780 legis
1075 2711 1328 2780 scriptum
1363 2711 1418 2764 in
1447 2711 1688 2764 cordibus
1729 2711 1879 2778 suis;

1985 1977 2050 2032 Et
2081 1977 2406 2044 adimpletur
2433 1975 2486 2030 in
2509 1975 2590 2031 eis
2621 1974 2901 2046 prophetia
2931 1973 3108 2040 issite,
3134 1975 3341 2038 dicens,
3371 1972 3566 2026 Audita

1983 2070 2227 2136 audietis,
2265 2077 2314 2124 et
2338 2085 2435 2122 non
2477 2069 2795 2140 intelligetis,
2829 2079 2876 2123 et
2897 2069 3122 2124 uidentes
3149 2067 3352 2132 uidetis,
3385 2073 3434 2120 et
3465 2079 3566 2120 non

1982 2161 2248 2228 videbitis;
2289 2161 2632 2216 inci-astutum
2673 2173 2748 2216 est
2785 2163 2920 2216 enim
2959 2179 3047 2216 cor
3085 2159 3266 2232 populi
3304 2161 3482 2232 hujus,
3525 2169 3571 2212 et

1983 2255 2195 2308 auribus
2215 2257 2438 2324 grav-iter
2459 2254 2758 2319 audierunt,
2777 2263 2824 2308 et
2849 2255 3022 2308 oculos
3041 2269 3161 2306 suos
3187 2251 3569 2314 concluseruut,

1983 2363 2044 2402 ne
2069 2347 2278 2418 quando
2305 2346 2506 2400 videant
2539 2345 2724 2408 oculis,
2760 2355 2806 2399 et
2835 2345 3045 2398 auribus
3072 2343 3309 2406 audiant,
3344 2349 3390 2396 et
3419 2341 3569 2394 corde

1983 2439 2290 2512 intelligant,
2323 2449 2366 2492 el
2393 2447 2780 2504 convertantur,
2813 2447 2858 2492 et
2899 2455 3071 2494 sanem
3105 2437 3222 2492 illos
3261 2436 3448 2507 (Isaia:
3467 2433 3566 2506 vl).

1989 2541 2009 2569 ο
2043 2529 2286 2599 Denique
2317 2541 2374 2584 ut
2403 2531 2814 2598 possibilitatem
2845 2531 2970 2586 boni
2998 2531 3080 2586 eis
3109 2531 3287 2586 inesse
3309 2529 3562 2598 designa-

1983 2633 2083 2688 ret,
2117 2624 2356 2692 increpat
2385 2623 2682 2678 Pharisteos
2717 2641 2730 2676 :
2767 2624 2904 2690 Quid
2929 2633 3098 2678 autem
3122 2663 3137 2686 ,
3171 2623 3342 2692 inquit
3369 2663 3382 2686 ,
3413 2621 3568 2675 etiam

1982 2731 2044 2768 ea;
2061 2715 2200 2769 nobis
2221 2715 2346 2786 ipsis
2367 2731 2468 2770 non
2493 2717 2740 2786 judicatis
2763 2715 2900 2788 quod
2923 2717 3106 2772 bonum
3127 2725 3199 2770 est
3230 2713 3407 2788 (Luca
3431 2711 3570 2782 xn)?

1359 2848 1619 2906 ALARDI
1655 2847 1890 2904 GAZiEl
1927 2849 2492 2906 COMMENTARIUS.

295 2989 400 3027 non
429 2971 582 3042 fuerit
615 2971 778 3041 factus
817 2971 982 3040 qualis
1014 2985 1124 3042 esse
1147 2967 1324 3042 uoluit,
1347 2969 1436 3025 sed
1462 2987 1558 3042 nec
1588 2969 1720 3042 illud
1747 2973 1883 3040 quod

299 3039 468 3110 factus
491 3039 658 3111 fuerat
687 3039 1021 3097 conservavit.
1051 3039 1124 3096 ita
1155 3039 1218 3094 D.
1247 3039 1581 3110 Augustinus
1611 3041 1702 3096 lib.
1735 3039 1786 3096 xi
1817 3043 1884 3098 de

297 3114 496 3170 Genesi
525 3115 590 3167 ad
621 3113 852 3168 litteram
882 3127 1004 3182 cap.
1039 3113 1127 3167 39.
1162 3113 1366 3176 Quarto
1405 3113 1456 3166 in
1501 3113 1610 3176 ipsa
1643 3114 1881 3168 conciu-

1993 2987 2098 3026 non
2124 2981 2301 3026 tamen
2323 2971 2538 3026 exclusa
2561 2971 2751 3040 gratia.
2776 2969 2890 3026 Non
2913 2967 3223 3036 secundam,
3245 2969 3365 3040 quia
3387 2981 3572 3037 quam-

1991 3042 2072 3096 vis
2113 3043 2320 3098 admitti
2367 3043 2532 3112 possit
2570 3039 2810 3112 gentiles
2847 3043 2964 3096 sine
3005 3041 3108 3095 fide
3135 3049 3190 3093 et
3215 3039 3380 3112 gratia
3413 3051 3572 3106 posse

1990 3113 2205 3182 aliquod
2233 3109 2433 3168 bonum
2463 3109 2666 3168 morale
2689 3115 2964 3181 perlicere,
2997 3123 3055 3166 et
3079 3112 3255 3179 aliqua
3281 3109 3411 3178 legis
3433 3123 3570 3182 prm-

299 3189 453 3240 sione
485 3185 728 3252 pet-cavit
761 3179 982 3248 Auctor,
1014 3185 1135 3253 quia
1166 3181 1352 3238 falsam
1381 3183 1788 3238 conclusionem
1819 3201 1884 3240 ex
1911 3184 1960 3247 C
1993 3179 2144 3252 cepta
2179 3201 2430 3250 servare;
2475 3199 2580 3238 non
2631 3179 2808 3239 tamen
2853 3186 3055 3248 omnia,
3081 3183 3245 3238 etiam
3277 3179 3570 3253 secundum
3597 3183 3604 3190 '

299 3257 438 3310 falso
480 3255 753 3310 intellectu
801 3255 1093 3322 Scriptores
1135 3255 1318 3310 intulit
1361 3253 1548 3308 dicens
1591 3273 1607 3309 :
1647 3253 1890 3324 Concepit

299 3344 422 3398 ergo
455 3327 620 3380 Adam
647 3337 758 3396 post
785 3327 1267 3398 pra’uaricationent,
1306 3341 1458 3396 quam
1483 3342 1584 3378 non
1611 3323 1884 3394 habuerat,

299 3397 570 3452 scientiam
599 3399 756 3460 mali;
786 3397 915 3450 boni
961 3413 1076 3450 vero
1120 3413 1270 3464 quant
1317 3407 1588 3464 acceperat
1627 3397 1892 3450 scientiam

301 3485 410 3522 non
437 3469 626 3522 amisit.
676 3467 904 3535 Quorum
946 3479 1214 3538 utrumque
1240 3465 1430 3538 falsum
1471 3477 1567 3534 est,
1613 3469 1736 3536 quia
1775 3477 1822 3522 et
1859 3485 1890 3522 a

301 3549 493 3609 quanto
527 3540 664 3594 malo
707 3543 870 3592 Adam
915 3555 1087 3594 cavere
1127 3535 1346 3598 deberet,
1377 3535 1488 3590 Deo
1525 3535 1888 3609 prtemonente,

301 3607 591 3676 didicerat;
633 3619 680 3664 et
719 3611 774 3662 in
811 3619 1001 3678 quanto
1047 3611 1176 3664 bona
1213 3615 1342 3663 esset
1388 3607 1717 3678 constitutus,
1769 3611 1890 3663 dum

301 3683 511 3735 diabolo
543 3681 782 3746 credidit,
806 3677 990 3734 oblitus
1016 3689 1108 3734 est.
1137 3681 1214 3734 ita
1243 3679 1500 3749 Prosper.
1533 3677 1750 3734 Poterat
1775 3681 1890 3750 qui-

303 3754 432 3808 dem
482 3753 576 3806 illa
618 3753 893 3807 conclusio
938 3767 1128 3806 verum
1181 3751 1380 3806 habere
1426 3765 1676 3814 sensum,
1729 3753 1772 3806 si
1825 3753 1892 3808 de

303 3824 532 3878 scientia
571 3823 1000 3888 esperimenlali,
1030 3839 1189 3890 quam
1231 3831 1443 3884 vocant,
1474 3819 1887 3892 intelligeretur,

348 3909 412 3948 ua
437 3902 559 3961 post
581 3895 1080 3962 prznvaricationetn
1105 3893 1434 3962 experiendo
1451 3891 1702 3964 cognovit
1721 3891 1888 3948 Adam

348 3911 412 3948 ua
437 3911 559 3961 posr
581 3911 1080 3962 praevaricationem
1105 3911 1434 3962 εχρειοιυιιαο
1451 3911 1702 3964 cognovnt
1721 3911 1888 3948 Attum

305 3911 603 4020 giscrimen
637 3965 778 4020 inter
809 3965 1028 4030 bonum,
1062 3979 1166 4033 quo
1195 3973 1319 4018 ante
1347 3965 1554 4031 lapsum
1587 3963 1888 4028 fruebatur,

309 4047 366 4090 et
393 4035 618 4104 malum,
643 4037 783 4106 quod
809 4037 1083 4106 peccando
1107 4037 1368 4100 incurrit;
1396 4043 1556 4106 atque
1587 4035 1709 4088 inde
1729 4037 1894 4104 C(Bpit

309 4107 518 4162 habere
558 4105 838 4162 scientiam
881 4105 1007 4162 boni
1043 4114 1098 4161 et
1129 4107 1252 4160 mali
1282 4125 1294 4162 :
1328 4121 1432 4174 qua
1460 4105 1664 4160 ratione
1695 4107 1890 4161 docent

311 4177 560 4247 plerique
585 4177 780 4232 dictam
813 4191 931 4232 esse
959 4178 1207 4232 arborem
1237 4177 1478 4232 scientiae
1509 4175 1632 4230 boni
1663 4185 1714 4230 et
1739 4179 1888 4246 mali,

311 4249 382 4302 ab
406 4260 602 4303 eventu
635 4249 912 4314 nimirum,
945 4257 998 4304 et
1023 4265 1086 4304 ex
1115 4263 1180 4303 eo
1205 4247 1344 4318 quod
1374 4263 1524 4302 esum
1554 4247 1670 4314 ejus
1701 4263 1892 4303 conse-

311 4329 496 4375 cutum
529 4329 632 4387 cst.
677 4323 744 4374 At
781 4321 923 4374 hunc
960 4333 1177 4376 sensum
1226 4317 1331 4374 non
1367 4319 1628 4387 spectavit
1665 4317 1890 4386 Auctor,

317 4405 496 4462 neque
527 4385 590 4444 D.
625 4389 876 4462 Prosper,
902 4391 1041 4462 quod
1069 4391 1132 4462 ad
1168 4385 1505 4462 propositum
1529 4389 1888 4462 nonfaceret.

390 4471 429 4532 σιν
461 4461 660 4532 Duplex
689 4459 777 4518 est
802 4459 1063 4530 expOsitio
1089 4459 1247 4530 hujus
1272 4459 1558 4532 Sententia:
1589 4475 1616 4514 a
1636 4460 1892 4532 Patribus

313 4529 553 4586 ιιίιιιὶιει.⁷
582 4531 809 4600 Quidam
861 4529 1002 4586 enim
1047 4529 1324 4600 exponunt
1369 4529 1434 4584 de
1483 4531 1772 4600 gentilibus
1825 4531 1890 4586 ad

315 4603 480 4658 ﬁdem
525 4599 728 4658 Christi
771 4603 885 4674 jam
929 4599 1227 4674 conversis.
1275 4601 1352 4656 Ita
1394 4601 1466 4674 D._
1493 4599 1808 4674 Ambrosius
1841 4603 1892 4658 in

313 4671 890 4746 tgomntcntariisfniii
925 4673 992 4728 de
1027 4671 1408 4746 gentilibus_et
1453 4671 1762 4746 inﬁdelibus
1807 4675 1895 4746 qni

315 4743 593 4816 Christum
643 4757 866 4816 prorsus
912 4741 1216 4814 ignorantes
1261 4741 1648 4816 sologrnaturali
1696 4741 1898 4816 lumine

317 4811 672 4887 ducebantur.
705 4817 780 4870 ita
824 4811 1239 4887 Clnisostomus
1265 4827 1324 4887 (et
1353 4811 1444 4887 alii
1483 4813 1670 4887 Patres
1699 4813 1896 4880 Graeci,

317 4897 378 4943 et
404 4903 472 4943 ex
506 4885 710 4942 Latinis
750 4883 1110 4958 iiierotiyntns
1148 4885 1210 4940 ad
1247 4885 1520 4958 Algasiam
1567 4883 1760 4958 (Epist.
1783 4887 1892 4958 (iiii

315 4975 373 5028 q.
423 4959 502 5026 8).
540 4961 863 5028 All-tramquei
899 4955 1292 5028 expositionem
1349 4955 1900 5028 refertiAugustinus

319 5026 422 5084 lib.
447 5029 512 5082 de
531 5026 736 5098 Spiritu
765 5039 816 5082 et
845 5026 1048 5083 Littera
1078 5043 1193 5096 cap.
1225 5027 1315 5092 2w,
1346 5027 1439 5082 sed
1471 5027 1702 5098 priorem
1735 5029 1900 5097 magis

317 5099 538 5170 probat.
563 5101 856 5168 Utramque
876 5099 1032 5154 etiam
1055 5101 1336 5154 admittere
1357 5099 1562 5170 videtur
1585 5097 1642 5150 D.
1672 5097 1901 5170 Prosper

317 5167 378 5226 in
425 5171 568 5224 hunc
609 5167 816 5234 locum;
846 5171 940 5224 sed
973 5177 1214 5224 neutram
1246 5167 1476 5224 ostendit
1515 5167 1694 5223 favere
1723 5169 1902 5223 Colla-

315 5240 454 5308 tori,
489 5241 576 5312 qui
615 5241 737 5296 hinc
767 5241 1050 5312 colligebat
1087 5241 1370 5295 scientiam
1415 5239 1564 5304 boni,
1595 5255 1688 5292 seu
1723 5239 1900 5294 lumen

317 5315 590 5378 naturale,
629 5327 725 5382 per
773 5325 832 5366 se
869 5311 1120 5367 sufﬁcere
1163 5312 1227 5366 ad
1275 5313 1408 5366 bene
1450 5313 1797 5378 operandam,
1849 5321 1904 5365 et

315 5383 552 5454 proinde
581 5397 737 5454 poSSe
769 5397 888 5454 esse
917 5399 980 5436 ex
1032 5383 1184 5436 nobis
1217 5383 1365 5436 initia
1399 5383 1660 5454 virtutum
1713 5391 1766 5436 et
1807 5383 1903 5436 bo-

317 5453 518 5510 itorum
551 5453 791 5524 operum,
827 5453 1026 5520 absque
1053 5457 1250 5508 auxilio
1275 5453 1486 5522 gratim.
1515 5453 1626 5506 Non
1655 5455 1902 5522 primum,

316 5525 449 5595 quia
479 5523 596 5578 non
614 5523 864 5579 (lientttur
909 5525 1092 5578 ﬁdeles
1122 5541 1184 5579 ea
1231 5541 1349 5594 quae
1391 5524 1522 5590 ivgis
1551 5535 1676 5578 sunt
1699 5525 1900 5588 facere,

318 5597 378 5654 id
421 5607 526 5666 εει,
559 5595 698 5664 legis
743 5608 1276 5666 praccptalservare,
1311 5597 1652 5664 naturaliter,
1697 5595 1750 5649 id
1796 5604 1902 5662 est,

321 5681 395 5722 ex
425 5663 631 5722 viribus
671 5663 1046 5732 naturam—scd,
1091 5675 1145 5720 ttt
1171 5667 1384 5736 etportit
1430 5663 1777 5735 Augustinus,
1811 5683 1906 5720 na-

323 5741 595 5806 turaliter,
647 5739 698 5790 id
751 5747 854 5806 est,
895 5749 1083 5792 natura
1123 5754 1218 5807 per
1253 5740 1478 5807 gratiam
1522 5739 1812 5792 reformata
1853 5747 1909 5792 et

321 5815 622 5882 restaurata
657 5807 920 5882 (August.
971 5808 1398 5882 conti-adultam
1440 5809 1530 5862 lib.
1575 5826 1624 5864 tv
1666 5827 1782 5880 cap.
1825 5807 1903 5880 5),

319 5877 434 5950 vel,
474 5889 536 5938 ut
561 5879 626 5938 S.
657 5877 914 5952 Thomas,
959 5881 1190 5940 naturali
1221 5881 1358 5952 lege,
1399 5889 1452 5938 et
1491 5883 1629 5938 duce
1671 5877 1900 5946 ratione.

1919 4567 1974 4632 D

1991 3255 2348 3310 snbstantiam
2399 3259 2602 3321 operis,
2649 3271 2770 3310 cum
2817 3255 3094 3323 Scriptura
3140 3253 3334 3322 passim
3383 3252 3575 3323 doceat

1993 3325 2126 3394 legis
2181 3329 2612 3382 observationem
2671 3321 3006 3380 tribuendam
3039 3321 3160 3378 esse
3213 3324 3397 3392 gratim
3453 3321 3568 3374 Dei.

1991 3393 2190 3452 Eiech.
2223 3411 2424 3452 nni:
2457 3397 2714 3464 Spiritum
2743 3411 2908 3449 meum
2935 3411 3122 3462 ponam
3145 3396 3198 3447 in
3219 3395 3383 3446 medio
3403 3393 3570 3464 vestri,

1991 3477 2038 3520 et
2067 3469 2256 3534 [nciam
2283 3479 2340 3522 ut
2365 3469 2420 3520 iu
2449 3463 2714 3536 praeceptis
2739 3469 2864 3519 meis
2889 3465 3180 3519 ambuletis.
3206 3465 3398 3536 Neque
3429 3463 3570 3536 aliud

1991 3539 2296 3608 signiﬁcare
2323 3539 2492 3590 voluit
2517 3534 2832 3604 Aptistolus,
2867 3551 3024 3608 quam
3051 3535 3300 3608 gentiles.
3331 3534 3574 3608 quamvis

1992 3603 2112 3664 sine
2156 3609 2272 3672 leue
2309 3617 2514 3672 essent,
2565 3603 2768 3676 scripta
2813 3607 3063 3660 videlicet
3105 3606 3156 3658 in
3199 3603 3417 3664 tabulis,
3467 3617 3572 3656 non

1994 3689 2170 3734 tamen
2203 3681 2421 3733 omnino
2461 3681 2578 3732 sine
2615 3681 2730 3748 lege
2769 3691 2890 3748 esse
2915 3693 2929 3728 :
2953 3676 3384 3748 quandoquidem
3415 3689 3478 3726 ex
3509 3687 3575 3726 eo

1992 3749 2134 3816 quod
2161 3751 2429 3804 interdum
2467 3745 2762 3803 faciunt'ex
2796 3747 3086 3802 dictamine
3111 3745 3358 3816 rationis,
3388 3753 3572 3816 osten-

1991 3813 2126 3876 dunt
2171 3837 2230 3874 se
2271 3821 2470 3874 habere
2503 3821 2670 3890 legem
2703 3827 2904 3872 naturai
2936 3815 3288 3890 scriptamin
3321 3813 3574 3890 eordibns

1993 3893 2124 3974 suis,
2159 3907 2280 3974 quote
2303 3903 2480 3946 tamen
2513 3885 2609 3974 per
2639 3905 2700 3944 se
2723 3903 2830 3972 non
2859 3888 3062 3974 sufﬁt-it
3089 3887 3220 3974 u‘tuiti
3251 3901 3410 3940 omne
3431 3885 3574 3974 qttod

1993 3955 2294 4017 iaciendum
2343 3955 2672 4022 noverimus.
2703 3961 2864 4016 etiam
2899 3961 3074 4014 facere
3105 3959 3410 4020 diligamus.
3441 3955 3573 4009 Nam

1996 4043 2052 4087 ut
2083 4035 2362 4104 eleganter
2395 4035 2470 4088 ait
2499 4033 2562 4086 D.
2597 4033 2900 4104 Bernardns
2927 4031 3064 4102 (Lib.
3089 4031 3151 4104 de
3175 4029 3356 4104 Gratia
3387 4039 3432 4104 et
3461 4025 3570 4104 Lib.

1996 4099 2210 4174 Arbit.),
2243 4121 2345 4158 nou
2371 4115 2444 4158 est
2484 4105 2710 4176 ejusdem
2755 4099 3018 4176 facultatis
3055 4103 3186 4154 scire
3215 4101 3340 4170 quid
3378 4099 3576 4176 facien-

1995 4177 2116 4228 dunt
2145 4169 2232 4240 sit,
2267 4187 2310 4230 et
2339 4169 2545 4244 facere;
2583 4169 2824 4246 quoniam
2859 4183 2906 4226 et
2937 4175 3138 4246 diuersa
3167 4169 3282 4225 sunt
3317 4185 3456 4246 «ego
3481 4169 3576 4246 du-

1994 4259 2185 4314 catum,
2229 4263 2290 4300 ac
2323 4240 2453 4312 fesso
2481 4240 2700 4316 prmbere
2731 4246 3034 4300 uehiculum.
3074 4241 3142 4296 Et
3171 4253 3359 4314 poeta:
3397 4240 3573 4316 Video,

1993 4309 2182 4386 inquit,
2231 4309 2491 4380 meliora,
2533 4317 2786 4386 proboque
2829 4332 2848 4370 :
2893 4315 3143 4368 deteriora
3173 4309 3386 4386 sequor.
3439 4309 3578 4386 llius

1995 4383 2176 4442 servus,
2218 4391 2382 4444 sciens
2425 4383 2736 4442 uoluntatem
2766 4387 2962 4439 domini
2990 4387 3090 4444 sui,
3123 4393 3172 4437 et
3215 4399 3316 4435 non
3359 4383 3574 4452 faciens,

1993 4459 2256 4530 vapulabit
2297 4459 2464 4528 plagis
2503 4457 2696 4530 multis,
2737 4459 2866 4530 Luc.
2899 4473 2992 4510 ιιιι.
3041 4455 3106 4508 Et
3142 4452 3577 4530 supientesﬁhujus

1996 4521 2172 4584 stéculi
2199 4521 2664 4588 nterim-damnati,
2695 4529 2818 4596 quia
2846 4544 2958 4579 cum
2997 4527 3352 4594 cognouissent
3385 4521 3574 4596 Deum,

1999 4617 2100 4654 non
2130 4601 2262 4654 sicut
2293 4600 2452 4654 Deum
2481 4594 2914 4669 gloriﬁcauerunt,
2941 4597 3029 4650 sed
3063 4605 3370 4649 evanuerunt
3407 4594 3460 4646 in
3492 4607 3579 4644 co—

1999 4671 2330 4744 gitntionibus
2357 4667 2495 4744 suis,
2515 4678 2621 4723 etc.
2657 4667 2813 4721 Rom.
2843 4683 2880 4722 ι.
2955 4738 2965 4744 _
3455 4731 3489 4744 η

2073 4739 2099 4778 δ
2137 4739 2208 4795 At
2255 4756 2360 4794 non
2407 4731 2486 4794 sic
2533 4751 2832 4809 arguuntur
2871 4745 2927 4791 et
2955 4738 3302 4809 increpantur
3343 4731 3490 4786 surdi
3525 4739 3578 4809 et

2001 4811 2152 4876 caeci,
2185 4813 2338 4878 quasi
2369 4825 2434 4866 ex
2467 4802 2718 4864 facttliate
2749 4819 2950 4862 natura:
2977 4802 3197 4878 possint
3217 4805 3306 4878 vel
3327 4817 3484 4857 aures
3509 4802 3576 4854 ad

2001 4875 2325 4936 audiendum
2372 4883 2605 4952 aperire,
2637 4881 2723 4935 vel
2769 4879 2953 4952 oculos
2980 4875 3068 4932 fati
3119 4875 3422 4952 videndum,
3453 4887 3576 4952 curn

2001 4954 2260 5025 scriptum
2286 4953 2357 5007 sit
2379 4971 2390 5006 :
2410 4943 2677 5025 'Dominus
2723 4951 2978 5025 illuminat
3007 4964 3165 5003 eccos
3193 4945 3372 5025 (ἕζεαι.
3393 4943 3575 5025 ωιτν).

2003 5025 2088 5088 Et,
2117 5013 2280 5077 ’Μαιιε
2301 5025 2448 5094 erigit
2477 5021 2600 5076 mihi
2637 5039 2810 5076 aurem
2841 5021 3019 5096 (lenite
3046 5025 3097 5086 t.)
3123 5013 3258 5096 ;Asetl
3287 5017 3408 5096 quia
3427 5013 3580 5096 'divi-

2005 5110 2126 5149 nam
2177 5088 2588 5150 illustra'tionem
2621 5104 2675 5148 et
2709 5088 3042 5162 apertiora-tn
3075 5091 3266 5144 nolunt
3299 5088 3580 5162 admittere

2003 5169 2164 5236 eique
2199 5167 2510 5236 cooperari,
2555 5166 2646 5219 sed
2695 5157 2759 5218 in'
2793 5179 2885 5218 sua
2935 5165 3275 5236 caecitatem
3321 5157 3580 5212 surditate

2007 5231 2318 5307 perdurare:
2353 5235 2508 5294 Unde
2537 5237 2790 5291 esca-cati
2823 5243 2875 5288 et
2893 5233 3148 5307 _obdurati
3179 5231 3448 5286 dicuntur.

2082 5320 2102 5348 ε
2147 5309 2280 5362 Huic
2319 5309 2604 5380 assertioni
2645 5309 2756 5376 jam
2783 5305 3444 5380 pauloauteresponsum
3476 5306 3578 5380 est,

2005 5395 2108 5450 qua
2139 5395 2242 5434 non
2273 5380 2446 5433 solum
2477 5369 2805 5451 voluniateni
2843 5377 2988 5451 boni,
3023 5375 3114 5428 sed
3155 5369 3316 5451 etiam
3359 5369 3584 5451 possibi-

2006 5441 2234 5514 litatem,
2278 5451 2328 5504 id
2375 5458 2477 5508 est.
2523 5449 2852 5512 facultatem,
2897 5447 3070 5500 libero
3101 5446 3284 5498 tribuit
3320 5441 3584 5514 arbitrio;

2007 5523 2154 5592 quasi
2187 5513 2312 5576 vero
2343 5521 2483 5576 idem
2531 5521 2621 5588 sit,
2675 5519 2906 5592 naturali
2939 5517 3144 5586 jitd|0iit
3191 5513 3334 5583 quod
3381 5513 3578 5581 iustum

2007 5589 2089 5648 est
2113 5609 2271 5662 posse
2291 5593 2625 5656 discernere,
2651 5599 2706 5646 et
2731 5589 2862 5662 illud
2889 5603 3056 5662 opere
3083 5596 3337 5656 pratstare
3357 5592 3414 5638 et
3431 5597 3582 5638 essc-

2007 5659 2134 5734 qui}
2168 5665 2306 5719 scire
2330 5663 2454 5732 quid
2481 5662 2778 5734 iaciendum
2802 5660 2892 5720 sit,
2917 5669 2970 5734 et
2997 5659 3200 5734 facere;
3231 5663 3286 5710 et
3311 5665 3580 5724 tamquam

2009 5729 2124 5791 limo
2167 5737 2233 5790 ab
2273 5729 2359 5790 eis
2385 5732 2736 5802 intelligentia
2763 5731 3023 5786 llailll'ails
3049 5729 3316 5798 exigatur,
3341 5735 3402 5782 ut
3425 5741 3492 5782 ex
3517 5739 3580 5780 ea

2009 5808 2320 5880 cognitione
2348 5803 2491 5878 quod
2517 5803 2720 5874 justum
2751 5809 2840 5860 est
2861 5811 3244 5873 exsequantur.
