  <div class='ocr_page' id='page_1' title='image "/cluster/home/n/w/nwhite01/storage/ocr_20150623/49/hvd.32044015471543/475.png"; bbox 0 0 4078 6332; ppageno 0'>
   <div class='ocr_carea' id='block_1_1' title="bbox 459 292 562 369">
    <p class='ocr_par' dir='ltr' id='par_1_1' title="bbox 459 292 562 369">
     <span class='ocr_line' id='line_1_1' title="bbox 459 292 562 369; baseline 0.01 -1"><span class='ocrx_word' id='word_1_1' title='bbox 459 292 562 369; x_wconf 75' lang='lat' dir='ltr'><strong>im</strong></span> 
     </span>
    </p>
   </div>
   <div class='ocr_carea' id='block_1_2' title="bbox 1518 309 2680 372">
    <p class='ocr_par' dir='ltr' id='par_1_2' title="bbox 1518 309 2680 372">
     <span class='ocr_line' id='line_1_2' title="bbox 1518 309 2680 372; baseline -0.004 -1"><span class='ocrx_word' id='word_1_2' title='bbox 1518 311 1800 372; x_wconf 75' lang='lat' dir='ltr'><strong>JOANNIS</strong></span> <span class='ocrx_word' id='word_1_3' title='bbox 1837 310 2146 371; x_wconf 75' lang='lat' dir='ltr'><strong>CASSIANI</strong></span> <span class='ocrx_word' id='word_1_4' title='bbox 2186 309 2680 368; x_wconf 85' lang='lat' dir='ltr'><strong>COLLATIONES.</strong></span> 
     </span>
    </p>
   </div>
   <div class='ocr_carea' id='block_1_3' title="bbox 3632 312 3745 374">
    <p class='ocr_par' dir='ltr' id='par_1_3' title="bbox 3632 312 3745 374">
     <span class='ocr_line' id='line_1_3' title="bbox 3632 312 3745 374; baseline 0 -3"><span class='ocrx_word' id='word_1_5' title='bbox 3632 312 3745 374; x_wconf 69' lang='lat'><strong>928</strong></span> 
     </span>
    </p>
   </div>
   <div class='ocr_carea' id='block_1_4' title="bbox 460 397 3742 503">
    <p class='ocr_par' dir='ltr' id='par_1_4' title="bbox 460 397 3742 503">
     <span class='ocr_line' id='line_1_4' title="bbox 460 397 3742 503; baseline -0.001 -17"><span class='ocrx_word' id='word_1_6' title='bbox 460 426 613 499; x_wconf 81' lang='lat' dir='ltr'><strong>Quod</strong></span> <span class='ocrx_word' id='word_1_7' title='bbox 641 429 826 503; x_wconf 83' lang='lat' dir='ltr'><strong>utique</strong></span> <span class='ocrx_word' id='word_1_8' title='bbox 852 429 933 488; x_wconf 89' lang='lat' dir='ltr'><strong>eis</strong></span> <span class='ocrx_word' id='word_1_9' title='bbox 959 443 1064 487; x_wconf 88' lang='lat' dir='ltr'><strong>non</strong></span> <span class='ocrx_word' id='word_1_10' title='bbox 1093 427 1317 487; x_wconf 75' lang='lat' dir='ltr'><strong>dixisset</strong></span> <span class='ocrx_word' id='word_1_11' title='bbox 1337 469 1355 498; x_wconf 92' lang='lat'><strong>,</strong></span> <span class='ocrx_word' id='word_1_12' title='bbox 1378 397 1496 486; x_wconf 76' lang='lat' dir='ltr'><strong>nisi</strong></span> <span class='ocrx_word' id='word_1_13' title='bbox 1523 445 1619 486; x_wconf 91' lang='lat' dir='ltr'><strong>eos</strong></span> <span class='ocrx_word' id='word_1_14' title='bbox 1641 429 1847 501; x_wconf 85' lang='lat' dir='ltr'><strong>judicio</strong></span> <span class='ocrx_word' id='word_1_15' title='bbox 1878 438 2031 486; x_wconf 89' lang='lat' dir='ltr'><strong>natu-</strong></span> <span class='ocrx_word' id='word_1_16' title='bbox 2058 430 2110 492; x_wconf 77' lang='grc' dir='ltr'>Α</span> <span class='ocrx_word' id='word_1_17' title='bbox 2137 426 2270 480; x_wconf 72' lang='lat' dir='ltr'><strong>tabis</strong></span> <span class='ocrx_word' id='word_1_18' title='bbox 2298 429 2506 481; x_wconf 86' lang='lat' dir='ltr'><strong>domum</strong></span> <span class='ocrx_word' id='word_1_19' title='bbox 2531 425 2728 479; x_wconf 86' lang='lat' dir='ltr'><strong>nomini</strong></span> <span class='ocrx_word' id='word_1_20' title='bbox 2770 438 2881 478; x_wconf 88' lang='lat' dir='ltr'><strong>meo</strong></span> <span class='ocrx_word' id='word_1_21' title='bbox 2923 422 2943 496; x_wconf 88' lang='lat'><strong>(</strong></span> <span class='ocrx_word' id='word_1_22' title='bbox 2960 422 3028 479; x_wconf 82' lang='grc' dir='ltr'><strong>ΙΙΙ</strong></span> <span class='ocrx_word' id='word_1_23' title='bbox 3070 424 3203 498; x_wconf 85' lang='lat' dir='ltr'><strong>Reg.</strong></span> <span class='ocrx_word' id='word_1_24' title='bbox 3244 425 3396 499; x_wconf 74' lang='lat' dir='ltr'><strong>vnn).</strong></span> <span class='ocrx_word' id='word_1_25' title='bbox 3444 425 3574 483; x_wconf 70' lang='lat' dir='ltr'><strong>Haec</strong></span> <span class='ocrx_word' id='word_1_26' title='bbox 3605 443 3742 502; x_wconf 80' lang='lat' dir='ltr'><strong>ergo</strong></span> 
     </span>
    </p>
   </div>
   <div class='ocr_carea' id='block_1_5' title="bbox 461 522 2038 597">
    <p class='ocr_par' dir='ltr' id='par_1_5' title="bbox 461 522 2038 597">
     <span class='ocr_line' id='line_1_5' title="bbox 461 522 2038 597; baseline 0 -15"><span class='ocrx_word' id='word_1_27' title='bbox 461 525 561 582; x_wconf 82' lang='lat' dir='ltr'><strong>rati</strong></span> <span class='ocrx_word' id='word_1_28' title='bbox 606 523 660 580; x_wconf 89' lang='lat' dir='ltr'><strong>id</strong></span> <span class='ocrx_word' id='word_1_29' title='bbox 701 523 842 596; x_wconf 89' lang='lat' dir='ltr'><strong>quod</strong></span> <span class='ocrx_word' id='word_1_30' title='bbox 886 539 1097 597; x_wconf 63' lang='lat' dir='ltr'><strong>aequum</strong></span> <span class='ocrx_word' id='word_1_31' title='bbox 1144 532 1228 580; x_wconf 90' lang='lat' dir='ltr'><strong>est</strong></span> <span class='ocrx_word' id='word_1_32' title='bbox 1267 522 1458 581; x_wconf 75' lang='lat' dir='ltr'><strong>scisset</strong></span> <span class='ocrx_word' id='word_1_33' title='bbox 1502 538 1663 596; x_wconf 85' lang='lat' dir='ltr'><strong>posse</strong></span> <span class='ocrx_word' id='word_1_34' title='bbox 1708 524 2038 582; x_wconf 83' lang='lat' dir='ltr'><strong>discernere.</strong></span> 
     </span>
    </p>
   </div>
   <div class='ocr_carea' id='block_1_6' title="bbox 462 612 2040 675">
    <p class='ocr_par' dir='ltr' id='par_1_6' title="bbox 462 612 2040 675">
     <span class='ocr_line' id='line_1_6' title="bbox 462 612 2040 675; baseline 0 -1"><span class='ocrx_word' id='word_1_35' title='bbox 462 612 617 674; x_wconf 82' lang='lat' dir='ltr'><strong>Unde</strong></span> <span class='ocrx_word' id='word_1_36' title='bbox 637 616 934 674; x_wconf 89' lang='lat' dir='ltr'><strong>cavendum</strong></span> <span class='ocrx_word' id='word_1_37' title='bbox 960 625 1045 674; x_wconf 91' lang='lat' dir='ltr'><strong>est</strong></span> <span class='ocrx_word' id='word_1_38' title='bbox 1083 616 1238 673; x_wconf 86' lang='lat' dir='ltr'><strong>nobis</strong></span> <span class='ocrx_word' id='word_1_39' title='bbox 1263 631 1331 673; x_wconf 90' lang='lat' dir='ltr'><strong>ne</strong></span> <span class='ocrx_word' id='word_1_40' title='bbox 1358 617 1429 672; x_wconf 89' lang='lat' dir='ltr'><strong>ita</strong></span> <span class='ocrx_word' id='word_1_41' title='bbox 1458 617 1523 673; x_wconf 86' lang='lat' dir='ltr'><strong>ad</strong></span> <span class='ocrx_word' id='word_1_42' title='bbox 1546 616 1833 673; x_wconf 89' lang='lat' dir='ltr'><strong>Dominum</strong></span> <span class='ocrx_word' id='word_1_43' title='bbox 1860 618 2040 675; x_wconf 84' lang='lat' dir='ltr'><strong>omnia</strong></span> 
     </span>
    </p>
   </div>
   <div class='ocr_carea' id='block_1_7' title="bbox 464 709 2043 783">
    <p class='ocr_par' dir='ltr' id='par_1_7' title="bbox 464 709 2043 783">
     <span class='ocr_line' id='line_1_7' title="bbox 464 709 2043 783; baseline 0.001 -17"><span class='ocrx_word' id='word_1_44' title='bbox 464 718 774 766; x_wconf 85' lang='lat' dir='ltr'><strong>sanctorum</strong></span> <span class='ocrx_word' id='word_1_45' title='bbox 816 710 1012 767; x_wconf 90' lang='lat' dir='ltr'><strong>merita</strong></span> <span class='ocrx_word' id='word_1_46' title='bbox 1050 709 1348 766; x_wconf 80' lang='lat' dir='ltr'><strong>referamus</strong></span> <span class='ocrx_word' id='word_1_47' title='bbox 1370 719 1419 777; x_wconf 73' lang='grc' dir='ltr'><strong>ι,</strong></span> <span class='ocrx_word' id='word_1_48' title='bbox 1451 716 1512 766; x_wconf 80' lang='grc' dir='ltr'><strong>ιιι</strong></span> <span class='ocrx_word' id='word_1_49' title='bbox 1539 710 1672 766; x_wconf 85' lang='lat' dir='ltr'><strong>nihil</strong></span> <span class='ocrx_word' id='word_1_50' title='bbox 1698 710 1799 767; x_wconf 85' lang='lat' dir='ltr'><strong>nisi</strong></span> <span class='ocrx_word' id='word_1_51' title='bbox 1821 710 1874 767; x_wconf 94' lang='lat' dir='ltr'><strong>id</strong></span> <span class='ocrx_word' id='word_1_52' title='bbox 1898 710 2043 783; x_wconf 89' lang='lat' dir='ltr'><strong>quod</strong></span> 
     </span>
    </p>
   </div>
   <div class='ocr_carea' id='block_1_8' title="bbox 462 804 2033 876">
    <p class='ocr_par' dir='ltr' id='par_1_8' title="bbox 462 804 2033 876">
     <span class='ocr_line' id='line_1_8' title="bbox 462 804 2033 876; baseline -0.001 -15"><span class='ocrx_word' id='word_1_53' title='bbox 462 805 660 861; x_wconf 88' lang='lat' dir='ltr'><strong>malum</strong></span> <span class='ocrx_word' id='word_1_54' title='bbox 680 813 841 876; x_wconf 85' lang='lat' dir='ltr'><strong>atque</strong></span> <span class='ocrx_word' id='word_1_55' title='bbox 862 819 1173 876; x_wconf 78' lang='lat' dir='ltr'><strong>perversum</strong></span> <span class='ocrx_word' id='word_1_56' title='bbox 1209 813 1294 861; x_wconf 90' lang='lat' dir='ltr'><strong>est</strong></span> <span class='ocrx_word' id='word_1_57' title='bbox 1325 804 1575 862; x_wconf 66' lang='lat' dir='ltr'><strong>humanm</strong></span> <span class='ocrx_word' id='word_1_58' title='bbox 1596 806 1928 863; x_wconf 82' lang='lat' dir='ltr'><strong>ascribamus</strong></span> <span class='ocrx_word' id='word_1_59' title='bbox 1946 822 2033 861; x_wconf 89' lang='lat' dir='ltr'><strong>na-</strong></span> 
     </span>
    </p>
   </div>
   <div class='ocr_carea' id='block_1_9' title="bbox 466 897 2042 970">
    <p class='ocr_par' dir='ltr' id='par_1_9' title="bbox 466 897 2042 970">
     <span class='ocr_line' id='line_1_9' title="bbox 466 897 2042 970; baseline 0 -16"><span class='ocrx_word' id='word_1_60' title='bbox 466 906 622 954; x_wconf 82' lang='lat' dir='ltr'><strong>turae.</strong></span> <span class='ocrx_word' id='word_1_61' title='bbox 647 897 702 953; x_wconf 89' lang='lat' dir='ltr'><strong>In</strong></span> <span class='ocrx_word' id='word_1_62' title='bbox 732 912 841 969; x_wconf 90' lang='lat' dir='ltr'><strong>quo</strong></span> <span class='ocrx_word' id='word_1_63' title='bbox 868 897 1084 970; x_wconf 88' lang='lat' dir='ltr'><strong>quidem</strong></span> <span class='ocrx_word' id='word_1_64' title='bbox 1115 897 1501 970; x_wconf 72' lang='lat' dir='ltr'><strong>sapientissimi</strong></span> <span class='ocrx_word' id='word_1_65' title='bbox 1520 898 1853 968; x_wconf 90' lang='lat' dir='ltr'><strong>Salomonis,</strong></span> <span class='ocrx_word' id='word_1_66' title='bbox 1878 899 2042 955; x_wconf 91' lang='lat' dir='ltr'><strong>immo</strong></span> 
     </span>
    </p>
   </div>
   <div class='ocr_carea' id='block_1_10' title="bbox 462 988 2045 1060">
    <p class='ocr_par' dir='ltr' id='par_1_10' title="bbox 462 988 2045 1060">
     <span class='ocr_line' id='line_1_10' title="bbox 462 988 2045 1060; baseline 0 -16"><span class='ocrx_word' id='word_1_67' title='bbox 462 988 698 1059; x_wconf 88' lang='lat' dir='ltr'><strong>Domini,</strong></span> <span class='ocrx_word' id='word_1_68' title='bbox 716 990 872 1060; x_wconf 87' lang='lat' dir='ltr'><strong>cujus</strong></span> <span class='ocrx_word' id='word_1_69' title='bbox 895 991 1010 1046; x_wconf 62' lang='lat' dir='ltr'><strong>haec</strong></span> <span class='ocrx_word' id='word_1_70' title='bbox 1030 990 1194 1047; x_wconf 86' lang='lat' dir='ltr'><strong>verba</strong></span> <span class='ocrx_word' id='word_1_71' title='bbox 1209 991 1668 1058; x_wconf 89' lang='lat' dir='ltr'><strong>sunt,testimonio</strong></span> <span class='ocrx_word' id='word_1_72' title='bbox 1684 990 2045 1047; x_wconf 81' lang='lat' dir='ltr'><strong>confutamur.</strong></span> 
     </span>
    </p>
   </div>
   <div class='ocr_carea' id='block_1_11' title="bbox 461 1078 2049 1153">
    <p class='ocr_par' dir='ltr' id='par_1_11' title="bbox 461 1078 2049 1153">
     <span class='ocr_line' id='line_1_11' title="bbox 461 1078 2049 1153; baseline 0 -15"><span class='ocrx_word' id='word_1_73' title='bbox 461 1078 537 1138; x_wconf 86' lang='lat' dir='ltr'><strong>Ita</strong></span> <span class='ocrx_word' id='word_1_74' title='bbox 568 1082 864 1138; x_wconf 79' lang='lat' dir='ltr'><strong>enim&#39;cum</strong></span> <span class='ocrx_word' id='word_1_75' title='bbox 893 1091 1262 1139; x_wconf 87' lang='lat' dir='ltr'><strong>consummata</strong></span> <span class='ocrx_word' id='word_1_76' title='bbox 1303 1082 1485 1153; x_wconf 90' lang='lat' dir='ltr'><strong>templi</strong></span> <span class='ocrx_word' id='word_1_77' title='bbox 1515 1081 1883 1140; x_wconf 88' lang='lat' dir='ltr'><strong>exstructione</strong></span> <span class='ocrx_word' id='word_1_78' title='bbox 1926 1097 2049 1138; x_wconf 87' lang='lat' dir='ltr'><strong>ora-</strong></span> 
     </span>
    </p>
   </div>
   <div class='ocr_carea' id='block_1_12' title="bbox 460 1173 2048 1249">
    <p class='ocr_par' dir='ltr' id='par_1_12' title="bbox 460 1173 2048 1249">
     <span class='ocr_line' id='line_1_12' title="bbox 460 1173 2048 1249; baseline 0.001 -20"><span class='ocrx_word' id='word_1_79' title='bbox 460 1182 567 1242; x_wconf 89' lang='lat' dir='ltr'><strong>ret,</strong></span> <span class='ocrx_word' id='word_1_80' title='bbox 597 1173 791 1230; x_wconf 79' lang='lat' dir='ltr'><strong>eli‘atus</strong></span> <span class='ocrx_word' id='word_1_81' title='bbox 820 1184 943 1233; x_wconf 90' lang='lat' dir='ltr'><strong>est:</strong></span> <span class='ocrx_word' id='word_1_82' title='bbox 976 1174 1254 1244; x_wconf 83' lang='lat' dir='ltr'><strong>Voluitque</strong></span> <span class='ocrx_word' id='word_1_83' title='bbox 1296 1175 1465 1231; x_wconf 86' lang='lat' dir='ltr'><strong>David</strong></span> <span class='ocrx_word' id='word_1_84' title='bbox 1506 1185 1652 1249; x_wconf 87' lang='lat' dir='ltr'><strong>pater</strong></span> <span class='ocrx_word' id='word_1_85' title='bbox 1695 1193 1837 1231; x_wconf 87' lang='lat' dir='ltr'><strong>meus</strong></span> <span class='ocrx_word' id='word_1_86' title='bbox 1882 1177 2048 1245; x_wconf 68' lang='lat' dir='ltr'><strong>aediﬁ-</strong></span> 
     </span>
    </p>
   </div>
   <div class='ocr_carea' id='block_1_13' title="bbox 461 1267 2045 1338">
    <p class='ocr_par' dir='ltr' id='par_1_13' title="bbox 461 1267 2045 1338">
     <span class='ocr_line' id='line_1_13' title="bbox 461 1267 2045 1338; baseline 0.001 -16"><span class='ocrx_word' id='word_1_87' title='bbox 461 1284 578 1322; x_wconf 85' lang='lat' dir='ltr'><strong>care</strong></span> <span class='ocrx_word' id='word_1_88' title='bbox 615 1267 825 1323; x_wconf 88' lang='lat' dir='ltr'><strong>domum</strong></span> <span class='ocrx_word' id='word_1_89' title='bbox 859 1269 1054 1324; x_wconf 81' lang='lat' dir='ltr'><strong>nomini</strong></span> <span class='ocrx_word' id='word_1_90' title='bbox 1090 1269 1300 1323; x_wconf 83' lang='lat' dir='ltr'><strong>Domini</strong></span> <span class='ocrx_word' id='word_1_91' title='bbox 1333 1268 1428 1324; x_wconf 92' lang='lat' dir='ltr'><strong>Dei</strong></span> <span class='ocrx_word' id='word_1_92' title='bbox 1455 1267 1641 1338; x_wconf 87' lang='lat' dir='ltr'><strong>Israel,</strong></span> <span class='ocrx_word' id='word_1_93' title='bbox 1673 1279 1721 1324; x_wconf 89' lang='lat' dir='ltr'><strong>et</strong></span> <span class='ocrx_word' id='word_1_94' title='bbox 1748 1271 1821 1323; x_wconf 91' lang='lat' dir='ltr'><strong>ait</strong></span> <span class='ocrx_word' id='word_1_95' title='bbox 1861 1269 2045 1323; x_wconf 88' lang='lat' dir='ltr'><strong>Domi-</strong></span> 
     </span>
    </p>
   </div>
   <div class='ocr_carea' id='block_1_14' title="bbox 461 1357 2047 1432">
    <p class='ocr_par' dir='ltr' id='par_1_14' title="bbox 461 1357 2047 1432">
     <span class='ocr_line' id='line_1_14' title="bbox 461 1357 2047 1432; baseline 0.001 -19"><span class='ocrx_word' id='word_1_96' title='bbox 461 1374 559 1413; x_wconf 86' lang='lat' dir='ltr'><strong>nus</strong></span> <span class='ocrx_word' id='word_1_97' title='bbox 591 1359 728 1414; x_wconf 85' lang='lat' dir='ltr'><strong>Deus</strong></span> <span class='ocrx_word' id='word_1_98' title='bbox 762 1360 831 1414; x_wconf 89' lang='lat' dir='ltr'><strong>ad</strong></span> <span class='ocrx_word' id='word_1_99' title='bbox 870 1357 1040 1414; x_wconf 87' lang='lat' dir='ltr'><strong>David</strong></span> <span class='ocrx_word' id='word_1_100' title='bbox 1075 1369 1273 1431; x_wconf 89' lang='lat' dir='ltr'><strong>patrem</strong></span> <span class='ocrx_word' id='word_1_101' title='bbox 1311 1377 1478 1414; x_wconf 87' lang='lat' dir='ltr'><strong>meum</strong></span> <span class='ocrx_word' id='word_1_102' title='bbox 1501 1376 1519 1415; x_wconf 93' lang='lat'><strong><em>:</em></strong></span> <span class='ocrx_word' id='word_1_103' title='bbox 1544 1360 1693 1428; x_wconf 83' lang='lat' dir='ltr'><strong>Quod</strong></span> <span class='ocrx_word' id='word_1_104' title='bbox 1722 1361 1958 1432; x_wconf 75' lang='lat' dir='ltr'><strong>cogitasti</strong></span> <span class='ocrx_word' id='word_1_105' title='bbox 1991 1361 2047 1415; x_wconf 90' lang='lat' dir='ltr'><strong>in</strong></span> 
     </span>
    </p>
   </div>
   <div class='ocr_carea' id='block_1_15' title="bbox 464 1450 2049 1524">
    <p class='ocr_par' dir='ltr' id='par_1_15' title="bbox 464 1450 2049 1524">
     <span class='ocr_line' id='line_1_15' title="bbox 464 1450 2049 1524; baseline 0.002 -20"><span class='ocrx_word' id='word_1_106' title='bbox 464 1450 618 1504; x_wconf 91' lang='lat' dir='ltr'><strong>corde</strong></span> <span class='ocrx_word' id='word_1_107' title='bbox 647 1461 733 1504; x_wconf 89' lang='lat' dir='ltr'><strong>tuo</strong></span> <span class='ocrx_word' id='word_1_108' title='bbox 762 1451 1021 1520; x_wconf 70' lang='lat' dir='ltr'><strong>(edi/icore</strong></span> <span class='ocrx_word' id='word_1_109' title='bbox 1064 1450 1273 1506; x_wconf 88' lang='lat' dir='ltr'><strong>domum</strong></span> <span class='ocrx_word' id='word_1_110' title='bbox 1312 1452 1527 1506; x_wconf 87' lang='lat' dir='ltr'><strong>nomini-</strong></span> <span class='ocrx_word' id='word_1_111' title='bbox 1555 1468 1685 1518; x_wconf 92' lang='lat' dir='ltr'><strong>meo,</strong></span> <span class='ocrx_word' id='word_1_112' title='bbox 1724 1452 1846 1507; x_wconf 84' lang='lat' dir='ltr'><strong>bene</strong></span> <span class='ocrx_word' id='word_1_113' title='bbox 1887 1453 2049 1524; x_wconf 76' lang='lat' dir='ltr'><strong>fecisti</strong></span> 
     </span>
    </p>
   </div>
   <div class='ocr_carea' id='block_1_16' title="bbox 464 1542 2049 1616">
    <p class='ocr_par' dir='ltr' id='par_1_16' title="bbox 464 1542 2049 1616">
     <span class='ocr_line' id='line_1_16' title="bbox 464 1542 2049 1616; baseline 0.001 -18"><span class='ocrx_word' id='word_1_114' title='bbox 464 1542 558 1598; x_wconf 79' lang='lat' dir='ltr'><strong>hoc</strong></span> <span class='ocrx_word' id='word_1_115' title='bbox 591 1544 763 1615; x_wconf 87' lang='lat' dir='ltr'><strong>ipsum</strong></span> <span class='ocrx_word' id='word_1_116' title='bbox 800 1554 966 1598; x_wconf 86' lang='lat' dir='ltr'><strong>mente</strong></span> <span class='ocrx_word' id='word_1_117' title='bbox 1014 1552 1274 1612; x_wconf 79' lang='lat' dir='ltr'><strong>tractans;</strong></span> <span class='ocrx_word' id='word_1_118' title='bbox 1302 1554 1645 1600; x_wconf 88' lang='lat' dir='ltr'><strong>verumtamen</strong></span> <span class='ocrx_word' id='word_1_119' title='bbox 1673 1562 1774 1599; x_wconf 90' lang='lat' dir='ltr'><strong>non</strong></span> <span class='ocrx_word' id='word_1_120' title='bbox 1807 1556 1859 1600; x_wconf 87' lang='lat' dir='ltr'><strong>tu</strong></span> <span class='ocrx_word' id='word_1_121' title='bbox 1885 1547 2049 1616; x_wconf 73' lang='grc' dir='ltr'><strong>(εάὶρο</strong></span> 
     </span>
    </p>
   </div>
   <div class='ocr_carea' id='block_1_17' title="bbox 2142 517 3739 589">
    <p class='ocr_par' dir='ltr' id='par_1_17' title="bbox 2142 517 3739 589">
     <span class='ocr_line' id='line_1_17' title="bbox 2142 517 3739 589; baseline 0.003 -15"><span class='ocrx_word' id='word_1_122' title='bbox 2142 517 2171 557; x_wconf 69' lang='grc' dir='ltr'>δ</span> <span class='ocrx_word' id='word_1_123' title='bbox 2194 518 2451 589; x_wconf 80' lang='lat' dir='ltr'><strong>cogitatio</strong></span> <span class='ocrx_word' id='word_1_124' title='bbox 2482 528 2645 589; x_wconf 91' lang='lat' dir='ltr'><strong>atque</strong></span> <span class='ocrx_word' id='word_1_125' title='bbox 2673 517 2778 573; x_wconf 90' lang='lat' dir='ltr'><strong>iste</strong></span> <span class='ocrx_word' id='word_1_126' title='bbox 2807 524 3068 572; x_wconf 86' lang='lat' dir='ltr'><strong>tractatus</strong></span> <span class='ocrx_word' id='word_1_127' title='bbox 3089 518 3235 588; x_wconf 87' lang='lat' dir='ltr'><strong>regis</strong></span> <span class='ocrx_word' id='word_1_128' title='bbox 3260 517 3452 587; x_wconf 84' lang='lat' dir='ltr'><strong>David,</strong></span> <span class='ocrx_word' id='word_1_129' title='bbox 3486 529 3739 580; x_wconf 86' lang='lat' dir='ltr'><strong>utrumne</strong></span> 
     </span>
    </p>
   </div>
   <div class='ocr_carea' id='block_1_18' title="bbox 2142 608 3737 677">
    <p class='ocr_par' dir='ltr' id='par_1_18' title="bbox 2142 608 3737 677">
     <span class='ocr_line' id='line_1_18' title="bbox 2142 608 3737 677; baseline 0.002 -11"><span class='ocrx_word' id='word_1_130' title='bbox 2142 609 2318 666; x_wconf 91' lang='lat' dir='ltr'><strong>bonus</strong></span> <span class='ocrx_word' id='word_1_131' title='bbox 2344 619 2397 665; x_wconf 91' lang='lat' dir='ltr'><strong>et</strong></span> <span class='ocrx_word' id='word_1_132' title='bbox 2422 625 2489 665; x_wconf 90' lang='lat' dir='ltr'><strong>ex</strong></span> <span class='ocrx_word' id='word_1_133' title='bbox 2524 609 2655 677; x_wconf 88' lang='lat' dir='ltr'><strong>Deo,</strong></span> <span class='ocrx_word' id='word_1_134' title='bbox 2684 624 2751 664; x_wconf 92' lang='lat' dir='ltr'><strong>an</strong></span> <span class='ocrx_word' id='word_1_135' title='bbox 2794 608 2968 664; x_wconf 86' lang='lat' dir='ltr'><strong>malus</strong></span> <span class='ocrx_word' id='word_1_136' title='bbox 3014 617 3072 663; x_wconf 91' lang='lat' dir='ltr'><strong>et</strong></span> <span class='ocrx_word' id='word_1_137' title='bbox 3099 609 3168 664; x_wconf 89' lang='lat' dir='ltr'><strong>ab</strong></span> <span class='ocrx_word' id='word_1_138' title='bbox 3211 608 3431 667; x_wconf 89' lang='lat' dir='ltr'><strong>homine</strong></span> <span class='ocrx_word' id='word_1_139' title='bbox 3456 610 3622 669; x_wconf 76' lang='lat' dir='ltr'><strong>fuisse</strong></span> <span class='ocrx_word' id='word_1_140' title='bbox 3652 613 3737 669; x_wconf 89' lang='lat' dir='ltr'><strong>di—</strong></span> 
     </span>
    </p>
   </div>
   <div class='ocr_carea' id='block_1_19' title="bbox 2143 702 3739 773">
    <p class='ocr_par' dir='ltr' id='par_1_19' title="bbox 2143 702 3739 773">
     <span class='ocr_line' id='line_1_19' title="bbox 2143 702 3739 773; baseline 0.001 -14"><span class='ocrx_word' id='word_1_141' title='bbox 2143 704 2346 760; x_wconf 89' lang='lat' dir='ltr'><strong>cendus</strong></span> <span class='ocrx_word' id='word_1_142' title='bbox 2380 703 2506 759; x_wconf 78' lang='lat' dir='ltr'><strong>est?</strong></span> <span class='ocrx_word' id='word_1_143' title='bbox 2537 702 2594 760; x_wconf 88' lang='lat' dir='ltr'><strong>Si</strong></span> <span class='ocrx_word' id='word_1_144' title='bbox 2635 703 2775 758; x_wconf 91' lang='lat' dir='ltr'><strong>enim</strong></span> <span class='ocrx_word' id='word_1_145' title='bbox 2804 703 2943 758; x_wconf 91' lang='lat' dir='ltr'><strong>bona</strong></span> <span class='ocrx_word' id='word_1_146' title='bbox 2973 712 3135 773; x_wconf 89' lang='lat' dir='ltr'><strong>atque</strong></span> <span class='ocrx_word' id='word_1_147' title='bbox 3160 718 3225 759; x_wconf 88' lang='lat' dir='ltr'><strong>ex</strong></span> <span class='ocrx_word' id='word_1_148' title='bbox 3259 702 3371 761; x_wconf 90' lang='lat' dir='ltr'><strong>Deo</strong></span> <span class='ocrx_word' id='word_1_149' title='bbox 3397 703 3495 760; x_wconf 82' lang='lat' dir='ltr'><strong>fuit</strong></span> <span class='ocrx_word' id='word_1_150' title='bbox 3526 705 3617 761; x_wconf 88' lang='lat' dir='ltr'><strong>illa</strong></span> <span class='ocrx_word' id='word_1_151' title='bbox 3643 722 3739 763; x_wconf 89' lang='lat' dir='ltr'><strong>co-</strong></span> 
     </span>
    </p>
   </div>
   <div class='ocr_carea' id='block_1_20' title="bbox 2144 794 3739 871">
    <p class='ocr_par' dir='ltr' id='par_1_20' title="bbox 2144 794 3739 871">
     <span class='ocr_line' id='line_1_20' title="bbox 2144 794 3739 871; baseline 0.003 -19"><span class='ocrx_word' id='word_1_152' title='bbox 2144 796 2355 868; x_wconf 90' lang='lat' dir='ltr'><strong>gitatio,</strong></span> <span class='ocrx_word' id='word_1_153' title='bbox 2385 812 2482 853; x_wconf 89' lang='lat' dir='ltr'><strong>cur</strong></span> <span class='ocrx_word' id='word_1_154' title='bbox 2504 796 2571 851; x_wconf 86' lang='lat' dir='ltr'><strong>ab</strong></span> <span class='ocrx_word' id='word_1_155' title='bbox 2596 811 2663 852; x_wconf 91' lang='lat' dir='ltr'><strong>eo</strong></span> <span class='ocrx_word' id='word_1_156' title='bbox 2686 810 2716 850; x_wconf 92' lang='lat' dir='ltr'><strong>a</strong></span> <span class='ocrx_word' id='word_1_157' title='bbox 2745 810 2852 867; x_wconf 91' lang='lat' dir='ltr'><strong>quo</strong></span> <span class='ocrx_word' id='word_1_158' title='bbox 2884 794 3142 866; x_wconf 85' lang='lat' dir='ltr'><strong>inspirata</strong></span> <span class='ocrx_word' id='word_1_159' title='bbox 3168 806 3271 862; x_wconf 90' lang='lat' dir='ltr'><strong>est,</strong></span> <span class='ocrx_word' id='word_1_160' title='bbox 3306 797 3479 853; x_wconf 91' lang='lat' dir='ltr'><strong>eidem</strong></span> <span class='ocrx_word' id='word_1_161' title='bbox 3510 809 3739 871; x_wconf 79' lang='lat' dir='ltr'><strong>negatur</strong></span> 
     </span>
    </p>
   </div>
   <div class='ocr_carea' id='block_1_21' title="bbox 2145 889 3739 960">
    <p class='ocr_par' dir='ltr' id='par_1_21' title="bbox 2145 889 3739 960">
     <span class='ocr_line' id='line_1_21' title="bbox 2145 889 3739 960; baseline 0.003 -14"><span class='ocrx_word' id='word_1_162' title='bbox 2145 890 2403 947; x_wconf 73' lang='lat' dir='ltr'><strong>ell‘ectus?</strong></span> <span class='ocrx_word' id='word_1_163' title='bbox 2440 889 2497 948; x_wconf 90' lang='lat' dir='ltr'><strong>Si</strong></span> <span class='ocrx_word' id='word_1_164' title='bbox 2542 899 2723 946; x_wconf 86' lang='lat' dir='ltr'><strong>autem</strong></span> <span class='ocrx_word' id='word_1_165' title='bbox 2755 890 2896 944; x_wconf 89' lang='lat' dir='ltr'><strong>mala</strong></span> <span class='ocrx_word' id='word_1_166' title='bbox 2922 900 2978 945; x_wconf 91' lang='lat' dir='ltr'><strong>et</strong></span> <span class='ocrx_word' id='word_1_167' title='bbox 3003 905 3071 945; x_wconf 83' lang='lat' dir='ltr'><strong>ex</strong></span> <span class='ocrx_word' id='word_1_168' title='bbox 3103 890 3322 947; x_wconf 84' lang='lat' dir='ltr'><strong>homine</strong></span> <span class='ocrx_word' id='word_1_169' title='bbox 3351 892 3473 960; x_wconf 82' lang='lat' dir='ltr'><strong>fuit,</strong></span> <span class='ocrx_word' id='word_1_170' title='bbox 3499 908 3599 949; x_wconf 90' lang='lat' dir='ltr'><strong>cur</strong></span> <span class='ocrx_word' id='word_1_171' title='bbox 3624 895 3739 950; x_wconf 87' lang='lat' dir='ltr'><strong>lau-</strong></span> 
     </span>
    </p>
   </div>
   <div class='ocr_carea' id='block_1_22' title="bbox 2151 983 3737 1054">
    <p class='ocr_par' dir='ltr' id='par_1_22' title="bbox 2151 983 3737 1054">
     <span class='ocr_line' id='line_1_22' title="bbox 2151 983 3737 1054; baseline 0.003 -15"><span class='ocrx_word' id='word_1_172' title='bbox 2151 983 2309 1040; x_wconf 84' lang='lat' dir='ltr'><strong>datur</strong></span> <span class='ocrx_word' id='word_1_173' title='bbox 2336 998 2366 1038; x_wconf 91' lang='lat' dir='ltr'><strong>a</strong></span> <span class='ocrx_word' id='word_1_174' title='bbox 2395 983 2658 1039; x_wconf 80' lang='lat' dir='ltr'><strong>Domino?</strong></span> <span class='ocrx_word' id='word_1_175' title='bbox 2686 983 2877 1039; x_wconf 83' lang='lat' dir='ltr'><strong>Restat</strong></span> <span class='ocrx_word' id='word_1_176' title='bbox 2905 998 3034 1054; x_wconf 87' lang='lat' dir='ltr'><strong>ergo</strong></span> <span class='ocrx_word' id='word_1_177' title='bbox 3072 992 3131 1040; x_wconf 93' lang='lat' dir='ltr'><strong>ut</strong></span> <span class='ocrx_word' id='word_1_178' title='bbox 3167 994 3221 1040; x_wconf 90' lang='lat' dir='ltr'><strong>et</strong></span> <span class='ocrx_word' id='word_1_179' title='bbox 3259 986 3398 1041; x_wconf 82' lang='lat' dir='ltr'><strong>bona</strong></span> <span class='ocrx_word' id='word_1_180' title='bbox 3436 996 3493 1043; x_wconf 90' lang='lat' dir='ltr'><strong>et</strong></span> <span class='ocrx_word' id='word_1_181' title='bbox 3520 1003 3589 1043; x_wconf 91' lang='lat' dir='ltr'><strong>ex</strong></span> <span class='ocrx_word' id='word_1_182' title='bbox 3633 990 3737 1045; x_wconf 81' lang='lat' dir='ltr'><strong>ho-</strong></span> 
     </span>
    </p>
   </div>
   <div class='ocr_carea' id='block_1_23' title="bbox 2150 1076 3740 1148">
    <p class='ocr_par' dir='ltr' id='par_1_23' title="bbox 2150 1076 3740 1148">
     <span class='ocr_line' id='line_1_23' title="bbox 2150 1076 3740 1148; baseline 0.004 -14"><span class='ocrx_word' id='word_1_183' title='bbox 2150 1079 2297 1134; x_wconf 90' lang='lat' dir='ltr'><strong>mine</strong></span> <span class='ocrx_word' id='word_1_184' title='bbox 2319 1076 2486 1134; x_wconf 84' lang='lat' dir='ltr'><strong>l&#39;uisse</strong></span> <span class='ocrx_word' id='word_1_185' title='bbox 2511 1078 2784 1134; x_wconf 87' lang='lat' dir='ltr'><strong>credatur.</strong></span> <span class='ocrx_word' id='word_1_186' title='bbox 2811 1076 2870 1132; x_wconf 89' lang='lat' dir='ltr'><strong>lu</strong></span> <span class='ocrx_word' id='word_1_187' title='bbox 2896 1092 3057 1148; x_wconf 89' lang='lat' dir='ltr'><strong>quem</strong></span> <span class='ocrx_word' id='word_1_188' title='bbox 3090 1078 3305 1134; x_wconf 87' lang='lat' dir='ltr'><strong>modum</strong></span> <span class='ocrx_word' id='word_1_189' title='bbox 3332 1079 3497 1136; x_wconf 85' lang='lat' dir='ltr'><strong>etiam</strong></span> <span class='ocrx_word' id='word_1_190' title='bbox 3520 1093 3740 1140; x_wconf 74' lang='lat' dir='ltr'><strong>nostras</strong></span> 
     </span>
    </p>
   </div>
   <div class='ocr_carea' id='block_1_24' title="bbox 2151 1169 3737 1245">
    <p class='ocr_par' dir='ltr' id='par_1_24' title="bbox 2151 1169 3737 1245">
     <span class='ocr_line' id='line_1_24' title="bbox 2151 1169 3737 1245; baseline 0.004 -20"><span class='ocrx_word' id='word_1_191' title='bbox 2151 1170 2387 1241; x_wconf 88' lang='lat' dir='ltr'><strong>quotidie</strong></span> <span class='ocrx_word' id='word_1_192' title='bbox 2411 1169 2767 1241; x_wconf 76' lang='lat' dir='ltr'><strong>cogitationes</strong></span> <span class='ocrx_word' id='word_1_193' title='bbox 2797 1184 3083 1239; x_wconf 87' lang='lat' dir='ltr'><strong>possumus</strong></span> <span class='ocrx_word' id='word_1_194' title='bbox 3099 1170 3359 1242; x_wconf 74' lang='lat' dir='ltr'><strong>judicare.</strong></span> <span class='ocrx_word' id='word_1_195' title='bbox 3381 1171 3570 1245; x_wconf 82' lang='lat' dir='ltr'><strong>Neque</strong></span> <span class='ocrx_word' id='word_1_196' title='bbox 3590 1174 3737 1231; x_wconf 88' lang='lat' dir='ltr'><strong>enim</strong></span> 
     </span>
    </p>
   </div>
   <div class='ocr_carea' id='block_1_25' title="bbox 2151 1262 3741 1335">
    <p class='ocr_par' dir='ltr' id='par_1_25' title="bbox 2151 1262 3741 1335">
     <span class='ocr_line' id='line_1_25' title="bbox 2151 1262 3741 1335; baseline 0.003 -17"><span class='ocrx_word' id='word_1_197' title='bbox 2151 1273 2246 1319; x_wconf 80' lang='lat' dir='ltr'><strong>aut</strong></span> <span class='ocrx_word' id='word_1_198' title='bbox 2273 1263 2375 1319; x_wconf 90' lang='lat' dir='ltr'><strong>soli</strong></span> <span class='ocrx_word' id='word_1_199' title='bbox 2404 1263 2578 1318; x_wconf 85' lang='lat' dir='ltr'><strong>David</strong></span> <span class='ocrx_word' id='word_1_200' title='bbox 2610 1262 2809 1318; x_wconf 89' lang='lat' dir='ltr'><strong>bonum</strong></span> <span class='ocrx_word' id='word_1_201' title='bbox 2835 1277 2900 1318; x_wconf 89' lang='lat' dir='ltr'><strong>ex</strong></span> <span class='ocrx_word' id='word_1_202' title='bbox 2940 1264 3231 1335; x_wconf 89' lang='lat' dir='ltr'><strong>semetipso</strong></span> <span class='ocrx_word' id='word_1_203' title='bbox 3253 1265 3489 1335; x_wconf 88' lang='lat' dir='ltr'><strong>cogitare</strong></span> <span class='ocrx_word' id='word_1_204' title='bbox 3515 1281 3741 1322; x_wconf 88' lang='lat' dir='ltr'><strong>conces-</strong></span> 
     </span>
    </p>
   </div>
   <div class='ocr_carea' id='block_1_26' title="bbox 2151 1357 3741 1430">
    <p class='ocr_par' dir='ltr' id='par_1_26' title="bbox 2151 1357 3741 1430">
     <span class='ocr_line' id='line_1_26' title="bbox 2151 1357 3741 1430; baseline 0.004 -18"><span class='ocrx_word' id='word_1_205' title='bbox 2151 1371 2268 1412; x_wconf 82' lang='lat' dir='ltr'><strong>sum</strong></span> <span class='ocrx_word' id='word_1_206' title='bbox 2297 1366 2400 1423; x_wconf 88' lang='lat' dir='ltr'><strong>est,</strong></span> <span class='ocrx_word' id='word_1_207' title='bbox 2430 1368 2523 1412; x_wconf 90' lang='lat' dir='ltr'><strong>aut</strong></span> <span class='ocrx_word' id='word_1_208' title='bbox 2548 1357 2705 1413; x_wconf 88' lang='lat' dir='ltr'><strong>nobis</strong></span> <span class='ocrx_word' id='word_1_209' title='bbox 2730 1373 2800 1412; x_wconf 87' lang='lat' dir='ltr'><strong>ne</strong></span> <span class='ocrx_word' id='word_1_210' title='bbox 2825 1357 2953 1428; x_wconf 91' lang='lat' dir='ltr'><strong>quid</strong></span> <span class='ocrx_word' id='word_1_211' title='bbox 2980 1358 3105 1414; x_wconf 93' lang='lat' dir='ltr'><strong>boni</strong></span> <span class='ocrx_word' id='word_1_212' title='bbox 3143 1374 3395 1430; x_wconf 86' lang='lat' dir='ltr'><strong>umquam</strong></span> <span class='ocrx_word' id='word_1_213' title='bbox 3424 1375 3617 1430; x_wconf 82' lang='lat' dir='ltr'><strong>sapere</strong></span> <span class='ocrx_word' id='word_1_214' title='bbox 3641 1370 3741 1419; x_wconf 85' lang='lat' dir='ltr'><strong>aut</strong></span> 
     </span>
    </p>
   </div>
   <div class='ocr_carea' id='block_1_27' title="bbox 2152 1452 3740 1525">
    <p class='ocr_par' dir='ltr' id='par_1_27' title="bbox 2152 1452 3740 1525">
     <span class='ocr_line' id='line_1_27' title="bbox 2152 1452 3740 1525; baseline 0.003 -17"><span class='ocrx_word' id='word_1_215' title='bbox 2152 1452 2396 1523; x_wconf 89' lang='lat' dir='ltr'><strong>cogitare</strong></span> <span class='ocrx_word' id='word_1_216' title='bbox 2433 1453 2729 1525; x_wconf 90' lang='lat' dir='ltr'><strong>possimus,</strong></span> <span class='ocrx_word' id='word_1_217' title='bbox 2760 1452 3080 1509; x_wconf 88' lang='lat' dir='ltr'><strong>naturaliter</strong></span> <span class='ocrx_word' id='word_1_218' title='bbox 3104 1453 3419 1525; x_wconf 78' lang='lat' dir='ltr'><strong>denegatur.</strong></span> <span class='ocrx_word' id='word_1_219' title='bbox 3446 1465 3468 1494; x_wconf 72' lang='grc' dir='ltr'><strong>ε</strong></span> <span class='ocrx_word' id='word_1_220' title='bbox 3493 1455 3740 1513; x_wconf 87' lang='lat' dir='ltr'><strong>Dubitari</strong></span> 
     </span>
    </p>
   </div>
   <div class='ocr_carea' id='block_1_28' title="bbox 2156 1549 3744 1622">
    <p class='ocr_par' dir='ltr' id='par_1_28' title="bbox 2156 1549 3744 1622">
     <span class='ocr_line' id='line_1_28' title="bbox 2156 1549 3744 1622; baseline 0.001 -16"><span class='ocrx_word' id='word_1_221' title='bbox 2156 1566 2285 1622; x_wconf 86' lang='lat' dir='ltr'><strong>ergo</strong></span> <span class='ocrx_word' id='word_1_222' title='bbox 2312 1566 2419 1606; x_wconf 90' lang='lat' dir='ltr'><strong>non</strong></span> <span class='ocrx_word' id='word_1_223' title='bbox 2459 1559 2637 1621; x_wconf 85' lang='lat' dir='ltr'><strong>potest</strong></span> <span class='ocrx_word' id='word_1_224' title='bbox 2674 1551 2855 1607; x_wconf 86' lang='lat' dir='ltr'><strong>inesse</strong></span> <span class='ocrx_word' id='word_1_225' title='bbox 2883 1549 3098 1621; x_wconf 87' lang='lat' dir='ltr'><strong>quidem</strong></span> <span class='ocrx_word' id='word_1_226' title='bbox 3144 1550 3327 1607; x_wconf 88' lang='lat' dir='ltr'><strong>omnia</strong></span> <span class='ocrx_word' id='word_1_227' title='bbox 3355 1550 3551 1610; x_wconf 84' lang='lat' dir='ltr'><strong>animae</strong></span> <span class='ocrx_word' id='word_1_228' title='bbox 3580 1563 3744 1609; x_wconf 86' lang='lat' dir='ltr'><strong>natu-</strong></span> 
     </span>
    </p>
   </div>
   <div class='ocr_carea' id='block_1_29' title="bbox 1526 1680 2652 1741">
    <p class='ocr_par' dir='ltr' id='par_1_29' title="bbox 1526 1680 2652 1741">
     <span class='ocr_line' id='line_1_29' title="bbox 1526 1680 2652 1741; baseline 0.002 -3"><span class='ocrx_word' id='word_1_229' title='bbox 1526 1680 1782 1738; x_wconf 79' lang='lat' dir='ltr'><strong>ALARDI</strong></span> <span class='ocrx_word' id='word_1_230' title='bbox 1821 1680 2050 1738; x_wconf 66' lang='lat' dir='ltr'><strong>GAZ/El</strong></span> <span class='ocrx_word' id='word_1_231' title='bbox 2087 1681 2652 1741; x_wconf 79' lang='lat' dir='ltr'><strong>COMMENTARIUS.</strong></span> 
     </span>
    </p>
   </div>
   <div class='ocr_carea' id='block_1_30' title="bbox 532 1772 3737 1850">
    <p class='ocr_par' dir='ltr' id='par_1_30' title="bbox 532 1772 3737 1850">
     <span class='ocr_line' id='line_1_30' title="bbox 532 1772 3737 1850; baseline 0.002 -22"><span class='ocrx_word' id='word_1_232' title='bbox 532 1782 559 1811; x_wconf 74' lang='grc' dir='ltr'><strong>ι</strong></span> <span class='ocrx_word' id='word_1_233' title='bbox 587 1774 755 1829; x_wconf 88' lang='lat' dir='ltr'><strong>Immo</strong></span> <span class='ocrx_word' id='word_1_234' title='bbox 782 1782 969 1830; x_wconf 88' lang='lat' dir='ltr'><strong>contra</strong></span> <span class='ocrx_word' id='word_1_235' title='bbox 995 1772 1296 1850; x_wconf 81' lang='lat' dir='ltr'><strong>cavendum</strong></span> <span class='ocrx_word' id='word_1_236' title='bbox 1317 1772 1472 1850; x_wconf 84' lang='lat' dir='ltr'><strong>nobis</strong></span> <span class='ocrx_word' id='word_1_237' title='bbox 1499 1783 1603 1841; x_wconf 89' lang='lat' dir='ltr'><strong>est,</strong></span> <span class='ocrx_word' id='word_1_238' title='bbox 1634 1789 1702 1828; x_wconf 91' lang='lat' dir='ltr'><strong>ne</strong></span> <span class='ocrx_word' id='word_1_239' title='bbox 1725 1772 1800 1828; x_wconf 90' lang='lat' dir='ltr'><strong>sic</strong></span> <span class='ocrx_word' id='word_1_240' title='bbox 1821 1773 2037 1850; x_wconf 84' lang='lat' dir='ltr'><strong>aliquod</strong></span> <span class='ocrx_word' id='word_1_241' title='bbox 2069 1776 2117 1837; x_wconf 82' lang='grc' dir='ltr'><strong>Β</strong></span> <span class='ocrx_word' id='word_1_242' title='bbox 2146 1775 2331 1850; x_wconf 84' lang='lat' dir='ltr'><strong>multis</strong></span> <span class='ocrx_word' id='word_1_243' title='bbox 2366 1775 2422 1850; x_wconf 78' lang='lat' dir='ltr'><strong>id</strong></span> <span class='ocrx_word' id='word_1_244' title='bbox 2448 1792 2553 1830; x_wconf 91' lang='lat' dir='ltr'><strong>non</strong></span> <span class='ocrx_word' id='word_1_245' title='bbox 2580 1776 2857 1850; x_wconf 80' lang='lat' dir='ltr'><strong>impetrat.</strong></span> <span class='ocrx_word' id='word_1_246' title='bbox 2894 1773 2986 1829; x_wconf 86' lang='lat' dir='ltr'><strong>His</strong></span> <span class='ocrx_word' id='word_1_247' title='bbox 3026 1775 3164 1850; x_wconf 79' lang='lat' dir='ltr'><strong>adde</strong></span> <span class='ocrx_word' id='word_1_248' title='bbox 3192 1775 3302 1831; x_wconf 91' lang='lat' dir='ltr'><strong>duo</strong></span> <span class='ocrx_word' id='word_1_249' title='bbox 3336 1775 3462 1850; x_wconf 9' lang='lat' dir='ltr'><strong>alia!</strong></span> <span class='ocrx_word' id='word_1_250' title='bbox 3482 1778 3737 1850; x_wconf 81' lang='lat' dir='ltr'><strong>exempla</strong></span> 
     </span>
    </p>
   </div>
   <div class='ocr_carea' id='block_1_31' title="bbox 460 1842 2039 1908">
    <p class='ocr_par' dir='ltr' id='par_1_31' title="bbox 460 1842 2039 1908">
     <span class='ocr_line' id='line_1_31' title="bbox 460 1842 2039 1908; baseline -0.002 -6"><span class='ocrx_word' id='word_1_251' title='bbox 460 1842 661 1902; x_wconf 84' lang='lat' dir='ltr'><strong>benttm</strong></span> <span class='ocrx_word' id='word_1_252' title='bbox 703 1854 905 1900; x_wconf 63' lang='lat' dir='ltr'><strong>natura:</strong></span> <span class='ocrx_word' id='word_1_253' title='bbox 952 1844 1283 1901; x_wconf 86' lang='lat' dir='ltr'><strong>ascribamus</strong></span> <span class='ocrx_word' id='word_1_254' title='bbox 1324 1845 1591 1908; x_wconf 61' lang='lat' dir='ltr'><strong>humanae,</strong></span> <span class='ocrx_word' id='word_1_255' title='bbox 1626 1852 1684 1897; x_wconf 90' lang='lat' dir='ltr'><strong>nt</strong></span> <span class='ocrx_word' id='word_1_256' title='bbox 1723 1860 1827 1899; x_wconf 90' lang='lat' dir='ltr'><strong>non</strong></span> <span class='ocrx_word' id='word_1_257' title='bbox 1859 1846 2039 1899; x_wconf 89' lang='lat' dir='ltr'><strong>omnia</strong></span> 
     </span>
    </p>
   </div>
   <div class='ocr_carea' id='block_1_32' title="bbox 460 1914 2041 1972">
    <p class='ocr_par' dir='ltr' id='par_1_32' title="bbox 460 1914 2041 1972">
     <span class='ocr_line' id='line_1_32' title="bbox 460 1914 2041 1972; baseline 0 -1"><span class='ocrx_word' id='word_1_258' title='bbox 460 1928 769 1972; x_wconf 87' lang='lat' dir='ltr'><strong>sanctorum</strong></span> <span class='ocrx_word' id='word_1_259' title='bbox 801 1917 990 1971; x_wconf 89' lang='lat' dir='ltr'><strong>merita</strong></span> <span class='ocrx_word' id='word_1_260' title='bbox 1016 1918 1067 1971; x_wconf 90' lang='lat' dir='ltr'><strong>in</strong></span> <span class='ocrx_word' id='word_1_261' title='bbox 1098 1915 1268 1970; x_wconf 90' lang='lat' dir='ltr'><strong>Deum</strong></span> <span class='ocrx_word' id='word_1_262' title='bbox 1298 1915 1617 1971; x_wconf 84' lang='lat' dir='ltr'><strong>referamus.</strong></span> <span class='ocrx_word' id='word_1_263' title='bbox 1649 1914 1741 1970; x_wconf 89' lang='lat' dir='ltr'><strong>Sic</strong></span> <span class='ocrx_word' id='word_1_264' title='bbox 1771 1916 1915 1971; x_wconf 90' lang='lat' dir='ltr'><strong>enim</strong></span> <span class='ocrx_word' id='word_1_265' title='bbox 1947 1917 2041 1971; x_wconf 84' lang='lat' dir='ltr'><strong>de-</strong></span> 
     </span>
    </p>
   </div>
   <div class='ocr_carea' id='block_1_33' title="bbox 460 1984 2036 2057">
    <p class='ocr_par' dir='ltr' id='par_1_33' title="bbox 460 1984 2036 2057">
     <span class='ocr_line' id='line_1_33' title="bbox 460 1984 2036 2057; baseline -0.001 -15"><span class='ocrx_word' id='word_1_266' title='bbox 460 1986 632 2043; x_wconf 86' lang='lat' dir='ltr'><strong>linivit</strong></span> <span class='ocrx_word' id='word_1_267' title='bbox 646 1986 972 2044; x_wconf 74' lang='lat' dir='ltr'><strong>leestinus</strong></span> <span class='ocrx_word' id='word_1_268' title='bbox 988 1988 1007 2042; x_wconf 91' lang='grc' dir='ltr'><strong>ι</strong></span> <span class='ocrx_word' id='word_1_269' title='bbox 1021 1988 1075 2042; x_wconf 92' lang='lat' dir='ltr'><strong>in</strong></span> <span class='ocrx_word' id='word_1_270' title='bbox 1093 1987 1316 2056; x_wconf 83' lang='lat' dir='ltr'><strong>epistola</strong></span> <span class='ocrx_word' id='word_1_271' title='bbox 1335 1987 1587 2056; x_wconf 87' lang='lat' dir='ltr'><strong>superius</strong></span> <span class='ocrx_word' id='word_1_272' title='bbox 1602 1987 1761 2041; x_wconf 83' lang='lat' dir='ltr'><strong>citata</strong></span> <span class='ocrx_word' id='word_1_273' title='bbox 1787 1984 1937 2057; x_wconf 86' lang='lat' dir='ltr'><strong>(Cap.</strong></span> <span class='ocrx_word' id='word_1_274' title='bbox 1956 1986 2036 2055; x_wconf 85' lang='lat'><strong>8),</strong></span> 
     </span>
    </p>
   </div>
   <div class='ocr_carea' id='block_1_34' title="bbox 460 2056 2039 2127">
    <p class='ocr_par' dir='ltr' id='par_1_34' title="bbox 460 2056 2039 2127">
     <span class='ocr_line' id='line_1_34' title="bbox 460 2056 2039 2127; baseline -0.003 -12"><span class='ocrx_word' id='word_1_275' title='bbox 460 2073 526 2115; x_wconf 88' lang='lat' dir='ltr'><strong>ex</strong></span> <span class='ocrx_word' id='word_1_276' title='bbox 575 2060 846 2115; x_wconf 85' lang='lat' dir='ltr'><strong>sententia</strong></span> <span class='ocrx_word' id='word_1_277' title='bbox 890 2058 1188 2114; x_wconf 83' lang='lat' dir='ltr'><strong>innocentii</strong></span> <span class='ocrx_word' id='word_1_278' title='bbox 1235 2058 1650 2127; x_wconf 83' lang='lat' dir='ltr'><strong>praedecessoris</strong></span> <span class='ocrx_word' id='word_1_279' title='bbox 1697 2056 1841 2111; x_wconf 88' lang='lat' dir='ltr'><strong>sui:</strong></span> <span class='ocrx_word' id='word_1_280' title='bbox 1889 2056 2039 2125; x_wconf 82' lang='lat' dir='ltr'><strong>Quod</strong></span> 
     </span>
    </p>
   </div>
   <div class='ocr_carea' id='block_1_35' title="bbox 460 2129 2039 2197">
    <p class='ocr_par' dir='ltr' id='par_1_35' title="bbox 460 2129 2039 2197">
     <span class='ocr_line' id='line_1_35' title="bbox 460 2129 2039 2197; baseline -0.002 -12"><span class='ocrx_word' id='word_1_281' title='bbox 460 2132 637 2185; x_wconf 86' lang='lat' dir='ltr'><strong>omnia</strong></span> <span class='ocrx_word' id='word_1_282' title='bbox 664 2131 835 2185; x_wconf 86' lang='lat' dir='ltr'><strong>studia</strong></span> <span class='ocrx_word' id='word_1_283' title='bbox 863 2140 911 2185; x_wconf 92' lang='lat' dir='ltr'><strong>et</strong></span> <span class='ocrx_word' id='word_1_284' title='bbox 941 2131 1116 2184; x_wconf 87' lang='lat' dir='ltr'><strong>omnia</strong></span> <span class='ocrx_word' id='word_1_285' title='bbox 1144 2146 1300 2197; x_wconf 87' lang='lat' dir='ltr'><strong>opera</strong></span> <span class='ocrx_word' id='word_1_286' title='bbox 1345 2146 1405 2183; x_wconf 87' lang='lat' dir='ltr'><strong>ac</strong></span> <span class='ocrx_word' id='word_1_287' title='bbox 1441 2130 1621 2183; x_wconf 88' lang='lat' dir='ltr'><strong>merita</strong></span> <span class='ocrx_word' id='word_1_288' title='bbox 1642 2137 1941 2183; x_wconf 87' lang='lat' dir='ltr'><strong>sanctorum</strong></span> <span class='ocrx_word' id='word_1_289' title='bbox 1971 2129 2039 2182; x_wconf 91' lang='lat' dir='ltr'><strong>ad</strong></span> 
     </span>
    </p>
   </div>
   <div class='ocr_carea' id='block_1_36' title="bbox 458 2200 2038 2272">
    <p class='ocr_par' dir='ltr' id='par_1_36' title="bbox 458 2200 2038 2272">
     <span class='ocr_line' id='line_1_36' title="bbox 458 2200 2038 2272; baseline -0.001 -16"><span class='ocrx_word' id='word_1_290' title='bbox 458 2201 558 2256; x_wconf 86' lang='lat' dir='ltr'><strong>Dei</strong></span> <span class='ocrx_word' id='word_1_291' title='bbox 602 2202 835 2272; x_wconf 9' lang='lat' dir='ltr'><strong>gloriam,</strong></span> <span class='ocrx_word' id='word_1_292' title='bbox 873 2202 1174 2272; x_wconf 88' lang='lat' dir='ltr'><strong>laudemque</strong></span> <span class='ocrx_word' id='word_1_293' title='bbox 1221 2201 1489 2272; x_wconf 74' lang='lat' dir='ltr'><strong>referenda</strong></span> <span class='ocrx_word' id='word_1_294' title='bbox 1535 2200 1672 2267; x_wconf 85' lang='lat' dir='ltr'><strong>sint,</strong></span> <span class='ocrx_word' id='word_1_295' title='bbox 1720 2203 1843 2267; x_wconf 88' lang='lat' dir='ltr'><strong>quia</strong></span> <span class='ocrx_word' id='word_1_296' title='bbox 1891 2215 2038 2272; x_wconf 82' lang='lat' dir='ltr'><strong>nemo</strong></span> 
     </span>
    </p>
   </div>
   <div class='ocr_carea' id='block_1_37' title="bbox 461 2270 2040 2345">
    <p class='ocr_par' dir='ltr' id='par_1_37' title="bbox 461 2270 2040 2345">
     <span class='ocr_line' id='line_1_37' title="bbox 461 2270 2040 2345; baseline 0.001 -21"><span class='ocrx_word' id='word_1_297' title='bbox 461 2270 672 2345; x_wconf 79' lang='lat' dir='ltr'><strong>aliunde</strong></span> <span class='ocrx_word' id='word_1_298' title='bbox 700 2272 746 2327; x_wconf 89' lang='lat' dir='ltr'><strong>ei</strong></span> <span class='ocrx_word' id='word_1_299' title='bbox 784 2271 986 2345; x_wconf 82' lang='lat' dir='ltr'><strong>placeat</strong></span> <span class='ocrx_word' id='word_1_300' title='bbox 1021 2270 1531 2345; x_wconf 61' lang='lat' dir='ltr'><strong>[ALplacuithisi</strong></span> <span class='ocrx_word' id='word_1_301' title='bbox 1565 2286 1719 2345; x_wconf 38' lang='lat' dir='ltr'><strong>exueo</strong></span> <span class='ocrx_word' id='word_1_302' title='bbox 1763 2270 1899 2345; x_wconf 85' lang='lat' dir='ltr'><strong>qu_od_</strong></span> <span class='ocrx_word' id='word_1_303' title='bbox 1923 2270 2040 2345; x_wconf 73' lang='lat' dir='ltr'><strong>ipse</strong></span> 
     </span>
    </p>
   </div>
   <div class='ocr_carea' id='block_1_38' title="bbox 461 2341 2039 2413">
    <p class='ocr_par' dir='ltr' id='par_1_38' title="bbox 461 2341 2039 2413">
     <span class='ocr_line' id='line_1_38' title="bbox 461 2341 2039 2413; baseline -0.001 -17"><span class='ocrx_word' id='word_1_304' title='bbox 461 2342 742 2398; x_wconf 89' lang='lat' dir='ltr'><strong>donaverit.</strong></span> <span class='ocrx_word' id='word_1_305' title='bbox 781 2341 849 2398; x_wconf 80' lang='lat' dir='ltr'><strong>Et</strong></span> <span class='ocrx_word' id='word_1_306' title='bbox 876 2341 1078 2399; x_wconf 79' lang='lat' dir='ltr'><strong>clarius</strong></span> <span class='ocrx_word' id='word_1_307' title='bbox 1108 2343 1161 2398; x_wconf 88' lang='lat' dir='ltr'><strong>id</strong></span> <span class='ocrx_word' id='word_1_308' title='bbox 1192 2343 1459 2413; x_wconf 78' lang='lat' dir='ltr'><strong>expressit</strong></span> <span class='ocrx_word' id='word_1_309' title='bbox 1487 2342 1773 2413; x_wconf 81' lang='lat' dir='ltr'><strong>concilium</strong></span> <span class='ocrx_word' id='word_1_310' title='bbox 1796 2341 2039 2413; x_wconf 14' lang='lat' dir='ltr'><strong>ATriden-</strong></span> 
     </span>
    </p>
   </div>
   <div class='ocr_carea' id='block_1_39' title="bbox 459 2411 2039 2487">
    <p class='ocr_par' dir='ltr' id='par_1_39' title="bbox 459 2411 2039 2487">
     <span class='ocr_line' id='line_1_39' title="bbox 459 2411 2039 2487; baseline -0.004 -19"><span class='ocrx_word' id='word_1_311' title='bbox 459 2415 630 2487; x_wconf 81' lang='lat' dir='ltr'><strong>tinum</strong></span> <span class='ocrx_word' id='word_1_312' title='bbox 670 2415 754 2469; x_wconf 90' lang='lat' dir='ltr'><strong>bis</strong></span> <span class='ocrx_word' id='word_1_313' title='bbox 788 2414 969 2469; x_wconf 87' lang='lat' dir='ltr'><strong>verbis</strong></span> <span class='ocrx_word' id='word_1_314' title='bbox 996 2415 1162 2487; x_wconf 86' lang='lat' dir='ltr'><strong>(Sess.</strong></span> <span class='ocrx_word' id='word_1_315' title='bbox 1194 2429 1245 2468; x_wconf 77' lang='lat' dir='ltr'><strong>vx</strong></span> <span class='ocrx_word' id='word_1_316' title='bbox 1266 2411 1316 2487; x_wconf 61' lang='grc' dir='ltr'><strong>ιτ.</strong></span> <span class='ocrx_word' id='word_1_317' title='bbox 1349 2413 1477 2487; x_wconf 74' lang='lat' dir='ltr'><strong>l6):</strong></span> <span class='ocrx_word' id='word_1_318' title='bbox 1509 2412 1647 2467; x_wconf 89' lang='lat' dir='ltr'><strong>Licet</strong></span> <span class='ocrx_word' id='word_1_319' title='bbox 1690 2411 1833 2487; x_wconf 73' lang='lat' dir='ltr'><strong>bonis</strong></span> <span class='ocrx_word' id='word_1_320' title='bbox 1872 2412 2039 2487; x_wconf 34' lang='lat' dir='ltr'><strong>operis</strong></span> 
     </span>
    </p>
   </div>
   <div class='ocr_carea' id='block_1_40' title="bbox 460 2483 2040 2557">
    <p class='ocr_par' dir='ltr' id='par_1_40' title="bbox 460 2483 2040 2557">
     <span class='ocr_line' id='line_1_40' title="bbox 460 2483 2040 2557; baseline -0.001 -18"><span class='ocrx_word' id='word_1_321' title='bbox 460 2485 550 2540; x_wconf 90' lang='lat' dir='ltr'><strong>bus</strong></span> <span class='ocrx_word' id='word_1_322' title='bbox 571 2488 624 2541; x_wconf 91' lang='lat' dir='ltr'><strong>in</strong></span> <span class='ocrx_word' id='word_1_323' title='bbox 646 2487 806 2541; x_wconf 89' lang='lat' dir='ltr'><strong>sacris</strong></span> <span class='ocrx_word' id='word_1_324' title='bbox 826 2483 1012 2541; x_wconf 81' lang='lat' dir='ltr'><strong>litteris</strong></span> <span class='ocrx_word' id='word_1_325' title='bbox 1036 2503 1197 2557; x_wconf 86' lang='lat' dir='ltr'><strong>usque</strong></span> <span class='ocrx_word' id='word_1_326' title='bbox 1217 2485 1347 2539; x_wconf 88' lang='lat' dir='ltr'><strong>adeo</strong></span> <span class='ocrx_word' id='word_1_327' title='bbox 1374 2483 1649 2557; x_wconf 77' lang='lat' dir='ltr'><strong>tribuatur,</strong></span> <span class='ocrx_word' id='word_1_328' title='bbox 1682 2492 1738 2557; x_wconf 82' lang='lat' dir='ltr'><strong>ut</strong></span> <span class='ocrx_word' id='word_1_329' title='bbox 1758 2483 1921 2557; x_wconf 77' lang='lat' dir='ltr'><strong>etiam</strong></span> <span class='ocrx_word' id='word_1_330' title='bbox 1950 2485 2040 2551; x_wconf 87' lang='lat' dir='ltr'><strong>qui</strong></span> 
     </span>
    </p>
   </div>
   <div class='ocr_carea' id='block_1_41' title="bbox 458 2552 2040 2629">
    <p class='ocr_par' dir='ltr' id='par_1_41' title="bbox 458 2552 2040 2629">
     <span class='ocr_line' id='line_1_41' title="bbox 458 2552 2040 2629; baseline -0.001 -19"><span class='ocrx_word' id='word_1_331' title='bbox 458 2558 545 2610; x_wconf 87' lang='lat' dir='ltr'><strong>uni</strong></span> <span class='ocrx_word' id='word_1_332' title='bbox 565 2574 631 2612; x_wconf 78' lang='lat' dir='ltr'><strong>ea:</strong></span> <span class='ocrx_word' id='word_1_333' title='bbox 654 2558 879 2629; x_wconf 78' lang='lat' dir='ltr'><strong>minimis</strong></span> <span class='ocrx_word' id='word_1_334' title='bbox 904 2560 1010 2612; x_wconf 87' lang='lat' dir='ltr'><strong>suis</strong></span> <span class='ocrx_word' id='word_1_335' title='bbox 1049 2552 1225 2629; x_wconf 78' lang='lat' dir='ltr'><strong>potum</strong></span> <span class='ocrx_word' id='word_1_336' title='bbox 1252 2572 1397 2625; x_wconf 77' lang='lat' dir='ltr'><strong>aqua:</strong></span> <span class='ocrx_word' id='word_1_337' title='bbox 1436 2554 1642 2628; x_wconf 68' lang='lat' dir='ltr'><strong>frigidm</strong></span> <span class='ocrx_word' id='word_1_338' title='bbox 1668 2552 1887 2629; x_wconf 79' lang='lat' dir='ltr'><strong>dederit,</strong></span> <span class='ocrx_word' id='word_1_339' title='bbox 1919 2571 2040 2622; x_wconf 84' lang='lat' dir='ltr'><strong>pro-</strong></span> 
     </span>
    </p>
   </div>
   <div class='ocr_carea' id='block_1_42' title="bbox 459 2625 2038 2684">
    <p class='ocr_par' dir='ltr' id='par_1_42' title="bbox 459 2625 2038 2684">
     <span class='ocr_line' id='line_1_42' title="bbox 459 2625 2038 2684; baseline -0.001 -4"><span class='ocrx_word' id='word_1_340' title='bbox 459 2629 629 2682; x_wconf 83' lang='lat' dir='ltr'><strong>mittat</strong></span> <span class='ocrx_word' id='word_1_341' title='bbox 668 2628 898 2684; x_wconf 82' lang='lat' dir='ltr'><strong>Christus</strong></span> <span class='ocrx_word' id='word_1_342' title='bbox 939 2625 1060 2682; x_wconf 79' lang='lat' dir='ltr'><strong>eum</strong></span> <span class='ocrx_word' id='word_1_343' title='bbox 1095 2645 1197 2681; x_wconf 89' lang='lat' dir='ltr'><strong>nou</strong></span> <span class='ocrx_word' id='word_1_344' title='bbox 1224 2642 1332 2681; x_wconf 80' lang='lat' dir='ltr'><strong>esse</strong></span> <span class='ocrx_word' id='word_1_345' title='bbox 1373 2625 1469 2680; x_wconf 87' lang='lat' dir='ltr'><strong>sua</strong></span> <span class='ocrx_word' id='word_1_346' title='bbox 1498 2625 1725 2679; x_wconf 79' lang='lat' dir='ltr'><strong>mercede</strong></span> <span class='ocrx_word' id='word_1_347' title='bbox 1753 2626 2038 2679; x_wconf 88' lang='lat' dir='ltr'><strong>cariturum</strong></span> 
     </span>
    </p>
   </div>
   <div class='ocr_carea' id='block_1_43' title="bbox 461 2694 2038 2770">
    <p class='ocr_par' dir='ltr' id='par_1_43' title="bbox 461 2694 2038 2770">
     <span class='ocr_line' id='line_1_43' title="bbox 461 2694 2038 2770; baseline -0.001 -19"><span class='ocrx_word' id='word_1_348' title='bbox 461 2696 672 2769; x_wconf 82' lang='lat' dir='ltr'><strong>(Matth.</strong></span> <span class='ocrx_word' id='word_1_349' title='bbox 708 2716 763 2755; x_wconf 89' lang='lat' dir='ltr'><strong>tx</strong></span> <span class='ocrx_word' id='word_1_350' title='bbox 803 2708 849 2753; x_wconf 91' lang='lat' dir='ltr'><strong>et</strong></span> <span class='ocrx_word' id='word_1_351' title='bbox 884 2698 972 2769; x_wconf 87' lang='lat' dir='ltr'><strong>x);</strong></span> <span class='ocrx_word' id='word_1_352' title='bbox 1014 2708 1061 2753; x_wconf 87' lang='lat' dir='ltr'><strong>et</strong></span> <span class='ocrx_word' id='word_1_353' title='bbox 1101 2697 1380 2770; x_wconf 77' lang='lat' dir='ltr'><strong>Apostolus</strong></span> <span class='ocrx_word' id='word_1_354' title='bbox 1414 2706 1652 2770; x_wconf 76' lang='lat' dir='ltr'><strong>testetur,</strong></span> <span class='ocrx_word' id='word_1_355' title='bbox 1700 2694 1939 2770; x_wconf 75' lang='lat' dir='ltr'><strong>idqvod</strong></span> <span class='ocrx_word' id='word_1_356' title='bbox 1982 2697 2038 2749; x_wconf 90' lang='lat' dir='ltr'><strong>in</strong></span> 
     </span>
    </p>
   </div>
   <div class='ocr_carea' id='block_1_44' title="bbox 460 2767 2038 2839">
    <p class='ocr_par' dir='ltr' id='par_1_44' title="bbox 460 2767 2038 2839">
     <span class='ocr_line' id='line_1_44' title="bbox 460 2767 2038 2839; baseline -0.001 -17"><span class='ocrx_word' id='word_1_357' title='bbox 460 2767 701 2839; x_wconf 67' lang='lat' dir='ltr'><strong>praesenti</strong></span> <span class='ocrx_word' id='word_1_358' title='bbox 747 2780 821 2825; x_wconf 89' lang='lat' dir='ltr'><strong>est</strong></span> <span class='ocrx_word' id='word_1_359' title='bbox 858 2767 1360 2839; x_wconf 54' lang='lat' dir='ltr'><strong>mementan&#39;eumet</strong></span> <span class='ocrx_word' id='word_1_360' title='bbox 1405 2769 1509 2821; x_wconf 84' lang='lat' dir='ltr'><strong>leve</strong></span> <span class='ocrx_word' id='word_1_361' title='bbox 1555 2767 1912 2839; x_wconf 78' lang='lat' dir='ltr'><strong>tribulationis</strong></span> <span class='ocrx_word' id='word_1_362' title='bbox 1945 2783 2038 2820; x_wconf 88' lang='lat' dir='ltr'><strong>no-</strong></span> 
     </span>
    </p>
   </div>
   <div class='ocr_carea' id='block_1_45' title="bbox 461 2836 2039 2912">
    <p class='ocr_par' dir='ltr' id='par_1_45' title="bbox 461 2836 2039 2912">
     <span class='ocr_line' id='line_1_45' title="bbox 461 2836 2039 2912; baseline -0.001 -20"><span class='ocrx_word' id='word_1_363' title='bbox 461 2836 609 2912; x_wconf 69' lang='lat' dir='ltr'><strong>strae,</strong></span> <span class='ocrx_word' id='word_1_364' title='bbox 659 2857 818 2912; x_wconf 81' lang='lat' dir='ltr'><strong>supra</strong></span> <span class='ocrx_word' id='word_1_365' title='bbox 862 2843 1071 2894; x_wconf 88' lang='lat' dir='ltr'><strong>modum</strong></span> <span class='ocrx_word' id='word_1_366' title='bbox 1114 2841 1168 2912; x_wconf 90' lang='lat' dir='ltr'><strong>in</strong></span> <span class='ocrx_word' id='word_1_367' title='bbox 1212 2838 1811 2912; x_wconf 11' lang='lat' dir='ltr'><strong>sublimitateiteternum</strong></span> <span class='ocrx_word' id='word_1_368' title='bbox 1860 2836 2039 2910; x_wconf 73' lang='lat' dir='ltr'><strong>gloria:</strong></span> 
     </span>
    </p>
   </div>
   <div class='ocr_carea' id='block_1_46' title="bbox 461 2908 2042 2980">
    <p class='ocr_par' dir='ltr' id='par_1_46' title="bbox 461 2908 2042 2980">
     <span class='ocr_line' id='line_1_46' title="bbox 461 2908 2042 2980; baseline -0.001 -16"><span class='ocrx_word' id='word_1_369' title='bbox 461 2910 664 2980; x_wconf 80' lang='lat' dir='ltr'><strong>pondus</strong></span> <span class='ocrx_word' id='word_1_370' title='bbox 695 2908 899 2980; x_wconf 82' lang='lat' dir='ltr'><strong>operari</strong></span> <span class='ocrx_word' id='word_1_371' title='bbox 943 2914 998 2966; x_wconf 90' lang='lat' dir='ltr'><strong>in</strong></span> <span class='ocrx_word' id='word_1_372' title='bbox 1042 2911 1187 2965; x_wconf 85' lang='lat' dir='ltr'><strong>nobis</strong></span> <span class='ocrx_word' id='word_1_373' title='bbox 1217 2910 1284 2976; x_wconf 89' lang='lat' dir='ltr'><strong>(ll</strong></span> <span class='ocrx_word' id='word_1_374' title='bbox 1323 2908 1445 2963; x_wconf 88' lang='lat' dir='ltr'><strong>Cor.</strong></span> <span class='ocrx_word' id='word_1_375' title='bbox 1482 2910 1590 2980; x_wconf 73' lang='lat' dir='ltr'><strong>tv);</strong></span> <span class='ocrx_word' id='word_1_376' title='bbox 1623 2908 1756 2962; x_wconf 88' lang='lat' dir='ltr'><strong>absit</strong></span> <span class='ocrx_word' id='word_1_377' title='bbox 1786 2908 1953 2963; x_wconf 78' lang='lat' dir='ltr'><strong>tamen</strong></span> <span class='ocrx_word' id='word_1_378' title='bbox 1982 2918 2042 2962; x_wconf 89' lang='lat' dir='ltr'><strong>ut</strong></span> 
     </span>
    </p>
   </div>
   <div class='ocr_carea' id='block_1_47' title="bbox 461 2979 2037 3051">
    <p class='ocr_par' dir='ltr' id='par_1_47' title="bbox 461 2979 2037 3051">
     <span class='ocr_line' id='line_1_47' title="bbox 461 2979 2037 3051; baseline -0.001 -16"><span class='ocrx_word' id='word_1_379' title='bbox 461 2979 782 3037; x_wconf 87' lang='lat' dir='ltr'><strong>Christianus</strong></span> <span class='ocrx_word' id='word_1_380' title='bbox 819 2981 972 3037; x_wconf 85' lang='lat' dir='ltr'><strong>homo</strong></span> <span class='ocrx_word' id='word_1_381' title='bbox 999 2984 1053 3036; x_wconf 86' lang='lat' dir='ltr'><strong>in</strong></span> <span class='ocrx_word' id='word_1_382' title='bbox 1082 2982 1248 3050; x_wconf 86' lang='lat' dir='ltr'><strong>seipso</strong></span> <span class='ocrx_word' id='word_1_383' title='bbox 1276 2980 1354 3034; x_wconf 88' lang='lat' dir='ltr'><strong>vel</strong></span> <span class='ocrx_word' id='word_1_384' title='bbox 1387 2979 1614 3049; x_wconf 72' lang='lat' dir='ltr'><strong>confidat</strong></span> <span class='ocrx_word' id='word_1_385' title='bbox 1644 2979 1720 3032; x_wconf 86' lang='lat' dir='ltr'><strong>vel</strong></span> <span class='ocrx_word' id='word_1_386' title='bbox 1751 2981 2037 3051; x_wconf 86' lang='lat' dir='ltr'><strong>glorietur;</strong></span> 
     </span>
    </p>
   </div>
   <div class='ocr_carea' id='block_1_48' title="bbox 462 3050 2037 3123">
    <p class='ocr_par' dir='ltr' id='par_1_48' title="bbox 462 3050 2037 3123">
     <span class='ocr_line' id='line_1_48' title="bbox 462 3050 2037 3123; baseline -0.001 -19"><span class='ocrx_word' id='word_1_387' title='bbox 462 3061 510 3123; x_wconf 85' lang='lat' dir='ltr'><strong>et</strong></span> <span class='ocrx_word' id='word_1_388' title='bbox 540 3069 643 3106; x_wconf 90' lang='lat' dir='ltr'><strong>non</strong></span> <span class='ocrx_word' id='word_1_389' title='bbox 668 3054 723 3106; x_wconf 87' lang='lat' dir='ltr'><strong>in</strong></span> <span class='ocrx_word' id='word_1_390' title='bbox 751 3052 997 3121; x_wconf 90' lang='lat' dir='ltr'><strong>Domino,</strong></span> <span class='ocrx_word' id='word_1_391' title='bbox 1023 3053 1173 3123; x_wconf 86' lang='lat' dir='ltr'><strong>cujus</strong></span> <span class='ocrx_word' id='word_1_392' title='bbox 1197 3061 1335 3107; x_wconf 90' lang='lat' dir='ltr'><strong>tanta</strong></span> <span class='ocrx_word' id='word_1_393' title='bbox 1359 3059 1433 3105; x_wconf 92' lang='lat' dir='ltr'><strong>est</strong></span> <span class='ocrx_word' id='word_1_394' title='bbox 1460 3066 1584 3123; x_wconf 88' lang='lat' dir='ltr'><strong>erga</strong></span> <span class='ocrx_word' id='word_1_395' title='bbox 1609 3066 1779 3104; x_wconf 89' lang='lat' dir='ltr'><strong>omnes</strong></span> <span class='ocrx_word' id='word_1_396' title='bbox 1807 3050 2037 3123; x_wconf 81' lang='lat' dir='ltr'><strong>homines</strong></span> 
     </span>
    </p>
   </div>
   <div class='ocr_carea' id='block_1_49' title="bbox 464 3121 2038 3191">
    <p class='ocr_par' dir='ltr' id='par_1_49' title="bbox 464 3121 2038 3191">
     <span class='ocr_line' id='line_1_49' title="bbox 464 3121 2038 3191; baseline 0.001 -17"><span class='ocrx_word' id='word_1_397' title='bbox 464 3121 684 3190; x_wconf 77' lang='lat' dir='ltr'><strong>bonitas,</strong></span> <span class='ocrx_word' id='word_1_398' title='bbox 727 3132 783 3177; x_wconf 86' lang='lat' dir='ltr'><strong>ut</strong></span> <span class='ocrx_word' id='word_1_399' title='bbox 824 3140 998 3178; x_wconf 87' lang='lat' dir='ltr'><strong>eorum</strong></span> <span class='ocrx_word' id='word_1_400' title='bbox 1041 3121 1160 3178; x_wconf 85' lang='lat' dir='ltr'><strong>velit</strong></span> <span class='ocrx_word' id='word_1_401' title='bbox 1195 3139 1303 3178; x_wconf 88' lang='lat' dir='ltr'><strong>esse</strong></span> <span class='ocrx_word' id='word_1_402' title='bbox 1344 3122 1523 3176; x_wconf 86' lang='lat' dir='ltr'><strong>merita</strong></span> <span class='ocrx_word' id='word_1_403' title='bbox 1566 3136 1678 3191; x_wconf 80' lang='lat' dir='ltr'><strong>qute</strong></span> <span class='ocrx_word' id='word_1_404' title='bbox 1718 3131 1837 3175; x_wconf 90' lang='lat' dir='ltr'><strong>sunt</strong></span> <span class='ocrx_word' id='word_1_405' title='bbox 1875 3122 2038 3191; x_wconf 78' lang='lat' dir='ltr'><strong>ipsius</strong></span> 
     </span>
    </p>
   </div>
   <div class='ocr_carea' id='block_1_50' title="bbox 464 3193 2037 3266">
    <p class='ocr_par' dir='ltr' id='par_1_50' title="bbox 464 3193 2037 3266">
     <span class='ocr_line' id='line_1_50' title="bbox 464 3193 2037 3266; baseline -0.001 -20"><span class='ocrx_word' id='word_1_406' title='bbox 464 3193 620 3248; x_wconf 90' lang='lat' dir='ltr'><strong>dona.</strong></span> <span class='ocrx_word' id='word_1_407' title='bbox 668 3195 794 3249; x_wconf 70' lang='lat' dir='ltr'><strong>Haec</strong></span> <span class='ocrx_word' id='word_1_408' title='bbox 836 3195 1091 3266; x_wconf 84' lang='lat' dir='ltr'><strong>synodus.</strong></span> <span class='ocrx_word' id='word_1_409' title='bbox 1138 3194 1269 3263; x_wconf 60' lang='lat' dir='ltr'><strong>Quae</strong></span> <span class='ocrx_word' id='word_1_410' title='bbox 1304 3202 1580 3266; x_wconf 82' lang='lat' dir='ltr'><strong>postrema</strong></span> <span class='ocrx_word' id='word_1_411' title='bbox 1619 3193 1777 3266; x_wconf 85' lang='lat' dir='ltr'><strong>verba</strong></span> <span class='ocrx_word' id='word_1_412' title='bbox 1828 3200 2037 3266; x_wconf 75' lang='lat' dir='ltr'><strong>sumpta</strong></span> 
     </span>
    </p>
   </div>
   <div class='ocr_carea' id='block_1_51' title="bbox 436 3263 2042 3337">
    <p class='ocr_par' dir='ltr' id='par_1_51' title="bbox 436 3263 2042 3337">
     <span class='ocr_line' id='line_1_51' title="bbox 436 3263 2042 3337; baseline -0.001 -17"><span class='ocrx_word' id='word_1_413' title='bbox 436 3263 439 3266; x_wconf 69' lang='grc'><em>’</em></span> <span class='ocrx_word' id='word_1_414' title='bbox 463 3274 679 3321; x_wconf 81' lang='lat' dir='ltr'><strong>suntex</strong></span> <span class='ocrx_word' id='word_1_415' title='bbox 708 3263 1005 3337; x_wconf 70' lang='lat' dir='ltr'><strong>Augustino</strong></span> <span class='ocrx_word' id='word_1_416' title='bbox 1031 3267 1254 3335; x_wconf 90' lang='lat' dir='ltr'><strong>epistola</strong></span> <span class='ocrx_word' id='word_1_417' title='bbox 1285 3264 1388 3337; x_wconf 81' lang='lat' dir='ltr'><strong>l05</strong></span> <span class='ocrx_word' id='word_1_418' title='bbox 1415 3274 1469 3337; x_wconf 87' lang='lat' dir='ltr'><strong>et</strong></span> <span class='ocrx_word' id='word_1_419' title='bbox 1495 3264 1809 3337; x_wconf 22' lang='lat' dir='ltr'><strong>aliisilocis.</strong></span> <span class='ocrx_word' id='word_1_420' title='bbox 1848 3263 2042 3337; x_wconf 75' lang='lat' dir='ltr'><strong>Gravi-</strong></span> 
     </span>
    </p>
   </div>
   <div class='ocr_carea' id='block_1_52' title="bbox 465 3333 2040 3405">
    <p class='ocr_par' dir='ltr' id='par_1_52' title="bbox 465 3333 2040 3405">
     <span class='ocr_line' id='line_1_52' title="bbox 465 3333 2040 3405; baseline 0 -15"><span class='ocrx_word' id='word_1_421' title='bbox 465 3344 547 3391; x_wconf 86' lang='lat' dir='ltr'><strong>ter</strong></span> <span class='ocrx_word' id='word_1_422' title='bbox 575 3351 737 3405; x_wconf 90' lang='lat' dir='ltr'><strong>porro</strong></span> <span class='ocrx_word' id='word_1_423' title='bbox 767 3333 1037 3393; x_wconf 75' lang='lat' dir='ltr'><strong>invehitur</strong></span> <span class='ocrx_word' id='word_1_424' title='bbox 1066 3333 1301 3404; x_wconf 78' lang='lat' dir='ltr'><strong>Prosper</strong></span> <span class='ocrx_word' id='word_1_425' title='bbox 1324 3336 1374 3390; x_wconf 87' lang='lat' dir='ltr'><strong>in</strong></span> <span class='ocrx_word' id='word_1_426' title='bbox 1422 3336 1578 3389; x_wconf 91' lang='lat' dir='ltr'><strong>istam</strong></span> <span class='ocrx_word' id='word_1_427' title='bbox 1606 3333 1890 3389; x_wconf 85' lang='lat' dir='ltr'><strong>Collatoris</strong></span> <span class='ocrx_word' id='word_1_428' title='bbox 1916 3350 2040 3390; x_wconf 88' lang='lat' dir='ltr'><strong>sen-</strong></span> 
     </span>
    </p>
   </div>
   <div class='ocr_carea' id='block_1_53' title="bbox 467 3406 2039 3479">
    <p class='ocr_par' dir='ltr' id='par_1_53' title="bbox 467 3406 2039 3479">
     <span class='ocr_line' id='line_1_53' title="bbox 467 3406 2039 3479; baseline -0.001 -18"><span class='ocrx_word' id='word_1_429' title='bbox 467 3410 713 3475; x_wconf 90' lang='lat' dir='ltr'><strong>tentiam,</strong></span> <span class='ocrx_word' id='word_1_430' title='bbox 746 3419 805 3462; x_wconf 88' lang='lat' dir='ltr'><strong>ut</strong></span> <span class='ocrx_word' id='word_1_431' title='bbox 836 3419 888 3463; x_wconf 88' lang='lat' dir='ltr'><strong>et</strong></span> <span class='ocrx_word' id='word_1_432' title='bbox 917 3409 1256 3479; x_wconf 85' lang='lat' dir='ltr'><strong>Pelagianam</strong></span> <span class='ocrx_word' id='word_1_433' title='bbox 1288 3418 1343 3462; x_wconf 91' lang='lat' dir='ltr'><strong>et</strong></span> <span class='ocrx_word' id='word_1_434' title='bbox 1370 3406 1737 3479; x_wconf 84' lang='lat' dir='ltr'><strong>blasphemam</strong></span> <span class='ocrx_word' id='word_1_435' title='bbox 1762 3421 1878 3461; x_wconf 89' lang='lat' dir='ltr'><strong>eam</strong></span> <span class='ocrx_word' id='word_1_436' title='bbox 1913 3421 2039 3479; x_wconf 87' lang='lat' dir='ltr'><strong>pro-</strong></span> 
     </span>
    </p>
   </div>
   <div class='ocr_carea' id='block_1_54' title="bbox 466 3476 2040 3550">
    <p class='ocr_par' dir='ltr' id='par_1_54' title="bbox 466 3476 2040 3550">
     <span class='ocr_line' id='line_1_54' title="bbox 466 3476 2040 3550; baseline -0.001 -18"><span class='ocrx_word' id='word_1_437' title='bbox 466 3480 708 3533; x_wconf 87' lang='lat' dir='ltr'><strong>nuntiet:</strong></span> <span class='ocrx_word' id='word_1_438' title='bbox 735 3480 870 3547; x_wconf 82' lang='lat' dir='ltr'><strong>Quid</strong></span> <span class='ocrx_word' id='word_1_439' title='bbox 889 3476 1266 3550; x_wconf 40' lang='lat' dir='ltr'><strong>enim-inquit,</strong></span> <span class='ocrx_word' id='word_1_440' title='bbox 1284 3479 1589 3544; x_wconf 81' lang='lat' dir='ltr'><strong>evidentius,</strong></span> <span class='ocrx_word' id='word_1_441' title='bbox 1608 3476 1729 3547; x_wconf 84' lang='lat' dir='ltr'><strong>quid</strong></span> <span class='ocrx_word' id='word_1_442' title='bbox 1752 3477 2040 3550; x_wconf 73' lang='lat' dir='ltr'><strong>expressius</strong></span> 
     </span>
    </p>
   </div>
   <div class='ocr_carea' id='block_1_55' title="bbox 465 3547 2042 3623">
    <p class='ocr_par' dir='ltr' id='par_1_55' title="bbox 465 3547 2042 3623">
     <span class='ocr_line' id='line_1_55' title="bbox 465 3547 2042 3623; baseline 0 -22"><span class='ocrx_word' id='word_1_443' title='bbox 465 3551 743 3623; x_wconf 77' lang='lat' dir='ltr'><strong>secundum</strong></span> <span class='ocrx_word' id='word_1_444' title='bbox 800 3551 1004 3623; x_wconf 89' lang='lat' dir='ltr'><strong>Pelagii</strong></span> <span class='ocrx_word' id='word_1_445' title='bbox 1054 3547 1763 3623; x_wconf 24' lang='lat' dir='ltr'><strong>Caelestiiquehcommentum</strong></span> <span class='ocrx_word' id='word_1_446' title='bbox 1818 3550 1878 3623; x_wconf 64' lang='lat' dir='ltr'><strong>ait</strong></span> <span class='ocrx_word' id='word_1_447' title='bbox 1912 3547 2042 3623; x_wconf 63' lang='grc' dir='ltr'><strong>Διιιιο</strong></span> 
     </span>
    </p>
   </div>
   <div class='ocr_carea' id='block_1_56' title="bbox 466 3616 2043 3694">
    <p class='ocr_par' dir='ltr' id='par_1_56' title="bbox 466 3616 2043 3694">
     <span class='ocr_line' id='line_1_56' title="bbox 466 3616 2043 3694; baseline 0.001 -22"><span class='ocrx_word' id='word_1_448' title='bbox 466 3620 722 3694; x_wconf 84' lang='lat' dir='ltr'><strong>discipulo</strong></span> <span class='ocrx_word' id='word_1_449' title='bbox 766 3616 952 3694; x_wconf 56' lang='lat' dir='ltr'><strong>potuit&#39;</strong></span> <span class='ocrx_word' id='word_1_450' title='bbox 971 3624 1219 3693; x_wconf 81' lang='lat' dir='ltr'><strong>definiri?</strong></span> <span class='ocrx_word' id='word_1_451' title='bbox 1248 3616 1339 3677; x_wconf 85' lang='lat' dir='ltr'><strong>Illi</strong></span> <span class='ocrx_word' id='word_1_452' title='bbox 1368 3620 1548 3694; x_wconf 59' lang='lat' dir='ltr'><strong>dicuni</strong></span> <span class='ocrx_word' id='word_1_453' title='bbox 1569 3620 1794 3694; x_wconf 76' lang='lat' dir='ltr'><strong>gratiam</strong></span> <span class='ocrx_word' id='word_1_454' title='bbox 1822 3616 1923 3694; x_wconf 76' lang='lat' dir='ltr'><strong>Dei</strong></span> <span class='ocrx_word' id='word_1_455' title='bbox 1965 3636 2043 3673; x_wconf 82' lang='lat' dir='ltr'><strong>se-</strong></span> 
     </span>
    </p>
   </div>
   <div class='ocr_carea' id='block_1_57' title="bbox 467 3687 2044 3764">
    <p class='ocr_par' dir='ltr' id='par_1_57' title="bbox 467 3687 2044 3764">
     <span class='ocr_line' id='line_1_57' title="bbox 467 3687 2044 3764; baseline 0.001 -21"><span class='ocrx_word' id='word_1_456' title='bbox 467 3687 689 3764; x_wconf 74' lang='lat' dir='ltr'><strong>cundum</strong></span> <span class='ocrx_word' id='word_1_457' title='bbox 729 3687 911 3764; x_wconf 66' lang='lat' dir='ltr'><strong>merita</strong></span> <span class='ocrx_word' id='word_1_458' title='bbox 952 3687 1127 3749; x_wconf 75' lang='lat' dir='ltr'><strong>nostra</strong></span> <span class='ocrx_word' id='word_1_459' title='bbox 1155 3694 1303 3764; x_wconf 86' lang='lat' dir='ltr'><strong>dari,</strong></span> <span class='ocrx_word' id='word_1_460' title='bbox 1320 3703 1367 3747; x_wconf 92' lang='lat' dir='ltr'><strong>et</strong></span> <span class='ocrx_word' id='word_1_461' title='bbox 1391 3693 1507 3745; x_wconf 88' lang='lat' dir='ltr'><strong>ideo</strong></span> <span class='ocrx_word' id='word_1_462' title='bbox 1529 3687 1636 3764; x_wconf 58' lang='lat'><strong>[51.</strong></span> <span class='ocrx_word' id='word_1_463' title='bbox 1662 3687 1840 3764; x_wconf 78' lang='lat' dir='ltr'><strong>iidem]</strong></span> <span class='ocrx_word' id='word_1_464' title='bbox 1867 3690 2044 3764; x_wconf 85' lang='lat' dir='ltr'><strong>dicunt</strong></span> 
     </span>
    </p>
   </div>
   <div class='ocr_carea' id='block_1_58' title="bbox 465 3760 2045 3835">
    <p class='ocr_par' dir='ltr' id='par_1_58' title="bbox 465 3760 2045 3835">
     <span class='ocr_line' id='line_1_58' title="bbox 465 3760 2045 3835; baseline -0.001 -20"><span class='ocrx_word' id='word_1_465' title='bbox 465 3763 693 3831; x_wconf 84' lang='lat' dir='ltr'><strong>gratiam</strong></span> <span class='ocrx_word' id='word_1_466' title='bbox 739 3761 833 3818; x_wconf 90' lang='lat' dir='ltr'><strong>Dei</strong></span> <span class='ocrx_word' id='word_1_467' title='bbox 878 3781 981 3818; x_wconf 88' lang='lat' dir='ltr'><strong>non</strong></span> <span class='ocrx_word' id='word_1_468' title='bbox 1022 3767 1090 3818; x_wconf 91' lang='lat' dir='ltr'><strong>ad</strong></span> <span class='ocrx_word' id='word_1_469' title='bbox 1136 3763 1364 3835; x_wconf 82' lang='lat' dir='ltr'><strong>singulos</strong></span> <span class='ocrx_word' id='word_1_470' title='bbox 1410 3760 1554 3817; x_wconf 70' lang='lat' dir='ltr'><strong>actui</strong></span> <span class='ocrx_word' id='word_1_471' title='bbox 1600 3762 1734 3816; x_wconf 88' lang='lat' dir='ltr'><strong>dari.</strong></span> <span class='ocrx_word' id='word_1_472' title='bbox 1772 3760 1871 3835; x_wconf 80' lang='lat' dir='ltr'><strong>Hic</strong></span> <span class='ocrx_word' id='word_1_473' title='bbox 1897 3763 2045 3835; x_wconf 76' lang='lat' dir='ltr'><strong>intra</strong></span> 
     </span>
    </p>
   </div>
   <div class='ocr_carea' id='block_1_59' title="bbox 466 3832 2046 3906">
    <p class='ocr_par' dir='ltr' id='par_1_59' title="bbox 466 3832 2046 3906">
     <span class='ocr_line' id='line_1_59' title="bbox 466 3832 2046 3906; baseline 0.001 -22"><span class='ocrx_word' id='word_1_474' title='bbox 466 3848 624 3885; x_wconf 86' lang='lat' dir='ltr'><strong>unam</strong></span> <span class='ocrx_word' id='word_1_475' title='bbox 652 3837 952 3906; x_wconf 70' lang='lat' dir='ltr'><strong>sententiam</strong></span> <span class='ocrx_word' id='word_1_476' title='bbox 983 3832 1351 3901; x_wconf 82' lang='lat' dir='ltr'><strong>blasphemiam</strong></span> <span class='ocrx_word' id='word_1_477' title='bbox 1378 3844 1647 3906; x_wconf 84' lang='lat' dir='ltr'><strong>utramque</strong></span> <span class='ocrx_word' id='word_1_478' title='bbox 1675 3832 1928 3906; x_wconf 62' lang='lat' dir='ltr'><strong>conclusit</strong></span> <span class='ocrx_word' id='word_1_479' title='bbox 1965 3833 2046 3906; x_wconf 86' lang='lat' dir='ltr'><strong>di-</strong></span> 
     </span>
    </p>
   </div>
   <div class='ocr_carea' id='block_1_60' title="bbox 466 3903 2045 3971">
    <p class='ocr_par' dir='ltr' id='par_1_60' title="bbox 466 3903 2045 3971">
     <span class='ocr_line' id='line_1_60' title="bbox 466 3903 2045 3971; baseline 0.001 -17"><span class='ocrx_word' id='word_1_480' title='bbox 466 3917 626 3957; x_wconf 89' lang='lat' dir='ltr'><strong>cens:</strong></span> <span class='ocrx_word' id='word_1_481' title='bbox 656 3903 949 3958; x_wconf 83' lang='lat' dir='ltr'><strong>Cavendum</strong></span> <span class='ocrx_word' id='word_1_482' title='bbox 998 3906 1141 3960; x_wconf 85' lang='lat' dir='ltr'><strong>nobis</strong></span> <span class='ocrx_word' id='word_1_483' title='bbox 1178 3922 1306 3971; x_wconf 88' lang='lat' dir='ltr'><strong>esse,</strong></span> <span class='ocrx_word' id='word_1_484' title='bbox 1351 3920 1413 3958; x_wconf 87' lang='lat' dir='ltr'><strong>ne</strong></span> <span class='ocrx_word' id='word_1_485' title='bbox 1453 3906 1528 3956; x_wconf 90' lang='lat' dir='ltr'><strong>ita</strong></span> <span class='ocrx_word' id='word_1_486' title='bbox 1560 3903 1638 3957; x_wconf 81' lang='lat' dir='ltr'><strong>ad</strong></span> <span class='ocrx_word' id='word_1_487' title='bbox 1681 3903 1846 3957; x_wconf 88' lang='lat' dir='ltr'><strong>Deum</strong></span> <span class='ocrx_word' id='word_1_488' title='bbox 1877 3905 2045 3956; x_wconf 88' lang='lat' dir='ltr'><strong>omnia</strong></span> 
     </span>
    </p>
   </div>
   <div class='ocr_carea' id='block_1_61' title="bbox 464 3975 2042 4047">
    <p class='ocr_par' dir='ltr' id='par_1_61' title="bbox 464 3975 2042 4047">
     <span class='ocr_line' id='line_1_61' title="bbox 464 3975 2042 4047; baseline 0.002 -23"><span class='ocrx_word' id='word_1_489' title='bbox 464 3985 762 4047; x_wconf 78' lang='lat' dir='ltr'><strong>sanctorum</strong></span> <span class='ocrx_word' id='word_1_490' title='bbox 804 3978 982 4030; x_wconf 86' lang='lat' dir='ltr'><strong>merita</strong></span> <span class='ocrx_word' id='word_1_491' title='bbox 1021 3978 1320 4047; x_wconf 80' lang='lat' dir='ltr'><strong>referamus,</strong></span> <span class='ocrx_word' id='word_1_492' title='bbox 1354 3986 1410 4028; x_wconf 89' lang='lat' dir='ltr'><strong>ut</strong></span> <span class='ocrx_word' id='word_1_493' title='bbox 1450 3976 1598 4041; x_wconf 85' lang='lat' dir='ltr'><strong>nihil,</strong></span> <span class='ocrx_word' id='word_1_494' title='bbox 1617 3975 1729 4047; x_wconf 79' lang='lat' dir='ltr'><strong>nisi</strong></span> <span class='ocrx_word' id='word_1_495' title='bbox 1758 3975 1895 4044; x_wconf 86' lang='lat' dir='ltr'><strong>quod</strong></span> <span class='ocrx_word' id='word_1_496' title='bbox 1931 3990 2042 4027; x_wconf 89' lang='lat' dir='ltr'><strong>ma-</strong></span> 
     </span>
    </p>
   </div>
   <div class='ocr_carea' id='block_1_62' title="bbox 467 4043 2042 4115">
    <p class='ocr_par' dir='ltr' id='par_1_62' title="bbox 467 4043 2042 4115">
     <span class='ocr_line' id='line_1_62' title="bbox 467 4043 2042 4115; baseline 0.004 -22"><span class='ocrx_word' id='word_1_497' title='bbox 467 4043 572 4115; x_wconf 76' lang='lat' dir='ltr'><strong>l_unt</strong></span> <span class='ocrx_word' id='word_1_498' title='bbox 599 4058 748 4113; x_wconf 88' lang='lat' dir='ltr'><strong>atque</strong></span> <span class='ocrx_word' id='word_1_499' title='bbox 775 4063 1063 4115; x_wconf 86' lang='lat' dir='ltr'><strong>perversum</strong></span> <span class='ocrx_word' id='word_1_500' title='bbox 1079 4043 1180 4112; x_wconf 71' lang='lat' dir='ltr'><strong>est,</strong></span> <span class='ocrx_word' id='word_1_501' title='bbox 1203 4047 1437 4100; x_wconf 69' lang='lat' dir='ltr'><strong>humana:</strong></span> <span class='ocrx_word' id='word_1_502' title='bbox 1472 4043 1785 4098; x_wconf 86' lang='lat' dir='ltr'><strong>ascribamus</strong></span> <span class='ocrx_word' id='word_1_503' title='bbox 1826 4054 2042 4099; x_wconf 82' lang='lat' dir='ltr'><strong>naturte.</strong></span> 
     </span>
    </p>
   </div>
   <div class='ocr_carea' id='block_1_63' title="bbox 472 4112 2048 4188">
    <p class='ocr_par' dir='ltr' id='par_1_63' title="bbox 472 4112 2048 4188">
     <span class='ocr_line' id='line_1_63' title="bbox 472 4112 2048 4188; baseline 0.002 -21"><span class='ocrx_word' id='word_1_504' title='bbox 472 4112 601 4168; x_wconf 85' lang='lat' dir='ltr'><strong>Vult</strong></span> <span class='ocrx_word' id='word_1_505' title='bbox 638 4112 907 4187; x_wconf 30' lang='lat' dir='ltr'><strong>ergo-esse</strong></span> <span class='ocrx_word' id='word_1_506' title='bbox 949 4120 1110 4172; x_wconf 87' lang='lat' dir='ltr'><strong>ntulta</strong></span> <span class='ocrx_word' id='word_1_507' title='bbox 1140 4119 1348 4188; x_wconf 85' lang='lat' dir='ltr'><strong>propria</strong></span> <span class='ocrx_word' id='word_1_508' title='bbox 1386 4116 1653 4170; x_wconf 88' lang='lat' dir='ltr'><strong>hominum</strong></span> <span class='ocrx_word' id='word_1_509' title='bbox 1691 4116 1891 4188; x_wconf 84' lang='lat' dir='ltr'><strong>merita,</strong></span> <span class='ocrx_word' id='word_1_510' title='bbox 1933 4132 2048 4184; x_wconf 79' lang='lat' dir='ltr'><strong>qua:</strong></span> 
     </span>
    </p>
   </div>
   <div class='ocr_carea' id='block_1_64' title="bbox 464 4186 2047 4261">
    <p class='ocr_par' dir='ltr' id='par_1_64' title="bbox 464 4186 2047 4261">
     <span class='ocr_line' id='line_1_64' title="bbox 464 4186 2047 4261; baseline 0.001 -23"><span class='ocrx_word' id='word_1_511' title='bbox 464 4200 567 4239; x_wconf 90' lang='lat' dir='ltr'><strong>non</strong></span> <span class='ocrx_word' id='word_1_512' title='bbox 600 4186 719 4261; x_wconf 82' lang='lat' dir='ltr'><strong>sunt</strong></span> <span class='ocrx_word' id='word_1_513' title='bbox 761 4191 945 4260; x_wconf 58' lang='lat' dir='ltr'><strong>gratite</strong></span> <span class='ocrx_word' id='word_1_514' title='bbox 979 4186 1455 4261; x_wconf 36' lang='lat' dir='ltr'><strong>lui-gitate&#39;collata.</strong></span> <span class='ocrx_word' id='word_1_515' title='bbox 1487 4188 1667 4256; x_wconf 89' lang='lat' dir='ltr'><strong>quibus</strong></span> <span class='ocrx_word' id='word_1_516' title='bbox 1695 4186 1763 4238; x_wconf 91' lang='lat' dir='ltr'><strong>ad</strong></span> <span class='ocrx_word' id='word_1_517' title='bbox 1788 4187 2047 4261; x_wconf 82' lang='lat' dir='ltr'><strong>augendas</strong></span> 
     </span>
    </p>
   </div>
   <div class='ocr_carea' id='block_1_65' title="bbox 465 4257 2050 4326">
    <p class='ocr_par' dir='ltr' id='par_1_65' title="bbox 465 4257 2050 4326">
     <span class='ocr_line' id='line_1_65' title="bbox 465 4257 2050 4326; baseline 0.002 -19"><span class='ocrx_word' id='word_1_518' title='bbox 465 4258 729 4313; x_wconf 87' lang='lat' dir='ltr'><strong>naturales</strong></span> <span class='ocrx_word' id='word_1_519' title='bbox 758 4257 960 4314; x_wconf 82' lang='lat' dir='ltr'><strong>divitias</strong></span> <span class='ocrx_word' id='word_1_520' title='bbox 1000 4257 1235 4326; x_wconf 60' lang='lat' dir='ltr'><strong>quiedam</strong></span> <span class='ocrx_word' id='word_1_521' title='bbox 1277 4262 1541 4313; x_wconf 84' lang='lat' dir='ltr'><strong>desursum</strong></span> <span class='ocrx_word' id='word_1_522' title='bbox 1577 4273 1790 4311; x_wconf 88' lang='lat' dir='ltr'><strong>munera</strong></span> <span class='ocrx_word' id='word_1_523' title='bbox 1830 4257 2050 4310; x_wconf 85' lang='lat' dir='ltr'><strong>debean-</strong></span> 
     </span>
    </p>
   </div>
   <div class='ocr_carea' id='block_1_66' title="bbox 464 4328 2049 4404">
    <p class='ocr_par' dir='ltr' id='par_1_66' title="bbox 464 4328 2049 4404">
     <span class='ocr_line' id='line_1_66' title="bbox 464 4328 2049 4404; baseline 0.002 -25"><span class='ocrx_word' id='word_1_524' title='bbox 464 4336 571 4404; x_wconf 70' lang='lat' dir='ltr'><strong>tur.</strong></span> <span class='ocrx_word' id='word_1_525' title='bbox 624 4328 752 4383; x_wconf 85' lang='lat' dir='ltr'><strong>Vult</strong></span> <span class='ocrx_word' id='word_1_526' title='bbox 798 4348 890 4385; x_wconf 85' lang='lat' dir='ltr'><strong>nos</strong></span> <span class='ocrx_word' id='word_1_527' title='bbox 940 4334 1162 4404; x_wconf 83' lang='lat' dir='ltr'><strong>gratiam</strong></span> <span class='ocrx_word' id='word_1_528' title='bbox 1207 4331 1306 4385; x_wconf 89' lang='lat' dir='ltr'><strong>Dei</strong></span> <span class='ocrx_word' id='word_1_529' title='bbox 1353 4329 1567 4404; x_wconf 75' lang='lat' dir='ltr'><strong>nonad</strong></span> <span class='ocrx_word' id='word_1_530' title='bbox 1618 4328 1852 4400; x_wconf 89' lang='lat' dir='ltr'><strong>singulos</strong></span> <span class='ocrx_word' id='word_1_531' title='bbox 1902 4334 2049 4382; x_wconf 84' lang='lat' dir='ltr'><strong>actus</strong></span> 
     </span>
    </p>
   </div>
   <div class='ocr_carea' id='block_1_67' title="bbox 467 4401 2049 4472">
    <p class='ocr_par' dir='ltr' id='par_1_67' title="bbox 467 4401 2049 4472">
     <span class='ocr_line' id='line_1_67' title="bbox 467 4401 2049 4472; baseline 0.003 -23"><span class='ocrx_word' id='word_1_532' title='bbox 467 4401 714 4470; x_wconf 88' lang='lat' dir='ltr'><strong>recipere,</strong></span> <span class='ocrx_word' id='word_1_533' title='bbox 744 4419 807 4455; x_wconf 86' lang='lat' dir='ltr'><strong>nc</strong></span> <span class='ocrx_word' id='word_1_534' title='bbox 837 4401 1053 4471; x_wconf 84' lang='lat' dir='ltr'><strong>proinde</strong></span> <span class='ocrx_word' id='word_1_535' title='bbox 1081 4420 1181 4458; x_wconf 90' lang='lat' dir='ltr'><strong>non</strong></span> <span class='ocrx_word' id='word_1_536' title='bbox 1228 4418 1320 4472; x_wconf 85' lang='lat' dir='ltr'><strong>pro</strong></span> <span class='ocrx_word' id='word_1_537' title='bbox 1350 4401 1486 4455; x_wconf 89' lang='lat' dir='ltr'><strong>omni</strong></span> <span class='ocrx_word' id='word_1_538' title='bbox 1515 4401 1645 4454; x_wconf 91' lang='lat' dir='ltr'><strong>bono</strong></span> <span class='ocrx_word' id='word_1_539' title='bbox 1676 4415 1822 4470; x_wconf 86' lang='lat' dir='ltr'><strong>opere</strong></span> <span class='ocrx_word' id='word_1_540' title='bbox 1848 4415 2049 4469; x_wconf 85' lang='lat' dir='ltr'><strong>semper</strong></span> 
     </span>
    </p>
   </div>
   <div class='ocr_carea' id='block_1_68' title="bbox 465 4480 773 4536">
    <p class='ocr_par' dir='ltr' id='par_1_68' title="bbox 465 4480 773 4536">
     <span class='ocr_line' id='line_1_68' title="bbox 465 4480 773 4536; baseline 0.026 -15"><span class='ocrx_word' id='word_1_541' title='bbox 465 4484 636 4536; x_wconf 86' lang='lat' dir='ltr'><strong>orare,</strong></span> <span class='ocrx_word' id='word_1_542' title='bbox 669 4480 773 4528; x_wconf 88' lang='lat' dir='ltr'><strong>etc.</strong></span> 
     </span>
    </p>
   </div>
   <div class='ocr_carea' id='block_1_69' title="bbox 537 4539 642 4597">
    <p class='ocr_par' dir='ltr' id='par_1_69' title="bbox 537 4539 642 4597">
     <span class='ocr_line' id='line_1_69' title="bbox 537 4539 642 4597; baseline 0 0"><span class='ocrx_word' id='word_1_543' title='bbox 537 4539 642 4597; x_wconf 71' lang='grc' dir='ltr'>δῦ</span> 
     </span>
    </p>
   </div>
   <div class='ocr_carea' id='block_1_70' title="bbox 462 4610 2037 4686">
    <p class='ocr_par' dir='ltr' id='par_1_70' title="bbox 462 4610 2037 4686">
     <span class='ocr_line' id='line_1_70' title="bbox 462 4610 2037 4686; baseline 0.003 -22"><span class='ocrx_word' id='word_1_544' title='bbox 462 4610 544 4686; x_wconf 82' lang='lat' dir='ltr'><strong>gis</strong></span> <span class='ocrx_word' id='word_1_545' title='bbox 591 4610 759 4670; x_wconf 75' lang='lat' dir='ltr'><strong>David</strong></span> <span class='ocrx_word' id='word_1_546' title='bbox 806 4617 873 4672; x_wconf 89' lang='lat' dir='ltr'><strong>de</strong></span> <span class='ocrx_word' id='word_1_547' title='bbox 901 4610 1216 4672; x_wconf 65' lang='lat' dir='ltr'><strong>aediﬁcando</strong></span> <span class='ocrx_word' id='word_1_548' title='bbox 1247 4617 1445 4686; x_wconf 90' lang='lat' dir='ltr'><strong>templo</strong></span> <span class='ocrx_word' id='word_1_549' title='bbox 1474 4616 1639 4670; x_wconf 82' lang='lat' dir='ltr'><strong>fuisse</strong></span> <span class='ocrx_word' id='word_1_550' title='bbox 1669 4616 1890 4682; x_wconf 78' lang='lat' dir='ltr'><strong>bonum,</strong></span> <span class='ocrx_word' id='word_1_551' title='bbox 1924 4626 1979 4670; x_wconf 90' lang='lat' dir='ltr'><strong>et</strong></span> <span class='ocrx_word' id='word_1_552' title='bbox 2008 4631 2037 4669; x_wconf 77' lang='grc' dir='ltr'><strong>ιι</strong></span> 
     </span>
    </p>
   </div>
   <div class='ocr_carea' id='block_1_71' title="bbox 464 4683 2037 4756">
    <p class='ocr_par' dir='ltr' id='par_1_71' title="bbox 464 4683 2037 4756">
     <span class='ocr_line' id='line_1_71' title="bbox 464 4683 2037 4756; baseline 0.003 -19"><span class='ocrx_word' id='word_1_553' title='bbox 464 4683 576 4737; x_wconf 88' lang='lat' dir='ltr'><strong>Deo</strong></span> <span class='ocrx_word' id='word_1_554' title='bbox 621 4686 965 4756; x_wconf 83' lang='lat' dir='ltr'><strong>inspiratam,</strong></span> <span class='ocrx_word' id='word_1_555' title='bbox 997 4690 1138 4742; x_wconf 82' lang='lat' dir='ltr'><strong>nulla</strong></span> <span class='ocrx_word' id='word_1_556' title='bbox 1173 4683 1380 4742; x_wconf 84' lang='lat' dir='ltr'><strong>ratione</strong></span> <span class='ocrx_word' id='word_1_557' title='bbox 1408 4686 1644 4742; x_wconf 87' lang='lat' dir='ltr'><strong>dttbitari</strong></span> <span class='ocrx_word' id='word_1_558' title='bbox 1689 4695 1885 4753; x_wconf 82' lang='lat' dir='ltr'><strong>potest,</strong></span> <span class='ocrx_word' id='word_1_559' title='bbox 1918 4701 2037 4741; x_wconf 90' lang='lat' dir='ltr'><strong>cum</strong></span> 
     </span>
    </p>
   </div>
   <div class='ocr_carea' id='block_1_72' title="bbox 461 4758 2041 4828">
    <p class='ocr_par' dir='ltr' id='par_1_72' title="bbox 461 4758 2041 4828">
     <span class='ocr_line' id='line_1_72' title="bbox 461 4758 2041 4828; baseline 0.003 -22"><span class='ocrx_word' id='word_1_560' title='bbox 461 4768 600 4824; x_wconf 82' lang='lat' dir='ltr'><strong>Opus</strong></span> <span class='ocrx_word' id='word_1_561' title='bbox 626 4769 772 4814; x_wconf 89' lang='lat' dir='ltr'><strong>esset</strong></span> <span class='ocrx_word' id='word_1_562' title='bbox 797 4774 864 4813; x_wconf 88' lang='lat' dir='ltr'><strong>ex</strong></span> <span class='ocrx_word' id='word_1_563' title='bbox 890 4774 949 4813; x_wconf 81' lang='lat' dir='ltr'><strong>se</strong></span> <span class='ocrx_word' id='word_1_564' title='bbox 981 4764 1122 4828; x_wconf 87' lang='lat' dir='ltr'><strong>pium</strong></span> <span class='ocrx_word' id='word_1_565' title='bbox 1149 4770 1206 4815; x_wconf 91' lang='lat' dir='ltr'><strong>et</strong></span> <span class='ocrx_word' id='word_1_566' title='bbox 1231 4759 1540 4824; x_wconf 77' lang='lat' dir='ltr'><strong>honestum,</strong></span> <span class='ocrx_word' id='word_1_567' title='bbox 1566 4767 1619 4811; x_wconf 89' lang='lat' dir='ltr'><strong>et</strong></span> <span class='ocrx_word' id='word_1_568' title='bbox 1648 4767 1790 4812; x_wconf 84' lang='lat' dir='ltr'><strong>recta</strong></span> <span class='ocrx_word' id='word_1_569' title='bbox 1818 4758 1937 4826; x_wconf 88' lang='lat' dir='ltr'><strong>ejus</strong></span> <span class='ocrx_word' id='word_1_570' title='bbox 1963 4760 2041 4812; x_wconf 92' lang='lat' dir='ltr'><strong>in-</strong></span> 
     </span>
    </p>
   </div>
   <div class='ocr_carea' id='block_1_73' title="bbox 466 4828 2040 4901">
    <p class='ocr_par' dir='ltr' id='par_1_73' title="bbox 466 4828 2040 4901">
     <span class='ocr_line' id='line_1_73' title="bbox 466 4828 2040 4901; baseline 0.003 -23"><span class='ocrx_word' id='word_1_571' title='bbox 466 4829 653 4901; x_wconf 78' lang='lat' dir='ltr'><strong>tentio.</strong></span> <span class='ocrx_word' id='word_1_572' title='bbox 683 4828 867 4899; x_wconf 71' lang='lat' dir='ltr'><strong>Neque</strong></span> <span class='ocrx_word' id='word_1_573' title='bbox 894 4831 1074 4885; x_wconf 80' lang='lat' dir='ltr'><strong>obs&#39;tat</strong></span> <span class='ocrx_word' id='word_1_574' title='bbox 1102 4833 1243 4901; x_wconf 82' lang='lat' dir='ltr'><strong>quod</strong></span> <span class='ocrx_word' id='word_1_575' title='bbox 1284 4830 1399 4900; x_wconf 70' lang='lat' dir='ltr'><strong>ejus</strong></span> <span class='ocrx_word' id='word_1_576' title='bbox 1442 4829 1661 4883; x_wconf 73' lang='lat' dir='ltr'><strong>effectus</strong></span> <span class='ocrx_word' id='word_1_577' title='bbox 1693 4842 1797 4901; x_wconf 87' lang='lat' dir='ltr'><strong>seu</strong></span> <span class='ocrx_word' id='word_1_578' title='bbox 1817 4843 2040 4901; x_wconf 63' lang='lat' dir='ltr'><strong>exsecu-</strong></span> 
     </span>
    </p>
   </div>
   <div class='ocr_carea' id='block_1_74' title="bbox 464 4895 2042 4970">
    <p class='ocr_par' dir='ltr' id='par_1_74' title="bbox 464 4895 2042 4970">
     <span class='ocr_line' id='line_1_74' title="bbox 464 4895 2042 4970; baseline 0.004 -22"><span class='ocrx_word' id='word_1_579' title='bbox 464 4895 536 4970; x_wconf 81' lang='lat' dir='ltr'><strong>t_io</strong></span> <span class='ocrx_word' id='word_1_580' title='bbox 564 4900 634 4954; x_wconf 91' lang='lat' dir='ltr'><strong>ob</strong></span> <span class='ocrx_word' id='word_1_581' title='bbox 661 4895 839 4955; x_wconf 79' lang='lat' dir='ltr'><strong>certas</strong></span> <span class='ocrx_word' id='word_1_582' title='bbox 869 4902 1106 4956; x_wconf 82' lang='lat' dir='ltr'><strong>rationes</strong></span> <span class='ocrx_word' id='word_1_583' title='bbox 1121 4895 1292 4957; x_wconf 60' lang='lat' dir='ltr'><strong>&#39;lnerit</strong></span> <span class='ocrx_word' id='word_1_584' title='bbox 1312 4895 1371 4956; x_wconf 72' lang='lat' dir='ltr'><strong>ei</strong></span> <span class='ocrx_word' id='word_1_585' title='bbox 1406 4900 1670 4970; x_wconf 88' lang='lat' dir='ltr'><strong>denegata</strong></span> <span class='ocrx_word' id='word_1_586' title='bbox 1699 4909 1751 4953; x_wconf 90' lang='lat' dir='ltr'><strong>et</strong></span> <span class='ocrx_word' id='word_1_587' title='bbox 1783 4899 1893 4952; x_wconf 90' lang='lat' dir='ltr'><strong>lilio</strong></span> <span class='ocrx_word' id='word_1_588' title='bbox 1923 4901 2042 4968; x_wconf 86' lang='lat' dir='ltr'><strong>ejus</strong></span> 
     </span>
    </p>
   </div>
   <div class='ocr_carea' id='block_1_75' title="bbox 460 4965 2041 5041">
    <p class='ocr_par' dir='ltr' id='par_1_75' title="bbox 460 4965 2041 5041">
     <span class='ocr_line' id='line_1_75' title="bbox 460 4965 2041 5041; baseline 0.003 -21"><span class='ocrx_word' id='word_1_589' title='bbox 460 4965 736 5041; x_wconf 80' lang='lat' dir='ltr'><strong>Salomoni</strong></span> <span class='ocrx_word' id='word_1_590' title='bbox 763 4982 1054 5027; x_wconf 86' lang='lat' dir='ltr'><strong>reservata.</strong></span> <span class='ocrx_word' id='word_1_591' title='bbox 1082 4973 1213 5027; x_wconf 76' lang='lat' dir='ltr'><strong>Nam</strong></span> <span class='ocrx_word' id='word_1_592' title='bbox 1250 4972 1301 5027; x_wconf 89' lang='lat' dir='ltr'><strong>id</strong></span> <span class='ocrx_word' id='word_1_593' title='bbox 1332 4986 1439 5027; x_wconf 88' lang='lat' dir='ltr'><strong>non</strong></span> <span class='ocrx_word' id='word_1_594' title='bbox 1474 4965 1783 5041; x_wconf 70' lang='lat' dir='ltr'><strong>infrequens</strong></span> <span class='ocrx_word' id='word_1_595' title='bbox 1811 4978 1914 5034; x_wconf 88' lang='lat' dir='ltr'><strong>est,</strong></span> <span class='ocrx_word' id='word_1_596' title='bbox 1947 4965 2041 5025; x_wconf 85' lang='lat' dir='ltr'><strong>aut</strong></span> 
     </span>
    </p>
   </div>
   <div class='ocr_carea' id='block_1_76' title="bbox 460 5037 2039 5113">
    <p class='ocr_par' dir='ltr' id='par_1_76' title="bbox 460 5037 2039 5113">
     <span class='ocr_line' id='line_1_76' title="bbox 460 5037 2039 5113; baseline 0.004 -22"><span class='ocrx_word' id='word_1_597' title='bbox 460 5037 760 5113; x_wconf 73' lang='lat' dir='ltr'><strong>insolitum,</strong></span> <span class='ocrx_word' id='word_1_598' title='bbox 790 5051 848 5097; x_wconf 90' lang='lat' dir='ltr'><strong>ut</strong></span> <span class='ocrx_word' id='word_1_599' title='bbox 870 5046 1060 5112; x_wconf 89' lang='lat' dir='ltr'><strong>prohat</strong></span> <span class='ocrx_word' id='word_1_600' title='bbox 1093 5044 1324 5113; x_wconf 87' lang='lat' dir='ltr'><strong>Prosper</strong></span> <span class='ocrx_word' id='word_1_601' title='bbox 1352 5043 1549 5113; x_wconf 90' lang='lat' dir='ltr'><strong>duplici</strong></span> <span class='ocrx_word' id='word_1_602' title='bbox 1572 5037 1841 5113; x_wconf 78' lang='lat' dir='ltr'><strong>exemplo,</strong></span> <span class='ocrx_word' id='word_1_603' title='bbox 1862 5042 2039 5113; x_wconf 76' lang='lat' dir='ltr'><strong>altero</strong></span> 
     </span>
    </p>
   </div>
   <div class='ocr_carea' id='block_1_77' title="bbox 459 5109 2035 5183">
    <p class='ocr_par' dir='ltr' id='par_1_77' title="bbox 459 5109 2035 5183">
     <span class='ocr_line' id='line_1_77' title="bbox 459 5109 2035 5183; baseline 0.002 -17"><span class='ocrx_word' id='word_1_604' title='bbox 459 5123 493 5183; x_wconf 64' lang='grc' dir='ltr'><strong>(ε</strong></span> <span class='ocrx_word' id='word_1_605' title='bbox 520 5109 794 5182; x_wconf 89' lang='lat' dir='ltr'><strong>Scriptura</strong></span> <span class='ocrx_word' id='word_1_606' title='bbox 828 5109 1015 5183; x_wconf 84' lang='lat' dir='ltr'><strong>petito,</strong></span> <span class='ocrx_word' id='word_1_607' title='bbox 1047 5109 1311 5170; x_wconf 51' lang='lat' dir='ltr'><strong>altero&#39;ex</strong></span> <span class='ocrx_word' id='word_1_608' title='bbox 1348 5109 1445 5169; x_wconf 84' lang='lat' dir='ltr'><strong>usti</strong></span> <span class='ocrx_word' id='word_1_609' title='bbox 1472 5124 1527 5170; x_wconf 89' lang='lat' dir='ltr'><strong>et</strong></span> <span class='ocrx_word' id='word_1_610' title='bbox 1558 5112 1707 5181; x_wconf 86' lang='lat' dir='ltr'><strong>praxi</strong></span> <span class='ocrx_word' id='word_1_611' title='bbox 1738 5109 2035 5169; x_wconf 61' lang='lat' dir='ltr'><strong>Ecclesiae.</strong></span> 
     </span>
    </p>
   </div>
   <div class='ocr_carea' id='block_1_78' title="bbox 460 5178 2040 5257">
    <p class='ocr_par' dir='ltr' id='par_1_78' title="bbox 460 5178 2040 5257">
     <span class='ocr_line' id='line_1_78' title="bbox 460 5178 2040 5257; baseline 0.013 -24"><span class='ocrx_word' id='word_1_612' title='bbox 460 5178 739 5257; x_wconf 73' lang='lat' dir='ltr'><strong>Scriptura</strong></span> <span class='ocrx_word' id='word_1_613' title='bbox 768 5178 1012 5257; x_wconf 78' lang='lat' dir='ltr'><strong>namque</strong></span> <span class='ocrx_word' id='word_1_614' title='bbox 1037 5194 1424 5257; x_wconf 83' lang='lat' dir='ltr'><strong>commemorat</strong></span> <span class='ocrx_word' id='word_1_615' title='bbox 1448 5178 1768 5257; x_wconf 75' lang='lat' dir='ltr'><strong>&#39;ApostOIOS.</strong></span> <span class='ocrx_word' id='word_1_616' title='bbox 1802 5199 2040 5257; x_wconf 52' lang='lat' dir='ltr'><strong>cum?&quot;-</strong></span> 
     </span>
    </p>
   </div>
   <div class='ocr_carea' id='block_1_79' title="bbox 459 5252 2039 5328">
    <p class='ocr_par' dir='ltr' id='par_1_79' title="bbox 459 5252 2039 5328">
     <span class='ocr_line' id='line_1_79' title="bbox 459 5252 2039 5328; baseline 0.003 -22"><span class='ocrx_word' id='word_1_617' title='bbox 459 5252 773 5328; x_wconf 73' lang='lat' dir='ltr'><strong>dentissime</strong></span> <span class='ocrx_word' id='word_1_618' title='bbox 827 5252 1029 5312; x_wconf 78' lang='lat' dir='ltr'><strong>vellent</strong></span> <span class='ocrx_word' id='word_1_619' title='bbox 1077 5256 1427 5328; x_wconf 83' lang='lat' dir='ltr'><strong>Evangelium</strong></span> <span class='ocrx_word' id='word_1_620' title='bbox 1485 5252 1736 5328; x_wconf 84' lang='lat' dir='ltr'><strong>omnibus</strong></span> <span class='ocrx_word' id='word_1_621' title='bbox 1793 5256 2039 5322; x_wconf 88' lang='lat' dir='ltr'><strong>gentibus</strong></span> 
     </span>
    </p>
   </div>
   <div class='ocr_carea' id='block_1_80' title="bbox 460 5324 2037 5399">
    <p class='ocr_par' dir='ltr' id='par_1_80' title="bbox 460 5324 2037 5399">
     <span class='ocr_line' id='line_1_80' title="bbox 460 5324 2037 5399; baseline 0.003 -23"><span class='ocrx_word' id='word_1_622' title='bbox 460 5324 788 5399; x_wconf 66' lang='lat' dir='ltr'><strong>praedicare,</strong></span> <span class='ocrx_word' id='word_1_623' title='bbox 837 5337 1016 5383; x_wconf 89' lang='lat' dir='ltr'><strong>tamen</strong></span> <span class='ocrx_word' id='word_1_624' title='bbox 1069 5343 1172 5383; x_wconf 88' lang='lat' dir='ltr'><strong>non</strong></span> <span class='ocrx_word' id='word_1_625' title='bbox 1223 5324 1462 5399; x_wconf 73' lang='lat' dir='ltr'><strong>potuisse</strong></span> <span class='ocrx_word' id='word_1_626' title='bbox 1511 5326 1656 5399; x_wconf 89' lang='lat' dir='ltr'><strong>loqui</strong></span> <span class='ocrx_word' id='word_1_627' title='bbox 1703 5329 1945 5399; x_wconf 77' lang='lat' dir='ltr'><strong>verbum</strong></span> <span class='ocrx_word' id='word_1_628' title='bbox 1986 5327 2037 5381; x_wconf 88' lang='lat' dir='ltr'><strong>in</strong></span> 
     </span>
    </p>
   </div>
   <div class='ocr_carea' id='block_1_81' title="bbox 457 5393 2039 5470">
    <p class='ocr_par' dir='ltr' id='par_1_81' title="bbox 457 5393 2039 5470">
     <span class='ocr_line' id='line_1_81' title="bbox 457 5393 2039 5470; baseline 0.003 -22"><span class='ocrx_word' id='word_1_629' title='bbox 457 5393 620 5470; x_wconf 57' lang='lat' dir='ltr'><strong>_Asia;</strong></span> <span class='ocrx_word' id='word_1_630' title='bbox 653 5407 708 5453; x_wconf 89' lang='lat' dir='ltr'><strong>et</strong></span> <span class='ocrx_word' id='word_1_631' title='bbox 731 5393 853 5453; x_wconf 85' lang='lat' dir='ltr'><strong>eum</strong></span> <span class='ocrx_word' id='word_1_632' title='bbox 886 5408 1156 5455; x_wconf 88' lang='lat' dir='ltr'><strong>tentarent</strong></span> <span class='ocrx_word' id='word_1_633' title='bbox 1187 5393 1263 5454; x_wconf 79' lang='lat' dir='ltr'><strong>ire</strong></span> <span class='ocrx_word' id='word_1_634' title='bbox 1300 5401 1350 5453; x_wconf 89' lang='lat' dir='ltr'><strong>iu</strong></span> <span class='ocrx_word' id='word_1_635' title='bbox 1382 5393 1707 5470; x_wconf 72' lang='lat' dir='ltr'><strong>Bithyniam,</strong></span> <span class='ocrx_word' id='word_1_636' title='bbox 1739 5395 2039 5470; x_wconf 85' lang='lat' dir='ltr'><strong>prohibitos</strong></span> 
     </span>
    </p>
   </div>
   <div class='ocr_carea' id='block_1_82' title="bbox 456 5463 2037 5541">
    <p class='ocr_par' dir='ltr' id='par_1_82' title="bbox 456 5463 2037 5541">
     <span class='ocr_line' id='line_1_82' title="bbox 456 5463 2037 5541; baseline 0 -21"><span class='ocrx_word' id='word_1_637' title='bbox 456 5463 626 5523; x_wconf 78' lang='lat' dir='ltr'><strong>fuisse</strong></span> <span class='ocrx_word' id='word_1_638' title='bbox 659 5484 701 5541; x_wconf 10' lang='lat' dir='ltr'><strong>a7</strong></span> <span class='ocrx_word' id='word_1_639' title='bbox 728 5469 929 5539; x_wconf 86' lang='lat' dir='ltr'><strong>Spiritu</strong></span> <span class='ocrx_word' id='word_1_640' title='bbox 975 5470 1100 5527; x_wconf 84' lang='lat' dir='ltr'><strong>Jesu</strong></span> <span class='ocrx_word' id='word_1_641' title='bbox 1132 5472 1334 5541; x_wconf 84' lang='lat' dir='ltr'><strong>(Actor.</strong></span> <span class='ocrx_word' id='word_1_642' title='bbox 1364 5463 1672 5540; x_wconf 62' lang='lat' dir='ltr'><strong>xvr).&#39;Quis</strong></span> <span class='ocrx_word' id='word_1_643' title='bbox 1712 5463 1899 5522; x_wconf 83' lang='lat' dir='ltr'><strong>eorum</strong></span> <span class='ocrx_word' id='word_1_644' title='bbox 1938 5468 2037 5541; x_wconf 51' lang='lat' dir='ltr'><strong>bog-</strong></span> 
     </span>
    </p>
   </div>
   <div class='ocr_carea' id='block_1_83' title="bbox 457 5540 2040 5610">
    <p class='ocr_par' dir='ltr' id='par_1_83' title="bbox 457 5540 2040 5610">
     <span class='ocr_line' id='line_1_83' title="bbox 457 5540 2040 5610; baseline 0.002 -18"><span class='ocrx_word' id='word_1_645' title='bbox 457 5551 582 5592; x_wconf 87' lang='lat' dir='ltr'><strong>natu</strong></span> <span class='ocrx_word' id='word_1_646' title='bbox 623 5540 979 5607; x_wconf 77' lang='lat' dir='ltr'><strong>voluntatem,</strong></span> <span class='ocrx_word' id='word_1_647' title='bbox 1017 5549 1073 5597; x_wconf 89' lang='lat' dir='ltr'><strong>et</strong></span> <span class='ocrx_word' id='word_1_648' title='bbox 1111 5540 1149 5596; x_wconf 41' lang='lat' dir='ltr'><strong>a&#39;</strong></span> <span class='ocrx_word' id='word_1_649' title='bbox 1185 5543 1294 5598; x_wconf 78' lang='lat' dir='ltr'><strong>Deo</strong></span> <span class='ocrx_word' id='word_1_650' title='bbox 1334 5542 1541 5596; x_wconf 88' lang='lat' dir='ltr'><strong>dubitet</strong></span> <span class='ocrx_word' id='word_1_651' title='bbox 1576 5542 1910 5610; x_wconf 77' lang='lat' dir='ltr'><strong>inSpiratam,</strong></span> <span class='ocrx_word' id='word_1_652' title='bbox 1948 5540 2040 5610; x_wconf 92' lang='lat' dir='ltr'><strong>qui</strong></span> 
     </span>
    </p>
   </div>
   <div class='ocr_carea' id='block_1_84' title="bbox 456 5609 2037 5685">
    <p class='ocr_par' dir='ltr' id='par_1_84' title="bbox 456 5609 2037 5685">
     <span class='ocr_line' id='line_1_84' title="bbox 456 5609 2037 5685; baseline 0.003 -25"><span class='ocrx_word' id='word_1_653' title='bbox 456 5614 793 5685; x_wconf 27' lang='lat' dir='ltr'><strong>tamen‘eaui</strong></span> <span class='ocrx_word' id='word_1_654' title='bbox 821 5615 994 5669; x_wconf 89' lang='lat' dir='ltr'><strong>noluit</strong></span> <span class='ocrx_word' id='word_1_655' title='bbox 1042 5624 1169 5669; x_wconf 88' lang='lat' dir='ltr'><strong>tunc</strong></span> <span class='ocrx_word' id='word_1_656' title='bbox 1214 5614 1473 5685; x_wconf 89' lang='lat' dir='ltr'><strong>temporis</strong></span> <span class='ocrx_word' id='word_1_657' title='bbox 1518 5609 1854 5685; x_wconf 71' lang='lat' dir='ltr'><strong>exseéutioni</strong></span> <span class='ocrx_word' id='word_1_658' title='bbox 1883 5609 2037 5685; x_wconf 25' lang='lat' dir='ltr'><strong>maln-</strong></span> 
     </span>
    </p>
   </div>
   <div class='ocr_carea' id='block_1_85' title="bbox 453 5678 2040 5751">
    <p class='ocr_par' dir='ltr' id='par_1_85' title="bbox 453 5678 2040 5751">
     <span class='ocr_line' id='line_1_85' title="bbox 453 5678 2040 5751; baseline 0.002 -17"><span class='ocrx_word' id='word_1_659' title='bbox 453 5678 614 5751; x_wconf 77' lang='lat' dir='ltr'><strong>dari?</strong></span> <span class='ocrx_word' id='word_1_660' title='bbox 643 5680 733 5737; x_wconf 90' lang='lat' dir='ltr'><strong>Sic</strong></span> <span class='ocrx_word' id='word_1_661' title='bbox 758 5683 1016 5741; x_wconf 71' lang='lat' dir='ltr'><strong>Ecclesia:</strong></span> <span class='ocrx_word' id='word_1_662' title='bbox 1044 5686 1183 5741; x_wconf 89' lang='lat' dir='ltr'><strong>bona</strong></span> <span class='ocrx_word' id='word_1_663' title='bbox 1214 5695 1297 5741; x_wconf 86' lang='lat' dir='ltr'><strong>est</strong></span> <span class='ocrx_word' id='word_1_664' title='bbox 1326 5678 1598 5750; x_wconf 71' lang='lat' dir='ltr'><strong>voluntas,</strong></span> <span class='ocrx_word' id='word_1_665' title='bbox 1629 5692 1685 5738; x_wconf 86' lang='lat' dir='ltr'><strong>et</strong></span> <span class='ocrx_word' id='word_1_666' title='bbox 1716 5684 1860 5751; x_wconf 85' lang='lat' dir='ltr'><strong>pium</strong></span> <span class='ocrx_word' id='word_1_667' title='bbox 1894 5680 2040 5738; x_wconf 29' lang='lat' dir='ltr'><strong>desis</strong></span> 
     </span>
    </p>
   </div>
   <div class='ocr_carea' id='block_1_86' title="bbox 453 5749 2042 5828">
    <p class='ocr_par' dir='ltr' id='par_1_86' title="bbox 453 5749 2042 5828">
     <span class='ocr_line' id='line_1_86' title="bbox 453 5749 2042 5828; baseline 0.004 -23"><span class='ocrx_word' id='word_1_668' title='bbox 453 5749 685 5828; x_wconf 49' lang='lat' dir='ltr'><strong>deriutn:</strong></span> <span class='ocrx_word' id='word_1_669' title='bbox 712 5753 849 5828; x_wconf 78' lang='lat' dir='ltr'><strong>dum</strong></span> <span class='ocrx_word' id='word_1_670' title='bbox 876 5757 1115 5826; x_wconf 88' lang='lat' dir='ltr'><strong>quotidie</strong></span> <span class='ocrx_word' id='word_1_671' title='bbox 1146 5774 1242 5828; x_wconf 92' lang='lat' dir='ltr'><strong>pro</strong></span> <span class='ocrx_word' id='word_1_672' title='bbox 1270 5757 1523 5812; x_wconf 89' lang='lat' dir='ltr'><strong>omnibus</strong></span> <span class='ocrx_word' id='word_1_673' title='bbox 1562 5749 1795 5810; x_wconf 84' lang='lat' dir='ltr'><strong>inimicis</strong></span> <span class='ocrx_word' id='word_1_674' title='bbox 1823 5754 1956 5820; x_wconf 87' lang='lat' dir='ltr'><strong>suis,</strong></span> <span class='ocrx_word' id='word_1_675' title='bbox 1990 5754 2042 5811; x_wconf 91' lang='lat' dir='ltr'><strong>id</strong></span> 
     </span>
    </p>
   </div>
   <div class='ocr_carea' id='block_1_87' title="bbox 452 5821 2044 5898">
    <p class='ocr_par' dir='ltr' id='par_1_87' title="bbox 452 5821 2044 5898">
     <span class='ocr_line' id='line_1_87' title="bbox 452 5821 2044 5898; baseline 0.001 -17"><span class='ocrx_word' id='word_1_676' title='bbox 452 5829 562 5889; x_wconf 66' lang='lat' dir='ltr'><strong>cit,</strong></span> <span class='ocrx_word' id='word_1_677' title='bbox 593 5821 908 5882; x_wconf 80' lang='lat' dir='ltr'><strong>inﬁdelibus</strong></span> <span class='ocrx_word' id='word_1_678' title='bbox 939 5841 1079 5894; x_wconf 84' lang='lat' dir='ltr'><strong>orat,</strong></span> <span class='ocrx_word' id='word_1_679' title='bbox 1110 5821 1164 5883; x_wconf 87' lang='grc' dir='ltr'>ιιὶ</span> <span class='ocrx_word' id='word_1_680' title='bbox 1195 5837 1615 5894; x_wconf 82' lang='lat' dir='ltr'><strong>convertantur;</strong></span> <span class='ocrx_word' id='word_1_681' title='bbox 1648 5836 1703 5883; x_wconf 88' lang='lat' dir='ltr'><strong>et</strong></span> <span class='ocrx_word' id='word_1_682' title='bbox 1727 5833 1904 5883; x_wconf 80' lang='lat' dir='ltr'><strong>tamen</strong></span> <span class='ocrx_word' id='word_1_683' title='bbox 1948 5842 2044 5898; x_wconf 88' lang='lat' dir='ltr'><strong>pro</strong></span> 
     </span>
    </p>
   </div>
   <div class='ocr_carea' id='block_1_88' title="bbox 2144 1846 3739 1904">
    <p class='ocr_par' dir='ltr' id='par_1_88' title="bbox 2144 1846 3739 1904">
     <span class='ocr_line' id='line_1_88' title="bbox 2144 1846 3739 1904; baseline 0.002 -3"><span class='ocrx_word' id='word_1_684' title='bbox 2144 1847 2364 1901; x_wconf 83' lang='lat' dir='ltr'><strong>similia.</strong></span> <span class='ocrx_word' id='word_1_685' title='bbox 2395 1847 2539 1901; x_wconf 90' lang='lat' dir='ltr'><strong>Bona</strong></span> <span class='ocrx_word' id='word_1_686' title='bbox 2572 1847 2674 1901; x_wconf 81' lang='lat' dir='ltr'><strong>fuit</strong></span> <span class='ocrx_word' id='word_1_687' title='bbox 2706 1847 2958 1902; x_wconf 90' lang='lat' dir='ltr'><strong>voluntas</strong></span> <span class='ocrx_word' id='word_1_688' title='bbox 2990 1846 3221 1902; x_wconf 76' lang='lat' dir='ltr'><strong>Abrahae</strong></span> <span class='ocrx_word' id='word_1_689' title='bbox 3265 1846 3496 1902; x_wconf 86' lang='lat' dir='ltr'><strong>volentis</strong></span> <span class='ocrx_word' id='word_1_690' title='bbox 3538 1846 3739 1904; x_wconf 74' lang='lat' dir='ltr'><strong>immo-</strong></span> 
     </span>
    </p>
   </div>
   <div class='ocr_carea' id='block_1_89' title="bbox 2143 1917 3743 1989">
    <p class='ocr_par' dir='ltr' id='par_1_89' title="bbox 2143 1917 3743 1989">
     <span class='ocr_line' id='line_1_89' title="bbox 2143 1917 3743 1989; baseline 0.003 -18"><span class='ocrx_word' id='word_1_691' title='bbox 2143 1917 2253 1972; x_wconf 88' lang='lat' dir='ltr'><strong>lare</strong></span> <span class='ocrx_word' id='word_1_692' title='bbox 2295 1918 2462 1973; x_wconf 85' lang='lat' dir='ltr'><strong>lilium</strong></span> <span class='ocrx_word' id='word_1_693' title='bbox 2502 1933 2681 1987; x_wconf 90' lang='lat' dir='ltr'><strong>suum,</strong></span> <span class='ocrx_word' id='word_1_694' title='bbox 2730 1928 2786 1989; x_wconf 85' lang='lat' dir='ltr'><strong>ut</strong></span> <span class='ocrx_word' id='word_1_695' title='bbox 2808 1918 2940 1989; x_wconf 23' lang='lat' dir='ltr'><strong>iDeo</strong></span> <span class='ocrx_word' id='word_1_696' title='bbox 2975 1918 3248 1979; x_wconf 88' lang='lat' dir='ltr'><strong>obediret;</strong></span> <span class='ocrx_word' id='word_1_697' title='bbox 3282 1929 3332 1973; x_wconf 90' lang='lat' dir='ltr'><strong>et</strong></span> <span class='ocrx_word' id='word_1_698' title='bbox 3386 1928 3561 1989; x_wconf 81' lang='lat' dir='ltr'><strong>tamen</strong></span> <span class='ocrx_word' id='word_1_699' title='bbox 3610 1920 3743 1989; x_wconf 85' lang='lat' dir='ltr'><strong>ejus</strong></span> 
     </span>
    </p>
   </div>
   <div class='ocr_carea' id='block_1_90' title="bbox 2142 1988 3741 2059">
    <p class='ocr_par' dir='ltr' id='par_1_90' title="bbox 2142 1988 3741 2059">
     <span class='ocr_line' id='line_1_90' title="bbox 2142 1988 3741 2059; baseline 0.001 -18"><span class='ocrx_word' id='word_1_700' title='bbox 2142 1990 2417 2059; x_wconf 80' lang='lat' dir='ltr'><strong>exsecutio</strong></span> <span class='ocrx_word' id='word_1_701' title='bbox 2465 1989 2718 2059; x_wconf 88' lang='lat' dir='ltr'><strong>impedita</strong></span> <span class='ocrx_word' id='word_1_702' title='bbox 2766 1988 2974 2059; x_wconf 79' lang='lat' dir='ltr'><strong>(Cenes.</strong></span> <span class='ocrx_word' id='word_1_703' title='bbox 3016 1992 3174 2057; x_wconf 72' lang='grc' dir='ltr'>χιιι).</span> <span class='ocrx_word' id='word_1_704' title='bbox 3220 1990 3310 2046; x_wconf 90' lang='lat' dir='ltr'><strong>Sic</strong></span> <span class='ocrx_word' id='word_1_705' title='bbox 3338 1989 3476 2045; x_wconf 67' lang='lat' dir='ltr'><strong>bella</strong></span> <span class='ocrx_word' id='word_1_706' title='bbox 3506 1988 3606 2044; x_wconf 79' lang='lat' dir='ltr'><strong>fuit</strong></span> <span class='ocrx_word' id='word_1_707' title='bbox 3633 1988 3741 2043; x_wconf 83' lang='lat' dir='ltr'><strong>vo-</strong></span> 
     </span>
    </p>
   </div>
   <div class='ocr_carea' id='block_1_91' title="bbox 2140 2058 3740 2131">
    <p class='ocr_par' dir='ltr' id='par_1_91' title="bbox 2140 2058 3740 2131">
     <span class='ocr_line' id='line_1_91' title="bbox 2140 2058 3740 2131; baseline 0.001 -18"><span class='ocrx_word' id='word_1_708' title='bbox 2140 2058 2329 2131; x_wconf 86' lang='lat' dir='ltr'><strong>luntas</strong></span> <span class='ocrx_word' id='word_1_709' title='bbox 2361 2058 2512 2114; x_wconf 85' lang='lat' dir='ltr'><strong>Pauli</strong></span> <span class='ocrx_word' id='word_1_710' title='bbox 2548 2058 2814 2127; x_wconf 80' lang='lat' dir='ltr'><strong>apostoli,</strong></span> <span class='ocrx_word' id='word_1_711' title='bbox 2863 2073 2968 2130; x_wconf 89' lang='lat' dir='ltr'><strong>qua</strong></span> <span class='ocrx_word' id='word_1_712' title='bbox 3009 2063 3169 2115; x_wconf 89' lang='lat' dir='ltr'><strong>tertio</strong></span> <span class='ocrx_word' id='word_1_713' title='bbox 3201 2061 3482 2116; x_wconf 88' lang='lat' dir='ltr'><strong>Dominum</strong></span> <span class='ocrx_word' id='word_1_714' title='bbox 3515 2063 3740 2131; x_wconf 73' lang='lat' dir='ltr'><strong>rogavit</strong></span> 
     </span>
    </p>
   </div>
   <div class='ocr_carea' id='block_1_92' title="bbox 2142 2130 3746 2201">
    <p class='ocr_par' dir='ltr' id='par_1_92' title="bbox 2142 2130 3746 2201">
     <span class='ocr_line' id='line_1_92' title="bbox 2142 2130 3746 2201; baseline 0.001 -17"><span class='ocrx_word' id='word_1_715' title='bbox 2142 2139 2199 2185; x_wconf 94' lang='lat' dir='ltr'><strong>ut</strong></span> <span class='ocrx_word' id='word_1_716' title='bbox 2240 2130 2543 2186; x_wconf 84' lang='lat' dir='ltr'><strong>auferretur</strong></span> <span class='ocrx_word' id='word_1_717' title='bbox 2585 2147 2615 2185; x_wconf 91' lang='lat' dir='ltr'><strong>a</strong></span> <span class='ocrx_word' id='word_1_718' title='bbox 2661 2147 2723 2186; x_wconf 89' lang='lat' dir='ltr'><strong>se</strong></span> <span class='ocrx_word' id='word_1_719' title='bbox 2767 2131 3017 2186; x_wconf 88' lang='lat' dir='ltr'><strong>stimulus</strong></span> <span class='ocrx_word' id='word_1_720' title='bbox 3063 2132 3244 2187; x_wconf 89' lang='lat' dir='ltr'><strong>carnis</strong></span> <span class='ocrx_word' id='word_1_721' title='bbox 3301 2132 3390 2201; x_wconf 91' lang='lat' dir='ltr'><strong>qui</strong></span> <span class='ocrx_word' id='word_1_722' title='bbox 3431 2146 3552 2186; x_wconf 90' lang='lat' dir='ltr'><strong>eum</strong></span> <span class='ocrx_word' id='word_1_723' title='bbox 3584 2130 3746 2186; x_wconf 78' lang='lat' dir='ltr'><strong>eola—</strong></span> 
     </span>
    </p>
   </div>
   <div class='ocr_carea' id='block_1_93' title="bbox 2141 2202 3743 2271">
    <p class='ocr_par' dir='ltr' id='par_1_93' title="bbox 2141 2202 3743 2271">
     <span class='ocr_line' id='line_1_93' title="bbox 2141 2202 3743 2271; baseline 0.005 -18"><span class='ocrx_word' id='word_1_724' title='bbox 2141 2202 2422 2271; x_wconf 83' lang='lat' dir='ltr'><strong>phizahat;</strong></span> <span class='ocrx_word' id='word_1_725' title='bbox 2454 2213 2508 2256; x_wconf 85' lang='lat' dir='ltr'><strong>et</strong></span> <span class='ocrx_word' id='word_1_726' title='bbox 2559 2202 2660 2257; x_wconf 91' lang='lat' dir='ltr'><strong>hoc</strong></span> <span class='ocrx_word' id='word_1_727' title='bbox 2703 2211 2879 2257; x_wconf 82' lang='lat' dir='ltr'><strong>tamen</strong></span> <span class='ocrx_word' id='word_1_728' title='bbox 2934 2217 3038 2256; x_wconf 88' lang='lat' dir='ltr'><strong>non</strong></span> <span class='ocrx_word' id='word_1_729' title='bbox 3086 2202 3341 2270; x_wconf 76' lang='lat' dir='ltr'><strong>obtinuit,</strong></span> <span class='ocrx_word' id='word_1_730' title='bbox 3372 2202 3586 2257; x_wconf 87' lang='lat' dir='ltr'><strong>dicente</strong></span> <span class='ocrx_word' id='word_1_731' title='bbox 3625 2204 3743 2261; x_wconf 89' lang='lat' dir='ltr'><strong>Do-</strong></span> 
     </span>
    </p>
   </div>
   <div class='ocr_carea' id='block_1_94' title="bbox 2141 2272 3396 2345">
    <p class='ocr_par' dir='ltr' id='par_1_94' title="bbox 2141 2272 3396 2345">
     <span class='ocr_line' id='line_1_94' title="bbox 2141 2272 3396 2345; baseline 0.001 -19"><span class='ocrx_word' id='word_1_732' title='bbox 2141 2274 2329 2345; x_wconf 77' lang='lat' dir='ltr'><strong>mino:</strong></span> <span class='ocrx_word' id='word_1_733' title='bbox 2364 2273 2561 2342; x_wconf 78' lang='lat' dir='ltr'><strong>Sufﬁcit</strong></span> <span class='ocrx_word' id='word_1_734' title='bbox 2589 2273 2681 2326; x_wconf 86' lang='lat' dir='ltr'><strong>tibi</strong></span> <span class='ocrx_word' id='word_1_735' title='bbox 2709 2274 2875 2345; x_wconf 78' lang='lat' dir='ltr'><strong>gratia</strong></span> <span class='ocrx_word' id='word_1_736' title='bbox 2897 2291 3006 2326; x_wconf 89' lang='lat' dir='ltr'><strong>mea</strong></span> <span class='ocrx_word' id='word_1_737' title='bbox 3030 2272 3099 2342; x_wconf 88' lang='lat' dir='ltr'><strong>(ll</strong></span> <span class='ocrx_word' id='word_1_738' title='bbox 3127 2274 3246 2330; x_wconf 87' lang='lat' dir='ltr'><strong>Cor.</strong></span> <span class='ocrx_word' id='word_1_739' title='bbox 3278 2274 3396 2342; x_wconf 85' lang='lat' dir='ltr'><strong>xtt).</strong></span> 
     </span>
    </p>
   </div>
   <div class='ocr_carea' id='block_1_95' title="bbox 2216 2344 3742 2416">
    <p class='ocr_par' dir='ltr' id='par_1_95' title="bbox 2216 2344 3742 2416">
     <span class='ocr_line' id='line_1_95' title="bbox 2216 2344 3742 2416; baseline 0.001 -18"><span class='ocrx_word' id='word_1_740' title='bbox 2216 2354 2239 2382; x_wconf 73' lang='grc' dir='ltr'><strong>ε</strong></span> <span class='ocrx_word' id='word_1_741' title='bbox 2282 2344 2679 2399; x_wconf 76' lang='lat' dir='ltr'><strong>Releltitetiam</strong></span> <span class='ocrx_word' id='word_1_742' title='bbox 2709 2344 2769 2398; x_wconf 83' lang='grc' dir='ltr'><strong>ἰ).</strong></span> <span class='ocrx_word' id='word_1_743' title='bbox 2804 2344 3037 2413; x_wconf 88' lang='lat' dir='ltr'><strong>Prosper</strong></span> <span class='ocrx_word' id='word_1_744' title='bbox 3060 2347 3197 2399; x_wconf 87' lang='lat' dir='ltr'><strong>hanc</strong></span> <span class='ocrx_word' id='word_1_745' title='bbox 3226 2345 3582 2411; x_wconf 79' lang='lat' dir='ltr'><strong>sententiam;</strong></span> <span class='ocrx_word' id='word_1_746' title='bbox 3608 2360 3742 2416; x_wconf 69' lang='lat' dir='ltr'><strong>qua:</strong></span> 
     </span>
    </p>
   </div>
   <div class='ocr_carea' id='block_1_96' title="bbox 2143 2415 3742 2485">
    <p class='ocr_par' dir='ltr' id='par_1_96' title="bbox 2143 2415 3742 2485">
     <span class='ocr_line' id='line_1_96' title="bbox 2143 2415 3742 2485; baseline 0.003 -17"><span class='ocrx_word' id='word_1_747' title='bbox 2143 2421 2320 2470; x_wconf 89' lang='lat' dir='ltr'><strong>tamen</strong></span> <span class='ocrx_word' id='word_1_748' title='bbox 2350 2431 2380 2469; x_wconf 89' lang='lat' dir='ltr'><strong>a</strong></span> <span class='ocrx_word' id='word_1_749' title='bbox 2409 2415 2507 2471; x_wconf 90' lang='lat' dir='ltr'><strong>SS.</strong></span> <span class='ocrx_word' id='word_1_750' title='bbox 2542 2415 2796 2471; x_wconf 84' lang='lat' dir='ltr'><strong>Patribus</strong></span> <span class='ocrx_word' id='word_1_751' title='bbox 2836 2430 2941 2470; x_wconf 91' lang='lat' dir='ltr'><strong>non</strong></span> <span class='ocrx_word' id='word_1_752' title='bbox 2989 2431 3111 2471; x_wconf 89' lang='lat' dir='ltr'><strong>raro</strong></span> <span class='ocrx_word' id='word_1_753' title='bbox 3157 2427 3466 2485; x_wconf 85' lang='lat' dir='ltr'><strong>usurpatur.</strong></span> <span class='ocrx_word' id='word_1_754' title='bbox 3496 2418 3591 2471; x_wconf 87' lang='lat' dir='ltr'><strong>sed</strong></span> <span class='ocrx_word' id='word_1_755' title='bbox 3623 2415 3742 2473; x_wconf 82' lang='lat' dir='ltr'><strong>alio</strong></span> 
     </span>
    </p>
   </div>
   <div class='ocr_carea' id='block_1_97' title="bbox 2141 2486 3737 2544">
    <p class='ocr_par' dir='ltr' id='par_1_97' title="bbox 2141 2486 3737 2544">
     <span class='ocr_line' id='line_1_97' title="bbox 2141 2486 3737 2544; baseline 0.002 -4"><span class='ocrx_word' id='word_1_756' title='bbox 2141 2500 2326 2540; x_wconf 82' lang='lat' dir='ltr'><strong>sensu.</strong></span> <span class='ocrx_word' id='word_1_757' title='bbox 2360 2486 2491 2541; x_wconf 79' lang='lat' dir='ltr'><strong>Nam</strong></span> <span class='ocrx_word' id='word_1_758' title='bbox 2521 2488 2775 2541; x_wconf 89' lang='lat' dir='ltr'><strong>virtutum</strong></span> <span class='ocrx_word' id='word_1_759' title='bbox 2800 2487 3002 2541; x_wconf 90' lang='lat' dir='ltr'><strong>semina</strong></span> <span class='ocrx_word' id='word_1_760' title='bbox 3037 2487 3190 2544; x_wconf 89' lang='lat' dir='ltr'><strong>nobis</strong></span> <span class='ocrx_word' id='word_1_761' title='bbox 3219 2488 3537 2543; x_wconf 83' lang='lat' dir='ltr'><strong>naturaliter</strong></span> <span class='ocrx_word' id='word_1_762' title='bbox 3565 2489 3737 2543; x_wconf 84' lang='lat' dir='ltr'><strong>insita</strong></span> 
     </span>
    </p>
   </div>
   <div class='ocr_carea' id='block_1_98' title="bbox 2141 2556 3739 2630">
    <p class='ocr_par' dir='ltr' id='par_1_98' title="bbox 2141 2556 3739 2630">
     <span class='ocr_line' id='line_1_98' title="bbox 2141 2556 3739 2630; baseline 0.003 -20"><span class='ocrx_word' id='word_1_763' title='bbox 2141 2556 2445 2630; x_wconf 80' lang='lat' dir='ltr'><strong>sigttilicare</strong></span> <span class='ocrx_word' id='word_1_764' title='bbox 2482 2559 2734 2612; x_wconf 87' lang='lat' dir='ltr'><strong>videntur</strong></span> <span class='ocrx_word' id='word_1_765' title='bbox 2773 2558 2829 2613; x_wconf 91' lang='lat' dir='ltr'><strong>S.</strong></span> <span class='ocrx_word' id='word_1_766' title='bbox 2880 2561 3143 2630; x_wconf 84' lang='lat' dir='ltr'><strong>Antonius</strong></span> <span class='ocrx_word' id='word_1_767' title='bbox 3185 2557 3739 2630; x_wconf 64' lang='lat' dir='ltr'><strong>apudAthanasium</strong></span> 
     </span>
    </p>
   </div>
   <div class='ocr_carea' id='block_1_99' title="bbox 2141 2627 3740 2701">
    <p class='ocr_par' dir='ltr' id='par_1_99' title="bbox 2141 2627 3740 2701">
     <span class='ocr_line' id='line_1_99' title="bbox 2141 2627 3740 2701; baseline 0.003 -20"><span class='ocrx_word' id='word_1_768' title='bbox 2141 2627 2234 2701; x_wconf 78' lang='lat' dir='ltr'><strong>(In</strong></span> <span class='ocrx_word' id='word_1_769' title='bbox 2271 2628 2477 2701; x_wconf 78' lang='lat' dir='ltr'><strong>Vitas.</strong></span> <span class='ocrx_word' id='word_1_770' title='bbox 2511 2631 2743 2701; x_wconf 83' lang='lat' dir='ltr'><strong>Antonii)</strong></span> <span class='ocrx_word' id='word_1_771' title='bbox 2781 2631 2833 2683; x_wconf 88' lang='lat' dir='ltr'><strong>in</strong></span> <span class='ocrx_word' id='word_1_772' title='bbox 2873 2627 3252 2701; x_wconf 71' lang='lat' dir='ltr'><strong>exhortatione</strong></span> <span class='ocrx_word' id='word_1_773' title='bbox 3290 2629 3358 2684; x_wconf 84' lang='lat' dir='ltr'><strong>ad</strong></span> <span class='ocrx_word' id='word_1_774' title='bbox 3390 2629 3583 2701; x_wconf 64' lang='lat' dir='ltr'><strong>fratres</strong></span> <span class='ocrx_word' id='word_1_775' title='bbox 3626 2630 3740 2701; x_wconf 13' lang='lat' dir='ltr'><strong>iba-</strong></span> 
     </span>
    </p>
   </div>
   <div class='ocr_carea' id='block_1_100' title="bbox 2141 2698 3739 2764">
    <p class='ocr_par' dir='ltr' id='par_1_100' title="bbox 2141 2698 3739 2764">
     <span class='ocr_line' id='line_1_100' title="bbox 2141 2698 3739 2764; baseline 0.001 -10"><span class='ocrx_word' id='word_1_776' title='bbox 2141 2698 2271 2764; x_wconf 87' lang='lat' dir='ltr'><strong>bita,</strong></span> <span class='ocrx_word' id='word_1_777' title='bbox 2304 2710 2357 2755; x_wconf 87' lang='lat' dir='ltr'><strong>et</strong></span> <span class='ocrx_word' id='word_1_778' title='bbox 2387 2700 2617 2755; x_wconf 82' lang='lat' dir='ltr'><strong>Basilius</strong></span> <span class='ocrx_word' id='word_1_779' title='bbox 2654 2698 2840 2754; x_wconf 86' lang='lat' dir='ltr'><strong>homil.</strong></span> <span class='ocrx_word' id='word_1_780' title='bbox 2872 2701 2906 2755; x_wconf 87' lang='lat'><strong>9</strong></span> <span class='ocrx_word' id='word_1_781' title='bbox 2937 2702 2989 2755; x_wconf 92' lang='lat' dir='ltr'><strong>in</strong></span> <span class='ocrx_word' id='word_1_782' title='bbox 3025 2700 3426 2764; x_wconf 80' lang='lat' dir='ltr'><strong>Hexaemeron,</strong></span> <span class='ocrx_word' id='word_1_783' title='bbox 3453 2700 3586 2755; x_wconf 90' lang='lat' dir='ltr'><strong>etin</strong></span> <span class='ocrx_word' id='word_1_784' title='bbox 3621 2700 3739 2756; x_wconf 80' lang='lat' dir='ltr'><strong>He-</strong></span> 
     </span>
    </p>
   </div>
   <div class='ocr_carea' id='block_1_101' title="bbox 2140 2769 3745 2842">
    <p class='ocr_par' dir='ltr' id='par_1_101' title="bbox 2140 2769 3745 2842">
     <span class='ocr_line' id='line_1_101' title="bbox 2140 2769 3745 2842; baseline 0.001 -18"><span class='ocrx_word' id='word_1_785' title='bbox 2140 2770 2279 2840; x_wconf 87' lang='lat' dir='ltr'><strong>gulis</strong></span> <span class='ocrx_word' id='word_1_786' title='bbox 2307 2769 2477 2825; x_wconf 81' lang='lat' dir='ltr'><strong>fusius</strong></span> <span class='ocrx_word' id='word_1_787' title='bbox 2502 2771 2703 2842; x_wconf 80' lang='lat' dir='ltr'><strong>diSpnt.</strong></span> <span class='ocrx_word' id='word_1_788' title='bbox 2744 2785 2865 2840; x_wconf 89' lang='lat' dir='ltr'><strong>cap.</strong></span> <span class='ocrx_word' id='word_1_789' title='bbox 2897 2771 2952 2828; x_wconf 76' lang='lat'><strong>2.</strong></span> <span class='ocrx_word' id='word_1_790' title='bbox 2999 2771 3254 2826; x_wconf 77' lang='lat' dir='ltr'><strong>Eamdem</strong></span> <span class='ocrx_word' id='word_1_791' title='bbox 3290 2770 3599 2841; x_wconf 83' lang='lat' dir='ltr'><strong>expressius</strong></span> <span class='ocrx_word' id='word_1_792' title='bbox 3637 2772 3745 2826; x_wconf 84' lang='lat' dir='ltr'><strong>ad-</strong></span> 
     </span>
    </p>
   </div>
   <div class='ocr_carea' id='block_1_102' title="bbox 2142 2842 3740 2915">
    <p class='ocr_par' dir='ltr' id='par_1_102' title="bbox 2142 2842 3740 2915">
     <span class='ocr_line' id='line_1_102' title="bbox 2142 2842 3740 2915; baseline 0.001 -20"><span class='ocrx_word' id='word_1_793' title='bbox 2142 2842 2823 2915; x_wconf 35' lang='lat' dir='ltr'><strong>mittuniLCbrysostomus</strong></span> <span class='ocrx_word' id='word_1_794' title='bbox 2865 2842 3053 2915; x_wconf 87' lang='lat' dir='ltr'><strong>homil.</strong></span> <span class='ocrx_word' id='word_1_795' title='bbox 3086 2842 3120 2896; x_wconf 77' lang='grc'><strong>2</strong></span> <span class='ocrx_word' id='word_1_796' title='bbox 3148 2842 3204 2897; x_wconf 93' lang='lat' dir='ltr'><strong>in</strong></span> <span class='ocrx_word' id='word_1_797' title='bbox 3238 2842 3410 2912; x_wconf 85' lang='lat' dir='ltr'><strong>Epist.</strong></span> <span class='ocrx_word' id='word_1_798' title='bbox 3439 2842 3507 2915; x_wconf 82' lang='lat' dir='ltr'><strong>ad</strong></span> <span class='ocrx_word' id='word_1_799' title='bbox 3550 2842 3740 2915; x_wconf 77' lang='lat' dir='ltr'><strong>Ephe-</strong></span> 
     </span>
    </p>
   </div>
   <div class='ocr_carea' id='block_1_103' title="bbox 2141 2911 3743 2985">
    <p class='ocr_par' dir='ltr' id='par_1_103' title="bbox 2141 2911 3743 2985">
     <span class='ocr_line' id='line_1_103' title="bbox 2141 2911 3743 2985; baseline 0.001 -18"><span class='ocrx_word' id='word_1_800' title='bbox 2141 2913 2292 2985; x_wconf 73' lang='lat' dir='ltr'><strong>sios:</strong></span> <span class='ocrx_word' id='word_1_801' title='bbox 2333 2911 2528 2973; x_wconf 43' lang='lat' dir='ltr'><strong>Videsf</strong></span> <span class='ocrx_word' id='word_1_802' title='bbox 2557 2915 2753 2984; x_wconf 87' lang='lat' dir='ltr'><strong>inquit,</strong></span> <span class='ocrx_word' id='word_1_803' title='bbox 2795 2915 2934 2985; x_wconf 79' lang='lat' dir='ltr'><strong>quod</strong></span> <span class='ocrx_word' id='word_1_804' title='bbox 2980 2914 3043 2967; x_wconf 90' lang='lat' dir='ltr'><strong>ab</strong></span> <span class='ocrx_word' id='word_1_805' title='bbox 3089 2915 3203 2985; x_wconf 85' lang='lat' dir='ltr'><strong>ipsa</strong></span> <span class='ocrx_word' id='word_1_806' title='bbox 3252 2911 3440 2967; x_wconf 86' lang='lat' dir='ltr'><strong>natura</strong></span> <span class='ocrx_word' id='word_1_807' title='bbox 3486 2911 3743 2969; x_wconf 81' lang='lat' dir='ltr'><strong>habemus</strong></span> 
     </span>
    </p>
   </div>
   <div class='ocr_carea' id='block_1_104' title="bbox 2139 2982 3737 3053">
    <p class='ocr_par' dir='ltr' id='par_1_104' title="bbox 2139 2982 3737 3053">
     <span class='ocr_line' id='line_1_104' title="bbox 2139 2982 3737 3053; baseline 0 -16"><span class='ocrx_word' id='word_1_808' title='bbox 2139 2983 2307 3037; x_wconf 85' lang='lat' dir='ltr'><strong>indita</strong></span> <span class='ocrx_word' id='word_1_809' title='bbox 2335 2986 2402 3037; x_wconf 86' lang='lat' dir='ltr'><strong>ad</strong></span> <span class='ocrx_word' id='word_1_810' title='bbox 2429 2982 2665 3039; x_wconf 83' lang='lat' dir='ltr'><strong>virtutem</strong></span> <span class='ocrx_word' id='word_1_811' title='bbox 2703 2982 3017 3048; x_wconf 72' lang='lat' dir='ltr'><strong>seminaria;</strong></span> <span class='ocrx_word' id='word_1_812' title='bbox 3046 2982 3162 3053; x_wconf 69' lang='lat' dir='ltr'><strong>qua:</strong></span> <span class='ocrx_word' id='word_1_813' title='bbox 3200 3001 3317 3038; x_wconf 88' lang='lat' dir='ltr'><strong>vero</strong></span> <span class='ocrx_word' id='word_1_814' title='bbox 3349 2985 3555 3039; x_wconf 77' lang='lat' dir='ltr'><strong>malitite</strong></span> <span class='ocrx_word' id='word_1_815' title='bbox 3582 2995 3737 3049; x_wconf 82' lang='lat' dir='ltr'><strong>sunt,</strong></span> 
     </span>
    </p>
   </div>
   <div class='ocr_carea' id='block_1_105' title="bbox 2180 3053 3744 3126">
    <p class='ocr_par' dir='ltr' id='par_1_105' title="bbox 2180 3053 3744 3126">
     <span class='ocr_line' id='line_1_105' title="bbox 2180 3053 3744 3126; baseline 0.003 -21"><span class='ocrx_word' id='word_1_816' title='bbox 2180 3064 2329 3109; x_wconf 80' lang='lat' dir='ltr'><strong>rteter</strong></span> <span class='ocrx_word' id='word_1_817' title='bbox 2361 3066 2604 3126; x_wconf 88' lang='lat' dir='ltr'><strong>naturam</strong></span> <span class='ocrx_word' id='word_1_818' title='bbox 2640 3067 2780 3110; x_wconf 88' lang='lat' dir='ltr'><strong>sunt.</strong></span> <span class='ocrx_word' id='word_1_819' title='bbox 2825 3055 3187 3126; x_wconf 78' lang='lat' dir='ltr'><strong>Hieronymus</strong></span> <span class='ocrx_word' id='word_1_820' title='bbox 3226 3055 3281 3126; x_wconf 85' lang='lat' dir='ltr'><strong>in</strong></span> <span class='ocrx_word' id='word_1_821' title='bbox 3322 3069 3441 3122; x_wconf 87' lang='lat' dir='ltr'><strong>cap.</strong></span> <span class='ocrx_word' id='word_1_822' title='bbox 3472 3070 3487 3109; x_wconf 88' lang='grc' dir='ltr'><strong>ι</strong></span> <span class='ocrx_word' id='word_1_823' title='bbox 3516 3055 3581 3126; x_wconf 74' lang='lat' dir='ltr'><strong>ad</strong></span> <span class='ocrx_word' id='word_1_824' title='bbox 3624 3053 3744 3109; x_wconf 84' lang='lat' dir='ltr'><strong>Ga-</strong></span> 
     </span>
    </p>
   </div>
   <div class='ocr_carea' id='block_1_106' title="bbox 2165 3124 3739 3196">
    <p class='ocr_par' dir='ltr' id='par_1_106' title="bbox 2165 3124 3739 3196">
     <span class='ocr_line' id='line_1_106' title="bbox 2165 3124 3739 3196; baseline 0.001 -18"><span class='ocrx_word' id='word_1_825' title='bbox 2165 3137 2282 3180; x_wconf 90' lang='lat' dir='ltr'><strong>atas</strong></span> <span class='ocrx_word' id='word_1_826' title='bbox 2306 3143 2320 3180; x_wconf 88' lang='lat'><strong>:</strong></span> <span class='ocrx_word' id='word_1_827' title='bbox 2348 3125 2518 3190; x_wconf 76' lang='lat' dir='ltr'><strong>Multi,</strong></span> <span class='ocrx_word' id='word_1_828' title='bbox 2548 3129 2738 3191; x_wconf 85' lang='lat' dir='ltr'><strong>inquit,</strong></span> <span class='ocrx_word' id='word_1_829' title='bbox 2759 3128 2947 3195; x_wconf 82' lang='lat' dir='ltr'><strong>absque</strong></span> <span class='ocrx_word' id='word_1_830' title='bbox 2970 3124 3093 3196; x_wconf 81' lang='lat' dir='ltr'><strong>ﬁde,</strong></span> <span class='ocrx_word' id='word_1_831' title='bbox 3115 3128 3192 3180; x_wconf 90' lang='lat' dir='ltr'><strong>vel</strong></span> <span class='ocrx_word' id='word_1_832' title='bbox 3214 3125 3492 3196; x_wconf 86' lang='lat' dir='ltr'><strong>Evangelia</strong></span> <span class='ocrx_word' id='word_1_833' title='bbox 3512 3124 3739 3190; x_wconf 86' lang='lat' dir='ltr'><strong>Christi,</strong></span> 
     </span>
    </p>
   </div>
   <div class='ocr_carea' id='block_1_107' title="bbox 2142 3195 3742 3268">
    <p class='ocr_par' dir='ltr' id='par_1_107' title="bbox 2142 3195 3742 3268">
     <span class='ocr_line' id='line_1_107' title="bbox 2142 3195 3742 3268; baseline 0 -16"><span class='ocrx_word' id='word_1_834' title='bbox 2142 3197 2221 3252; x_wconf 86' lang='lat' dir='ltr'><strong>vel</strong></span> <span class='ocrx_word' id='word_1_835' title='bbox 2248 3198 2503 3267; x_wconf 87' lang='lat' dir='ltr'><strong>sapienter</strong></span> <span class='ocrx_word' id='word_1_836' title='bbox 2547 3200 2742 3267; x_wconf 80' lang='lat' dir='ltr'><strong>faciunt</strong></span> <span class='ocrx_word' id='word_1_837' title='bbox 2781 3195 2979 3268; x_wconf 83' lang='lat' dir='ltr'><strong>aliqua,</strong></span> <span class='ocrx_word' id='word_1_838' title='bbox 3009 3197 3085 3252; x_wconf 90' lang='lat' dir='ltr'><strong>vel</strong></span> <span class='ocrx_word' id='word_1_839' title='bbox 3122 3207 3317 3264; x_wconf 83' lang='lat' dir='ltr'><strong>sancte,</strong></span> <span class='ocrx_word' id='word_1_840' title='bbox 3350 3208 3405 3249; x_wconf 87' lang='lat' dir='ltr'><strong>ut</strong></span> <span class='ocrx_word' id='word_1_841' title='bbox 3439 3195 3742 3264; x_wconf 84' lang='lat' dir='ltr'><strong>parentibus</strong></span> 
     </span>
    </p>
   </div>
   <div class='ocr_carea' id='block_1_108' title="bbox 2145 3268 3745 3341">
    <p class='ocr_par' dir='ltr' id='par_1_108' title="bbox 2145 3268 3745 3341">
     <span class='ocr_line' id='line_1_108' title="bbox 2145 3268 3745 3341; baseline -0.003 -18"><span class='ocrx_word' id='word_1_842' title='bbox 2145 3270 2507 3339; x_wconf 86' lang='lat' dir='ltr'><strong>obsequantur,</strong></span> <span class='ocrx_word' id='word_1_843' title='bbox 2548 3278 2605 3323; x_wconf 89' lang='lat' dir='ltr'><strong>ut</strong></span> <span class='ocrx_word' id='word_1_844' title='bbox 2652 3270 2793 3341; x_wconf 87' lang='lat' dir='ltr'><strong>inapi</strong></span> <span class='ocrx_word' id='word_1_845' title='bbox 2835 3268 3373 3341; x_wconf 13' lang='lat' dir='ltr'><strong>manumiporrigant,</strong></span> <span class='ocrx_word' id='word_1_846' title='bbox 3411 3283 3511 3320; x_wconf 89' lang='lat' dir='ltr'><strong>non</strong></span> <span class='ocrx_word' id='word_1_847' title='bbox 3557 3270 3745 3341; x_wconf 40' lang='lat' dir='ltr'><strong>cppri:</strong></span> 
     </span>
    </p>
   </div>
   <div class='ocr_carea' id='block_1_109' title="bbox 2144 3337 3741 3411">
    <p class='ocr_par' dir='ltr' id='par_1_109' title="bbox 2144 3337 3741 3411">
     <span class='ocr_line' id='line_1_109' title="bbox 2144 3337 3741 3411; baseline -0.001 -19"><span class='ocrx_word' id='word_1_848' title='bbox 2144 3337 2285 3392; x_wconf 76' lang='lat' dir='ltr'><strong>mani</strong></span> <span class='ocrx_word' id='word_1_849' title='bbox 2317 3342 2527 3401; x_wconf 84' lang='lat' dir='ltr'><strong>vicinos,</strong></span> <span class='ocrx_word' id='word_1_850' title='bbox 2559 3337 2872 3394; x_wconf 53' lang='lat' dir='ltr'><strong>aliena&#39;non</strong></span> <span class='ocrx_word' id='word_1_851' title='bbox 2911 3339 3188 3411; x_wconf 80' lang='lat' dir='ltr'><strong>diripiant,</strong></span> <span class='ocrx_word' id='word_1_852' title='bbox 3228 3337 3490 3411; x_wconf 84' lang='lat' dir='ltr'><strong>magisque</strong></span> <span class='ocrx_word' id='word_1_853' title='bbox 3519 3337 3741 3411; x_wconf 78' lang='lat' dir='ltr'><strong>obnoxii</strong></span> 
     </span>
    </p>
   </div>
   <div class='ocr_carea' id='block_1_110' title="bbox 2142 3409 3743 3483">
    <p class='ocr_par' dir='ltr' id='par_1_110' title="bbox 2142 3409 3743 3483">
     <span class='ocr_line' id='line_1_110' title="bbox 2142 3409 3743 3483; baseline -0.001 -19"><span class='ocrx_word' id='word_1_854' title='bbox 2142 3411 2333 3483; x_wconf 89' lang='lat' dir='ltr'><strong>idcirco</strong></span> <span class='ocrx_word' id='word_1_855' title='bbox 2353 3412 2558 3483; x_wconf 84' lang='lat' dir='ltr'><strong>judicio</strong></span> <span class='ocrx_word' id='word_1_856' title='bbox 2590 3411 2683 3466; x_wconf 88' lang='lat' dir='ltr'><strong>Dei</strong></span> <span class='ocrx_word' id='word_1_857' title='bbox 2713 3413 2858 3477; x_wconf 73' lang='lat' dir='ltr'><strong>fiant,</strong></span> <span class='ocrx_word' id='word_1_858' title='bbox 2889 3410 3025 3480; x_wconf 87' lang='lat' dir='ltr'><strong>quod</strong></span> <span class='ocrx_word' id='word_1_859' title='bbox 3054 3409 3365 3483; x_wconf 85' lang='lat' dir='ltr'><strong>habentes_in</strong></span> <span class='ocrx_word' id='word_1_860' title='bbox 3387 3425 3441 3463; x_wconf 87' lang='lat' dir='ltr'><strong>se</strong></span> <span class='ocrx_word' id='word_1_861' title='bbox 3474 3409 3743 3483; x_wconf 80' lang='lat' dir='ltr'><strong>principia</strong></span> 
     </span>
    </p>
   </div>
   <div class='ocr_carea' id='block_1_111' title="bbox 2144 3480 3745 3546">
    <p class='ocr_par' dir='ltr' id='par_1_111' title="bbox 2144 3480 3745 3546">
     <span class='ocr_line' id='line_1_111' title="bbox 2144 3480 3745 3546; baseline -0.001 -11"><span class='ocrx_word' id='word_1_862' title='bbox 2144 3480 2402 3545; x_wconf 83' lang='lat' dir='ltr'><strong>virtutum,</strong></span> <span class='ocrx_word' id='word_1_863' title='bbox 2432 3493 2476 3535; x_wconf 91' lang='lat' dir='ltr'><strong>et</strong></span> <span class='ocrx_word' id='word_1_864' title='bbox 2519 3481 2615 3536; x_wconf 75' lang='grc' dir='ltr'><strong>ι)ρὶ</strong></span> <span class='ocrx_word' id='word_1_865' title='bbox 2644 3483 2856 3541; x_wconf 81' lang='lat' dir='ltr'><strong>semina.</strong></span> <span class='ocrx_word' id='word_1_866' title='bbox 2888 3497 2994 3534; x_wconf 87' lang='lat' dir='ltr'><strong>non</strong></span> <span class='ocrx_word' id='word_1_867' title='bbox 3032 3482 3243 3535; x_wconf 89' lang='lat' dir='ltr'><strong>credunt</strong></span> <span class='ocrx_word' id='word_1_868' title='bbox 3289 3480 3343 3532; x_wconf 88' lang='lat' dir='ltr'><strong>in</strong></span> <span class='ocrx_word' id='word_1_869' title='bbox 3381 3496 3438 3533; x_wconf 91' lang='lat' dir='ltr'><strong>eo</strong></span> <span class='ocrx_word' id='word_1_870' title='bbox 3481 3480 3591 3534; x_wconf 88' lang='lat' dir='ltr'><strong>sine</strong></span> <span class='ocrx_word' id='word_1_871' title='bbox 3632 3496 3745 3546; x_wconf 82' lang='lat' dir='ltr'><strong>quo</strong></span> 
     </span>
    </p>
   </div>
   <div class='ocr_carea' id='block_1_112' title="bbox 2145 3548 3741 3623">
    <p class='ocr_par' dir='ltr' id='par_1_112' title="bbox 2145 3548 3741 3623">
     <span class='ocr_line' id='line_1_112' title="bbox 2145 3548 3741 3623; baseline -0.002 -16"><span class='ocrx_word' id='word_1_872' title='bbox 2145 3568 2252 3607; x_wconf 90' lang='lat' dir='ltr'><strong>esse</strong></span> <span class='ocrx_word' id='word_1_873' title='bbox 2296 3570 2399 3623; x_wconf 90' lang='lat' dir='ltr'><strong>non</strong></span> <span class='ocrx_word' id='word_1_874' title='bbox 2445 3563 2677 3623; x_wconf 68' lang='lat' dir='ltr'><strong>possunt.</strong></span> <span class='ocrx_word' id='word_1_875' title='bbox 2728 3552 3090 3606; x_wconf 88' lang='lat' dir='ltr'><strong>Damascenus</strong></span> <span class='ocrx_word' id='word_1_876' title='bbox 3122 3551 3213 3607; x_wconf 89' lang='lat' dir='ltr'><strong>lib.</strong></span> <span class='ocrx_word' id='word_1_877' title='bbox 3246 3565 3306 3605; x_wconf 84' lang='grc' dir='ltr'><strong>ιιι</strong></span> <span class='ocrx_word' id='word_1_878' title='bbox 3347 3549 3573 3623; x_wconf 78' lang='lat' dir='ltr'><strong>Orthod.</strong></span> <span class='ocrx_word' id='word_1_879' title='bbox 3607 3548 3741 3604; x_wconf 80' lang='lat' dir='ltr'><strong>Fid.</strong></span> 
     </span>
    </p>
   </div>
   <div class='ocr_carea' id='block_1_113' title="bbox 2145 3621 3746 3693">
    <p class='ocr_par' dir='ltr' id='par_1_113' title="bbox 2145 3621 3746 3693">
     <span class='ocr_line' id='line_1_113' title="bbox 2145 3621 3746 3693; baseline -0.001 -16"><span class='ocrx_word' id='word_1_880' title='bbox 2145 3637 2263 3693; x_wconf 85' lang='lat' dir='ltr'><strong>cap.</strong></span> <span class='ocrx_word' id='word_1_881' title='bbox 2314 3622 2379 3678; x_wconf 73' lang='lat' dir='ltr'><strong>M</strong></span> <span class='ocrx_word' id='word_1_882' title='bbox 2410 3621 2738 3678; x_wconf 49' lang='lat' dir='ltr'><strong>{Naturales</strong></span> <span class='ocrx_word' id='word_1_883' title='bbox 2776 3633 2894 3677; x_wconf 89' lang='lat' dir='ltr'><strong>sunt</strong></span> <span class='ocrx_word' id='word_1_884' title='bbox 2940 3624 3174 3685; x_wconf 88' lang='lat' dir='ltr'><strong>virtutes,</strong></span> <span class='ocrx_word' id='word_1_885' title='bbox 3209 3632 3255 3676; x_wconf 91' lang='lat' dir='ltr'><strong>et</strong></span> <span class='ocrx_word' id='word_1_886' title='bbox 3298 3621 3627 3685; x_wconf 85' lang='lat' dir='ltr'><strong>naturaliter,</strong></span> <span class='ocrx_word' id='word_1_887' title='bbox 3681 3631 3746 3676; x_wconf 80' lang='lat' dir='ltr'><strong>et</strong></span> 
     </span>
    </p>
   </div>
   <div class='ocr_carea' id='block_1_114' title="bbox 2145 3695 3745 3763">
    <p class='ocr_par' dir='ltr' id='par_1_114' title="bbox 2145 3695 3745 3763">
     <span class='ocr_line' id='line_1_114' title="bbox 2145 3695 3745 3763; baseline -0.003 -14"><span class='ocrx_word' id='word_1_888' title='bbox 2145 3709 2286 3763; x_wconf 69' lang='lat' dir='ltr'><strong>teque</strong></span> <span class='ocrx_word' id='word_1_889' title='bbox 2306 3696 2360 3747; x_wconf 94' lang='lat' dir='ltr'><strong>in</strong></span> <span class='ocrx_word' id='word_1_890' title='bbox 2383 3696 2614 3749; x_wconf 85' lang='lat' dir='ltr'><strong>omnibus</strong></span> <span class='ocrx_word' id='word_1_891' title='bbox 2639 3697 2833 3756; x_wconf 86' lang='lat' dir='ltr'><strong>insunt,</strong></span> <span class='ocrx_word' id='word_1_892' title='bbox 2860 3695 2952 3747; x_wconf 88' lang='lat' dir='ltr'><strong>etsi</strong></span> <span class='ocrx_word' id='word_1_893' title='bbox 2978 3709 3077 3746; x_wconf 85' lang='lat' dir='ltr'><strong>non</strong></span> <span class='ocrx_word' id='word_1_894' title='bbox 3100 3708 3273 3747; x_wconf 91' lang='lat' dir='ltr'><strong>omnes</strong></span> <span class='ocrx_word' id='word_1_895' title='bbox 3296 3707 3745 3763; x_wconf 77' lang='lat' dir='ltr'><strong>tequeoperemstr</strong></span> 
     </span>
    </p>
   </div>
   <div class='ocr_carea' id='block_1_115' title="bbox 2146 3761 3747 3832">
    <p class='ocr_par' dir='ltr' id='par_1_115' title="bbox 2146 3761 3747 3832">
     <span class='ocr_line' id='line_1_115' title="bbox 2146 3761 3747 3832; baseline 0.001 -15"><span class='ocrx_word' id='word_1_896' title='bbox 2146 3761 2209 3818; x_wconf 87' lang='lat' dir='ltr'><strong>ea</strong></span> <span class='ocrx_word' id='word_1_897' title='bbox 2249 3782 2364 3832; x_wconf 74' lang='lat' dir='ltr'><strong>qua:</strong></span> <span class='ocrx_word' id='word_1_898' title='bbox 2405 3778 2520 3819; x_wconf 88' lang='lat' dir='ltr'><strong>sunt</strong></span> <span class='ocrx_word' id='word_1_899' title='bbox 2563 3776 2782 3819; x_wconf 79' lang='lat' dir='ltr'><strong>naturtv.</strong></span> <span class='ocrx_word' id='word_1_900' title='bbox 2821 3764 3019 3820; x_wconf 86' lang='lat' dir='ltr'><strong>Verum</strong></span> <span class='ocrx_word' id='word_1_901' title='bbox 3054 3764 3209 3818; x_wconf 89' lang='lat' dir='ltr'><strong>aliter</strong></span> <span class='ocrx_word' id='word_1_902' title='bbox 3233 3771 3292 3818; x_wconf 91' lang='lat' dir='ltr'><strong>et</strong></span> <span class='ocrx_word' id='word_1_903' title='bbox 3321 3761 3747 3831; x_wconf 82' lang='lat' dir='ltr'><strong>magisproprie</strong></span> 
     </span>
    </p>
   </div>
   <div class='ocr_carea' id='block_1_116' title="bbox 2147 3833 3750 3905">
    <p class='ocr_par' dir='ltr' id='par_1_116' title="bbox 2147 3833 3750 3905">
     <span class='ocr_line' id='line_1_116' title="bbox 2147 3833 3750 3905; baseline -0.002 -15"><span class='ocrx_word' id='word_1_904' title='bbox 2147 3835 2337 3890; x_wconf 83' lang='lat' dir='ltr'><strong>Patres</strong></span> <span class='ocrx_word' id='word_1_905' title='bbox 2364 3838 2450 3891; x_wconf 88' lang='lat' dir='ltr'><strong>isti</strong></span> <span class='ocrx_word' id='word_1_906' title='bbox 2490 3839 2746 3891; x_wconf 89' lang='lat' dir='ltr'><strong>virtutum</strong></span> <span class='ocrx_word' id='word_1_907' title='bbox 2786 3834 2992 3891; x_wconf 91' lang='lat' dir='ltr'><strong>semina</strong></span> <span class='ocrx_word' id='word_1_908' title='bbox 3027 3843 3373 3904; x_wconf 88' lang='lat' dir='ltr'><strong>acceperunt,</strong></span> <span class='ocrx_word' id='word_1_909' title='bbox 3414 3848 3573 3905; x_wconf 84' lang='lat' dir='ltr'><strong>quam</strong></span> <span class='ocrx_word' id='word_1_910' title='bbox 3589 3833 3750 3905; x_wconf 61' lang='grc' dir='ltr'><strong>Δ(Σειδ-</strong></span> 
     </span>
    </p>
   </div>
   <div class='ocr_carea' id='block_1_117' title="bbox 2148 3902 3737 3977">
    <p class='ocr_par' dir='ltr' id='par_1_117' title="bbox 2148 3902 3737 3977">
     <span class='ocr_line' id='line_1_117' title="bbox 2148 3902 3737 3977; baseline -0.001 -17"><span class='ocrx_word' id='word_1_911' title='bbox 2148 3908 2351 3973; x_wconf 84' lang='lat' dir='ltr'><strong>sianus,</strong></span> <span class='ocrx_word' id='word_1_912' title='bbox 2376 3923 2532 3974; x_wconf 77' lang='lat' dir='ltr'><strong>quem</strong></span> <span class='ocrx_word' id='word_1_913' title='bbox 2564 3908 2795 3974; x_wconf 75' lang='lat' dir='ltr'><strong>PrnSper</strong></span> <span class='ocrx_word' id='word_1_914' title='bbox 2823 3908 3115 3977; x_wconf 80' lang='lat' dir='ltr'><strong>impugnat.</strong></span> <span class='ocrx_word' id='word_1_915' title='bbox 3153 3902 3282 3959; x_wconf 77' lang='lat' dir='ltr'><strong>Nam</strong></span> <span class='ocrx_word' id='word_1_916' title='bbox 3311 3902 3525 3977; x_wconf 77' lang='lat' dir='ltr'><strong>semina</strong></span> <span class='ocrx_word' id='word_1_917' title='bbox 3549 3902 3737 3958; x_wconf 88' lang='lat' dir='ltr'><strong>virtu-</strong></span> 
     </span>
    </p>
   </div>
   <div class='ocr_carea' id='block_1_118' title="bbox 2149 3975 3741 4049">
    <p class='ocr_par' dir='ltr' id='par_1_118' title="bbox 2149 3975 3741 4049">
     <span class='ocr_line' id='line_1_118' title="bbox 2149 3975 3741 4049; baseline -0.002 -18"><span class='ocrx_word' id='word_1_918' title='bbox 2149 3987 2285 4049; x_wconf 81' lang='lat' dir='ltr'><strong>tum,</strong></span> <span class='ocrx_word' id='word_1_919' title='bbox 2314 3980 2358 4031; x_wconf 92' lang='lat' dir='ltr'><strong>si</strong></span> <span class='ocrx_word' id='word_1_920' title='bbox 2409 3979 2622 4049; x_wconf 84' lang='lat' dir='ltr'><strong>proprie</strong></span> <span class='ocrx_word' id='word_1_921' title='bbox 2652 3975 3006 4046; x_wconf 75' lang='lat' dir='ltr'><strong>accipiantur,</strong></span> <span class='ocrx_word' id='word_1_922' title='bbox 3042 3976 3172 4049; x_wconf 88' lang='lat' dir='ltr'><strong>nihil</strong></span> <span class='ocrx_word' id='word_1_923' title='bbox 3218 3985 3344 4049; x_wconf 87' lang='lat' dir='ltr'><strong>sunt</strong></span> <span class='ocrx_word' id='word_1_924' title='bbox 3386 3975 3530 4049; x_wconf 82' lang='lat' dir='ltr'><strong>aliud</strong></span> <span class='ocrx_word' id='word_1_925' title='bbox 3571 3989 3741 4049; x_wconf 66' lang='lat' dir='ltr'><strong>quarti</strong></span> 
     </span>
    </p>
   </div>
   <div class='ocr_carea' id='block_1_119' title="bbox 2147 4045 3748 4115">
    <p class='ocr_par' dir='ltr' id='par_1_119' title="bbox 2147 4045 3748 4115">
     <span class='ocr_line' id='line_1_119' title="bbox 2147 4045 3748 4115; baseline -0.001 -13"><span class='ocrx_word' id='word_1_926' title='bbox 2147 4047 2329 4102; x_wconf 87' lang='lat' dir='ltr'><strong>lumen</strong></span> <span class='ocrx_word' id='word_1_927' title='bbox 2356 4045 2660 4103; x_wconf 81' lang='lat' dir='ltr'><strong>intellectus</strong></span> <span class='ocrx_word' id='word_1_928' title='bbox 2691 4049 2934 4115; x_wconf 85' lang='lat' dir='ltr'><strong>practici,</strong></span> <span class='ocrx_word' id='word_1_929' title='bbox 2964 4058 3018 4103; x_wconf 90' lang='lat' dir='ltr'><strong>et</strong></span> <span class='ocrx_word' id='word_1_930' title='bbox 3043 4046 3322 4103; x_wconf 89' lang='lat' dir='ltr'><strong>inclinatio</strong></span> <span class='ocrx_word' id='word_1_931' title='bbox 3354 4046 3646 4100; x_wconf 83' lang='lat' dir='ltr'><strong>voluntatis</strong></span> <span class='ocrx_word' id='word_1_932' title='bbox 3667 4045 3748 4101; x_wconf 81' lang='lat' dir='ltr'><strong>ad</strong></span> 
     </span>
    </p>
   </div>
   <div class='ocr_carea' id='block_1_120' title="bbox 2149 4115 3743 4189">
    <p class='ocr_par' dir='ltr' id='par_1_120' title="bbox 2149 4115 3743 4189">
     <span class='ocr_line' id='line_1_120' title="bbox 2149 4115 3743 4189; baseline -0.003 -16"><span class='ocrx_word' id='word_1_933' title='bbox 2149 4118 2349 4174; x_wconf 89' lang='lat' dir='ltr'><strong>bonum</strong></span> <span class='ocrx_word' id='word_1_934' title='bbox 2389 4120 2842 4189; x_wconf 89' lang='lat' dir='ltr'><strong>prosequendum,</strong></span> <span class='ocrx_word' id='word_1_935' title='bbox 2875 4129 2929 4173; x_wconf 89' lang='lat' dir='ltr'><strong>et</strong></span> <span class='ocrx_word' id='word_1_936' title='bbox 2959 4116 3517 4189; x_wconf 62' lang='lat' dir='ltr'><strong>malumlugiendum,</strong></span> <span class='ocrx_word' id='word_1_937' title='bbox 3552 4128 3602 4169; x_wconf 91' lang='lat' dir='ltr'><strong>ut</strong></span> <span class='ocrx_word' id='word_1_938' title='bbox 3631 4115 3743 4189; x_wconf 81' lang='lat' dir='ltr'><strong>do-</strong></span> 
     </span>
    </p>
   </div>
   <div class='ocr_carea' id='block_1_121' title="bbox 2150 4186 3749 4261">
    <p class='ocr_par' dir='ltr' id='par_1_121' title="bbox 2150 4186 3749 4261">
     <span class='ocr_line' id='line_1_121' title="bbox 2150 4186 3749 4261; baseline -0.001 -17"><span class='ocrx_word' id='word_1_939' title='bbox 2150 4198 2237 4244; x_wconf 89' lang='lat' dir='ltr'><strong>cet</strong></span> <span class='ocrx_word' id='word_1_940' title='bbox 2352 4186 2587 4244; x_wconf 79' lang='lat' dir='ltr'><strong>Tltnmas</strong></span> <span class='ocrx_word' id='word_1_941' title='bbox 2628 4189 2742 4254; x_wconf 75' lang='grc'>1-2,</span> <span class='ocrx_word' id='word_1_942' title='bbox 2785 4208 2841 4257; x_wconf 81' lang='lat' dir='ltr'><strong>q.</strong></span> <span class='ocrx_word' id='word_1_943' title='bbox 2882 4191 2951 4246; x_wconf 78' lang='lat'><strong>65</strong></span> <span class='ocrx_word' id='word_1_944' title='bbox 2991 4190 3114 4261; x_wconf 89' lang='lat' dir='ltr'><strong>(art.</strong></span> <span class='ocrx_word' id='word_1_945' title='bbox 3154 4187 3178 4261; x_wconf 74' lang='lat' dir='ltr'><strong>l_</strong></span> <span class='ocrx_word' id='word_1_946' title='bbox 3213 4186 3261 4242; x_wconf 85' lang='lat' dir='ltr'><strong>el</strong></span> <span class='ocrx_word' id='word_1_947' title='bbox 3296 4186 3376 4259; x_wconf 70' lang='grc'><strong>2).</strong></span> <span class='ocrx_word' id='word_1_948' title='bbox 3412 4188 3588 4261; x_wconf 84' lang='lat' dir='ltr'><strong>Atque</strong></span> <span class='ocrx_word' id='word_1_949' title='bbox 3614 4186 3749 4261; x_wconf 26' lang='lat' dir='ltr'><strong>Ahoe</strong></span> 
     </span>
    </p>
   </div>
   <div class='ocr_carea' id='block_1_122' title="bbox 2152 4257 3747 4316">
    <p class='ocr_par' dir='ltr' id='par_1_122' title="bbox 2152 4257 3747 4316">
     <span class='ocr_line' id='line_1_122' title="bbox 2152 4257 3747 4316; baseline 0 -3"><span class='ocrx_word' id='word_1_950' title='bbox 2152 4261 2315 4315; x_wconf 89' lang='lat' dir='ltr'><strong>modo</strong></span> <span class='ocrx_word' id='word_1_951' title='bbox 2341 4277 2524 4316; x_wconf 87' lang='lat' dir='ltr'><strong>verum</strong></span> <span class='ocrx_word' id='word_1_952' title='bbox 2556 4273 2637 4315; x_wconf 89' lang='lat' dir='ltr'><strong>est</strong></span> <span class='ocrx_word' id='word_1_953' title='bbox 2658 4264 2861 4315; x_wconf 89' lang='lat' dir='ltr'><strong>semina</strong></span> <span class='ocrx_word' id='word_1_954' title='bbox 2884 4257 3141 4315; x_wconf 82' lang='lat' dir='ltr'><strong>virtutum</strong></span> <span class='ocrx_word' id='word_1_955' title='bbox 3164 4257 3343 4314; x_wconf 83' lang='lat' dir='ltr'><strong>inesse</strong></span> <span class='ocrx_word' id='word_1_956' title='bbox 3374 4260 3519 4312; x_wconf 90' lang='lat' dir='ltr'><strong>omni</strong></span> <span class='ocrx_word' id='word_1_957' title='bbox 3540 4257 3747 4313; x_wconf 69' lang='lat' dir='ltr'><strong>anima</strong></span> 
     </span>
    </p>
   </div>
   <div class='ocr_carea' id='block_1_123' title="bbox 2152 4332 3748 4400">
    <p class='ocr_par' dir='ltr' id='par_1_123' title="bbox 2152 4332 3748 4400">
     <span class='ocr_line' id='line_1_123' title="bbox 2152 4332 3748 4400; baseline -0.001 -14"><span class='ocrx_word' id='word_1_958' title='bbox 2152 4332 2425 4399; x_wconf 89' lang='lat' dir='ltr'><strong>rationali,</strong></span> <span class='ocrx_word' id='word_1_959' title='bbox 2465 4342 2519 4386; x_wconf 92' lang='lat' dir='ltr'><strong>et</strong></span> <span class='ocrx_word' id='word_1_960' title='bbox 2563 4333 2887 4387; x_wconf 86' lang='lat' dir='ltr'><strong>remansisse</strong></span> <span class='ocrx_word' id='word_1_961' title='bbox 2924 4333 3087 4386; x_wconf 86' lang='lat' dir='ltr'><strong>etiam</strong></span> <span class='ocrx_word' id='word_1_962' title='bbox 3139 4340 3259 4400; x_wconf 91' lang='lat' dir='ltr'><strong>post</strong></span> <span class='ocrx_word' id='word_1_963' title='bbox 3300 4338 3597 4399; x_wconf 85' lang='lat' dir='ltr'><strong>peccatum.</strong></span> <span class='ocrx_word' id='word_1_964' title='bbox 3637 4342 3748 4384; x_wconf 88' lang='lat' dir='ltr'><strong>nec</strong></span> 
     </span>
    </p>
   </div>
   <div class='ocr_carea' id='block_1_124' title="bbox 2153 4401 3746 4472">
    <p class='ocr_par' dir='ltr' id='par_1_124' title="bbox 2153 4401 3746 4472">
     <span class='ocr_line' id='line_1_124' title="bbox 2153 4401 3746 4472; baseline -0.003 -15"><span class='ocrx_word' id='word_1_965' title='bbox 2153 4417 2311 4472; x_wconf 87' lang='lat' dir='ltr'><strong>posse</strong></span> <span class='ocrx_word' id='word_1_966' title='bbox 2357 4404 2566 4471; x_wconf 83' lang='lat' dir='ltr'><strong>penitus</strong></span> <span class='ocrx_word' id='word_1_967' title='bbox 2592 4404 2645 4457; x_wconf 89' lang='lat' dir='ltr'><strong>iu</strong></span> <span class='ocrx_word' id='word_1_968' title='bbox 2676 4402 2894 4457; x_wconf 86' lang='lat' dir='ltr'><strong>homine</strong></span> <span class='ocrx_word' id='word_1_969' title='bbox 2919 4402 3152 4467; x_wconf 88' lang='lat' dir='ltr'><strong>aboleri;</strong></span> <span class='ocrx_word' id='word_1_970' title='bbox 3195 4414 3317 4455; x_wconf 90' lang='lat' dir='ltr'><strong>cum</strong></span> <span class='ocrx_word' id='word_1_971' title='bbox 3344 4401 3648 4472; x_wconf 81' lang='lat' dir='ltr'><strong>sintprima</strong></span> <span class='ocrx_word' id='word_1_972' title='bbox 3681 4410 3746 4454; x_wconf 84' lang='lat' dir='ltr'><strong>et.</strong></span> 
     </span>
    </p>
   </div>
   <div class='ocr_carea' id='block_1_125' title="bbox 2152 4470 3746 4544">
    <p class='ocr_par' dir='ltr' id='par_1_125' title="bbox 2152 4470 3746 4544">
     <span class='ocr_line' id='line_1_125' title="bbox 2152 4470 3746 4544; baseline -0.003 -16"><span class='ocrx_word' id='word_1_973' title='bbox 2152 4470 2445 4528; x_wconf 86' lang='lat' dir='ltr'><strong>immohilia</strong></span> <span class='ocrx_word' id='word_1_974' title='bbox 2484 4474 2726 4544; x_wconf 77' lang='lat' dir='ltr'><strong>quaedam</strong></span> <span class='ocrx_word' id='word_1_975' title='bbox 2767 4472 3027 4544; x_wconf 89' lang='lat' dir='ltr'><strong>principia</strong></span> <span class='ocrx_word' id='word_1_976' title='bbox 3055 4472 3277 4544; x_wconf 87' lang='lat' dir='ltr'><strong>rationis</strong></span> <span class='ocrx_word' id='word_1_977' title='bbox 3311 4470 3583 4544; x_wconf 60' lang='lat' dir='ltr'><strong>practice},</strong></span> <span class='ocrx_word' id='word_1_978' title='bbox 3614 4485 3746 4544; x_wconf 66' lang='lat' dir='ltr'><strong>qua:</strong></span> 
     </span>
    </p>
   </div>
   <div class='ocr_carea' id='block_1_126' title="bbox 646 4541 3737 4614">
    <p class='ocr_par' dir='ltr' id='par_1_126' title="bbox 646 4541 3737 4614">
     <span class='ocr_line' id='line_1_126' title="bbox 646 4541 3737 4614; baseline -0.002 -16"><span class='ocrx_word' id='word_1_979' title='bbox 646 4546 1015 4613; x_wconf 78' lang='lat' dir='ltr'><strong>agitationem,</strong></span> <span class='ocrx_word' id='word_1_980' title='bbox 1050 4547 1163 4601; x_wconf 89' lang='lat' dir='ltr'><strong>sive</strong></span> <span class='ocrx_word' id='word_1_981' title='bbox 1196 4544 1481 4600; x_wconf 89' lang='lat' dir='ltr'><strong>consilium</strong></span> <span class='ocrx_word' id='word_1_982' title='bbox 1513 4552 1604 4598; x_wconf 87' lang='lat' dir='ltr'><strong>aut</strong></span> <span class='ocrx_word' id='word_1_983' title='bbox 1645 4552 1928 4598; x_wconf 88' lang='lat' dir='ltr'><strong>tractatum</strong></span> <span class='ocrx_word' id='word_1_984' title='bbox 1960 4559 2045 4599; x_wconf 91' lang='lat' dir='ltr'><strong>re-</strong></span> <span class='ocrx_word' id='word_1_985' title='bbox 2074 4542 2127 4602; x_wconf 91' lang='lat' dir='ltr'><strong>D</strong></span> <span class='ocrx_word' id='word_1_986' title='bbox 2155 4544 2214 4601; x_wconf 88' lang='grc' dir='ltr'><strong>Ι).</strong></span> <span class='ocrx_word' id='word_1_987' title='bbox 2243 4550 2468 4614; x_wconf 85' lang='lat' dir='ltr'><strong>August.</strong></span> <span class='ocrx_word' id='word_1_988' title='bbox 2502 4541 2595 4599; x_wconf 89' lang='lat' dir='ltr'><strong>lib.</strong></span> <span class='ocrx_word' id='word_1_989' title='bbox 2620 4561 2656 4598; x_wconf 88' lang='lat' dir='ltr'><strong>tt</strong></span> <span class='ocrx_word' id='word_1_990' title='bbox 2682 4545 2750 4599; x_wconf 89' lang='lat' dir='ltr'><strong>de</strong></span> <span class='ocrx_word' id='word_1_991' title='bbox 2768 4541 2978 4598; x_wconf 83' lang='lat' dir='ltr'><strong>Libero</strong></span> <span class='ocrx_word' id='word_1_992' title='bbox 3009 4543 3251 4614; x_wconf 84' lang='lat' dir='ltr'><strong>Arbitrio</strong></span> <span class='ocrx_word' id='word_1_993' title='bbox 3277 4552 3435 4596; x_wconf 86' lang='lat' dir='ltr'><strong>vocat</strong></span> <span class='ocrx_word' id='word_1_994' title='bbox 3471 4541 3737 4614; x_wconf 86' lang='lat' dir='ltr'><strong>principia</strong></span> 
     </span>
    </p>
   </div>
   <div class='ocr_carea' id='block_1_127' title="bbox 2142 4612 3736 4680">
    <p class='ocr_par' dir='ltr' id='par_1_127' title="bbox 2142 4612 3736 4680">
     <span class='ocr_line' id='line_1_127' title="bbox 2142 4612 3736 4680; baseline -0.004 -8"><span class='ocrx_word' id='word_1_995' title='bbox 2142 4626 2191 4673; x_wconf 89' lang='lat' dir='ltr'><strong>et</strong></span> <span class='ocrx_word' id='word_1_996' title='bbox 2215 4612 2406 4670; x_wconf 75' lang='lat' dir='ltr'><strong>lumina</strong></span> <span class='ocrx_word' id='word_1_997' title='bbox 2426 4617 2688 4670; x_wconf 86' lang='lat' dir='ltr'><strong>virtutum.</strong></span> <span class='ocrx_word' id='word_1_998' title='bbox 2707 4614 2858 4670; x_wconf 87' lang='lat' dir='ltr'><strong>Sicut</strong></span> <span class='ocrx_word' id='word_1_999' title='bbox 2875 4615 3017 4669; x_wconf 91' lang='lat' dir='ltr'><strong>enim</strong></span> <span class='ocrx_word' id='word_1_1000' title='bbox 3038 4615 3091 4668; x_wconf 91' lang='lat' dir='ltr'><strong>in</strong></span> <span class='ocrx_word' id='word_1_1001' title='bbox 3109 4613 3380 4668; x_wconf 89' lang='lat' dir='ltr'><strong>intellectu</strong></span> <span class='ocrx_word' id='word_1_1002' title='bbox 3394 4612 3736 4680; x_wconf 69' lang='lat' dir='ltr'><strong>Speculativo</strong></span> 
     </span>
    </p>
   </div>
   <div class='ocr_carea' id='block_1_128' title="bbox 2142 4682 3738 4756">
    <p class='ocr_par' dir='ltr' id='par_1_128' title="bbox 2142 4682 3738 4756">
     <span class='ocr_line' id='line_1_128' title="bbox 2142 4682 3738 4756; baseline -0.006 -13"><span class='ocrx_word' id='word_1_1003' title='bbox 2142 4698 2285 4743; x_wconf 80' lang='lat' dir='ltr'><strong>certa</strong></span> <span class='ocrx_word' id='word_1_1004' title='bbox 2310 4687 2554 4756; x_wconf 75' lang='lat' dir='ltr'><strong>quaedam</strong></span> <span class='ocrx_word' id='word_1_1005' title='bbox 2585 4688 2841 4755; x_wconf 82' lang='lat' dir='ltr'><strong>principia</strong></span> <span class='ocrx_word' id='word_1_1006' title='bbox 2868 4692 3056 4740; x_wconf 86' lang='lat' dir='ltr'><strong>natura</strong></span> <span class='ocrx_word' id='word_1_1007' title='bbox 3089 4684 3301 4745; x_wconf 85' lang='lat' dir='ltr'><strong>indidit.</strong></span> <span class='ocrx_word' id='word_1_1008' title='bbox 3333 4699 3453 4752; x_wconf 75' lang='lat' dir='ltr'><strong>qua:</strong></span> <span class='ocrx_word' id='word_1_1009' title='bbox 3485 4682 3738 4756; x_wconf 83' lang='lat' dir='ltr'><strong>philoso-</strong></span> 
     </span>
    </p>
   </div>
   <div class='ocr_carea' id='block_1_129' title="bbox 2144 4754 3742 4830">
    <p class='ocr_par' dir='ltr' id='par_1_129' title="bbox 2144 4754 3742 4830">
     <span class='ocr_line' id='line_1_129' title="bbox 2144 4754 3742 4830; baseline -0.004 -17"><span class='ocrx_word' id='word_1_1010' title='bbox 2144 4759 2235 4830; x_wconf 91' lang='lat' dir='ltr'><strong>phi</strong></span> <span class='ocrx_word' id='word_1_1011' title='bbox 2266 4754 2531 4813; x_wconf 79' lang='lat' dir='ltr'><strong>vocarunt</strong></span> <span class='ocrx_word' id='word_1_1012' title='bbox 2558 4754 2848 4821; x_wconf 28' lang='lat' dir='ltr'><strong>a’xiomata,</strong></span> <span class='ocrx_word' id='word_1_1013' title='bbox 2880 4770 2977 4811; x_wconf 89' lang='lat' dir='ltr'><strong>seu</strong></span> <span class='ocrx_word' id='word_1_1014' title='bbox 3026 4755 3338 4830; x_wconf 76' lang='lat' dir='ltr'><strong>dignitates,</strong></span> <span class='ocrx_word' id='word_1_1015' title='bbox 3362 4763 3417 4830; x_wconf 87' lang='lat' dir='ltr'><strong>e_t</strong></span> <span class='ocrx_word' id='word_1_1016' title='bbox 3447 4754 3742 4820; x_wconf 86' lang='lat' dir='ltr'><strong>maximas,</strong></span> 
     </span>
    </p>
   </div>
   <div class='ocr_carea' id='block_1_130' title="bbox 2144 4824 3743 4899">
    <p class='ocr_par' dir='ltr' id='par_1_130' title="bbox 2144 4824 3743 4899">
     <span class='ocr_line' id='line_1_130' title="bbox 2144 4824 3743 4899; baseline -0.004 -16"><span class='ocrx_word' id='word_1_1017' title='bbox 2144 4824 2277 4899; x_wconf 75' lang='lat' dir='ltr'><strong>quas</strong></span> <span class='ocrx_word' id='word_1_1018' title='bbox 2310 4829 2488 4883; x_wconf 88' lang='lat' dir='ltr'><strong>nullus</strong></span> <span class='ocrx_word' id='word_1_1019' title='bbox 2512 4843 2709 4898; x_wconf 82' lang='lat' dir='ltr'><strong>negare</strong></span> <span class='ocrx_word' id='word_1_1020' title='bbox 2731 4835 2948 4897; x_wconf 87' lang='lat' dir='ltr'><strong>potest;</strong></span> <span class='ocrx_word' id='word_1_1021' title='bbox 2980 4835 3057 4893; x_wconf 91' lang='lat' dir='ltr'><strong>ut,</strong></span> <span class='ocrx_word' id='word_1_1022' title='bbox 3089 4824 3223 4879; x_wconf 85' lang='lat' dir='ltr'><strong>nihil</strong></span> <span class='ocrx_word' id='word_1_1023' title='bbox 3249 4824 3402 4899; x_wconf 80' lang='lat' dir='ltr'><strong>simul</strong></span> <span class='ocrx_word' id='word_1_1024' title='bbox 3427 4839 3543 4899; x_wconf 79' lang='lat' dir='ltr'><strong>esse</strong></span> <span class='ocrx_word' id='word_1_1025' title='bbox 3561 4833 3609 4876; x_wconf 90' lang='lat' dir='ltr'><strong>et</strong></span> <span class='ocrx_word' id='word_1_1026' title='bbox 3631 4839 3743 4899; x_wconf 79' lang='lat' dir='ltr'><strong>non</strong></span> 
     </span>
    </p>
   </div>
   <div class='ocr_carea' id='block_1_131' title="bbox 2145 4894 3741 4967">
    <p class='ocr_par' dir='ltr' id='par_1_131' title="bbox 2145 4894 3741 4967">
     <span class='ocr_line' id='line_1_131' title="bbox 2145 4894 3741 4967; baseline -0.003 -13"><span class='ocrx_word' id='word_1_1027' title='bbox 2145 4894 2274 4961; x_wconf 76' lang='lat' dir='ltr'><strong>esse.</strong></span> <span class='ocrx_word' id='word_1_1028' title='bbox 2308 4909 2469 4953; x_wconf 90' lang='lat' dir='ltr'><strong>totum</strong></span> <span class='ocrx_word' id='word_1_1029' title='bbox 2499 4894 2667 4967; x_wconf 71' lang='lat' dir='ltr'><strong>majus</strong></span> <span class='ocrx_word' id='word_1_1030' title='bbox 2706 4894 2811 4952; x_wconf 74' lang='lat' dir='ltr'><strong>esse</strong></span> <span class='ocrx_word' id='word_1_1031' title='bbox 2852 4913 2947 4951; x_wconf 83' lang='lat' dir='ltr'><strong>sua</strong></span> <span class='ocrx_word' id='word_1_1032' title='bbox 2992 4907 3156 4964; x_wconf 86' lang='lat' dir='ltr'><strong>parte,</strong></span> <span class='ocrx_word' id='word_1_1033' title='bbox 3185 4906 3328 4961; x_wconf 89' lang='lat' dir='ltr'><strong>etc.;</strong></span> <span class='ocrx_word' id='word_1_1034' title='bbox 3371 4896 3442 4951; x_wconf 84' lang='lat' dir='ltr'><strong>ita</strong></span> <span class='ocrx_word' id='word_1_1035' title='bbox 3475 4895 3635 4949; x_wconf 84' lang='lat' dir='ltr'><strong>etiam</strong></span> <span class='ocrx_word' id='word_1_1036' title='bbox 3681 4894 3741 4949; x_wconf 90' lang='lat' dir='ltr'><strong>in</strong></span> 
     </span>
    </p>
   </div>
   <div class='ocr_carea' id='block_1_132' title="bbox 2146 4968 3743 5040">
    <p class='ocr_par' dir='ltr' id='par_1_132' title="bbox 2146 4968 3743 5040">
     <span class='ocr_line' id='line_1_132' title="bbox 2146 4968 3743 5040; baseline -0.004 -15"><span class='ocrx_word' id='word_1_1037' title='bbox 2146 4971 2423 5026; x_wconf 89' lang='lat' dir='ltr'><strong>intellectu</strong></span> <span class='ocrx_word' id='word_1_1038' title='bbox 2456 4970 2693 5040; x_wconf 83' lang='lat' dir='ltr'><strong>practico</strong></span> <span class='ocrx_word' id='word_1_1039' title='bbox 2721 4977 2848 5023; x_wconf 88' lang='lat' dir='ltr'><strong>sunt</strong></span> <span class='ocrx_word' id='word_1_1040' title='bbox 2882 4980 3027 5040; x_wconf 71' lang='lat' dir='ltr'><strong>certa</strong></span> <span class='ocrx_word' id='word_1_1041' title='bbox 3056 4976 3112 5040; x_wconf 82' lang='lat' dir='ltr'><strong>et</strong></span> <span class='ocrx_word' id='word_1_1042' title='bbox 3140 4968 3395 5021; x_wconf 88' lang='lat' dir='ltr'><strong>omnibus</strong></span> <span class='ocrx_word' id='word_1_1043' title='bbox 3432 4974 3567 5040; x_wconf 85' lang='lat' dir='ltr'><strong>tt_ota_</strong></span> <span class='ocrx_word' id='word_1_1044' title='bbox 3587 4979 3743 5040; x_wconf 70' lang='lat' dir='ltr'><strong>quae-</strong></span> 
     </span>
    </p>
   </div>
   <div class='ocr_carea' id='block_1_133' title="bbox 2144 5034 3743 5111">
    <p class='ocr_par' dir='ltr' id='par_1_133' title="bbox 2144 5034 3743 5111">
     <span class='ocr_line' id='line_1_133' title="bbox 2144 5034 3743 5111; baseline -0.004 -15"><span class='ocrx_word' id='word_1_1045' title='bbox 2144 5042 2266 5097; x_wconf 83' lang='lat' dir='ltr'><strong>dam</strong></span> <span class='ocrx_word' id='word_1_1046' title='bbox 2300 5034 2587 5111; x_wconf 81' lang='lat' dir='ltr'><strong>principia,</strong></span> <span class='ocrx_word' id='word_1_1047' title='bbox 2615 5057 2734 5111; x_wconf 75' lang='lat' dir='ltr'><strong>qua:</strong></span> <span class='ocrx_word' id='word_1_1048' title='bbox 2778 5054 2882 5111; x_wconf 85' lang='lat' dir='ltr'><strong>non</strong></span> <span class='ocrx_word' id='word_1_1049' title='bbox 2924 5038 3069 5111; x_wconf 85' lang='lat' dir='ltr'><strong>aliud</strong></span> <span class='ocrx_word' id='word_1_1050' title='bbox 3099 5047 3225 5091; x_wconf 90' lang='lat' dir='ltr'><strong>sunt</strong></span> <span class='ocrx_word' id='word_1_1051' title='bbox 3246 5051 3412 5111; x_wconf 79' lang='lat' dir='ltr'><strong>quam</strong></span> <span class='ocrx_word' id='word_1_1052' title='bbox 3442 5037 3508 5111; x_wconf 80' lang='lat' dir='ltr'><strong>de</strong></span> <span class='ocrx_word' id='word_1_1053' title='bbox 3538 5034 3743 5089; x_wconf 85' lang='lat' dir='ltr'><strong>ﬁnibus</strong></span> 
     </span>
    </p>
   </div>
   <div class='ocr_carea' id='block_1_134' title="bbox 2143 5107 3746 5181">
    <p class='ocr_par' dir='ltr' id='par_1_134' title="bbox 2143 5107 3746 5181">
     <span class='ocr_line' id='line_1_134' title="bbox 2143 5107 3746 5181; baseline -0.006 -13"><span class='ocrx_word' id='word_1_1054' title='bbox 2143 5107 2395 5168; x_wconf 79' lang='lat' dir='ltr'><strong>humanis</strong></span> <span class='ocrx_word' id='word_1_1055' title='bbox 2417 5107 2564 5168; x_wconf 53' lang='lat' dir='ltr'><strong>ee&#39;rta</strong></span> <span class='ocrx_word' id='word_1_1056' title='bbox 2592 5107 2837 5181; x_wconf 74' lang='lat' dir='ltr'><strong>qumdam</strong></span> <span class='ocrx_word' id='word_1_1057' title='bbox 2860 5109 3065 5179; x_wconf 88' lang='lat' dir='ltr'><strong>judicia</strong></span> <span class='ocrx_word' id='word_1_1058' title='bbox 3089 5126 3101 5162; x_wconf 88' lang='lat'><strong>:</strong></span> <span class='ocrx_word' id='word_1_1059' title='bbox 3133 5119 3212 5173; x_wconf 92' lang='lat' dir='ltr'><strong>ut,</strong></span> <span class='ocrx_word' id='word_1_1060' title='bbox 3238 5107 3746 5181; x_wconf 78' lang='lat' dir='ltr'><strong>beatitudinem_esse</strong></span> 
     </span>
    </p>
   </div>
   <div class='ocr_carea' id='block_1_135' title="bbox 2144 5176 3738 5253">
    <p class='ocr_par' dir='ltr' id='par_1_135' title="bbox 2144 5176 3738 5253">
     <span class='ocr_line' id='line_1_135' title="bbox 2144 5176 3738 5253; baseline -0.007 -14"><span class='ocrx_word' id='word_1_1061' title='bbox 2144 5185 2521 5253; x_wconf 85' lang='lat' dir='ltr'><strong>appetendam,</strong></span> <span class='ocrx_word' id='word_1_1062' title='bbox 2568 5176 3209 5253; x_wconf 46' lang='lat' dir='ltr'><strong>st&#39;udeitdunt&#39;sapieutiw,</strong></span> <span class='ocrx_word' id='word_1_1063' title='bbox 3249 5182 3393 5253; x_wconf 76' lang='lat' dir='ltr'><strong>juste</strong></span> <span class='ocrx_word' id='word_1_1064' title='bbox 3442 5176 3738 5253; x_wconf 73' lang='lat' dir='ltr'><strong>vivendum,</strong></span> 
     </span>
    </p>
   </div>
   <div class='ocr_carea' id='block_1_136' title="bbox 2142 5248 3744 5331">
    <p class='ocr_par' dir='ltr' id='par_1_136' title="bbox 2142 5248 3744 5331">
     <span class='ocr_line' id='line_1_136' title="bbox 2142 5248 3744 5331; baseline -0.006 -22"><span class='ocrx_word' id='word_1_1065' title='bbox 2142 5248 2409 5331; x_wconf 52' lang='lat' dir='ltr'><strong>«libanu</strong></span> <span class='ocrx_word' id='word_1_1066' title='bbox 2454 5248 2557 5331; x_wconf 80' lang='lat' dir='ltr'><strong>non</strong></span> <span class='ocrx_word' id='word_1_1067' title='bbox 2585 5257 2657 5331; x_wconf 74' lang='lat' dir='ltr'><strong>vis</strong></span> <span class='ocrx_word' id='word_1_1068' title='bbox 2699 5253 2813 5322; x_wconf 83' lang='lat' dir='ltr'><strong>ﬁeri</strong></span> <span class='ocrx_word' id='word_1_1069' title='bbox 2851 5248 3001 5331; x_wconf 76' lang='lat' dir='ltr'><strong>alteri</strong></span> <span class='ocrx_word' id='word_1_1070' title='bbox 3021 5248 3351 5331; x_wconf 37' lang='grc' dir='ltr'><strong>’ποι-[πεζῇ.</strong></span> <span class='ocrx_word' id='word_1_1071' title='bbox 3385 5248 3744 5331; x_wconf 61' lang='lat' dir='ltr'><strong>postponendc</strong></span> 
     </span>
    </p>
   </div>
   <div class='ocr_carea' id='block_1_137' title="bbox 2144 5317 3745 5390">
    <p class='ocr_par' dir='ltr' id='par_1_137' title="bbox 2144 5317 3745 5390">
     <span class='ocr_line' id='line_1_137' title="bbox 2144 5317 3745 5390; baseline -0.006 -9"><span class='ocrx_word' id='word_1_1072' title='bbox 2144 5317 2401 5381; x_wconf 83' lang='lat' dir='ltr'><strong>deteriora</strong></span> <span class='ocrx_word' id='word_1_1073' title='bbox 2430 5317 2745 5388; x_wconf 74' lang='lat' dir='ltr'><strong>melioribus,</strong></span> <span class='ocrx_word' id='word_1_1074' title='bbox 2776 5332 2830 5378; x_wconf 90' lang='lat' dir='ltr'><strong>et</strong></span> <span class='ocrx_word' id='word_1_1075' title='bbox 2859 5323 2941 5376; x_wconf 87' lang='lat' dir='ltr'><strong>his</strong></span> <span class='ocrx_word' id='word_1_1076' title='bbox 2989 5317 3205 5376; x_wconf 84' lang='lat' dir='ltr'><strong>similia.</strong></span> <span class='ocrx_word' id='word_1_1077' title='bbox 3237 5317 3553 5390; x_wconf 84' lang='lat' dir='ltr'><strong>Cujusmodi</strong></span> <span class='ocrx_word' id='word_1_1078' title='bbox 3589 5317 3745 5389; x_wconf 86' lang='lat' dir='ltr'><strong>judi-</strong></span> 
     </span>
    </p>
   </div>
   <div class='ocr_carea' id='block_1_138' title="bbox 2144 5391 3739 5471">
    <p class='ocr_par' dir='ltr' id='par_1_138' title="bbox 2144 5391 3739 5471">
     <span class='ocr_line' id='line_1_138' title="bbox 2144 5391 3739 5471; baseline -0.007 -18"><span class='ocrx_word' id='word_1_1079' title='bbox 2144 5398 2291 5471; x_wconf 79' lang='lat' dir='ltr'><strong>cium</strong></span> <span class='ocrx_word' id='word_1_1080' title='bbox 2318 5397 2624 5471; x_wconf 77' lang='lat' dir='ltr'><strong>intellectus</strong></span> <span class='ocrx_word' id='word_1_1081' title='bbox 2654 5395 2876 5471; x_wconf 72' lang='lat' dir='ltr'><strong>praetici</strong></span> <span class='ocrx_word' id='word_1_1082' title='bbox 2907 5392 3234 5471; x_wconf 83' lang='lat' dir='ltr'><strong>S._Thor_nas</strong></span> <span class='ocrx_word' id='word_1_1083' title='bbox 3273 5407 3343 5447; x_wconf 80' lang='lat' dir='ltr'><strong>ex</strong></span> <span class='ocrx_word' id='word_1_1084' title='bbox 3381 5391 3739 5471; x_wconf 65' lang='lat' dir='ltr'><strong>Hieronymo,</strong></span> 
     </span>
    </p>
   </div>
   <div class='ocr_carea' id='block_1_139' title="bbox 2145 5461 3740 5543">
    <p class='ocr_par' dir='ltr' id='par_1_139' title="bbox 2145 5461 3740 5543">
     <span class='ocr_line' id='line_1_139' title="bbox 2145 5461 3740 5543; baseline -0.008 -19"><span class='ocrx_word' id='word_1_1085' title='bbox 2145 5478 2202 5524; x_wconf 88' lang='lat' dir='ltr'><strong>et</strong></span> <span class='ocrx_word' id='word_1_1086' title='bbox 2244 5467 2365 5523; x_wconf 87' lang='lat' dir='ltr'><strong>aliis</strong></span> <span class='ocrx_word' id='word_1_1087' title='bbox 2411 5461 2828 5543; x_wconf 80' lang='lat' dir='ltr'><strong>antiquioribus,</strong></span> <span class='ocrx_word' id='word_1_1088' title='bbox 2862 5463 3201 5543; x_wconf 78' lang='lat' dir='ltr'><strong>synderesitn</strong></span> <span class='ocrx_word' id='word_1_1089' title='bbox 3243 5470 3435 5543; x_wconf 53' lang='lat' dir='ltr'><strong>vocati</strong></span> <span class='ocrx_word' id='word_1_1090' title='bbox 3484 5461 3581 5543; x_wconf 69' lang='lat' dir='ltr'><strong>alii</strong></span> <span class='ocrx_word' id='word_1_1091' title='bbox 3615 5462 3740 5543; x_wconf 75' lang='lat' dir='ltr'><strong>api-</strong></span> 
     </span>
    </p>
   </div>
   <div class='ocr_carea' id='block_1_140' title="bbox 2143 5530 3741 5613">
    <p class='ocr_par' dir='ltr' id='par_1_140' title="bbox 2143 5530 3741 5613">
     <span class='ocr_line' id='line_1_140' title="bbox 2143 5530 3741 5613; baseline -0.008 -18"><span class='ocrx_word' id='word_1_1092' title='bbox 2143 5554 2284 5604; x_wconf 91' lang='lat' dir='ltr'><strong>cem,</strong></span> <span class='ocrx_word' id='word_1_1093' title='bbox 2329 5549 2383 5595; x_wconf 90' lang='lat' dir='ltr'><strong>et</strong></span> <span class='ocrx_word' id='word_1_1094' title='bbox 2434 5530 2669 5613; x_wconf 80' lang='lat' dir='ltr'><strong>sublime</strong></span> <span class='ocrx_word' id='word_1_1095' title='bbox 2713 5530 2927 5604; x_wconf 79' lang='lat' dir='ltr'><strong>mentis,</strong></span> <span class='ocrx_word' id='word_1_1096' title='bbox 2972 5535 3113 5605; x_wconf 84' lang='lat' dir='ltr'><strong>quod</strong></span> <span class='ocrx_word' id='word_1_1097' title='bbox 3157 5548 3375 5613; x_wconf 80' lang='lat' dir='ltr'><strong>semper</strong></span> <span class='ocrx_word' id='word_1_1098' title='bbox 3418 5530 3741 5613; x_wconf 70' lang='lat' dir='ltr'><strong>inviolatum</strong></span> 
     </span>
    </p>
   </div>
   <div class='ocr_carea' id='block_1_141' title="bbox 2144 5602 3743 5679">
    <p class='ocr_par' dir='ltr' id='par_1_141' title="bbox 2144 5602 3743 5679">
     <span class='ocr_line' id='line_1_141' title="bbox 2144 5602 3743 5679; baseline -0.008 -12"><span class='ocrx_word' id='word_1_1099' title='bbox 2144 5602 2326 5667; x_wconf 77' lang='lat' dir='ltr'><strong>manet</strong></span> <span class='ocrx_word' id='word_1_1100' title='bbox 2354 5620 2413 5666; x_wconf 89' lang='lat' dir='ltr'><strong>et</strong></span> <span class='ocrx_word' id='word_1_1101' title='bbox 2439 5610 2834 5679; x_wconf 81' lang='lat' dir='ltr'><strong>incorruptum.</strong></span> <span class='ocrx_word' id='word_1_1102' title='bbox 2869 5602 3215 5679; x_wconf 81' lang='lat' dir='ltr'><strong>quantumvis</strong></span> <span class='ocrx_word' id='word_1_1103' title='bbox 3248 5604 3411 5660; x_wconf 90' lang='lat' dir='ltr'><strong>homo</strong></span> <span class='ocrx_word' id='word_1_1104' title='bbox 3440 5602 3589 5679; x_wconf 74' lang='lat' dir='ltr'><strong>falsis</strong></span> <span class='ocrx_word' id='word_1_1105' title='bbox 3617 5602 3743 5671; x_wconf 82' lang='lat' dir='ltr'><strong>opi-</strong></span> 
     </span>
    </p>
   </div>
   <div class='ocr_carea' id='block_1_142' title="bbox 2146 5670 3741 5755">
    <p class='ocr_par' dir='ltr' id='par_1_142' title="bbox 2146 5670 3741 5755">
     <span class='ocr_line' id='line_1_142' title="bbox 2146 5670 3741 5755; baseline -0.006 -17"><span class='ocrx_word' id='word_1_1106' title='bbox 2146 5680 2397 5755; x_wconf 73' lang='lat' dir='ltr'><strong>nionibus</strong></span> <span class='ocrx_word' id='word_1_1107' title='bbox 2424 5690 2478 5736; x_wconf 91' lang='lat' dir='ltr'><strong>et</strong></span> <span class='ocrx_word' id='word_1_1108' title='bbox 2503 5670 2682 5750; x_wconf 76' lang='lat' dir='ltr'><strong>pravis</strong></span> <span class='ocrx_word' id='word_1_1109' title='bbox 2725 5670 3008 5755; x_wconf 74' lang='lat' dir='ltr'><strong>ailectibus</strong></span> <span class='ocrx_word' id='word_1_1110' title='bbox 3049 5677 3119 5731; x_wconf 91' lang='lat' dir='ltr'><strong>sit</strong></span> <span class='ocrx_word' id='word_1_1111' title='bbox 3162 5684 3470 5755; x_wconf 75' lang='lat' dir='ltr'><strong>corruptus.</strong></span> <span class='ocrx_word' id='word_1_1112' title='bbox 3502 5670 3572 5727; x_wconf 79' lang='lat' dir='ltr'><strong>At</strong></span> <span class='ocrx_word' id='word_1_1113' title='bbox 3598 5670 3741 5755; x_wconf 73' lang='lat' dir='ltr'><strong>vero</strong></span> 
     </span>
    </p>
   </div>
   <div class='ocr_carea' id='block_1_143' title="bbox 2145 5745 3743 5826">
    <p class='ocr_par' dir='ltr' id='par_1_143' title="bbox 2145 5745 3743 5826">
     <span class='ocr_line' id='line_1_143' title="bbox 2145 5745 3743 5826; baseline -0.008 -16"><span class='ocrx_word' id='word_1_1114' title='bbox 2145 5752 2436 5826; x_wconf 84' lang='lat' dir='ltr'><strong>Cassianus</strong></span> <span class='ocrx_word' id='word_1_1115' title='bbox 2486 5745 2596 5826; x_wconf 84' lang='lat' dir='ltr'><strong>per</strong></span> <span class='ocrx_word' id='word_1_1116' title='bbox 2627 5753 2845 5826; x_wconf 77' lang='lat' dir='ltr'><strong>semina</strong></span> <span class='ocrx_word' id='word_1_1117' title='bbox 2897 5749 3160 5826; x_wconf 84' lang='lat' dir='ltr'><strong>virtutum</strong></span> <span class='ocrx_word' id='word_1_1118' title='bbox 3211 5745 3479 5826; x_wconf 79' lang='lat' dir='ltr'><strong>intellexit</strong></span> <span class='ocrx_word' id='word_1_1119' title='bbox 3523 5745 3743 5826; x_wconf 67' lang='lat' dir='ltr'><strong>semina</strong></span> 
     </span>
    </p>
   </div>
   <div class='ocr_carea' id='block_1_144' title="bbox 2146 5813 3743 5895">
    <p class='ocr_par' dir='ltr' id='par_1_144' title="bbox 2146 5813 3743 5895">
     <span class='ocr_line' id='line_1_144' title="bbox 2146 5813 3743 5895; baseline -0.005 -15"><span class='ocrx_word' id='word_1_1120' title='bbox 2146 5840 2290 5881; x_wconf 81' lang='lat' dir='ltr'><strong>verae</strong></span> <span class='ocrx_word' id='word_1_1121' title='bbox 2324 5813 2556 5895; x_wconf 81' lang='lat' dir='ltr'><strong>pietatis,</strong></span> <span class='ocrx_word' id='word_1_1122' title='bbox 2586 5825 2638 5880; x_wconf 89' lang='lat' dir='ltr'><strong>id</strong></span> <span class='ocrx_word' id='word_1_1123' title='bbox 2671 5832 2774 5891; x_wconf 87' lang='lat' dir='ltr'><strong>est,</strong></span> <span class='ocrx_word' id='word_1_1124' title='bbox 2818 5821 2984 5879; x_wconf 83' lang='lat' dir='ltr'><strong>bonas</strong></span> <span class='ocrx_word' id='word_1_1125' title='bbox 3017 5820 3394 5890; x_wconf 82' lang='lat' dir='ltr'><strong>cogitationes,</strong></span> <span class='ocrx_word' id='word_1_1126' title='bbox 3424 5824 3479 5873; x_wconf 90' lang='lat' dir='ltr'><strong>et</strong></span> <span class='ocrx_word' id='word_1_1127' title='bbox 3510 5813 3600 5884; x_wconf 80' lang='lat' dir='ltr'><strong>pia</strong></span> <span class='ocrx_word' id='word_1_1128' title='bbox 3638 5813 3743 5873; x_wconf 77' lang='lat' dir='ltr'><strong>de-</strong></span> 
     </span>
    </p>
   </div>
  </div>
