4078 6332
309 325 422 387 999

1245 313 1586 376 COLLATIO
1621 313 1764 370 Xlll.
1792 341 1864 355 —
1889 311 1977 368 DE
2015 309 2500 368 PROTECTIONE
2537 309 2669 368 DEI.

3496 305 3602 366 930

311 443 502 502 raliter
527 439 786 496 virtutum
827 433 1034 492 semina
1063 433 1330 490 beneﬁcio
1367 433 1640 490 Creatoris
1668 433 1868 488 inserta
1893 448 1908 496 ;
1943 435 1990 494 Α
2019 446 2130 500 qua:
2152 439 2222 484 est
2245 430 2300 483 in
2327 439 2374 484 te
2399 430 2443 500 (l
2469 429 2601 484 Tim.
2631 425 2728 497 tv).
2763 423 2828 479 Et
2849 421 3042 480 iterum
3071 437 3082 474 ε
3118 421 3194 476 0b
3220 437 3376 491 quam
3397 437 3602 479 causam

317 537 418 594 sed
463 533 566 590 nisi
610 531 728 587 haec
774 527 1128 602 opitulatione
1173 526 1268 583 Dei
1313 527 1514 582 fuerint
1559 527 1812 590 excitata,
1844 524 1910 579 ad

319 632 720 688 incrementum
761 621 1108 696 perfectionis
1155 637 1260 677 non
1305 629 1560 692 poterunt
1605 617 1910 688 pervenire,

317 726 450 796 quia
473 723 770 780 secundum
799 719 1018 776 beatum
1046 715 1385 787 Apostolum,
1413 731 1572 786 neque
1597 715 1684 784 qui
1715 715 1914 784 plantat

319 829 402 874 est
427 815 650 888 aliquid,
695 829 858 885 neque
881 812 970 879 qui
1009 811 1166 881 rigat,
1199 811 1290 864 sed
1312 809 1400 876 qui
1429 811 1796 864 incrementum
1827 807 1918 862 dat

323 910 474 966 Deus
503 908 550 980 (l
580 907 702 962 Cor.
737 905 840 976 tu).
875 903 1136 972 Adjacere
1161 911 1340 956 autem
1369 899 1578 956 homini
1610 901 1660 954 in
1689 899 1920 970 quamli-

325 1005 425 1060 bet
477 1011 720 1072 partem,
773 995 978 1052 arbitrii
1025 994 1360 1058 libertatem,
1405 992 1566 1048 etiam
1599 1001 1624 1029 α
1651 991 1786 1046 liber
1831 991 1921 1046 ille

327 1096 452 1170 (qui
474 1095 670 1150 dicitur
693 1087 954 1156 Pastoris)
979 1088 1318 1160 apertissime
1347 1086 1526 1151 docet,
1555 1084 1609 1140 in
1636 1099 1744 1155 quo
1765 1083 1793 1122 δ
1815 1083 1922 1139 duo

329 1189 512 1262 angeli
543 1185 832 1256 unicuique
861 1191 1106 1238 nostrum
1133 1181 1411 1236 adhaerere
1436 1179 1706 1246 dicuntur,
1737 1178 1789 1232 id
1817 1186 1920 1244 est,

331 1286 512 1342 bonus
541 1297 602 1336 ac
630 1279 825 1344 malus,
851 1278 904 1333 in
931 1278 1165 1331 hominis
1195 1291 1324 1330 vero
1353 1275 1570 1343 optione
1601 1272 1921 1338 consistere,

331 1387 402 1432 ut
441 1377 600 1446 eligat
644 1387 804 1442 quem
851 1380 1125 1440 sequatur.
1175 1368 1240 1422 Et
1280 1365 1479 1422 idcirco
1531 1375 1711 1420 manet
1745 1365 1798 1419 in
1833 1364 1928 1418 ho-

333 1471 488 1528 mine
515 1482 734 1538 semper
765 1465 990 1520 liberum
1035 1461 1342 1524 arbitrium,
1383 1459 1520 1530 quod
1562 1459 1785 1530 gratiam
1833 1456 1929 1512 Dei

335 1563 516 1635 possit
537 1561 618 1615 vel
647 1571 668 1598 ε
695 1558 966 1629 negligere
983 1556 1066 1610 vel
1087 1569 1290 1608 amare.
1323 1551 1437 1607 Non
1465 1552 1610 1607 enim
1637 1549 1927 1619 pratcepis—

337 1665 428 1712 set
459 1651 776 1722 Apostolus,
807 1649 994 1704 dicens
1021 1663 1034 1700 :
1069 1644 1198 1701 Cum
1229 1655 1361 1700 metu
1389 1655 1434 1699 et
1467 1653 1680 1698 tremore
1707 1651 1930 1696 vestram

335 1748 564 1802 salutem
604 1742 886 1816 operamini
931 1737 1156 1812 (Philip.
1189 1737 1271 1808 tt),
1301 1739 1402 1793 nisi
1451 1737 1642 1794 scisset
1683 1751 1800 1792 eam
1845 1735 1930 1790 vel

335 1837 518 1894 excoli
543 1853 572 1890 ει
604 1835 760 1891 nobis
791 1847 966 1904 posse,
995 1831 1082 1887 vel
1115 1829 1330 1902 negligi.
1381 1830 1486 1886 Sed
1531 1847 1600 1886 ne
1642 1830 1926 1886 crederent
1957 1835 2005 1895 Β

335 1948 406 1988 se
431 1931 498 1986 ad
527 1944 664 2000 opus
696 1929 884 1984 salutis
911 1926 1099 1982 divino
1125 1925 1326 1978 auxilio
1360 1940 1466 1978 non
1495 1938 1679 1994 egere,
1709 1923 1934 1994 subjun-

335 2028 460 2098 git:
489 2023 625 2078 Deus
654 2030 725 2078 est
771 2021 908 2076 enim
935 2021 1022 2091 qui
1075 2029 1315 2090 operatur
1352 2019 1406 2072 in
1450 2019 1588 2072 vobis
1631 2029 1678 2072 et
1721 2017 1852 2072 velle
1887 2027 1936 2072 et

337 2119 590 2193 perﬁcere
609 2133 702 2190 pro
733 2115 864 2170 bona
893 2113 1158 2170 voluntate
1189 2111 1400 2184 (lbid.).
1431 2113 1498 2168 Et
1524 2113 1726 2168 idcirco
1755 2112 1938 2168 Timo-

343 2213 534 2268 theum
564 2225 787 2268 monens
817 2226 828 2261 :
869 2206 1018 2276 Noli,
1069 2206 1262 2277 inquit,
1295 2205 1550 2278 negligere
1577 2207 1800 2276 gratiam
1839 2205 1937 2260 Dei

2017 539 2196 578 moneo
2248 533 2315 593 te,
2365 533 2417 577 ttt
2457 523 2726 577 resusciles
2771 517 2990 591 gratiam
3040 515 3132 570 Dei
3175 533 3288 586 qua:
3333 525 3406 571 est
3451 516 3504 570 in
3556 525 3607 570 te

2015 618 2084 690 (ll
2113 617 2252 672 Tim.
2283 617 2347 686 ι).
2391 616 2518 673 Inde
2557 624 2643 672 est
2674 614 2816 686 quod
2849 613 3012 668 etiam
3040 611 3336 667 Corinthiis
3365 611 3608 668 scribens

2019 714 2268 772 hortatur
2297 727 2351 772 et
2379 726 2691 773 commonet
2729 733 2796 772 ne
2839 715 3088 785 indignos
3119 727 3177 767 se
3207 713 3373 783 gratia
3409 711 3500 768 Dei
3528 712 3610 786 in-~

2018 806 2305 865 fructuosis
2337 811 2594 881 operibus
2637 811 2980 880 exhiberent,
3020 808 3201 863 dicens
3245 826 3257 860 :
3293 808 3608 880 Adjuvantes

2019 909 2192 956 autem
2235 912 2282 957 et
2313 907 2638 960 obsecramus
2671 922 2732 959 ne
2769 907 2822 959 in
2857 921 3071 958 vacuum
3099 903 3320 974 gratiant
3352 900 3450 956 Dei
3479 901 3610 956 reci-

2019 995 2178 1067 piatis
2209 996 2276 1070 (11
2303 995 2421 1052 Cor.
2457 1001 2556 1068 Vl).
2591 999 2762 1066 Quam
2802 998 2922 1052 sine
2962 997 3126 1050 dnhio
3153 996 3274 1066 quia
3305 995 3358 1049 itt
3387 1009 3613 1050 vacuum

2021 1099 2304 1159 receperat
2331 1091 2543 1158 Simon,
2572 1107 2677 1148 non
2707 1090 2902 1160 proluit
2929 1091 2978 1145 ei
3013 1090 3290 1160 perceptio
3314 1089 3503 1157 gratim
3530 1102 3616 1142 sa-

2024 1180 2234 1238 lutaris.
2269 1181 2384 1238 Non
2416 1185 2558 1239 enim
2596 1183 2885 1253 praeceptis
2917 1183 3058 1236 beati
3086 1180 3232 1237 Petri
3269 1180 3458 1234 tnaluit
3487 1178 3616 1233 obe-

2026 1281 2161 1352 dire,
2209 1282 2457 1352 dicentis,
2495 1283 2857 1339 Ptenitentiant
2887 1301 2980 1356 age
3007 1283 3069 1338 ab
3099 1283 3196 1337 hac
3232 1281 3466 1355 nequitia
3498 1291 3612 1346 tua,

2026 1395 2074 1440 et
2101 1401 2190 1440 ora
2219 1385 2382 1440 Deum
2413 1387 2456 1440 si
2485 1387 2619 1456 forte
2647 1385 2938 1439 remittatur
2969 1385 3062 1439 tibi
3087 1386 3193 1439 haec
3224 1386 3468 1456 cogitatio
3501 1401 3618 1438 cor-

2029 1488 2111 1541 dis
2139 1489 2250 1552 tui;
2275 1489 2328 1540 in
2357 1489 2478 1560 felle
2507 1487 2642 1540 enim
2671 1486 3034 1542 amaritudinis
3079 1495 3126 1541 et
3157 1485 3472 1558 obligatione
3517 1486 3618 1539 ini-

2031 1589 2244 1659 quitatis
2274 1588 2422 1642 video
2450 1597 2497 1642 te
2525 1605 2633 1642 esse
2662 1587 2864 1658 (Actor.
2903 1586 3038 1657 Vm).
3073 1587 3346 1642 Praevenit
3373 1595 3502 1658 ergo
3530 1586 3626 1641 lto-

2035 1691 2196 1746 minis
2233 1691 2561 1747 voluntatem
2591 1691 2963 1746 misericordia
2999 1691 3230 1758 Domini,
3263 1691 3330 1746 de
3361 1705 3462 1762 qua
3491 1691 3627 1746 dici-

2039 1803 2124 1848 tur
2168 1811 2180 1847 :
2231 1792 2372 1848 Deus
2425 1811 2603 1860 meus,
2659 1793 3018 1848 misericordia
3068 1795 3180 1864 ejus
3233 1796 3506 1865 praeveniet
3551 1813 3630 1850 me

2039 1894 2212 1968 (Psal.
2247 1895 2415 1964 Lvtn).
2445 1896 2512 1950 Et
2541 1909 2749 1961 rursus,
2777 1894 3062 1950 Dominum
3087 1905 3452 1951 remorantem
3471 1905 3631 1967 atque

2039 1995 2244 2052 utiliter
2265 1995 2666 2068 quodammodo
2687 1996 3094 2062 subsistentem,
3121 2004 3179 2050 ut
3203 2005 3444 2052 nostrum
3468 2013 3629 2066 expe-

2039 2097 2208 2154 riatur
2233 2099 2544 2164 arbitrium,
2576 2099 2831 2153 voluntas
2857 2099 3118 2168 praevenit
3147 2107 3352 2162 nostra,
3383 2115 3503 2154 cum
3547 2099 3635 2154 di-

2041 2205 2182 2262 citur
2225 2224 2239 2260 :
2285 2203 2352 2261 Et
2391 2204 2418 2243 ἀ
2465 2221 2614 2260 mane
2659 2206 2825 2261 oratio
2873 2221 2984 2260 utea
3025 2205 3299 2277 prteueniet
3353 2215 3400 2260 te
3459 2205 3637 2276 (Psal.

1419 2345 1674 2400 ALARDI
1715 2345 1948 2401 ΟΑΖᾸΞΙ
1987 2345 2552 2404 COMMENTARIUS.

341 2443 574 2505 sideris,
605 2443 756 2498 initia
786 2441 946 2496 etiam
981 2438 1127 2504 fidei,
1161 2447 1214 2494 et
1258 2435 1480 2490 aliarum
1513 2438 1791 2500 virtutum,
1821 2439 1939 2507 qui-

343 2519 458 2574 bus
483 2515 644 2572 homo
687 2528 746 2568 se
779 2525 1084 2582 praeparare
1115 2508 1284 2582 possit
1311 2508 1376 2582 ad
1409 2511 1658 2582 gratiam,
1706 2517 1760 2563 et
1803 2525 1938 2579 quo-

341 2604 472 2645 rum
519 2587 712 2640 intuitu
751 2579 1060 2639 conferatur
1103 2581 1178 2634 illi
1219 2579 1429 2650 gratia.
1467 2579 1520 2634 Id
1563 2583 1706 2634 enim
1757 2589 1942 2650 aperte

343 2658 630 2728 colligitur
657 2665 765 2710 tum
797 2671 862 2710 ex
892 2655 994 2708 hoc
1021 2653 1164 2728 loco,
1192 2651 1284 2705 ubi
1314 2651 1942 2728 asserit__h:rc_virtntnm

345 2722 560 2787 semina
609 2729 690 2783 sic
732 2741 851 2781 esse
891 2723 1035 2780 omni
1083 2725 1276 2777 animus
1319 2722 1636 2776 naturaliter
1667 2723 1850 2788 insita,
1883 2731 1944 2777 ut

350 2798 914 2870 opitulationedivina
947 2812 1052 2849 non
1079 2801 1295 2870 egeant,
1315 2791 1432 2870 _nisi
1460 2804 1512 2846 ιιι
1545 2793 1610 2847 ad
1643 2797 1946 2848 incremen-

351 2864 472 2928 ttim
507 2869 848 2936 perfectionis
875 2866 1156 2934 pervenire
1185 2864 1421 2936 possint;
1469 2873 1578 2918 tum
1627 2881 1690 2918 ex
1738 2879 1944 2936 prtrce-

351 2935 633 3006 dentibus,
670 2937 964 3008 praesertim
992 2953 1112 3000 cap.
1145 2935 1442 3008 9,-ubi_a‘it
1485 2951 1575 3006 per
1618 2947 1818 2988 natura:
1859 2935 1947 2989 bo-

353 3031 506 3074 num.
536 3005 684 3081 quod
705 3009 946 3081 beneﬁcio
974 3007 1232 3062 Creatoris
1261 3005 1522 3081 indultum
1560 3016 1654 3081 est,
1685 3023 1944 3081 nonnum-

353 3101 514 3158 quam
548 3077 818 3158 bonarum
869 3080 1187 3158 r_olunt_at_um
1236 3077 1444 3158 prodire
1491 3079 1748 3146 principia
1765 3120 1796 3158 ,_
1833 3093 1950 3148 qua:

357 3148 532 3212 tamen
565 3153 666 3206 nisi
691 3169 722 3205 a
755 3148 972 3204 Domino
1010 3150 1321 3220 dirigantur,
1344 3148 1432 3220 (ad,
1457 3151 1948 3202 consummationem

357 3229 610 3282 virtutum
650 3222 923 3294 pervenire
957 3237 1059 3274 non
1089 3217 1302 3294 possint.
1470 3221 1760 3294 notandum
1785 3221 1951 3294 _Pela-

359 3299 554 3369 gianos
583 3309 636 3350 et
651 3289 851 3369 'eorum
901 3289 1136 3369 fautores
1185 3289 1508 3369 beneficium
1535 3291 1828 3369 creatiunis
1861 3305 1948 3369 vo-

361 3359 516 3424 vcasse
543 3365 792 3436 gratiam,
823 3371 987 3436 atque
1015 3364 1114 3418 hoc
1137 3360 1298 3415 veluti
1330 3359 1488 3428 pallio
1517 3377 1667 3415 suam
1701 3359 1950 3436 [neresim

363 3431 702 3500 occultasse;
733 3451 856 3490 cum
900 3431 1046 3489 enim
1095 3441 1435 3502 urgerentur,
1479 3441 1536 3485 ut
1583 3431 1807 3500 gratiam
1862 3432 1950 3486 Dei

361 3507 734 3566 necessariam
779 3501 1177 3574 agnoscerent,
1221 3501 1527 3574 fatebantur
1572 3503 1788 3570 quidem
1839 3501 1954 3556 sine

367 3583 462 3636 Dei
498 3577 668 3644 gratia
703 3573 832 3631 nihil
861 3591 960 3630 nos
992 3589 1150 3644 agere
1182 3587 1370 3642 posse;
1395 3573 1486 3626 sed
1521 3575 1739 3628 nomine
1769 3575 1956 3640 gratias

365 3643 598 3708 liberum
633 3647 910 3702 arbitrium
939 3643 1100 3712 atque
1131 3647 1179 3698 id
1212 3657 1382 3714 genus
1416 3643 1680 3698 naturalia
1707 3645 1848 3714 dona
1879 3646 1958 3696 in-

369 3721 540 3791 telligi
570 3719 824 3791 volebant
847 3716 1078 3791 :_sicque
1111 3713 1356 3791 Pelagius
1395 3714 1682 3791 concilium
1717 3713 1958 3791 Palaesti-

367 3785 514 3849 num'
523 3791 721 3847 callide
751 3789 932 3850 elusit.
965 3795 1100 3841 teste
1146 3787 1206 3840 Ι).
1241 3788 1542 3852 Augustino
1577 3789 1734 3854 epist.
1775 3785 1879 3840 105
1907 3793 1963 3840 et

369 3865 472 3920 lib.
507 3865 574 3918 de
599 3861 780 3916 Gratia
811 3859 1010 3914 Christi
1040 3871 1158 3928 cap.
1187 3858 1242 3912 5.
1291 3855 1623 3928 Sententiam
1675 3872 1806 3912 vero
1831 3857 1962 3928 (Jol-

369 3936 564 3990 latoris
618 3933 688 3988 de
737 3929 1044 3998 huiusmodi
1099 3926 1398 3983 seminibus
1453 3928 1710 3982 virtutum
1767 3926 1966 3982 refellit

369 4007 610 4074 Prostter
660 4004 742 4056 his
784 4001 1011 4074 verbis:
1044 3999 1296 4074 Quicrgo
1345 4000 1470 4074 dicit
1514 4001 1628 4074 sine
1659 3999 1766 4074 ulla
1813 4014 1966 4064 opere

371 4070 558 4148 gratite
583 4071 892 4148 naturaliter
913 4073 1054 4148 omni
1073 4071 1262 4148 unitate
1284 4071 1478 4148 semina
1507 4071 1671 4148 inesse
1697 4070 1965 4148 virtutum,

373 4141 504 4219 Quid
535 4145 738 4200 laborat
771 4143 1052 4219 ostendere,
1081 4142 1183 4219 nisi
1207 4141 1270 4195 de
1290 4141 1401 4219 istis
1427 4141 1705 4219 seminibus
1735 4143 1970 4219 quaedam

375 4211 612 4290 germina
645 4211 1182 4290 prwcedentiuthei
1219 4213 1438 4290 gratiam
1480 4212 1738 4290 pullulare
1768 4214 1971 4290 merito—

378 4283 536 4344 rum?
561 4283 664 4342 hoc
691 4295 796 4350 est,
841 4285 974 4338 nihil
1013 4284 1155 4337 aliud
1185 4283 1298 4336 vult
1325 4284 1609 4336 ostendere
1637 4291 1691 4336 et
1719 4283 1968 4352 probare.

381 4376 544 4430 quam
571 4358 683 4430 ista
707 4355 912 4430 semina
948 4369 1068 4430 esse
1092 4353 1336 4430 quaedam
1371 4353 1422 4407 in
1457 4355 1608 4430 nobis
1637 4356 1824 4408 merita
1852 4368 1973 4430 quin

381 4423 604 4486 omnem
629 4427 828 4482 Christi
851 4426 1074 4497 gratiam
1099 4423 1438 4479 antecedant.
1463 4423 1597 4479 Vide
1617 4433 1810 4478 caztera
1834 4423 1974 4494 apud

381 4500 656 4558 eumdem.

463 4581 488 4609 ⁸
529 4571 608 4626 De
651 4570 790 4624 libro
835 4565 1072 4623 Pastoris
1104 4565 1304 4620 dictum
1337 4575 1422 4620 est
1450 4565 1629 4620 collat.
1663 4565 1696 4619 8
1727 4579 1849 4632 cap.
1883 4565 1973 4630 17,

2049 2441 2117 2495 13
2151 2457 2266 2512 cap.
2311 2439 2397 2504 ἸΞ,
2427 2451 2474 2494 et
2503 2439 2650 2512 Beda
2673 2439 2726 2492 in
2759 2455 2982 2512 cap.__xn
3007 2439 3120 2494 Act.
3153 2440 3474 2510 Confirmant
3503 2457 3642 2496 eam-

2047 2513 2162 2564 dem
2194 2509 2520 2582 traaitionent
2547 2509 3126 2582 Gregoriuanyssenus
3149 2514 3202 2565 in
3235 2509 3354 2569 Vita
3386 2512 3568 2582 Hosis,
3595 2521 3642 2568 et

2045 2593 2225 2636 auctor
2265 2581 2564 2652 Imperfect.
2601 2582 2782 2636 Itomt'l.
2817 2581 2940 2652 Sin
2975 2581 3302 2638 Mattlttvum.
3339 2582 3516 2638 Potest
3543 2585 3644 2638 ali-

2047 2655 2184 2726 quod
2213 2657 2327 2726 ejus
2353 2651 2432 2706 rei
2463 2653 2740 2726 vestigium
2771 2653 2824 2706 in
2859 2651 3132 2726 Scriptura
3165 2657 3354 2708 notari.
3397 2653 3538 2708 Nam
3569 2655 3640 2710 ο.

2049 2723 2250 2779 Paulus
2280 2725 2460 2778 datum
2501 2723 2596 2778 sibi
2638 2725 2762 2776 dicit
2809 2723 3048 2794 angelum
3077 2725 3290 2780 Satanae
3315 2726 3404 2794 qui
3427 2743 3480 2780 se
3501 2727 3646 2780 cola-

2049 2795 2216 2868 phizet
2247 2795 2321 2866 (ll
2355 2795 2487 2868 Cor._
2512 2795 2606 2862 xu)
2633 2813 2646 2848 :
2675 2795 2814 2868 quod
2839 2797 2932 2868 etsi
2960 2793 3080 2848 aliis
3110 2797 3276 2868 modis
3307 2793 3524 2868 intelligi
3555 2814 3650 2868 po-

2051 2865 2168 2932 lest,
2201 2865 2364 2936 pOtest
2393 2877 2440 2921 et
2467 2865 2583 2930 hoc,
2616 2875 2662 2918 et
2694 2865 2936 2919 credibile
2962 2881 3034 2920 est
3067 2867 3334 2921 diabolum
3365 2865 3646 2921 dtemonio-
3685 2873 3696 2878 “

2051 2955 2168 2992 rum
2195 2935 2475 3008 principem
2504 2939 2554 2989 in
2584 2935 3032 3008 administratione
3065 2938 3210 3004 regni
3237 2943 3314 2992 sui
3349 2939 3510 2992 Deum
3531 2939 3648 2992 imi-

2055 3011 2178 3070 tari,
2194 3007 2239 3082 et
2252 3009 2686 3082 quemadmodum
2713 3007 2852 3060 Deus
2871 3009 3092 3076 singulis
3116 3009 3408 3082 nominibus
3423 3009 3652 3082 singulos

2057 3079 2273 3152 angelos
2300 3081 2568 3152 prwponit,
2594 3079 2666 3132 ita
2688 3094 2803 3132 eum
2823 3095 3078 3152 apponere
3109 3079 3340 3152 singulos
3373 3079 3650 3134 dcemones.

2057 3150 2144 3206 Sic
2171 3151 2530 3212 Maldonatns,
2555 3157 2612 3202 ut
2633 3161 2876 3218 apparet,
2904 3151 2956 3204 in
2985 3159 3190 3218 partem
3216 3150 3572 3206 afﬁrmantem
3602 3159 3656 3207 et

2059 3225 2384 3276 sententiam
2421 3221 2578 3288 hujus
2609 3221 2860 3274 Aneturis
2888 3223 3056 3288 magis
3090 3222 3451 3288 propendens.
3482 3224 3652 3290 Quam

2056 3295 2220 3348 etiam
2248 3292 2492 3361 sequitur
2533 3302 2588 3346 et
2622 3291 2867 3344 defendit
2920 3291 3156 3346 Joannes
3191 3293 3459 3348 Durantus
3489 3296 3582 3349 Itb.
3619 3311 3656 3349 ιι

2061 3364 2126 3417 de
2169 3363 2385 3418 Ritibns
2425 3361 2682 3416 Ecclesiae
2713 3378 2829 3430 cap.
2867 3363 2954 3416 15.
2987 3363 3118 3416 Vide
3159 3365 3372 3430 Magisu
3406 3365 3652 3421 Sentent.

2063 3435 2155 3488 lib.
2191 3451 2223 3505 ll
2249 3435 2378 3488 dist.
2407 3431 2492 3486 ll.
2525 3431 2658 3486 Huic
2689 3443 2867 3505 tamen
2897 3435 3180 3488 sententia:
3209 3437 3360 3488 multi
3383 3435 3652 3505 refragan-

2061 3515 2166 3576 tur,
2209 3504 2352 3576 inter
2397 3517 2531 3576 quos
2579 3505 2728 3556 card.
2781 3503 3138 3558 Bellartninus
3184 3505 3330 3572 (Lib.
3374 3506 3436 3559 de
3479 3503 3654 3576 scrip.

2063 3575 2262 3642 Eccl.),
2293 3591 2451 3644 quem
2481 3574 2651 3626 lector
2679 3577 2944 3628 consulat.

2137 3657 2158 3684 ε
2194 3647 2298 3700 Per
2328 3661 2387 3718 se
2416 3644 2632 3712 quidem
2661 3647 2950 3718 negligi-re,
2975 3655 3032 3699 at
3059 3660 3164 3698 non
3195 3660 3404 3718 perﬁce,
3436 3647 3532 3702 sed
3559 3663 3658 3718 per

2063 3718 2288 3788 gratiam
2323 3717 2412 3770 Dei
2445 3717 2943 3788 amarethocest,
2984 3731 3084 3788 per
3121 3731 3180 3772 se
3219 3717 3436 3784 cadere,
3465 3727 3520 3773 at
3551 3717 3658 3775 non

2065 3783 2164 3860 per
2207 3805 2266 3843 se
2315 3801 2612 3856 resurgere.
2665 3783 2862 3841 Facilis
2909 3787 3052 3842 enim
3111 3788 3386 3842 descensus
3424 3783 3658 3856 Auerni;

2129 3901 2229 3970 §_ed
2251 3913 2484 3970 revocare
2511 3901 2735 3970 gradum,
2764 3913 3074 3966 superasque
3095 3903 3383 3967 (ascendere
3409 3904 3469 3954 ad
3491 3919 3659 3970 auras,

2131 3964 2238 4014 Hoc
2261 3977 2400 4027 opus,
2427 3965 2506 4012 hic
2528 3965 2668 4013 labor
2692 3972 2828 4014 est...

2071 4068 2146 4140 ait
2173 4069 2380 4140 poetag(
2401 4066 2563 4140 Virg.
2585 4083 2636 4122 vt
2665 4067 2926 4140 :Eneid.).
2953 4069 3020 4126 Et
3049 4071 3110 4126 D.
3139 4072 3442 4131 Berttardus
3471 4075 3565 4130 lib.
3591 4076 3659 4132 de

2072 4139 2258 4216 Gratia
2282 4157 2292 4192 :
2323 4138 2592 4216 Peccantis
2615 4139 2791 4216 lapsus
2823 4138 2924 4216 non
2945 4143 3082 4216 dono
3111 4145 3442 4200 ascribendns
3469 4157 3544 4201 est
3571 4165 3664 4216 po-

2075 4212 2300 4274 testatis,
2328 4211 2418 4264 sed
2455 4211 2574 4264 vitio
2603 4209 2906 4284 voluntatis.
2953 4212 3153 4284 Lapsus
3189 4227 3358 4270 tamen
3387 4235 3451 4272 ea:
3475 4209 3662 4272 uolun-

2075 4293 2196 4356 tate,
2217 4299 2318 4356 non
2332 4298 2474 4356 teque
2493 4298 2555 4336 ea:
2572 4283 2839 4356 uoluntate
2855 4301 3115 4356 resurgere
3125 4289 3244 4355 jam
3267 4289 3478 4342 liberum
3495 4290 3664 4343 habet:

2076 4353 2197 4424 quia
2227 4355 2318 4407 etsi
2355 4355 2526 4406 datum
2555 4353 2655 4420 fuit
2695 4354 2946 4409 voluntati
2986 4353 3135 4424 posse
3165 4369 3320 4423 stare,
3353 4376 3414 4414 ne
3439 4361 3666 4424 caderet;

2079 4439 2181 4503 non
2216 4434 2382 4503 tamen
2413 4441 2698 4503 resurgere,
2722 4425 2766 4478 si
2791 4425 3028 4503 caderet._
3053 4426 3342 4503 Nonenim
3381 4439 3486 4503 tam
3517 4432 3668 4503 facile

2079 4495 2194 4566 quis
2223 4495 2354 4566 ualet
2381 4495 2604 4566 exirede
2631 4495 2793 4560 fovea,
2819 4512 2972 4566 quam
3002 4498 3155 4566 facile
3181 4501 3234 4552 in
3263 4517 3372 4554 eam
3399 4495 3521 4556 labi.‘

2155 4563 2180 4600 ά
2221 4564 2404 4642 Iniqua
2427 4565 2698 4642 .et_inepta
2740 4563 3037 4642 instituitur
3064 4568 3280 4642 collatio
3307 4582 3360 4626 et
3389 4587 3668 4642 compara-

384 4643 546 4712 cnjus
576 4641 942 4712 testimonium
973 4639 1060 4712 hic
1091 4653 1126 4712 a_
1148 4637 1424 4692 Collatore
1455 4637 1740 4712 prolatum,
1775 4639 1981 4712 ut__nt_tl_-
2006 4641 2060 4703 ι)
2085 4635 2159 4690 ιίο
2180 4635 2469 4712 voluntatis
2497 4635 2748 4712 humana:
2771 4651 2892 4712 cu_n_i
2919 4637 3320 4712 divinagratia,
3345 4645 3496 4710 quasi
3517 4635 3669 4712 'paris

387 4706 498 4770 litis
530 4710 902 4776 auctoritatis,
948 4726 976 4764 a
1008 4709 1070 4762 D.
1109 4708 1381 4778 Prospero
1425 4707 1788 4763 contemnitur
1821 4706 1982 4778 (Vide

385 4782 518 4840 Bar.
550 4783 698 4838 Tom.
731 4782 774 4837 ll
799 4781 936 4837 Ann.
967 4781 1058 4834 sub
1086 4795 1224 4832 anno
1259 4777 1419 4850 159).

468 4855 492 4894 δ
536 4855 651 4910 Etsi
678 4855 816 4908 hanc
839 4851 1160 4906 sententiam
1187 4851 1434 4916 superius
1456 4859 1746 4919 utcumque
1774 4851 1983 4906 discus-

391 4927 558 4983 seritn
593 4923 826 4996 (Collat.
855 4923 892 4996 8
915 4939 1034 4996 cap.
1071 4921 1358 4996 l7),_libet
1389 4933 1568 4996 tamen
1589 4921 1686 4996 _lt_ic
1715 4922 1979 4996 insignem

391 4997 556 5068 hujus
603 4991 790 5068 saeculi
832 4991 1153 5068 theologum
1185 4991 1448 5068 Joannem
1500 4993 1982 5068 Maldonatum‘de

393 5061 586 5125 eadem
617 5065 806 5120 audire
831 5061 1196 5134 disputantem
1231 5080 1244 5116 :
1281 5061 1426 5116 Illud
1447 5065 1624 5122 etiam.
1655 5061 1828 5132 inquit
1872 5061 1982 5132 (In

393 5157 448 5194 ε.
479 5154 608 5193 xvm
638 5136 889 5208 Malm),
922 5133 1062 5208 apud
1082 5143 1327 5208 auctores
1366 5135 1532 5187 minus
1569 5140 1885 5208 estcertum,
1914 5151 1984 5188 an

393 5211 592 5280 singuli
620 5203 853 5280 homines
879 5203 981 5260 non
1014 5204 1180 5280 solum
1217 5205 1402 5258 bonum
1425 5221 1456 5258 α
1485 5221 1582 5274 quo
1604 5203 1980 5280 defenduntur,

395 5269 670 5336 sed'etiam
681 5279 876 5332 malum
887 5293 918 5329 a
939 5293 1040 5347 quo
1061 5277 1448 5346 impugnantur,
1463 5269 1700 5347 angelum
1725 5274 1944 5329 habeant
1963 5269 1986 5330 ?

399 5353 510 5408 Sed
541 5360 716 5406 tamen
751 5357 798 5402 et
829 5351 923 5402 hoc
952 5345 1518 5418 ipsumiantiquissima
1538 5345 1852 5412 traditione,
1883 5363 1986 5401 non

401 5421 821 5477 Christianorum
861 5417 1032 5484 modo,
1073 5417 1161 5472 sed
1193 5419 1344 5472 etiam
1373 5417 1710 5471 Hebr-reorum
1742 5419 1989 5471 traditum

399 5503 498 5560 est,
529 5501 580 5546 ut
617 5493 795 5546 scribit
819 5490 962 5544 rabbi
989 5490 1160 5543 Moses
1183 5487 1272 5541 lib.
1307 5504 1362 5560 In
1391 5487 1527 5541 Mor.
1561 5503 1673 5560 cap.
1823 5497 1989 5554 Quam

403 5558 738 5619 traditionem
779 5578 842 5616 ea:
883 5563 1092 5630 antiquo
1137 5559 1268 5630 libro
1315 5558 1569 5626 Pastoris,
1599 5558 1646 5613 et
1674 5575 1737 5612 ea:
1770 5561 1991 5628 epistola

401 5633 679 5694 Barnabas.
705 5628 1012 5705 quamolim
1027 5633 1160 5684 inter
1189 5628 1504 5684 Christianos
1527 5631 1578 5682 in
1595 5645 1786 5705 magna
1800 5641 1994 5705 aucto-

403 5708 562 5778 ritate
581 5699 744 5778 fuisse
774 5703 1216 5778 legitttus,_vete_res
1231 5711 1470 5778 auctores
1493 5699 1708 5778 probare
1732 5700 1913 5778 solent,
1940 5709 1996 5778 ut

409 5771 664 5849 Origenes
707 5771 890 5849 ltomil.
917 5773 982 5826 10
1015 5771 1308 5849 in__Lt_tcam
1337 5783 1382 5826 et
1413 5773 1499 5826 lib.
1540 5787 1598 5826 In
1626 5773 1708 5849 d_e_
1725 5771 1998 5849 Principiis

405 5843 529 5919 Cap:
549 5851 608 5916 2,
634 5857 684 5904 et
703 5844 983 5902 Cassianus
1009 5843 1284 5899 collatione
1310 5853 1488 5902 octava
1515 5861 1633 5916 cap.
1659 5844 1724 5898 15
1745 5853 1792 5897 et
1821 5843 1996 5898 collat.

2085 4717 2268 4779 essent
2297 4705 2589 4779 facultatis,
2622 4715 2675 4760 et
2704 4705 2926 4779 quodin
2955 4705 3222 4779 aliquibus
3257 4705 3448 4778 gratia,
3481 4705 3585 4769 hoc
3615 4717 3666 4769 in

2085 4777 2204 4852 aliis
2231 4778 2451 4852 propria
2495 4783 2751 4852 operetur
2783 4777 3060 4852 voluntas;
3094 4777 3280 4850 sicque
3307 4777 3478 4852 gratia
3509 4787 3670 4840 modo

2085 4849 2156 4921 sit
2177 4848 2398 4921 praevia,
2429 4849 2908 4921 modovoluntatis
2939 4848 3282 4920 pedissequa.
3311 4848 3466 4921 Quod
3489 4865 3666 4910 autem

2084 4919 2160 4974 ait
2180 4917 2470 4990 'Psaltnista
2505 4937 2516 4969 :
2551 4917 2706 4972 Mane
2730 4921 2898 4972 oratio
2925 4917 3032 4974 mea
3057 4917 3434 4990 prteueniet'te,
3466 4942 3570 4982 non
3595 4929 3673 4983 sic

2085 4989 2458 5060 accipiendum
2491 4997 2594 5058 est,
2627 4993 2778 5058 quasi
2811 4993 2957 5059 prior
2983 4989 3231 5048 voluntas
3259 4994 3325 5048 ad
3356 4989 3480 5050 eum
3513 5011 3668 5054 acce-

2085 5061 2203 5128 dat;
2245 5061 2393 5130 prior
2441 5061 2587 5114 illum
2621 5061 2838 5132 invocet
2867 5077 2974 5116 non
3005 5077 3230 5130 vocata,
3281 5081 3386 5122 non
3419 5070 3669 5132 excitata,

2089 5149 2194 5188 non
2225 5141 2528 5208 praeventa,
2557 5131 2870 5208 Aut_dictum
2898 5144 3003 5208 _est_
3031 5153 3044 5187 :
3077 5133 3204 5189 Cum
3239 5153 3386 5191 nemo
3415 5140 3572 5208 possit
3601 5131 3670 5191 ad

2089 5220 2205 5278 eum
2233 5201 2589 5278 ueniretnisi-
2614 5201 2790 5278 Pater
2816 5203 3032 5278 ccclestis
3070 5208 3286 5260 traxerit
3337 5201 3450 5262 eum
3483 5207 3672 5278 (Joan.

2089 5275 2210 5349 ιιι).⁵
2233 5274 2331 5349 Et,
2354 5273 2650 5349 Quisprior
2673 5275 2812 5349 dedit
2839 5277 2907 5340 ei,
2939 5287 2986 5330 et
3012 5278 3314 5349 retribuetur
3333 5281 3380 5332 ei
3408 5281 3426 5349 (
3442 5273 3669 5336 Roman.

2091 5361 2184 5420 vni
2202 5345 2262 5416 )7
2293 5345 2444 5420 Unde
2467 5346 2797 5420 Augustinus
2820 5347 3143 5420 versiculum
3171 5348 3321 5420 illum
3345 5345 3628 5420 exponens
3661 5369 3672 5404 :

2090 5415 2209 5470 Jant
2233 5416 2611 5486 mane,inquit,
2641 5425 2968 5486 posteaquam
2997 5435 3101 5472 nox
3130 5415 3450 5486 inﬁdelitatis
3471 5432 3517 5476 et
3539 5433 3677 5477 tene-

2093 5489 2196 5542 brte
2215 5491 2544 5542 transierunt.
2572 5487 2723 5552 Quod
2745 5505 2908 5546 mane.
2932 5499 2985 5542 ut
3009 5490 3130 5544 mihi
3157 5502 3302 5554 esset,
3321 5493 3676 5548 misericordia

2094 5567 2182 5612 tua
2213 5559 2454 5628 prtevenit
2485 5575 2580 5612 me.
2625 5557 2891 5624 Quomodo
2926 5561 3056 5612 enim
3087 5561 3408 5626 invocarem,
3437 5565 3538 5618 nisi
3563 5581 3677 5619 cre-

2096 5631 2294 5683 derem?
2315 5631 2567 5698 quomodo
2589 5629 2863 5686 crederem.
2897 5631 2997 5684 nisi
3019 5631 3278 5686 audirem?
3299 5636 3386 5688 sed
3414 5645 3470 5688 ut
3495 5637 3678 5691 audita

2098 5701 2390 5766 crederem,
2422 5701 2534 5764 ipse
2579 5715 2656 5751 me
2691 5701 2942 5766 attraxit;
2981 5703 3100 5768 quia
3138 5704 3190 5756 in
3230 5705 3428 5758 occulto
3458 5723 3490 5760 a
3519 5717 3680 5762 morte

2099 5773 2290 5844 cordis,
2337 5788 2439 5824 non
2478 5771 2682 5844 quilibet
2727 5771 2974 5832 ntedicus.
3014 5775 3109 5844 sed?
3141 5775 3248 5844 ipse
3283 5779 3538 5831 excitauit.
3585 5779 3678 5834 Sic

2102 5843 2454 5914 Augustinus.
2479 5840 2844 5912 Metaphorice
2870 5853 3049 5904 autem
3081 5840 3276 5903 dicitur
3302 5848 3567 5918 voluntas,
3589 5849 3678 5908 vel
