4078 6332
493 323 607 392 935

1552 324 1829 383 JOANNIS
1866 324 2178 384 CASSIANI
2214 322 2700 384 COLLATIONES.

3665 322 3773 389 936

493 438 773 501 inimicum
796 452 901 496 non
926 450 1024 495 sua
1049 438 1270 506 virtute,
1298 437 1393 494 sed
1419 437 1511 493 Dei
1539 439 1712 494 solius
1740 439 1933 495 fuisset
1953 454 2071 509 gra-
2101 445 2151 504 Α
2179 439 2371 495 fortior
2400 440 2485 495 vel
2514 440 2808 510 gloriosior
2834 438 2957 505 fiat,
2983 438 3280 512 evangelici
3324 440 3471 500 illius
3499 446 3774 502 centurio-

493 535 567 591 tia
622 544 941 607 protegente
986 548 1331 603 congressus,
1365 542 1420 589 et
1472 533 1675 603 absque
1726 532 1831 589 ulla
1874 534 2077 589 virtute

495 629 775 701 patientia:
815 641 950 694 suae,
975 625 1152 682 divina
1187 635 1392 682 tantum
1419 626 1771 696 opitulatione
1801 624 2076 692 suffultus,

496 722 825 792 multiplices
853 721 977 777 illas
996 735 1061 777 ac
1090 727 1200 776 tota
1231 721 1433 775 inimici
1461 719 1781 776 crudelitate
1828 723 2078 790 quaesitas

496 815 855 871 tentationum
888 814 1060 869 moles
1108 823 1162 869 et
1214 814 1373 871 exitia
1419 814 1761 885 pertulisset;
1810 813 2078 885 quomodo

495 923 605 964 non
653 905 802 961 illam
851 906 1239 962 calumniosam
1291 906 1539 962 diabolus
1571 921 1728 974 quam
1755 906 1906 976 prius
1945 903 2080 960 emi—

496 1006 648 1055 serat
676 1011 861 1053 vocem
893 998 1155 1054 adversus
1182 1014 1305 1054 eum
1348 1000 1544 1068 justius
1568 999 1823 1054 iterasset
1852 1015 1865 1050 :
1904 996 2078 1051 Nunt-

493 1090 618 1162 quid
641 1092 804 1162 gratis
834 1089 960 1145 colit
987 1090 1090 1146 Job
1111 1090 1317 1147 Deum?
1347 1090 1534 1145 Nonne
1555 1100 1610 1144 tu
1637 1089 1847 1145 vallasti
1876 1106 1991 1144 eum
2018 1105 2080 1143 ac

494 1186 704 1238 domum
726 1186 844 1256 ejus
870 1193 918 1238 et
953 1184 1247 1239 universam
1274 1182 1613 1238 substantiam
1641 1184 1753 1256 ejus
1778 1198 1869 1254 per
1913 1182 2082 1236 circu-

493 1281 665 1336 itum?
701 1292 727 1321 ι
768 1280 875 1338 Sed
922 1280 1071 1350 aufer
1110 1295 1321 1333 manum
1368 1288 1542 1342 tuam,
1572 1277 1623 1333 id
1661 1286 1777 1343 est,
1811 1276 1929 1332 sine
1956 1290 2078 1330 eum

493 1380 607 1435 suis
653 1394 863 1436 mecum
893 1374 1101 1431 viribus
1130 1375 1432 1443 decertare,
1466 1373 1566 1426 nisi
1614 1371 1669 1425 in
1715 1370 1900 1441 faciem
1930 1378 2078 1423 tuam

496 1472 814 1528 benedixerit
859 1470 950 1525 tibi
998 1468 1142 1542 (Job.
1176 1466 1237 1539 t).
1272 1466 1380 1523 Sed
1411 1480 1535 1521 cum
1578 1464 1783 1520 nullam
1832 1461 2083 1533 hujusce—

496 1565 642 1620 modi
669 1560 1065 1635 querimoniam
1095 1559 1461 1615 calumniosus
1489 1555 1665 1611 hostis
1714 1565 1835 1626 post
1866 1552 2085 1609 conﬂic-

497 1664 608 1713 tum
654 1657 855 1711 audeat
905 1654 1128 1721 iterare,
1163 1666 1267 1706 non
1314 1649 1432 1717 Dei,
1463 1648 1556 1703 sed
1590 1647 1733 1702 illius
1781 1661 1839 1702 se
1877 1648 2081 1701 victum

495 1749 702 1805 viribus
757 1748 1082 1805 conﬁtetur:
1118 1744 1243 1801 licet
1296 1745 1460 1800 etiam
1505 1742 1677 1814 gratia
1725 1740 1820 1795 Dei
1872 1755 1977 1795 non
2029 1739 2083 1794 in

2186 533 2271 589 nis
2319 534 2609 589 edocemur
2651 534 2930 604 exemplo,
2967 533 3123 604 cujus
3170 548 3396 604 puerum
3425 550 3548 591 cum
3603 539 3773 594 sciret

2181 627 2366 697 utique
2383 635 2655 697 potestate
2683 626 2952 682 sermonis
2975 627 3056 681 sui
3080 640 3139 682 se
3160 625 3418 684 Dominus
3433 638 3771 697 curaturum,

2182 718 2379 776 on‘erre
2410 720 2599 774 maluit
2626 718 2968 790 praesentiam
2999 717 3336 789 corporalem
3365 719 3554 775 dicens
3606 733 3625 776 :
3658 720 3774 792 Ego

2182 814 2384 869 veniam
2415 824 2463 869 et
2483 812 2673 868 curabo
2696 830 2830 867 eum.
2862 811 2969 867 Sed
2997 812 3090 867 illo
3115 811 3254 867 hanc
3281 812 3399 881 ejus
3438 811 3774 870 oblationem

2184 904 2534 962 ferventioris
2582 906 2704 961 ﬁdei
2764 905 3049 974 ﬂagrantia
3108 904 3551 975 supergrediente
3605 916 3775 976 atque

2182 1000 2399 1056 dicente
2425 1019 2438 1056 :
2468 999 2707 1065 Domine,
2731 1015 2833 1053 non
2858 1014 2974 1053 sum
2998 998 3189 1069 dignus
3214 1006 3273 1052 ut
3294 999 3451 1053 intres
3466 997 3561 1051 sub
3585 1006 3775 1053 tectum

2182 1109 2369 1158 meum,
2396 1093 2486 1146 sed
2541 1092 2623 1146 dic
2672 1101 2872 1145 tantum
2897 1092 3048 1145 verbo
3074 1100 3121 1145 et
3159 1090 3425 1146 sanabitur
3451 1106 3581 1162 pater
3600 1108 3769 1163 meus,

2183 1186 2412 1240 miratur
2458 1200 2581 1239 eum
2633 1184 2890 1239 Dominus
2933 1193 3095 1254 atque
3123 1182 3416 1251 collaudat,
3448 1183 3771 1254 cunctisque

2184 1276 2294 1332 illis
2321 1277 2412 1348 qui
2437 1292 2501 1332 ex
2530 1277 2747 1333 lsraelis
2790 1276 2989 1346 ponulo
3031 1276 3377 1332 crediderant
3408 1276 3651 1347 praefert,
3689 1277 3776 1331 di-
3828 1274 3833 1279 ’

2186 1381 2316 1423 cens
2348 1384 2361 1421 :
2389 1368 2550 1422 Amen
2595 1367 2709 1421 dico
2757 1366 2915 1433 vobis,
2944 1382 3050 1420 non
3096 1367 3267 1420 inveni
3312 1374 3508 1420 tantam
3538 1364 3693 1435 ﬁdem
3718 1366 3777 1420 in

2191 1459 2361 1515 Israel
2384 1458 2601 1532 (Matth.
2621 1461 2758 1527 vnt).
2784 1456 2990 1513 Nullius
3023 1456 3166 1514 enim
3200 1457 3372 1514 laudis
3402 1466 3549 1513 esset
3573 1471 3640 1513 ac
3662 1471 3776 1513 me-

2187 1553 2300 1621 riti,
2333 1552 2376 1606 si
2407 1550 2461 1607 id
2489 1551 2541 1605 in
2570 1565 2636 1606 eo
2674 1548 2918 1609 Christus
2964 1549 3107 1621 quod
3155 1549 3274 1620 ipse
3302 1549 3601 1605 donaverat
3629 1564 3773 1619 prae-

2187 1647 2436 1712 tulisset;
2486 1645 2723 1716 alioquin
2779 1644 3006 1700 dixisset
3037 1642 3194 1699 :Non
3220 1643 3344 1700 dedi
3370 1653 3573 1700 tantam
3611 1643 3773 1701 ﬁdem

2186 1737 2239 1792 in
2273 1738 2460 1793 Israel.
2512 1737 2685 1806 Quam
2728 1736 3155 1807 explorationem
3187 1734 3338 1802 ﬁdei,
3366 1738 3531 1791 etiam
3574 1736 3630 1791 in
3676 1736 3773 1793 illo

496 1848 669 1897 totum
714 1841 792 1896 illi
822 1840 1062 1896 defuisse
1090 1837 1361 1895 credenda
1388 1838 1480 1905 sit,
1514 1852 1634 1907 quae
1666 1843 1867 1890 tantam
1908 1843 2076 1889 tenta.
2109 1838 2157 1900 Β
2188 1830 2727 1898 magniﬁcentissimo
2770 1829 3078 1899 patriarcha
3104 1828 3344 1883 divinam
3390 1828 3623 1900 legimus
3648 1828 3765 1884 dis-

497 1934 599 1989 tori
631 1932 875 1989 tentandi
903 1932 1093 1987 tribuit
1126 1938 1473 2001 potestatem,
1499 1927 1528 1966 δ
1560 1938 1822 1999 quantam
1846 1936 1902 1983 et
1929 1926 2081 1981 illum

497 2026 787 2083 resistendi
840 2034 1066 2081 noverat
1114 2023 1317 2079 habere
1372 2025 1654 2088 virtutem,
1703 2038 1808 2077 non
1841 2035 1963 2075 eum
2013 2019 2083 2074 ab

496 2117 645 2174 illius
669 2117 1080 2189 impugnatione
1126 2116 1205 2172 sic
1234 2124 1542 2185 protegens,
1572 2125 1629 2168 ut
1659 2114 1865 2168 nullum
1894 2110 2086 2167 virtuti

497 2211 748 2268 humanae
777 2211 1112 2282 relinqueret
1143 2210 1343 2275 locum,
1376 2208 1473 2266 sed
1503 2207 1606 2264 hoc
1652 2216 1859 2263 tantum
1892 2220 2084 2276 procu-

493 2320 622 2361 rans
650 2321 718 2362 ne
740 2305 1167 2362 violentissimus
1196 2303 1445 2359 inimicus
1478 2302 1716 2357 animam
1748 2302 1868 2371 ejus
1895 2314 2081 2354 amen-

494 2410 602 2460 tem
644 2402 868 2475 faciens,
899 2411 955 2460 et
1008 2402 1267 2472 impotem
1320 2414 1507 2464 sensu,
1541 2397 1735 2468 impari
1764 2410 1887 2451 eum
1917 2403 2080 2465 atque

490 2494 679 2567 iniquo
708 2493 1022 2558 certaminis
1053 2482 1296 2565 pondere
1324 2499 1711 2564 praegravaret.
1760 2481 1911 2555 Quod
1950 2502 2082 2559 ergo

491 2589 665 2653 soleat
702 2587 977 2646 interdum
1006 2597 1214 2644 tentare
1243 2585 1508 2640 Dominus
1540 2582 1699 2639 ﬁdem
1732 2589 1995 2647 nostram,
2022 2585 2083 2632 ut

2187 1937 2443 1992 pensasse
2466 1921 2752 1992 justitiam,
2801 1936 2922 1976 cum
2954 1920 3158 1975 dicitur
3182 1938 3196 1975 :
3222 1919 3287 1974 Et
3315 1920 3515 1991 factum
3558 1932 3636 1976 est
3660 1927 3776 1993 post

2184 2015 2298 2071 haec
2352 2015 2525 2081 verba,
2564 2025 2586 2053 ε
2617 2014 2828 2069 tentavit
2871 2012 3011 2067 Deus
3048 2011 3309 2067 Abraham
3357 2010 3569 2084 (Cenes.
3613 2014 3773 2084 xxtt).

2185 2109 2311 2164 Non
2340 2110 2485 2164 enim
2522 2106 2669 2163 illam
2700 2106 2859 2162 ﬁdem
2890 2122 3049 2177 quam
3079 2107 3127 2161 ei
3160 2106 3421 2161 Dominus
3447 2105 3775 2176 inspirabat,

2187 2202 2287 2259 sed
2320 2202 2463 2258 illam
2495 2216 2657 2273 quam
2687 2207 2909 2256 vocatus
2938 2200 3106 2255 semel
3150 2210 3313 2271 atque
3344 2199 3709 2267 illuminatus,
3738 2214 3772 2256 ι

2190 2296 2423 2351 Domino
2468 2309 2564 2364 per
2613 2292 2823 2348 arbitrii
2870 2291 3173 2347 libertatem
3227 2299 3442 2361 poterat
3489 2290 3772 2359 exhibere,

2188 2388 2425 2460 experiri
2455 2387 2629 2443 voluit
2666 2386 2845 2441 divina
2890 2385 3123 2455 justitia.
3168 2382 3320 2441 Unde
3346 2399 3455 2441 non
3501 2384 3774 2441 immerito

2190 2482 2314 2538 ﬁdei
2356 2480 2474 2552 ejus
2517 2479 2821 2535 constantia
2852 2477 3258 2547 comprobatur,
3295 2486 3458 2548 atque
3503 2477 3572 2533 ad
3623 2493 3774 2546 eum,

2191 2574 2549 2632 subveniente
2597 2573 2770 2645 gratia
2802 2571 2920 2639 Dei,
2950 2586 3073 2643 quae
3111 2585 3233 2627 eum
3263 2571 3543 2644 paulisper
3584 2572 3776 2628 subre-

1550 2738 1809 2797 ALARDI
1848 2735 2081 2795 GAZIEI
2118 2732 2682 2793 COMMENTARIUS.

489 2865 722 2924 Abrahae
768 2877 799 2918 a
859 2862 968 2917 Deo
1017 2867 1277 2915 tentatam
1327 2863 1383 2911 et
1432 2852 1837 2924 comprobatam
1872 2850 2067 2924 fuisse,

490 2923 598 2995 non
628 2949 786 3006 quam
816 2934 930 3001 ipse
957 2931 1097 2987 Deus
1124 2928 1516 3006 inspiraverat,
1550 2923 1645 2980 sed
1670 2938 1838 3006 quam
1867 2923 1943 2976 illi
1975 2936 2072 3005 per

489 2992 695 3064 arbitrii
721 2992 1028 3078 libertatem
1061 2992 1309 3072 poterant
1340 2999 1602 3078 exhibere
1614 2992 1710 3076 :.N
1720 2994 2064 3078 ullius'enim,

492 3079 685 3146 inquit,
735 3074 905 3129 laudis
953 3064 1077 3127 essel
1123 3088 1185 3125 ac
1234 3070 1431 3146 meriti,
1474 3068 1515 3146 si
1547 3067 1602 3119 id
1640 3066 1709 3146 in
1745 3082 1804 3119 eo
1834 3064 2071 3119 Christus

489 3137 630 3223 quod
655 3137 763 3223 ipse
794 3146 1077 3199 donaverat
1113 3138 1446 3223 prtetulisset.
1488 3137 1557 3223 ᾼι
1584 3145 1865 3223 prmlernen
1896 3152 2015 3223 quae
2037 3151 2067 3190 a

487 3205 612 3277 divo
658 3205 920 3285 Prospero
970 3205 1157 3285 contra
1200 3212 1339 3285 hanc
1368 3208 1707 3285 sententiam
1751 3205 2063 3285 atteruntur,

488 3277 820 3348 contrarium
853 3287 1013 3341 etiam
1039 3284 1238 3340 docent
1259 3282 1344 3336 illa
1368 3277 1653 3349 Papltnulii
1680 3279 1865 3340 verba,
1889 3280 2068 3330 enllat.

488 3364 524 3419 5
549 3360 714 3418 c.l6:
745 3357 811 3412 In
829 3366 1028 3411 tantum
1057 3357 1289 3409 universa
1314 3367 1431 3422 qua:
1450 3348 1522 3403 ad
1549 3348 1767 3403 salutem
1795 3349 2068 3422 pertinent,

488 3430 945 3505 Apostolisibimet
968 3445 998 3480 a
1033 3426 1248 3505 Domino
1280 3420 1470 3505 largita
1495 3427 1791 3505 senserunt,
1831 3430 1885 3505 ut
1908 3420 2072 3505 ipsam

487 3490 689 3575 quoque
703 3502 858 3575 ﬁdem
872 3499 1104 3575 prastari
1120 3496 1214 3575 sibi
1229 3512 1260 3575 ᾳ
1286 3490 1508 3575 ι)ρῇιὶηο
1523 3493 1867 3575 postularent,
1893 3490 2072 3575 dicen-

488 3560 562 3631 les
576 3560 849 3640 :Domine,
869 3560 1001 3642 auge
1016 3568 1162 3642 nobis
1177 3567 1331 3636 ﬁdem
1346 3564 1494 3635 (Luc.
1514 3560 2070 3642 “itif-lenitudinem

487 3652 605 3720 ejus
617 3663 719 3700 non
738 3632 893 3697 libero
914 3632 1125 3720 arbitrio
1146 3632 1529 3720 prgsunientes,
1544 3632 1632 3688 sed
1647 3632 1852 3720 Deisibi
1866 3633 2070 3685 creden-

488 3704 558 3774 ιὲε
578 3731 785 3771 munere
807 3704 1190 3781 conferendam.
1205 3707 1420 3781 Tertius
1436 3704 1717 3781 error,‘_qui
1737 3713 1914 3757 tamen
1948 3718 2067 3781 cum

488 3775 1220 3860 praecedentibuscoincidit.
1245 3779 1316 3831 ita
1346 3791 1561 3860 setttper
1590 3775 1822 3856 divinam
1841 3778 2067 3860 gratiam

486 3845 770 3914 arbitrium
799 3854 1031 3909 hominis
1069 3852 1320 3914 invitare,
1347 3858 1404 3902 ut
1430 3846 1562 3901 illud
1592 3863 1696 3900 non
1731 3849 1784 3899 in
1812 3845 2068 3899 omnibus

489 3931 667 3986 taliter
694 3932 943 3998 protegat
979 3938 1043 3979 ac
1068 3920 1352 3998 defendat,
1387 3927 1444 3971 ut
1474 3932 1577 3973 non
1627 3917 1798 3998 etiam
1836 3917 2069 3998 propriis

487 4015 611 4056 eum
651 3986 931 4054 clinatib'us
977 3992 1232 4063 congredi
1279 3991 1562 4063 adversum
1592 3988 1866 4063 spiritales
1907 3986 2069 4041 faciat

488 4071 752 4127 inimicos.
782 4068 857 4123 lta
885 4058 1146 4121 Collato'r.
1179 4065 1245 4118 At
1271 4070 1458 4116 contra
1499 4058 1698 4115 docent
1741 4058 1928 4113 Patres
1961 4073 2068 4113 non

488 4156 646 4213 posse
668 4141 799 4196 solis
830 4147 1033 4213 naturae.
1061 4134 1262 4213 viribus
1282 4175 1297 4199 ,
1318 4141 1377 4213 et
1402 4131 1518 4186 sine
1547 4130 1723 4213 divina
1750 4145 1873 4199 ope,
1904 4130 2067 4183 ullam

485 4199 668 4268 verant
698 4210 1045 4267 teutatiuuem
1091 4208 1159 4259 ah
1188 4204 1408 4258 homine
1456 4199 1733 4268 superari.
1766 4213 1819 4254 et
1850 4211 2064 4253 contra-

484 4285 624 4340 rium
654 4290 905 4339 asserunt
952 4294 1074 4335 esse
1112 4275 1478 4344 Pelagianum.
1508 4272 1599 4329 Sic
1643 4272 2067 4344 enim_synu_dus

485 4355 807 4417 Palaestina,
846 4351 986 4420 apud
1034 4341 1389 4420 Augustinum
1421 4352 1582 4420 eptst.
1626 4343 1762 4405 106,
1798 4341 2066 4420 Pelagium

486 4434 639 4495 urget
677 4444 689 4477 :
735 4414 990 4477 Fateatur
1020 4414 1268 4495 Pelagius
1304 4415 1515 4495 quando
1554 4425 1731 4467 contra
1765 4414 2066 4495 tentation‘es

483 4485 1023 4568 coiicupiscentiasque
1052 4485 1260 4568 illicitas
1281 4487 1605 4547 dimicamus,
1628 4486 1933 4568 quamvis-let
1957 4485 2066 4568 illic

484 4555 761 4622 habeamus
784 4555 1045 4633 prapriam
1073 4561 1404 4623 voluntatem,
1433 4574 1535 4633 non
1564 4567 1730 4633 tamen
1748 4572 1820 4633 ea:
1839 4555 1955 4633 illa.
1976 4556 2066 4633 sed

2177 2848 2261 2904 Ne
2288 2866 2380 2903 nos
2410 2850 2609 2920 inferas
2650 2848 2705 2901 in
2729 2848 3088 2914 tentationem,
3112 2848 3203 2902 sed
3225 2847 3384 2902 libera
3413 2864 3506 2903 nos
3532 2865 3567 2902 a
3602 2850 3772 2906 malo.

2250 2929 2276 2958 ι
2299 2920 2501 2975 Textus
2530 2933 2809 2990 perperam
2835 2920 3050 2983 citatus,
3078 2927 3133 2972 et
3150 2920 3344 2990 peiore
3371 2921 3549 2989 glossa
3575 2922 3777 2990 depra-

2176 3000 2356 3047 vatus.
2404 2992 2606 3044 Textus
2646 2989 2865 3044 Grrecus
2912 2989 3116 3044 habet:
3149 2988 3289 3046 Ἀλλά
3334 2988 3777 3054 ὰίι-ὀστειλοίτήν

2174 3064 2482 3136 χειρά-σοῦ.
2515 3062 2611 3136 Cui
2652 3060 2873 3114 Latinus
2900 3068 2959 3117 et
2988 3061 3247 3130 Vulgatus
3292 3064 3586 3129 respondet
3617 3082 3629 3117 :
3656 3064 3774 3129 (Sed

2175 3129 2388 3207 annue
2426 3129 2698 3207 paululum
2733 3148 2944 3207 martum
2982 3129 3214 3207 φυηρ
3242 3142 3395 3207 tange
3434 3145 3617 3188 cuncta
3651 3153 3777 3207 que

2177 3206 2401 3272 possidet
2427 3200 2573 3275 (Job.
2599 3202 2660 3273 ι),
2688 3213 2792 3257 etc.
2824 3201 2920 3275 Cui
2948 3203 3110 3257 etiam
3138 3200 3431 3259 Chalda'ica
3464 3200 3768 3274 paraphra-

2098 3275 2144 3337 C
2178 3277 2254 3329 sis
2281 3273 2567 3342 consonat,
2594 3274 2870 3341 etfomnes
2896 3273 3221 3339 interpretes
3248 3273 3628 3342 consentiunt;
3660 3278 3773 3334 nisi

2177 3348 2319 3416 quod
2344 3346 2533 3416 aliqui,
2560 3346 2722 3412 mitte,
2752 3361 2869 3415 pro,
2899 3344 3131 3411 extende,
3157 3346 3361 3415 legunt.
3382 3348 3549 3401 verbo
3570 3348 3771 3404 Graeco

2175 3418 2347 3487 magis
2376 3417 2718 3471 accedentes.
2746 3416 2897 3489 Quid
2926 3416 3089 3489 igitur
3126 3416 3227 3471 sibi
3271 3418 3385 3471 vult
3416 3434 3433 3471 :
3464 3419 3628 3489 Aufer
3655 3437 3773 3474 ma-

2174 3485 2299 3542 num
2348 3498 2516 3552 tuam,
2550 3503 2679 3559 pro,
2711 3485 2965 3559 extende,
2989 3485 3119 3559 Vel,
3141 3489 3285 3542 mitte
3336 3485 3558 3543 manum'
3589 3493 3775 3545 tuam?

2173 3560 2255 3614 An
2294 3560 2513 3615 auferre
2558 3560 2697 3614 idem
2738 3558 2877 3629 quod
2924 3558 3255 3629 extendere,
3282 3563 3365 3614 vel
3411 3561 3665 3617 mittere?
3699 3563 3774 3617 Et

2173 3631 2276 3687 hoc
2326 3632 2488 3686 etiam
2539 3628 2799 3701 admisso,
2848 3628 2971 3701 quid
3018 3630 3085 3682 ad
3127 3629 3268 3684 hunc
3317 3632 3514 3696 locum,
3546 3647 3655 3701 quo
3693 3634 3774 3689 de

2170 3702 2342 3771 gratia
2378 3703 2471 3757 Dei
2498 3700 2697 3771 agitur,
2731 3699 2877 3769 quasi
2910 3699 3050 3754 idem
3086 3708 3229 3755 esset
3249 3701 3316 3755 ad
3342 3699 3769 3760 sensum—histo-

2171 3775 2287 3839 riae,
2321 3772 2522 3827 auferri
2557 3788 2772 3827 manum
2809 3771 2902 3826 Dei
2934 3775 3334 3841 protectricem,
3367 3772 3418 3827 id
3441 3783 3555 3837 est,
3578 3789 3771 3830 exter-

2170 3860 2293 3899 nam
2345 3845 2434 3915 Dei
2467 3845 2885 3915 protectionem,
2924 3859 3028 3910 qua
3070 3844 3260 3897 vallata
3302 3854 3360 3899 et
3403 3844 3603 3900 munita
3649 3856 3775 3902 erat

2171 3916 2363 3970 domus
2409 3914 2513 3971 Joh
2540 3923 2594 3970 et
2634 3917 2884 3986 universa
2913 3915 3215 3986 substantia
3246 3915 3399 3986 ejus;
3445 3926 3502 3971 et
3554 3916 3769 3973 auferri

2170 3987 2436 4058 auxilitth
2469 3986 2677 4057 gratiae,
2709 4002 2815 4058 quo
2853 3984 3147 4058 destitutus
3173 3984 3288 4041 Job'
3303 3995 3587 4057 cogeretur
3632 4002 3767 4058 pro-

2172 4058 2305 4127 priis
2345 4055 2547 4111 viribus
2586 4055 2977 4111 cum'diabolo
3018 4055 3344 4128 conﬂigere,
3378 4055 3511 4113 Cum
3556 4055 3659 4113 non
3695 4061 3774 4115 sit

2168 4137 2390 4200 potestas
2434 4145 2587 4200 super
2622 4138 2970 4201 terramque:
3005 4138 3331 4201 comparetur
3376 4131 3423 4184 ei
3457 4130 3547 4201 qui
3587 4130 3771 4201 factus

2169 4208 2248 4270 est
2275 4211 2330 4253 ut
2358 4199 2561 4254 nullum
2590 4200 2786 4255 timeret
2816 4199 2958 4269 (Job.
2989 4200 3121 4270 xu).

2240 4269 2268 4309 ι’
2297 4271 2515 4327 [tectius
2543 4271 2791 4339 dixisset,
2827 4280 2886 4325 ut
2924 4269 3085 4325 notat
3120 4271 3351 4341 Prosper
3379 4288 3394 4325 :
3426 4271 3685 4339 Quantam
3714 4284 3773 4329 et

2170 4342 2248 4394 illi
2270 4343 2545 4397 resistendi
2576 4351 2784 4397 noverat
2813 4357 2869 4395 se
2900 4341 3103 4398 dedisse
3129 4343 3387 4397 virtutem.
3426 4342 3593 4398 Unius
3623 4347 3774 4400 enim

2170 4414 2307 4466 verbi
2336 4417 2581 4468 correctio
2608 4423 2771 4468 totam
2790 4414 2946 4467 istam
2978 4411 3197 4482 gloriam
3223 4431 3376 4484 quam
3414 4413 3659 4470 humanis
3688 4419 3773 4470 ri-

2170 4484 2317 4557 ribus
2341 4488 2623 4557 assignare,
2646 4486 2832 4552 voluit,
2880 4484 3154 4557 sobrietate
3193 4486 3371 4553 aliqua
3405 4494 3771 4554 temperasset,

2174 4564 2229 4608 ut
2278 4555 2374 4610 illa
2414 4555 2672 4610 mirabilis
2709 4558 2762 4610 itt
2794 4564 2935 4610 tanta
2973 4555 3243 4626 afﬂictione
3282 4557 3557 4628 patientia,
3583 4568 3631 4612 et
3665 4557 3775 4613 Dei

482 4655 547 4694 ea:
581 4627 843 4722 adjutorio
876 4627 1233 4722 Dei‘nostram
1270 4628 1862 4722 provenirewvictoriagt.
1888 4628 2067 4722 gale—
2099 4663 2146 4722 Β
2173 4628 2456 4699 adjutorio,
2489 4637 2532 4682 et
2559 4629 2720 4683 libero
2743 4627 2964 4682 hominis
2992 4627 3334 4682 ascriberetttr
3355 4628 3592 4685 arbitrio.
3619 4628 3773 4687 Vide

481 4697 664 4765 stintts
687 4710 700 4763 Ι
726 4710 775 4761 in
804 4704 1028 4777 epistula
1050 4704 1116 4758 ad
1137 4697 1420 4777 episcOpos
1439 4700 1624 4755 Gallia:
1645 4698 1821 4777 ειη)ηᾷ
1843 4716 1856 4752 :
1879 4697 2065 4765 Nemo,

482 4781 676 4850 inquit.
711 4771 861 4834 etiam
890 4775 1209 4850 baptismatis
1226 4774 1408 4850 _g_r_atia
1431 4780 1702 4850 renovatus
1720 4812 1735 4834 ,
1758 4771 1975 4850 idoneus
1992 4780 2066 4850 est

481 4856 548 4906 ad
561 4842 891 4925 superandus
918 4842 1111 4925 diaboli
1137 4844 1376 4924 insidias,
1396 4851 1456 4925 let
1480 4843 1546 4895 ad
1574 4842 1873 4925 evincendas
1898 4844 2070 4923 carnis

480 4911 1077 4991 concupiscentiamnisi
1109 4930 1197 4981 per
1226 4913 1588 4991 quotidianum
1623 4911 1717 4965 Dei
1747 4911 2068 4991 adjutorinm

481 4983 917 5065 persetierantiam
933 4983 1093 5065 honre
1127 4983 1550 5065 conuersationis
1567 4983 1930 5065 at‘ceperit.nS.
1960 4983 2070 5037 Au-

478 5054 729 5133 gustinus
776 5063 870 5117 lib.
920 5060 990 5116 de
1034 5057 1371 5114 Perfectioue
1421 5054 1644 5133 iustitiae
1692 5054 1794 5109 sub
1829 5054 2007 5133 ﬁnem
2052 5073 2065 5109 :

485 5125 749 5206 Quisquis,
780 5133 976 5206 inquit,
1020 5138 1170 5203 negat
1201 5144 1293 5183 nos
1330 5142 1481 5206 orare
1512 5125 1694 5206 debere
1733 5127 2068 5206 ne__intr_emus

477 5196 533 5261 ῧι
565 5196 889 5262 tentationem
918 5196 1549 5275 (ttegaéautemhockqui
1575 5197 1829 5251 contendit
1854 5196 1924 5275 ad
1964 5213 2065 5275 non

477 5277 815 5352 peccandum,
844 5268 1032 5352 gratim
1080 5270 1195 5352 Dei.
1227 5268 1549 5352 adjutorium
1598 5286 1701 5352 non
1728 5285 1834 5323 esse
1870 5268 2065 5352 homini

477 5340 989 5411 necessariumised,
1019 5345 1131 5398 sola
1176 5340 1302 5413 lege'
1328 5351 1567 5413 accepta,
1601 5342 1877 5413 humanam
1922 5340 2063 5410 διαθεῖ-

477 5438 588 5476 cere
607 5418 935 5488 voluntatem)
955 5458 970 5483 ,
999 5415 1062 5469 ab
1082 5411 1295 5488 auribus
1330 5411 1557 5467 omnium
1589 5411 1953 5488 remouendntn
1972 5452 1985 5474 ,
2016 5421 2064 5488 et

477 5509 566 5547 ore
591 5492 820 5546 omnium
841 5482 1382 5543 anathematizandum
1407 5500 1514 5537 esse
1534 5498 1636 5535 non
1666 5482 1862 5536 dubito.
1899 5482 2061 5535 Deni-

476 5578 581 5634 que
610 5562 843 5632 Prosper
890 5563 943 5615 in
982 5559 1123 5614 hunc
1154 5558 1354 5623 locum,
1388 5562 1673 5679 posttgtam
1722 5552 1955 5608 ostendit
1984 5564 2065 5606 to-

478 5644 586 5679 lam
621 5632 763 5679 illam
791 5632 963 5679 sancti
996 5632 1097 5679 Jnh
1123 5626 1401 5679 victoriam
1432 5642 1497 5679 ex
1574 5627 1620 5679 ei
1644 5624 1841 5677 auxilio
1864 5633 1917 5677 et
1944 5640 2063 5679 ura-

478 5624 586 5690 t'am
621 5624 763 5687 illam
791 5632 963 5687 sancti
996 5632 1097 5687 Job
1123 5626 1497 5699 victnriemex
1527 5624 1620 5699 Dei
1641 5624 1841 5699 auxilio
1860 5633 1917 5699 (et
1944 5640 2063 5699 gra-

479 5705 551 5760 tia
584 5713 813 5768 partam,
848 5703 1065 5757 tandem
1094 5702 1166 5754 ita
1193 5698 1472 5754 concludit
1506 5715 1518 5750 :
1549 5696 1792 5768 Quisquis
1822 5696 1974 5763 igitur
2008 5696 2062 5749 in

478 5775 813 5828 tribulatione
834 5791 934 5826 non
957 5773 1150 5841 deﬁcit,
1169 5770 1231 5823 ob
1263 5769 1355 5823 illo
1382 5787 1435 5823 se
1459 5767 1775 5841 nonidubitet
1801 5768 2059 5835 adjuvari,

473 5847 546 5925 ad
570 5861 719 5917 quem
737 5845 960 5914 quatidie
984 5840 1137 5897 corda
1169 5844 1521 5899 universorum
1544 5840 1777 5911 ﬁdelium
1798 5840 2022 5894 clamant
2041 5853 2062 5895 :

2176 4711 2391 4753 cwtera.

2251 4780 2273 4807 ο
2297 4770 2529 4825 Tentare
2558 4769 2847 4839 aliquando
2885 4777 2969 4824 est
3007 4767 3075 4823 ad
3104 4779 3383 4839 peccatum
3414 4769 3669 4837 incitare,
3699 4781 3774 4829 ut

2171 4838 2294 4894 Act.
2319 4856 2372 4907 ν,
2406 4842 2420 4894 I
2450 4838 2699 4896 Corinth.
2733 4857 2828 4911 vn,
2858 4840 2878 4895 l
2905 4838 3151 4895 Thessn’l.
3184 4856 3264 4901 nt.
3290 4840 3406 4897 Jac.
3439 4857 3479 4907 ι,
3510 4852 3616 4899 etc.
3645 4843 3771 4900 Hoc

2168 4911 2335 4965 modo
2364 4911 2609 4967 diabolus
2637 4920 2843 4967 tentare
2863 4912 3078 4983 dicitur,
3104 4912 3245 4966 unde
3271 4924 3327 4969 et
3348 4911 3534 4974 Satan.
3568 4914 3617 4970 id
3649 4926 3765 4983 csr,

2173 4989 2408 5057 tentator
2434 4984 2742 5053 appellatur
2762 4983 2859 5057 Δ(3.
2891 4981 3075 5036 Thom.
3106 4998 3125 5036 ι
3157 4992 3402 5057 par_t.,q.
3436 4984 3558 5057 114,
3590 5002 3644 5057 a.
3672 4981 3766 5057 2).

2173 5052 2430 5109 Homines
2471 5052 2634 5110 etiam
2673 5054 2821 5121 mali,
2855 5063 3124 5123 tamquam
3156 5052 3367 5110 diaboli
3389 5052 3642 5121 ministri,
3677 5052 3769 5113 sic

2170 5125 2309 5179 alios
2355 5134 2566 5180 tentare
2617 5126 2814 5191 solent,
2861 5124 3005 5179 Deus
3054 5140 3414 5194 nequaquam.
3462 5125 3772 5183 Intentator

2176 5198 2311 5249 enim
2333 5199 2589 5251 malorum
2618 5206 2731 5262 est,
2774 5198 2881 5267 ipse
2899 5204 3069 5248 autem
3092 5198 3345 5251 neminem
3372 5207 3554 5265 tentat,
3575 5199 3693 5255 Jac.
3713 5216 3768 5257 ι.

2174 5269 2479 5341 Aliquando
2522 5280 2730 5324 tentare
2770 5276 2855 5341 est
2892 5267 3263 5341 cognoscendi
3284 5283 3449 5341 causa
3481 5270 3772 5341 inquirere

2174 5349 2227 5393 et
2253 5340 2541 5407 explorare
2592 5338 2862 5410 quomodo
2890 5348 2946 5392 et
2983 5338 3230 5410 diabolus
3256 5339 3503 5395 homines
3529 5338 3585 5397 et
3607 5341 3768 5400 Deus

2176 5419 2367 5465 tentat.
2394 5412 2564 5465 Aliter
2598 5409 2774 5467 tamen
2804 5410 2969 5477 Deus,
3002 5409 3158 5465 aliter
3190 5410 3437 5466 homines
3461 5422 3516 5467 et
3544 5412 3768 5469 daemo-

2173 5497 2290 5535 nes.
2327 5480 2386 5535 Hi
2416 5492 2473 5536 ut
2499 5491 2826 5552 cognoscant
2854 5481 2994 5550 quod
3038 5480 3318 5551 ignorant,
3348 5482 3492 5538 Deus
3521 5494 3578 5540 ut
3606 5485 3769 5554 quod

2172 5554 2272 5607 scit
2306 5556 2445 5609 scire
2469 5558 2632 5610 etiam
2666 5565 3051 5624 eugnnscatur,
3085 5554 3538 5622 quemadmodum
3571 5555 3617 5610 si
3657 5571 3768 5611 ex-

2174 5624 2436 5694 plorando
2481 5624 2917 5695 expetilndoque
2955 5624 3261 5691 didicisset;
3312 5633 3405 5679 aut
3452 5635 3512 5681 ut
3538 5627 3573 5680 ii
3613 5641 3768 5696 quos

2173 5704 2340 5750 tentat
2375 5712 2499 5767 sese
2534 5705 2895 5764 cognoscant,
2929 5704 2988 5749 ut
3026 5696 3090 5751 D.
3125 5700 3452 5767 Augustinus
3484 5701 3769 5767 interpre-

2171 5776 2334 5844 tatur.
2359 5767 2440 5844 ita
2477 5766 2675 5844 Genes.
2706 5784 2839 5835 χιιι,
2874 5769 3045 5825 Exod.
3076 5782 3187 5836 xvr,
3220 5766 3383 5826 Deut.
3417 5784 3508 5824 vni
3546 5780 3604 5826 et
3630 5766 3767 5844 xm,

2172 5847 2228 5894 et
2248 5840 2376 5898 alibi
2403 5840 2629 5913 passim.
