  <div class='ocr_page' id='page_1' title='image "/cluster/home/n/w/nwhite01/storage/ocr_20150623/49/hvd.32044015471543/480.png"; bbox 0 0 4078 6332; ppageno 0'>
   <div class='ocr_carea' id='block_1_1' title="bbox 270 319 371 384">
    <p class='ocr_par' dir='ltr' id='par_1_1' title="bbox 270 319 371 384">
     <span class='ocr_line' id='line_1_1' title="bbox 270 319 371 384; baseline 0 0"><span class='ocrx_word' id='word_1_1' title='bbox 270 319 371 384; x_wconf 71' lang='grc'><strong><em>93⁸(</em></strong></span> 
     </span>
    </p>
   </div>
   <div class='ocr_carea' id='block_1_2' title="bbox 1176 310 2605 378">
    <p class='ocr_par' dir='ltr' id='par_1_2' title="bbox 1176 310 2605 378">
     <span class='ocr_line' id='line_1_2' title="bbox 1176 310 2605 378; baseline -0.001 -3"><span class='ocrx_word' id='word_1_2' title='bbox 1176 312 1519 376; x_wconf 78' lang='lat' dir='ltr'><strong><em>COLLATIO</em></strong></span> <span class='ocrx_word' id='word_1_3' title='bbox 1557 315 1701 375; x_wconf 77' lang='lat' dir='ltr'><strong><em>Xlll.</em></strong></span> <span class='ocrx_word' id='word_1_4' title='bbox 1729 346 1800 361; x_wconf 92' lang='lat'><strong><em>—-</em></strong></span> <span class='ocrx_word' id='word_1_5' title='bbox 1830 314 1918 373; x_wconf 86' lang='lat' dir='ltr'><strong><em>DE</em></strong></span> <span class='ocrx_word' id='word_1_6' title='bbox 1955 310 2431 378; x_wconf 80' lang='lat' dir='ltr'><strong><em>PROTECTIONE</em></strong></span> <span class='ocrx_word' id='word_1_7' title='bbox 2469 317 2605 375; x_wconf 80' lang='lat' dir='ltr'><strong><em>DEI.</em></strong></span> 
     </span>
    </p>
   </div>
   <div class='ocr_carea' id='block_1_3' title="bbox 3446 312 3548 378">
    <p class='ocr_par' dir='ltr' id='par_1_3' title="bbox 3446 312 3548 378">
     <span class='ocr_line' id='line_1_3' title="bbox 3446 312 3548 378; baseline -0.01 0"><span class='ocrx_word' id='word_1_8' title='bbox 3446 312 3548 378; x_wconf 75' lang='lat'><strong><em>938</em></strong></span> 
     </span>
    </p>
   </div>
   <div class='ocr_carea' id='block_1_4' title="bbox 270 428 3551 509">
    <p class='ocr_par' dir='ltr' id='par_1_4' title="bbox 270 428 3551 509">
     <span class='ocr_line' id='line_1_4' title="bbox 270 428 3551 509; baseline -0.002 -15"><span class='ocrx_word' id='word_1_9' title='bbox 270 438 503 509; x_wconf 77' lang='lat' dir='ltr'><strong><em>liquerat</em></strong></span> <span class='ocrx_word' id='word_1_10' title='bbox 528 444 587 492; x_wconf 88' lang='lat' dir='ltr'><strong><em>ut</em></strong></span> <span class='ocrx_word' id='word_1_11' title='bbox 615 433 895 508; x_wconf 88' lang='lat' dir='ltr'><strong><em>probaret,</em></strong></span> <span class='ocrx_word' id='word_1_12' title='bbox 925 428 1000 487; x_wconf 90' lang='lat' dir='ltr'><strong><em>ita</em></strong></span> <span class='ocrx_word' id='word_1_13' title='bbox 1045 429 1246 487; x_wconf 91' lang='lat' dir='ltr'><strong><em>dicitur</em></strong></span> <span class='ocrx_word' id='word_1_14' title='bbox 1269 450 1282 485; x_wconf 87' lang='lat'><strong>:</strong></span> <span class='ocrx_word' id='word_1_15' title='bbox 1308 431 1391 486; x_wconf 87' lang='lat' dir='ltr'><strong><em>Ne</em></strong></span> <span class='ocrx_word' id='word_1_16' title='bbox 1428 432 1622 503; x_wconf 79' lang='lat' dir='ltr'><strong><em>inferas</em></strong></span> <span class='ocrx_word' id='word_1_17' title='bbox 1643 446 1853 485; x_wconf 87' lang='lat' dir='ltr'><strong><em>manum</em></strong></span> <span class='ocrx_word' id='word_1_18' title='bbox 1879 431 1935 492; x_wconf 78' lang='grc' dir='ltr'>Α</span> <span class='ocrx_word' id='word_1_19' title='bbox 1956 445 2043 486; x_wconf 78' lang='lat' dir='ltr'><strong><em>vos</em></strong></span> <span class='ocrx_word' id='word_1_20' title='bbox 2073 448 2177 487; x_wconf 90' lang='lat' dir='ltr'><strong><em>non</em></strong></span> <span class='ocrx_word' id='word_1_21' title='bbox 2216 431 2571 501; x_wconf 82' lang='lat' dir='ltr'><strong><em>apprehendat</em></strong></span> <span class='ocrx_word' id='word_1_22' title='bbox 2619 431 2723 487; x_wconf 86' lang='lat' dir='ltr'><strong><em>nisi</em></strong></span> <span class='ocrx_word' id='word_1_23' title='bbox 2752 430 3002 500; x_wconf 83' lang='lat' dir='ltr'><strong><em>humana,</em></strong></span> <span class='ocrx_word' id='word_1_24' title='bbox 3032 428 3405 488; x_wconf 78' lang='lat' dir='ltr'><strong><em>infirmitatem</em></strong></span> <span class='ocrx_word' id='word_1_25' title='bbox 3452 448 3551 489; x_wconf 89' lang='lat' dir='ltr'><strong><em>eo-</em></strong></span> 
     </span>
    </p>
   </div>
   <div class='ocr_carea' id='block_1_5' title="bbox 271 524 1859 598">
    <p class='ocr_par' dir='ltr' id='par_1_5' title="bbox 271 524 1859 598">
     <span class='ocr_line' id='line_1_5' title="bbox 271 524 1859 598; baseline -0.005 -14"><span class='ocrx_word' id='word_1_26' title='bbox 271 539 408 585; x_wconf 81' lang='lat' dir='ltr'><strong><em>tuam</em></strong></span> <span class='ocrx_word' id='word_1_27' title='bbox 436 532 493 584; x_wconf 88' lang='lat' dir='ltr'><strong><em>in</em></strong></span> <span class='ocrx_word' id='word_1_28' title='bbox 516 544 752 598; x_wconf 83' lang='lat' dir='ltr'><strong><em>puerum,</em></strong></span> <span class='ocrx_word' id='word_1_29' title='bbox 780 541 939 594; x_wconf 88' lang='lat' dir='ltr'><strong><em>neque</em></strong></span> <span class='ocrx_word' id='word_1_30' title='bbox 968 524 1131 595; x_wconf 81' lang='lat' dir='ltr'><strong><em>facias</em></strong></span> <span class='ocrx_word' id='word_1_31' title='bbox 1160 524 1205 577; x_wconf 89' lang='lat' dir='ltr'><strong><em>ei</em></strong></span> <span class='ocrx_word' id='word_1_32' title='bbox 1230 524 1541 593; x_wconf 83' lang='lat' dir='ltr'><strong><em>quidquam;</em></strong></span> <span class='ocrx_word' id='word_1_33' title='bbox 1568 540 1703 577; x_wconf 91' lang='lat' dir='ltr'><strong><em>nunc</em></strong></span> <span class='ocrx_word' id='word_1_34' title='bbox 1724 524 1859 578; x_wconf 88' lang='lat' dir='ltr'><strong><em>enim</em></strong></span> 
     </span>
    </p>
   </div>
   <div class='ocr_carea' id='block_1_6' title="bbox 270 616 1858 690">
    <p class='ocr_par' dir='ltr' id='par_1_6' title="bbox 270 616 1858 690">
     <span class='ocr_line' id='line_1_6' title="bbox 270 616 1858 690; baseline -0.005 -12"><span class='ocrx_word' id='word_1_35' title='bbox 270 622 373 678; x_wconf 76' lang='lat' dir='ltr'><strong><em>scio</em></strong></span> <span class='ocrx_word' id='word_1_36' title='bbox 400 623 525 690; x_wconf 88' lang='lat' dir='ltr'><strong><em>quia</em></strong></span> <span class='ocrx_word' id='word_1_37' title='bbox 551 622 696 675; x_wconf 91' lang='lat' dir='ltr'><strong><em>times</em></strong></span> <span class='ocrx_word' id='word_1_38' title='bbox 721 619 999 673; x_wconf 88' lang='lat' dir='ltr'><strong><em>Dominum</em></strong></span> <span class='ocrx_word' id='word_1_39' title='bbox 1025 625 1105 684; x_wconf 90' lang='lat' dir='ltr'><strong><em>tu,</em></strong></span> <span class='ocrx_word' id='word_1_40' title='bbox 1129 625 1177 671; x_wconf 90' lang='lat' dir='ltr'><strong><em>et</em></strong></span> <span class='ocrx_word' id='word_1_41' title='bbox 1206 633 1311 671; x_wconf 91' lang='lat' dir='ltr'><strong><em>non</em></strong></span> <span class='ocrx_word' id='word_1_42' title='bbox 1338 617 1611 687; x_wconf 84' lang='lat' dir='ltr'><strong><em>pepercisti</em></strong></span> <span class='ocrx_word' id='word_1_43' title='bbox 1638 616 1749 685; x_wconf 81' lang='lat' dir='ltr'><strong><em>[ilio</em></strong></span> <span class='ocrx_word' id='word_1_44' title='bbox 1772 626 1858 671; x_wconf 78' lang='lat' dir='ltr'><strong><em>tuo</em></strong></span> 
     </span>
    </p>
   </div>
   <div class='ocr_carea' id='block_1_7' title="bbox 270 707 1860 793">
    <p class='ocr_par' dir='ltr' id='par_1_7' title="bbox 270 707 1860 793">
     <span class='ocr_line' id='line_1_7' title="bbox 270 707 1860 793; baseline -0.002 -27"><span class='ocrx_word' id='word_1_45' title='bbox 270 713 454 767; x_wconf 87' lang='lat' dir='ltr'><strong><em>dilecto</em></strong></span> <span class='ocrx_word' id='word_1_46' title='bbox 474 721 684 781; x_wconf 81' lang='lat' dir='ltr'><strong><em>propter</em></strong></span> <span class='ocrx_word' id='word_1_47' title='bbox 712 728 791 765; x_wconf 89' lang='lat' dir='ltr'><strong><em>me</em></strong></span> <span class='ocrx_word' id='word_1_48' title='bbox 819 708 974 782; x_wconf 85' lang='lat' dir='ltr'><strong><em>(Gen.</em></strong></span> <span class='ocrx_word' id='word_1_49' title='bbox 996 710 1153 779; x_wconf 76' lang='lat' dir='ltr'><strong><em>ult).</em></strong></span> <span class='ocrx_word' id='word_1_50' title='bbox 1178 707 1331 793; x_wconf 66' lang='lat' dir='ltr'><strong><em>Quod</em></strong></span> <span class='ocrx_word' id='word_1_51' title='bbox 1357 708 1674 765; x_wconf 90' lang='lat' dir='ltr'><strong><em>tentationis</em></strong></span> <span class='ocrx_word' id='word_1_52' title='bbox 1690 723 1860 779; x_wconf 90' lang='lat' dir='ltr'><strong><em>genus</em></strong></span> 
     </span>
    </p>
   </div>
   <div class='ocr_carea' id='block_1_8' title="bbox 272 802 1859 877">
    <p class='ocr_par' dir='ltr' id='par_1_8' title="bbox 272 802 1859 877">
     <span class='ocr_line' id='line_1_8' title="bbox 272 802 1859 877; baseline -0.004 -15"><span class='ocrx_word' id='word_1_53' title='bbox 272 808 427 862; x_wconf 86' lang='lat' dir='ltr'><strong><em>nobis</em></strong></span> <span class='ocrx_word' id='word_1_54' title='bbox 458 821 677 877; x_wconf 91' lang='lat' dir='ltr'><strong><em>quoque</em></strong></span> <span class='ocrx_word' id='word_1_55' title='bbox 704 805 771 859; x_wconf 91' lang='lat' dir='ltr'><strong><em>ad</em></strong></span> <span class='ocrx_word' id='word_1_56' title='bbox 799 803 1140 875; x_wconf 80' lang='lat' dir='ltr'><strong><em>probationis</em></strong></span> <span class='ocrx_word' id='word_1_57' title='bbox 1170 803 1422 859; x_wconf 91' lang='lat' dir='ltr'><strong><em>meritum</em></strong></span> <span class='ocrx_word' id='word_1_58' title='bbox 1465 816 1626 873; x_wconf 81' lang='lat' dir='ltr'><strong><em>posse</em></strong></span> <span class='ocrx_word' id='word_1_59' title='bbox 1650 802 1859 857; x_wconf 89' lang='lat' dir='ltr'><strong><em>contin-</em></strong></span> 
     </span>
    </p>
   </div>
   <div class='ocr_carea' id='block_1_9' title="bbox 269 894 1861 969">
    <p class='ocr_par' dir='ltr' id='par_1_9' title="bbox 269 894 1861 969">
     <span class='ocr_line' id='line_1_9' title="bbox 269 894 1861 969; baseline -0.002 -16"><span class='ocrx_word' id='word_1_60' title='bbox 269 914 423 969; x_wconf 85' lang='lat' dir='ltr'><strong><em>gere,</em></strong></span> <span class='ocrx_word' id='word_1_61' title='bbox 471 899 525 952; x_wconf 91' lang='lat' dir='ltr'><strong><em>in</em></strong></span> <span class='ocrx_word' id='word_1_62' title='bbox 575 896 1000 953; x_wconf 90' lang='lat' dir='ltr'><strong><em>Deuteronomio</em></strong></span> <span class='ocrx_word' id='word_1_63' title='bbox 1026 895 1156 951; x_wconf 89' lang='lat' dir='ltr'><strong><em>satis</em></strong></span> <span class='ocrx_word' id='word_1_64' title='bbox 1182 894 1464 951; x_wconf 73' lang='lat' dir='ltr'><strong><em>evidenter</em></strong></span> <span class='ocrx_word' id='word_1_65' title='bbox 1490 909 1520 949; x_wconf 88' lang='lat' dir='ltr'><strong><em>a</em></strong></span> <span class='ocrx_word' id='word_1_66' title='bbox 1550 894 1861 965; x_wconf 85' lang='lat' dir='ltr'><strong><em>legislatore</em></strong></span> 
     </span>
    </p>
   </div>
   <div class='ocr_carea' id='block_1_10' title="bbox 270 988 1858 1063">
    <p class='ocr_par' dir='ltr' id='par_1_10' title="bbox 270 988 1858 1063">
     <span class='ocr_line' id='line_1_10' title="bbox 270 988 1858 1063; baseline -0.003 -18"><span class='ocrx_word' id='word_1_67' title='bbox 270 990 600 1063; x_wconf 64' lang='lat' dir='ltr'><strong><em>praedicatur</em></strong></span> <span class='ocrx_word' id='word_1_68' title='bbox 643 1008 656 1043; x_wconf 89' lang='lat'><strong>:</strong></span> <span class='ocrx_word' id='word_1_69' title='bbox 692 990 753 1047; x_wconf 91' lang='lat' dir='ltr'><strong><em>Si</em></strong></span> <span class='ocrx_word' id='word_1_70' title='bbox 778 989 1081 1055; x_wconf 84' lang='lat' dir='ltr'><strong><em>surrexerit,</em></strong></span> <span class='ocrx_word' id='word_1_71' title='bbox 1134 988 1351 1057; x_wconf 89' lang='lat' dir='ltr'><strong><em>inquit,</em></strong></span> <span class='ocrx_word' id='word_1_72' title='bbox 1410 989 1541 1042; x_wconf 89' lang='lat' dir='ltr'><strong><em>inter</em></strong></span> <span class='ocrx_word' id='word_1_73' title='bbox 1596 1004 1683 1042; x_wconf 78' lang='lat' dir='ltr'><strong><em>vos</em></strong></span> <span class='ocrx_word' id='word_1_74' title='bbox 1732 1002 1858 1059; x_wconf 87' lang='lat' dir='ltr'><strong><em>pro-</em></strong></span> 
     </span>
    </p>
   </div>
   <div class='ocr_carea' id='block_1_11' title="bbox 272 1079 1853 1157">
    <p class='ocr_par' dir='ltr' id='par_1_11' title="bbox 272 1079 1853 1157">
     <span class='ocr_line' id='line_1_11' title="bbox 272 1079 1853 1157; baseline -0.004 -20"><span class='ocrx_word' id='word_1_75' title='bbox 272 1085 425 1157; x_wconf 78' lang='lat' dir='ltr'><strong><em>pheta</em></strong></span> <span class='ocrx_word' id='word_1_76' title='bbox 446 1092 537 1137; x_wconf 90' lang='lat' dir='ltr'><strong><em>aut</em></strong></span> <span class='ocrx_word' id='word_1_77' title='bbox 568 1084 655 1149; x_wconf 89' lang='lat' dir='ltr'><strong><em>qui</em></strong></span> <span class='ocrx_word' id='word_1_78' title='bbox 680 1083 935 1137; x_wconf 90' lang='lat' dir='ltr'><strong><em>somnium</em></strong></span> <span class='ocrx_word' id='word_1_79' title='bbox 978 1098 1031 1136; x_wconf 88' lang='lat' dir='ltr'><strong><em>se</em></strong></span> <span class='ocrx_word' id='word_1_80' title='bbox 1060 1081 1247 1136; x_wconf 77' lang='lat' dir='ltr'><strong><em>vidisse</em></strong></span> <span class='ocrx_word' id='word_1_81' title='bbox 1277 1081 1435 1148; x_wconf 90' lang='lat' dir='ltr'><strong><em>dicat,</em></strong></span> <span class='ocrx_word' id='word_1_82' title='bbox 1479 1090 1526 1135; x_wconf 89' lang='lat' dir='ltr'><strong><em>et</em></strong></span> <span class='ocrx_word' id='word_1_83' title='bbox 1555 1079 1853 1150; x_wconf 80' lang='lat' dir='ltr'><strong><em>prtedixerit</em></strong></span> 
     </span>
    </p>
   </div>
   <div class='ocr_carea' id='block_1_12' title="bbox 268 1170 1858 1248">
    <p class='ocr_par' dir='ltr' id='par_1_12' title="bbox 268 1170 1858 1248">
     <span class='ocr_line' id='line_1_12' title="bbox 268 1170 1858 1248; baseline -0.003 -19"><span class='ocrx_word' id='word_1_84' title='bbox 268 1177 469 1248; x_wconf 86' lang='lat' dir='ltr'><strong><em>signum</em></strong></span> <span class='ocrx_word' id='word_1_85' title='bbox 522 1184 675 1246; x_wconf 91' lang='lat' dir='ltr'><strong><em>atque</em></strong></span> <span class='ocrx_word' id='word_1_86' title='bbox 732 1182 1060 1245; x_wconf 77' lang='lat' dir='ltr'><strong><em>portentum,</em></strong></span> <span class='ocrx_word' id='word_1_87' title='bbox 1114 1181 1162 1227; x_wconf 92' lang='lat' dir='ltr'><strong><em>et</em></strong></span> <span class='ocrx_word' id='word_1_88' title='bbox 1210 1172 1428 1228; x_wconf 78' lang='lat' dir='ltr'><strong><em>evenerit</em></strong></span> <span class='ocrx_word' id='word_1_89' title='bbox 1472 1172 1607 1243; x_wconf 89' lang='lat' dir='ltr'><strong><em>quod</em></strong></span> <span class='ocrx_word' id='word_1_90' title='bbox 1656 1170 1858 1225; x_wconf 86' lang='lat' dir='ltr'><strong><em>locutus</em></strong></span> 
     </span>
    </p>
   </div>
   <div class='ocr_carea' id='block_1_13' title="bbox 268 1264 1856 1335">
    <p class='ocr_par' dir='ltr' id='par_1_13' title="bbox 268 1264 1856 1335">
     <span class='ocr_line' id='line_1_13' title="bbox 268 1264 1856 1335; baseline -0.004 -13"><span class='ocrx_word' id='word_1_91' title='bbox 268 1278 365 1335; x_wconf 91' lang='lat' dir='ltr'><strong><em>est,</em></strong></span> <span class='ocrx_word' id='word_1_92' title='bbox 414 1276 463 1323; x_wconf 91' lang='lat' dir='ltr'><strong><em>et</em></strong></span> <span class='ocrx_word' id='word_1_93' title='bbox 505 1268 694 1321; x_wconf 81' lang='lat' dir='ltr'><strong><em>dixerit</em></strong></span> <span class='ocrx_word' id='word_1_94' title='bbox 743 1266 853 1331; x_wconf 87' lang='lat' dir='ltr'><strong><em>tibi,</em></strong></span> <span class='ocrx_word' id='word_1_95' title='bbox 902 1264 1100 1319; x_wconf 87' lang='lat' dir='ltr'><strong><em>Eamus</em></strong></span> <span class='ocrx_word' id='word_1_96' title='bbox 1130 1273 1177 1319; x_wconf 93' lang='lat' dir='ltr'><strong><em>et</em></strong></span> <span class='ocrx_word' id='word_1_97' title='bbox 1208 1266 1489 1320; x_wconf 88' lang='lat' dir='ltr'><strong><em>serviamus</em></strong></span> <span class='ocrx_word' id='word_1_98' title='bbox 1532 1266 1634 1319; x_wconf 89' lang='lat' dir='ltr'><strong><em>diis</em></strong></span> <span class='ocrx_word' id='word_1_99' title='bbox 1676 1264 1856 1318; x_wconf 89' lang='lat' dir='ltr'><strong><em>alienis</em></strong></span> 
     </span>
    </p>
   </div>
   <div class='ocr_carea' id='block_1_14' title="bbox 268 1356 1861 1430">
    <p class='ocr_par' dir='ltr' id='par_1_14' title="bbox 268 1356 1861 1430">
     <span class='ocr_line' id='line_1_14' title="bbox 268 1356 1861 1430; baseline -0.003 -17"><span class='ocrx_word' id='word_1_100' title='bbox 268 1376 388 1430; x_wconf 84' lang='lat' dir='ltr'><strong><em>quos</em></strong></span> <span class='ocrx_word' id='word_1_101' title='bbox 441 1359 716 1429; x_wconf 81' lang='lat' dir='ltr'><strong><em>ignoratis,</em></strong></span> <span class='ocrx_word' id='word_1_102' title='bbox 748 1374 812 1411; x_wconf 90' lang='lat' dir='ltr'><strong><em>ne</em></strong></span> <span class='ocrx_word' id='word_1_103' title='bbox 862 1358 1048 1411; x_wconf 85' lang='lat' dir='ltr'><strong><em>audias</em></strong></span> <span class='ocrx_word' id='word_1_104' title='bbox 1077 1356 1229 1411; x_wconf 83' lang='lat' dir='ltr'><strong><em>verba</em></strong></span> <span class='ocrx_word' id='word_1_105' title='bbox 1272 1356 1537 1428; x_wconf 75' lang='lat' dir='ltr'><strong><em>prapltetae</em></strong></span> <span class='ocrx_word' id='word_1_106' title='bbox 1584 1356 1726 1410; x_wconf 89' lang='lat' dir='ltr'><strong><em>illius</em></strong></span> <span class='ocrx_word' id='word_1_107' title='bbox 1766 1364 1861 1410; x_wconf 77' lang='lat' dir='ltr'><strong><em>aut</em></strong></span> 
     </span>
    </p>
   </div>
   <div class='ocr_carea' id='block_1_15' title="bbox 268 1447 1855 1521">
    <p class='ocr_par' dir='ltr' id='par_1_15' title="bbox 268 1447 1855 1521">
     <span class='ocr_line' id='line_1_15' title="bbox 268 1447 1855 1521; baseline -0.001 -18"><span class='ocrx_word' id='word_1_108' title='bbox 268 1451 632 1515; x_wconf 88' lang='lat' dir='ltr'><strong><em>somniatoris,</em></strong></span> <span class='ocrx_word' id='word_1_109' title='bbox 664 1452 787 1521; x_wconf 84' lang='lat' dir='ltr'><strong><em>quia</em></strong></span> <span class='ocrx_word' id='word_1_110' title='bbox 843 1458 1045 1503; x_wconf 88' lang='lat' dir='ltr'><strong><em>tentans</em></strong></span> <span class='ocrx_word' id='word_1_111' title='bbox 1088 1458 1247 1503; x_wconf 87' lang='lat' dir='ltr'><strong><em>tentat</em></strong></span> <span class='ocrx_word' id='word_1_112' title='bbox 1294 1459 1341 1503; x_wconf 91' lang='lat' dir='ltr'><strong><em>te</em></strong></span> <span class='ocrx_word' id='word_1_113' title='bbox 1389 1447 1643 1503; x_wconf 81' lang='lat' dir='ltr'><strong><em>Dominus</em></strong></span> <span class='ocrx_word' id='word_1_114' title='bbox 1694 1448 1855 1516; x_wconf 83' lang='lat' dir='ltr'><strong><em>Deus,</em></strong></span> 
     </span>
    </p>
   </div>
   <div class='ocr_carea' id='block_1_16' title="bbox 268 1544 1861 1614">
    <p class='ocr_par' dir='ltr' id='par_1_16' title="bbox 268 1544 1861 1614">
     <span class='ocr_line' id='line_1_16' title="bbox 268 1544 1861 1614; baseline 0 -17"><span class='ocrx_word' id='word_1_115' title='bbox 268 1555 439 1597; x_wconf 88' lang='lat' dir='ltr'><strong><em>utrum</em></strong></span> <span class='ocrx_word' id='word_1_116' title='bbox 460 1544 647 1614; x_wconf 83' lang='lat' dir='ltr'><strong><em>diligas</em></strong></span> <span class='ocrx_word' id='word_1_117' title='bbox 675 1560 794 1597; x_wconf 89' lang='lat' dir='ltr'><strong><em>eum</em></strong></span> <span class='ocrx_word' id='word_1_118' title='bbox 818 1544 871 1597; x_wconf 90' lang='lat' dir='ltr'><strong><em>in</em></strong></span> <span class='ocrx_word' id='word_1_119' title='bbox 896 1553 1000 1597; x_wconf 88' lang='lat' dir='ltr'><strong><em>toto</em></strong></span> <span class='ocrx_word' id='word_1_120' title='bbox 1032 1544 1188 1597; x_wconf 90' lang='lat' dir='ltr'><strong><em>corde</em></strong></span> <span class='ocrx_word' id='word_1_121' title='bbox 1212 1554 1321 1613; x_wconf 87' lang='lat' dir='ltr'><strong><em>tuo,</em></strong></span> <span class='ocrx_word' id='word_1_122' title='bbox 1346 1553 1393 1598; x_wconf 93' lang='lat' dir='ltr'><strong><em>et</em></strong></span> <span class='ocrx_word' id='word_1_123' title='bbox 1422 1545 1687 1598; x_wconf 81' lang='lat' dir='ltr'><strong><em>custodias</em></strong></span> <span class='ocrx_word' id='word_1_124' title='bbox 1713 1560 1861 1598; x_wconf 85' lang='lat' dir='ltr'><strong><em>man-</em></strong></span> 
     </span>
    </p>
   </div>
   <div class='ocr_carea' id='block_1_17' title="bbox 268 1634 1855 1707">
    <p class='ocr_par' dir='ltr' id='par_1_17' title="bbox 268 1634 1855 1707">
     <span class='ocr_line' id='line_1_17' title="bbox 268 1634 1855 1707; baseline 0.001 -18"><span class='ocrx_word' id='word_1_125' title='bbox 268 1638 389 1691; x_wconf 92' lang='lat' dir='ltr'><strong><em>data</em></strong></span> <span class='ocrx_word' id='word_1_126' title='bbox 439 1636 609 1703; x_wconf 88' lang='lat' dir='ltr'><strong><em>illius,</em></strong></span> <span class='ocrx_word' id='word_1_127' title='bbox 644 1654 711 1690; x_wconf 91' lang='lat' dir='ltr'><strong><em>an</em></strong></span> <span class='ocrx_word' id='word_1_128' title='bbox 753 1653 855 1691; x_wconf 89' lang='lat' dir='ltr'><strong><em>nou</em></strong></span> <span class='ocrx_word' id='word_1_129' title='bbox 885 1634 1071 1706; x_wconf 86' lang='lat' dir='ltr'><strong><em>(Deut.</em></strong></span> <span class='ocrx_word' id='word_1_130' title='bbox 1116 1635 1292 1707; x_wconf 66' lang='grc' dir='ltr'>χχιιι).</span> <span class='ocrx_word' id='word_1_131' title='bbox 1327 1635 1463 1704; x_wconf 86' lang='lat' dir='ltr'><strong><em>Quid</em></strong></span> <span class='ocrx_word' id='word_1_132' title='bbox 1513 1636 1681 1707; x_wconf 81' lang='lat' dir='ltr'><strong><em>ergo?</em></strong></span> <span class='ocrx_word' id='word_1_133' title='bbox 1724 1634 1855 1691; x_wconf 90' lang='lat' dir='ltr'><strong><em>Cum</em></strong></span> 
     </span>
    </p>
   </div>
   <div class='ocr_carea' id='block_1_18' title="bbox 272 1729 1859 1801">
    <p class='ocr_par' dir='ltr' id='par_1_18' title="bbox 272 1729 1859 1801">
     <span class='ocr_line' id='line_1_18' title="bbox 272 1729 1859 1801; baseline 0.001 -17"><span class='ocrx_word' id='word_1_134' title='bbox 272 1730 432 1784; x_wconf 82' lang='lat' dir='ltr'><strong><em>istum</em></strong></span> <span class='ocrx_word' id='word_1_135' title='bbox 468 1729 787 1799; x_wconf 83' lang='lat' dir='ltr'><strong><em>prephetam</em></strong></span> <span class='ocrx_word' id='word_1_136' title='bbox 819 1740 912 1784; x_wconf 91' lang='lat' dir='ltr'><strong><em>aut</em></strong></span> <span class='ocrx_word' id='word_1_137' title='bbox 941 1730 1332 1785; x_wconf 91' lang='lat' dir='ltr'><strong><em>somniatorem</em></strong></span> <span class='ocrx_word' id='word_1_138' title='bbox 1379 1744 1603 1801; x_wconf 75' lang='lat' dir='ltr'><strong><em>surgere</em></strong></span> <span class='ocrx_word' id='word_1_139' title='bbox 1650 1729 1859 1799; x_wconf 89' lang='lat' dir='ltr'><strong><em>permi-</em></strong></span> 
     </span>
    </p>
   </div>
   <div class='ocr_carea' id='block_1_19' title="bbox 1961 524 3553 583">
    <p class='ocr_par' dir='ltr' id='par_1_19' title="bbox 1961 524 3553 583">
     <span class='ocr_line' id='line_1_19' title="bbox 1961 524 3553 583; baseline 0.002 -4"><span class='ocrx_word' id='word_1_140' title='bbox 1961 540 2082 580; x_wconf 90' lang='lat' dir='ltr'><strong><em>rum</em></strong></span> <span class='ocrx_word' id='word_1_141' title='bbox 2112 534 2169 580; x_wconf 92' lang='lat' dir='ltr'><strong><em>et</em></strong></span> <span class='ocrx_word' id='word_1_142' title='bbox 2200 526 2627 583; x_wconf 78' lang='lat' dir='ltr'><strong><em>inconstantiam</em></strong></span> <span class='ocrx_word' id='word_1_143' title='bbox 2674 526 2904 582; x_wconf 87' lang='lat' dir='ltr'><strong><em>necdum</em></strong></span> <span class='ocrx_word' id='word_1_144' title='bbox 2954 525 3194 583; x_wconf 80' lang='lat' dir='ltr'><strong><em>robustae</em></strong></span> <span class='ocrx_word' id='word_1_145' title='bbox 3222 524 3423 581; x_wconf 89' lang='lat' dir='ltr'><strong><em>mentis</em></strong></span> <span class='ocrx_word' id='word_1_146' title='bbox 3458 542 3553 582; x_wconf 82' lang='lat' dir='ltr'><strong><em>ex-</em></strong></span> 
     </span>
    </p>
   </div>
   <div class='ocr_carea' id='block_1_20' title="bbox 1960 617 3553 689">
    <p class='ocr_par' dir='ltr' id='par_1_20' title="bbox 1960 617 3553 689">
     <span class='ocr_line' id='line_1_20' title="bbox 1960 617 3553 689; baseline 0.001 -17"><span class='ocrx_word' id='word_1_147' title='bbox 1960 618 2206 687; x_wconf 88' lang='lat' dir='ltr'><strong><em>probrat,</em></strong></span> <span class='ocrx_word' id='word_1_148' title='bbox 2240 633 2344 689; x_wconf 88' lang='lat' dir='ltr'><strong><em>qua</em></strong></span> <span class='ocrx_word' id='word_1_149' title='bbox 2396 618 2573 675; x_wconf 85' lang='lat' dir='ltr'><strong><em>adhuc</em></strong></span> <span class='ocrx_word' id='word_1_150' title='bbox 2617 617 2943 689; x_wconf 81' lang='lat' dir='ltr'><strong><em>spiritalium</em></strong></span> <span class='ocrx_word' id='word_1_151' title='bbox 2989 618 3349 688; x_wconf 86' lang='lat' dir='ltr'><strong><em>nequitiarum</em></strong></span> <span class='ocrx_word' id='word_1_152' title='bbox 3379 617 3553 674; x_wconf 81' lang='lat' dir='ltr'><strong><em>turbi-</em></strong></span> 
     </span>
    </p>
   </div>
   <div class='ocr_carea' id='block_1_21' title="bbox 1960 711 3553 784">
    <p class='ocr_par' dir='ltr' id='par_1_21' title="bbox 1960 711 3553 784">
     <span class='ocr_line' id='line_1_21' title="bbox 1960 711 3553 784; baseline 0.003 -18"><span class='ocrx_word' id='word_1_153' title='bbox 1960 711 2122 766; x_wconf 88' lang='lat' dir='ltr'><strong><em>nibus</em></strong></span> <span class='ocrx_word' id='word_1_154' title='bbox 2167 727 2273 769; x_wconf 91' lang='lat' dir='ltr'><strong><em>non</em></strong></span> <span class='ocrx_word' id='word_1_155' title='bbox 2305 721 2563 783; x_wconf 85' lang='lat' dir='ltr'><strong><em>poterant</em></strong></span> <span class='ocrx_word' id='word_1_156' title='bbox 2589 713 2922 784; x_wconf 71' lang='lat' dir='ltr'><strong><em>impugnari,</em></strong></span> <span class='ocrx_word' id='word_1_157' title='bbox 2953 712 3242 769; x_wconf 86' lang='lat' dir='ltr'><strong><em>adversum</em></strong></span> <span class='ocrx_word' id='word_1_158' title='bbox 3284 727 3422 783; x_wconf 87' lang='lat' dir='ltr'><strong><em>quos</em></strong></span> <span class='ocrx_word' id='word_1_159' title='bbox 3466 727 3553 770; x_wconf 83' lang='lat' dir='ltr'><strong><em>se-</em></strong></span> 
     </span>
    </p>
   </div>
   <div class='ocr_carea' id='block_1_22' title="bbox 1959 802 3553 875">
    <p class='ocr_par' dir='ltr' id='par_1_22' title="bbox 1959 802 3553 875">
     <span class='ocr_line' id='line_1_22' title="bbox 1959 802 3553 875; baseline 0 -17"><span class='ocrx_word' id='word_1_160' title='bbox 1959 805 2254 874; x_wconf 90' lang='lat' dir='ltr'><strong><em>metipsum</em></strong></span> <span class='ocrx_word' id='word_1_161' title='bbox 2285 804 2371 859; x_wconf 91' lang='lat' dir='ltr'><strong><em>vel</em></strong></span> <span class='ocrx_word' id='word_1_162' title='bbox 2403 805 2527 860; x_wconf 86' lang='lat' dir='ltr'><strong><em>illos</em></strong></span> <span class='ocrx_word' id='word_1_163' title='bbox 2554 804 2833 875; x_wconf 91' lang='lat' dir='ltr'><strong><em>perfectos</em></strong></span> <span class='ocrx_word' id='word_1_164' title='bbox 2861 814 3088 861; x_wconf 79' lang='lat' dir='ltr'><strong><em>noverat</em></strong></span> <span class='ocrx_word' id='word_1_165' title='bbox 3113 802 3359 875; x_wconf 88' lang='lat' dir='ltr'><strong><em>quotidie</em></strong></span> <span class='ocrx_word' id='word_1_166' title='bbox 3388 802 3553 858; x_wconf 88' lang='lat' dir='ltr'><strong><em>dimi-</em></strong></span> 
     </span>
    </p>
   </div>
   <div class='ocr_carea' id='block_1_23' title="bbox 1960 897 3553 968">
    <p class='ocr_par' dir='ltr' id='par_1_23' title="bbox 1960 897 3553 968">
     <span class='ocr_line' id='line_1_23' title="bbox 1960 897 3553 968; baseline 0.001 -17"><span class='ocrx_word' id='word_1_167' title='bbox 1960 913 2121 963; x_wconf 87' lang='lat' dir='ltr'><strong><em>care;</em></strong></span> <span class='ocrx_word' id='word_1_168' title='bbox 2151 898 2219 953; x_wconf 88' lang='lat' dir='ltr'><strong><em>de</em></strong></span> <span class='ocrx_word' id='word_1_169' title='bbox 2243 898 2440 967; x_wconf 86' lang='lat' dir='ltr'><strong><em>quibus</em></strong></span> <span class='ocrx_word' id='word_1_170' title='bbox 2490 898 2557 953; x_wconf 91' lang='lat' dir='ltr'><strong><em>ad</em></strong></span> <span class='ocrx_word' id='word_1_171' title='bbox 2604 899 2865 968; x_wconf 79' lang='lat' dir='ltr'><strong><em>Ephesios</em></strong></span> <span class='ocrx_word' id='word_1_172' title='bbox 2918 898 3050 955; x_wconf 91' lang='lat' dir='ltr'><strong><em>dicit</em></strong></span> <span class='ocrx_word' id='word_1_173' title='bbox 3097 897 3269 953; x_wconf 78' lang='lat' dir='ltr'><strong><em>:lam</em></strong></span> <span class='ocrx_word' id='word_1_174' title='bbox 3315 913 3423 952; x_wconf 91' lang='lat' dir='ltr'><strong><em>non</em></strong></span> <span class='ocrx_word' id='word_1_175' title='bbox 3476 904 3553 953; x_wconf 89' lang='lat' dir='ltr'><strong><em>est</em></strong></span> 
     </span>
    </p>
   </div>
   <div class='ocr_carea' id='block_1_24' title="bbox 1960 990 3554 1065">
    <p class='ocr_par' dir='ltr' id='par_1_24' title="bbox 1960 990 3554 1065">
     <span class='ocr_line' id='line_1_24' title="bbox 1960 990 3554 1065; baseline 0.001 -20"><span class='ocrx_word' id='word_1_176' title='bbox 1960 992 2105 1045; x_wconf 88' lang='lat' dir='ltr'><strong><em>nobis</em></strong></span> <span class='ocrx_word' id='word_1_177' title='bbox 2132 991 2427 1045; x_wconf 86' lang='lat' dir='ltr'><strong><em>colluctatio</em></strong></span> <span class='ocrx_word' id='word_1_178' title='bbox 2462 992 2707 1047; x_wconf 84' lang='lat' dir='ltr'><strong><em>adversus</em></strong></span> <span class='ocrx_word' id='word_1_179' title='bbox 2750 1008 2955 1047; x_wconf 87' lang='lat' dir='ltr'><strong><em>carnem</em></strong></span> <span class='ocrx_word' id='word_1_180' title='bbox 3001 1000 3050 1047; x_wconf 92' lang='lat' dir='ltr'><strong><em>et</em></strong></span> <span class='ocrx_word' id='word_1_181' title='bbox 3095 991 3423 1065; x_wconf 85' lang='lat' dir='ltr'><strong><em>sanguinem,</em></strong></span> <span class='ocrx_word' id='word_1_182' title='bbox 3462 990 3554 1046; x_wconf 84' lang='lat' dir='ltr'><strong><em>sed</em></strong></span> 
     </span>
    </p>
   </div>
   <div class='ocr_carea' id='block_1_25' title="bbox 1959 1083 3552 1156">
    <p class='ocr_par' dir='ltr' id='par_1_25' title="bbox 1959 1083 3552 1156">
     <span class='ocr_line' id='line_1_25' title="bbox 1959 1083 3552 1156; baseline 0.001 -21"><span class='ocrx_word' id='word_1_183' title='bbox 1959 1083 2207 1137; x_wconf 83' lang='lat' dir='ltr'><strong><em>adversus</em></strong></span> <span class='ocrx_word' id='word_1_184' title='bbox 2256 1083 2600 1154; x_wconf 88' lang='lat' dir='ltr'><strong><em>principatus,</em></strong></span> <span class='ocrx_word' id='word_1_185' title='bbox 2650 1084 2896 1138; x_wconf 80' lang='lat' dir='ltr'><strong><em>adversus</em></strong></span> <span class='ocrx_word' id='word_1_186' title='bbox 2948 1091 3247 1156; x_wconf 82' lang='lat' dir='ltr'><strong><em>potestates,</em></strong></span> <span class='ocrx_word' id='word_1_187' title='bbox 3306 1083 3552 1137; x_wconf 73' lang='lat' dir='ltr'><strong><em>adversus</em></strong></span> 
     </span>
    </p>
   </div>
   <div class='ocr_carea' id='block_1_26' title="bbox 1960 1172 3553 1246">
    <p class='ocr_par' dir='ltr' id='par_1_26' title="bbox 1960 1172 3553 1246">
     <span class='ocr_line' id='line_1_26' title="bbox 1960 1172 3553 1246; baseline 0 -17"><span class='ocrx_word' id='word_1_188' title='bbox 1960 1175 2140 1230; x_wconf 90' lang='lat' dir='ltr'><strong><em>mundi</em></strong></span> <span class='ocrx_word' id='word_1_189' title='bbox 2168 1186 2387 1230; x_wconf 89' lang='lat' dir='ltr'><strong><em>rectores</em></strong></span> <span class='ocrx_word' id='word_1_190' title='bbox 2440 1175 2761 1230; x_wconf 86' lang='lat' dir='ltr'><strong><em>tenebrarum</em></strong></span> <span class='ocrx_word' id='word_1_191' title='bbox 2806 1179 3017 1242; x_wconf 84' lang='lat' dir='ltr'><strong><em>harum,</em></strong></span> <span class='ocrx_word' id='word_1_192' title='bbox 3069 1184 3250 1229; x_wconf 86' lang='lat' dir='ltr'><strong><em>contra</em></strong></span> <span class='ocrx_word' id='word_1_193' title='bbox 3292 1172 3553 1246; x_wconf 84' lang='lat' dir='ltr'><strong><em>spiritalia</em></strong></span> 
     </span>
    </p>
   </div>
   <div class='ocr_carea' id='block_1_27' title="bbox 1960 1264 3544 1337">
    <p class='ocr_par' dir='ltr' id='par_1_27' title="bbox 1960 1264 3544 1337">
     <span class='ocr_line' id='line_1_27' title="bbox 1960 1264 3544 1337; baseline 0 -18"><span class='ocrx_word' id='word_1_194' title='bbox 1960 1267 2195 1337; x_wconf 78' lang='lat' dir='ltr'><strong><em>nequitiae</em></strong></span> <span class='ocrx_word' id='word_1_195' title='bbox 2208 1267 2260 1320; x_wconf 92' lang='lat' dir='ltr'><strong><em>in</em></strong></span> <span class='ocrx_word' id='word_1_196' title='bbox 2275 1266 2561 1321; x_wconf 64' lang='lat' dir='ltr'><strong><em>coelestibus</em></strong></span> <span class='ocrx_word' id='word_1_197' title='bbox 2586 1264 2884 1337; x_wconf 69' lang='lat' dir='ltr'><strong><em>(Ephesm)</em></strong></span> <span class='ocrx_word' id='word_1_198' title='bbox 2897 1309 2912 1323; x_wconf 93' lang='lat'><strong><em>.</em></strong></span> <span class='ocrx_word' id='word_1_199' title='bbox 2928 1266 3064 1322; x_wconf 90' lang='lat' dir='ltr'><strong><em>Cum</em></strong></span> <span class='ocrx_word' id='word_1_200' title='bbox 3081 1281 3215 1321; x_wconf 89' lang='lat' dir='ltr'><strong><em>vero</em></strong></span> <span class='ocrx_word' id='word_1_201' title='bbox 3232 1266 3544 1335; x_wconf 87' lang='lat' dir='ltr'><strong><em>subjungit:</em></strong></span> 
     </span>
    </p>
   </div>
   <div class='ocr_carea' id='block_1_28' title="bbox 1964 1358 3549 1430">
    <p class='ocr_par' dir='ltr' id='par_1_28' title="bbox 1964 1358 3549 1430">
     <span class='ocr_line' id='line_1_28' title="bbox 1964 1358 3549 1430; baseline -0.001 -18"><span class='ocrx_word' id='word_1_202' title='bbox 1964 1370 1985 1397; x_wconf 75' lang='grc' dir='ltr'>ε</span> <span class='ocrx_word' id='word_1_203' title='bbox 2017 1358 2217 1413; x_wconf 84' lang='lat' dir='ltr'><strong><em>Fidelis</em></strong></span> <span class='ocrx_word' id='word_1_204' title='bbox 2245 1369 2415 1413; x_wconf 90' lang='lat' dir='ltr'><strong><em>autem</em></strong></span> <span class='ocrx_word' id='word_1_205' title='bbox 2440 1358 2581 1413; x_wconf 87' lang='lat' dir='ltr'><strong><em>Deus</em></strong></span> <span class='ocrx_word' id='word_1_206' title='bbox 2607 1361 2697 1430; x_wconf 90' lang='lat' dir='ltr'><strong><em>qui</em></strong></span> <span class='ocrx_word' id='word_1_207' title='bbox 2723 1376 2824 1413; x_wconf 89' lang='lat' dir='ltr'><strong><em>non</em></strong></span> <span class='ocrx_word' id='word_1_208' title='bbox 2848 1359 3094 1429; x_wconf 86' lang='lat' dir='ltr'><strong><em>permittit</em></strong></span> <span class='ocrx_word' id='word_1_209' title='bbox 3120 1376 3210 1413; x_wconf 77' lang='lat' dir='ltr'><strong><em>vos</em></strong></span> <span class='ocrx_word' id='word_1_210' title='bbox 3237 1360 3424 1413; x_wconf 88' lang='lat' dir='ltr'><strong><em>tentari</em></strong></span> <span class='ocrx_word' id='word_1_211' title='bbox 3455 1374 3549 1411; x_wconf 86' lang='lat' dir='ltr'><strong><em>su-</em></strong></span> 
     </span>
    </p>
   </div>
   <div class='ocr_carea' id='block_1_29' title="bbox 1958 1449 3550 1523">
    <p class='ocr_par' dir='ltr' id='par_1_29' title="bbox 1958 1449 3550 1523">
     <span class='ocr_line' id='line_1_29' title="bbox 1958 1449 3550 1523; baseline 0.001 -19"><span class='ocrx_word' id='word_1_212' title='bbox 1958 1468 2053 1523; x_wconf 87' lang='lat' dir='ltr'><strong><em>pra</em></strong></span> <span class='ocrx_word' id='word_1_213' title='bbox 2077 1453 2132 1505; x_wconf 89' lang='lat' dir='ltr'><strong><em>id</em></strong></span> <span class='ocrx_word' id='word_1_214' title='bbox 2157 1454 2296 1521; x_wconf 90' lang='lat' dir='ltr'><strong><em>quod</em></strong></span> <span class='ocrx_word' id='word_1_215' title='bbox 2340 1453 2545 1522; x_wconf 85' lang='lat' dir='ltr'><strong><em>potestis</em></strong></span> <span class='ocrx_word' id='word_1_216' title='bbox 2576 1451 2621 1520; x_wconf 87' lang='lat' dir='ltr'><strong><em>(l</em></strong></span> <span class='ocrx_word' id='word_1_217' title='bbox 2643 1449 2762 1505; x_wconf 89' lang='lat' dir='ltr'><strong><em>Cor.</em></strong></span> <span class='ocrx_word' id='word_1_218' title='bbox 2794 1454 2884 1522; x_wconf 81' lang='lat' dir='ltr'><strong><em>x);</em></strong></span> <span class='ocrx_word' id='word_1_219' title='bbox 2918 1468 3025 1507; x_wconf 91' lang='lat' dir='ltr'><strong><em>non</em></strong></span> <span class='ocrx_word' id='word_1_220' title='bbox 3074 1452 3264 1521; x_wconf 88' lang='lat' dir='ltr'><strong><em>utique</em></strong></span> <span class='ocrx_word' id='word_1_221' title='bbox 3295 1458 3450 1520; x_wconf 86' lang='lat' dir='ltr'><strong><em>Optat</em></strong></span> <span class='ocrx_word' id='word_1_222' title='bbox 3480 1466 3550 1506; x_wconf 92' lang='lat' dir='ltr'><strong><em>ne</em></strong></span> 
     </span>
    </p>
   </div>
   <div class='ocr_carea' id='block_1_30' title="bbox 1959 1542 3548 1613">
    <p class='ocr_par' dir='ltr' id='par_1_30' title="bbox 1959 1542 3548 1613">
     <span class='ocr_line' id='line_1_30' title="bbox 1959 1542 3548 1613; baseline -0.002 -13"><span class='ocrx_word' id='word_1_223' title='bbox 1959 1559 2055 1600; x_wconf 90' lang='lat' dir='ltr'><strong><em>eos</em></strong></span> <span class='ocrx_word' id='word_1_224' title='bbox 2087 1545 2351 1599; x_wconf 89' lang='lat' dir='ltr'><strong><em>Dominus</em></strong></span> <span class='ocrx_word' id='word_1_225' title='bbox 2401 1545 2597 1599; x_wconf 90' lang='lat' dir='ltr'><strong><em>tentari</em></strong></span> <span class='ocrx_word' id='word_1_226' title='bbox 2647 1545 3006 1613; x_wconf 89' lang='lat' dir='ltr'><strong><em>permitteret,</em></strong></span> <span class='ocrx_word' id='word_1_227' title='bbox 3054 1544 3149 1600; x_wconf 91' lang='lat' dir='ltr'><strong><em>sed</em></strong></span> <span class='ocrx_word' id='word_1_228' title='bbox 3180 1560 3249 1599; x_wconf 90' lang='lat' dir='ltr'><strong><em>ne</em></strong></span> <span class='ocrx_word' id='word_1_229' title='bbox 3290 1557 3454 1613; x_wconf 87' lang='lat' dir='ltr'><strong><em>supra</em></strong></span> <span class='ocrx_word' id='word_1_230' title='bbox 3493 1542 3548 1597; x_wconf 93' lang='lat' dir='ltr'><strong><em>id</em></strong></span> 
     </span>
    </p>
   </div>
   <div class='ocr_carea' id='block_1_31' title="bbox 1958 1635 3548 1707">
    <p class='ocr_par' dir='ltr' id='par_1_31' title="bbox 1958 1635 3548 1707">
     <span class='ocr_line' id='line_1_31' title="bbox 1958 1635 3548 1707; baseline -0.001 -16"><span class='ocrx_word' id='word_1_231' title='bbox 1958 1637 2102 1706; x_wconf 90' lang='lat' dir='ltr'><strong><em>quod</em></strong></span> <span class='ocrx_word' id='word_1_232' title='bbox 2152 1637 2424 1693; x_wconf 90' lang='lat' dir='ltr'><strong><em>sustinere</em></strong></span> <span class='ocrx_word' id='word_1_233' title='bbox 2468 1645 2763 1707; x_wconf 88' lang='lat' dir='ltr'><strong><em>poterant,</em></strong></span> <span class='ocrx_word' id='word_1_234' title='bbox 2798 1644 3161 1692; x_wconf 89' lang='lat' dir='ltr'><strong><em>tentarentur.</em></strong></span> <span class='ocrx_word' id='word_1_235' title='bbox 3208 1635 3346 1691; x_wconf 82' lang='lat' dir='ltr'><strong><em>Illud</em></strong></span> <span class='ocrx_word' id='word_1_236' title='bbox 3400 1636 3548 1690; x_wconf 91' lang='lat' dir='ltr'><strong><em>enim</em></strong></span> 
     </span>
    </p>
   </div>
   <div class='ocr_carea' id='block_1_32' title="bbox 1959 1728 3549 1794">
    <p class='ocr_par' dir='ltr' id='par_1_32' title="bbox 1959 1728 3549 1794">
     <span class='ocr_line' id='line_1_32' title="bbox 1959 1728 3549 1794; baseline -0.002 -9"><span class='ocrx_word' id='word_1_237' title='bbox 1959 1730 2165 1785; x_wconf 89' lang='lat' dir='ltr'><strong><em>indicat</em></strong></span> <span class='ocrx_word' id='word_1_238' title='bbox 2196 1730 2419 1785; x_wconf 90' lang='lat' dir='ltr'><strong><em>humani</em></strong></span> <span class='ocrx_word' id='word_1_239' title='bbox 2448 1730 2661 1784; x_wconf 90' lang='lat' dir='ltr'><strong><em>arbitrii</em></strong></span> <span class='ocrx_word' id='word_1_240' title='bbox 2697 1729 3028 1794; x_wconf 82' lang='lat' dir='ltr'><strong><em>facultatem,</em></strong></span> <span class='ocrx_word' id='word_1_241' title='bbox 3055 1729 3159 1785; x_wconf 89' lang='lat' dir='ltr'><strong><em>hoc</em></strong></span> <span class='ocrx_word' id='word_1_242' title='bbox 3180 1744 3315 1785; x_wconf 91' lang='lat' dir='ltr'><strong><em>vero</em></strong></span> <span class='ocrx_word' id='word_1_243' title='bbox 3338 1728 3549 1783; x_wconf 90' lang='lat' dir='ltr'><strong><em>Domini</em></strong></span> 
     </span>
    </p>
   </div>
   <div class='ocr_carea' id='block_1_33' title="bbox 271 1820 3547 1895">
    <p class='ocr_par' dir='ltr' id='par_1_33' title="bbox 271 1820 3547 1895">
     <span class='ocr_line' id='line_1_33' title="bbox 271 1820 3547 1895; baseline 0 -18"><span class='ocrx_word' id='word_1_244' title='bbox 271 1822 401 1877; x_wconf 90' lang='lat' dir='ltr'><strong><em>serit</em></strong></span> <span class='ocrx_word' id='word_1_245' title='bbox 434 1820 603 1889; x_wconf 83' lang='lat' dir='ltr'><strong><em>Deus,</em></strong></span> <span class='ocrx_word' id='word_1_246' title='bbox 638 1821 782 1876; x_wconf 76' lang='lat' dir='ltr'><strong><em>itane</em></strong></span> <span class='ocrx_word' id='word_1_247' title='bbox 810 1836 907 1876; x_wconf 90' lang='lat' dir='ltr'><strong><em>eos</em></strong></span> <span class='ocrx_word' id='word_1_248' title='bbox 934 1836 1167 1890; x_wconf 90' lang='lat' dir='ltr'><strong><em>quorum</em></strong></span> <span class='ocrx_word' id='word_1_249' title='bbox 1204 1821 1365 1876; x_wconf 82' lang='lat' dir='ltr'><strong><em>ﬁdem</em></strong></span> <span class='ocrx_word' id='word_1_250' title='bbox 1411 1822 1649 1891; x_wconf 86' lang='lat' dir='ltr'><strong><em>probare</em></strong></span> <span class='ocrx_word' id='word_1_251' title='bbox 1678 1821 1861 1891; x_wconf 82' lang='lat' dir='ltr'><strong><em>dispo-</em></strong></span> <span class='ocrx_word' id='word_1_252' title='bbox 1888 1821 1939 1883; x_wconf 88' lang='lat' dir='ltr'><strong>B</strong></span> <span class='ocrx_word' id='word_1_253' title='bbox 1967 1826 2196 1895; x_wconf 79' lang='lat' dir='ltr'><strong><em>gratiam</em></strong></span> <span class='ocrx_word' id='word_1_254' title='bbox 2231 1824 2588 1880; x_wconf 90' lang='lat' dir='ltr'><strong><em>Ienlationum</em></strong></span> <span class='ocrx_word' id='word_1_255' title='bbox 2610 1825 2902 1880; x_wconf 89' lang='lat' dir='ltr'><strong><em>luctamina</em></strong></span> <span class='ocrx_word' id='word_1_256' title='bbox 2925 1824 3257 1879; x_wconf 90' lang='lat' dir='ltr'><strong><em>moderantis</em></strong></span> <span class='ocrx_word' id='word_1_257' title='bbox 3286 1825 3547 1880; x_wconf 88' lang='lat' dir='ltr'><strong><em>ostendit.</em></strong></span> 
     </span>
    </p>
   </div>
   <div class='ocr_carea' id='block_1_34' title="bbox 278 1914 1858 1986">
    <p class='ocr_par' dir='ltr' id='par_1_34' title="bbox 278 1914 1858 1986">
     <span class='ocr_line' id='line_1_34' title="bbox 278 1914 1858 1986; baseline 0.001 -18"><span class='ocrx_word' id='word_1_258' title='bbox 278 1914 401 1979; x_wconf 89' lang='lat' dir='ltr'><strong><em>suit,</em></strong></span> <span class='ocrx_word' id='word_1_259' title='bbox 433 1922 779 1983; x_wconf 88' lang='lat' dir='ltr'><strong><em>protecturus</em></strong></span> <span class='ocrx_word' id='word_1_260' title='bbox 813 1928 937 1969; x_wconf 88' lang='lat' dir='ltr'><strong><em>esse</em></strong></span> <span class='ocrx_word' id='word_1_261' title='bbox 960 1914 1267 1969; x_wconf 88' lang='lat' dir='ltr'><strong><em>credendus</em></strong></span> <span class='ocrx_word' id='word_1_262' title='bbox 1294 1923 1400 1983; x_wconf 89' lang='lat' dir='ltr'><strong><em>est,</em></strong></span> <span class='ocrx_word' id='word_1_263' title='bbox 1435 1924 1492 1969; x_wconf 93' lang='lat' dir='ltr'><strong><em>ut</em></strong></span> <span class='ocrx_word' id='word_1_264' title='bbox 1526 1916 1731 1970; x_wconf 89' lang='lat' dir='ltr'><strong><em>nullum</em></strong></span> <span class='ocrx_word' id='word_1_265' title='bbox 1763 1930 1858 1986; x_wconf 90' lang='lat' dir='ltr'><strong><em>pe-</em></strong></span> 
     </span>
    </p>
   </div>
   <div class='ocr_carea' id='block_1_35' title="bbox 271 2008 1855 2077">
    <p class='ocr_par' dir='ltr' id='par_1_35' title="bbox 271 2008 1855 2077">
     <span class='ocr_line' id='line_1_35' title="bbox 271 2008 1855 2077; baseline 0.002 -16"><span class='ocrx_word' id='word_1_266' title='bbox 271 2009 413 2061; x_wconf 85' lang='lat' dir='ltr'><strong><em>nitus</em></strong></span> <span class='ocrx_word' id='word_1_267' title='bbox 436 2008 640 2074; x_wconf 89' lang='lat' dir='ltr'><strong><em>locum,</em></strong></span> <span class='ocrx_word' id='word_1_268' title='bbox 664 2023 772 2077; x_wconf 90' lang='lat' dir='ltr'><strong><em>quo</em></strong></span> <span class='ocrx_word' id='word_1_269' title='bbox 814 2008 926 2063; x_wconf 86' lang='lat' dir='ltr'><strong><em>suis</em></strong></span> <span class='ocrx_word' id='word_1_270' title='bbox 953 2008 1157 2063; x_wconf 89' lang='lat' dir='ltr'><strong><em>viribus</em></strong></span> <span class='ocrx_word' id='word_1_271' title='bbox 1185 2024 1306 2064; x_wconf 92' lang='lat' dir='ltr'><strong><em>cum</em></strong></span> <span class='ocrx_word' id='word_1_272' title='bbox 1354 2017 1627 2065; x_wconf 87' lang='lat' dir='ltr'><strong><em>tentatore</em></strong></span> <span class='ocrx_word' id='word_1_273' title='bbox 1657 2010 1855 2066; x_wconf 85' lang='lat' dir='ltr'><strong><em>confli-</em></strong></span> 
     </span>
    </p>
   </div>
   <div class='ocr_carea' id='block_1_36' title="bbox 270 2100 1856 2173">
    <p class='ocr_par' dir='ltr' id='par_1_36' title="bbox 270 2100 1856 2173">
     <span class='ocr_line' id='line_1_36' title="bbox 270 2100 1856 2173; baseline 0.003 -20"><span class='ocrx_word' id='word_1_274' title='bbox 270 2109 413 2172; x_wconf 85' lang='lat' dir='ltr'><strong><em>gant,</em></strong></span> <span class='ocrx_word' id='word_1_275' title='bbox 442 2100 621 2156; x_wconf 89' lang='lat' dir='ltr'><strong><em>libero</em></strong></span> <span class='ocrx_word' id='word_1_276' title='bbox 662 2114 847 2155; x_wconf 89' lang='lat' dir='ltr'><strong><em>eorum</em></strong></span> <span class='ocrx_word' id='word_1_277' title='bbox 876 2111 1120 2156; x_wconf 76' lang='lat' dir='ltr'><strong><em>reservet</em></strong></span> <span class='ocrx_word' id='word_1_278' title='bbox 1142 2100 1404 2157; x_wconf 75' lang='lat' dir='ltr'><strong><em>arbitrio?</em></strong></span> <span class='ocrx_word' id='word_1_279' title='bbox 1431 2111 1455 2139; x_wconf 76' lang='grc' dir='ltr'><strong><em>ἰ</em></strong></span> <span class='ocrx_word' id='word_1_280' title='bbox 1486 2102 1552 2158; x_wconf 77' lang='lat' dir='ltr'><strong><em>Et</em></strong></span> <span class='ocrx_word' id='word_1_281' title='bbox 1586 2102 1717 2173; x_wconf 91' lang='lat' dir='ltr'><strong><em>quid</em></strong></span> <span class='ocrx_word' id='word_1_282' title='bbox 1762 2118 1856 2159; x_wconf 89' lang='lat' dir='ltr'><strong><em>eos</em></strong></span> 
     </span>
    </p>
   </div>
   <div class='ocr_carea' id='block_1_37' title="bbox 272 2194 1859 2265">
    <p class='ocr_par' dir='ltr' id='par_1_37' title="bbox 272 2194 1859 2265">
     <span class='ocr_line' id='line_1_37' title="bbox 272 2194 1859 2265; baseline 0.001 -16"><span class='ocrx_word' id='word_1_283' title='bbox 272 2211 494 2251; x_wconf 84' lang='lat' dir='ltr'><strong><em>necesse</em></strong></span> <span class='ocrx_word' id='word_1_284' title='bbox 540 2203 626 2250; x_wconf 90' lang='lat' dir='ltr'><strong><em>est</em></strong></span> <span class='ocrx_word' id='word_1_285' title='bbox 672 2194 758 2250; x_wconf 86' lang='lat' dir='ltr'><strong><em>vel</em></strong></span> <span class='ocrx_word' id='word_1_286' title='bbox 800 2197 1023 2261; x_wconf 89' lang='lat' dir='ltr'><strong><em>tentari,</em></strong></span> <span class='ocrx_word' id='word_1_287' title='bbox 1055 2210 1193 2265; x_wconf 89' lang='lat' dir='ltr'><strong><em>quos</em></strong></span> <span class='ocrx_word' id='word_1_288' title='bbox 1236 2195 1310 2250; x_wconf 88' lang='lat' dir='ltr'><strong><em>ita</em></strong></span> <span class='ocrx_word' id='word_1_289' title='bbox 1342 2195 1588 2250; x_wconf 81' lang='lat' dir='ltr'><strong><em>inﬁrmos</em></strong></span> <span class='ocrx_word' id='word_1_290' title='bbox 1616 2197 1765 2251; x_wconf 89' lang='lat' dir='ltr'><strong><em>novit</em></strong></span> <span class='ocrx_word' id='word_1_291' title='bbox 1795 2210 1859 2251; x_wconf 89' lang='lat' dir='ltr'><strong><em>ac</em></strong></span> 
     </span>
    </p>
   </div>
   <div class='ocr_carea' id='block_1_38' title="bbox 278 2286 1858 2357">
    <p class='ocr_par' dir='ltr' id='par_1_38' title="bbox 278 2286 1858 2357">
     <span class='ocr_line' id='line_1_38' title="bbox 278 2286 1858 2357; baseline 0.001 -17"><span class='ocrx_word' id='word_1_292' title='bbox 278 2287 517 2357; x_wconf 77' lang='lat' dir='ltr'><strong><em>fragiles,</em></strong></span> <span class='ocrx_word' id='word_1_293' title='bbox 548 2295 609 2340; x_wconf 92' lang='lat' dir='ltr'><strong><em>ut</em></strong></span> <span class='ocrx_word' id='word_1_294' title='bbox 633 2300 971 2357; x_wconf 89' lang='lat' dir='ltr'><strong><em>nequaquam</em></strong></span> <span class='ocrx_word' id='word_1_295' title='bbox 1002 2287 1196 2341; x_wconf 87' lang='lat' dir='ltr'><strong><em>virtute</em></strong></span> <span class='ocrx_word' id='word_1_296' title='bbox 1226 2302 1323 2342; x_wconf 80' lang='lat' dir='ltr'><strong><em>sua</em></strong></span> <span class='ocrx_word' id='word_1_297' title='bbox 1356 2286 1573 2341; x_wconf 82' lang='lat' dir='ltr'><strong><em>valeant</em></strong></span> <span class='ocrx_word' id='word_1_298' title='bbox 1600 2289 1858 2342; x_wconf 84' lang='lat' dir='ltr'><strong><em>resistere</em></strong></span> 
     </span>
    </p>
   </div>
   <div class='ocr_carea' id='block_1_39' title="bbox 273 2378 1859 2449">
    <p class='ocr_par' dir='ltr' id='par_1_39' title="bbox 273 2378 1859 2449">
     <span class='ocr_line' id='line_1_39' title="bbox 273 2378 1859 2449; baseline -0.001 -14"><span class='ocrx_word' id='word_1_299' title='bbox 273 2380 569 2435; x_wconf 78' lang='lat' dir='ltr'><strong><em>tentatori?</em></strong></span> <span class='ocrx_word' id='word_1_300' title='bbox 601 2379 707 2435; x_wconf 92' lang='lat' dir='ltr'><strong><em>Sed</em></strong></span> <span class='ocrx_word' id='word_1_301' title='bbox 738 2381 923 2449; x_wconf 90' lang='lat' dir='ltr'><strong><em>utique</em></strong></span> <span class='ocrx_word' id='word_1_302' title='bbox 952 2394 1052 2434; x_wconf 89' lang='lat' dir='ltr'><strong><em>nec</em></strong></span> <span class='ocrx_word' id='word_1_303' title='bbox 1080 2380 1274 2434; x_wconf 85' lang='lat' dir='ltr'><strong><em>tentari</em></strong></span> <span class='ocrx_word' id='word_1_304' title='bbox 1306 2394 1399 2435; x_wconf 87' lang='lat' dir='ltr'><strong><em>eos</em></strong></span> <span class='ocrx_word' id='word_1_305' title='bbox 1423 2378 1621 2448; x_wconf 83' lang='lat' dir='ltr'><strong><em>iustitia</em></strong></span> <span class='ocrx_word' id='word_1_306' title='bbox 1643 2378 1859 2434; x_wconf 87' lang='lat' dir='ltr'><strong><em>Domini</em></strong></span> 
     </span>
    </p>
   </div>
   <div class='ocr_carea' id='block_1_40' title="bbox 270 2470 1860 2542">
    <p class='ocr_par' dir='ltr' id='par_1_40' title="bbox 270 2470 1860 2542">
     <span class='ocr_line' id='line_1_40' title="bbox 270 2470 1860 2542; baseline 0.003 -19"><span class='ocrx_word' id='word_1_307' title='bbox 270 2470 627 2542; x_wconf 76' lang='lat' dir='ltr'><strong><em>permisisset,</em></strong></span> <span class='ocrx_word' id='word_1_308' title='bbox 648 2472 748 2526; x_wconf 89' lang='lat' dir='ltr'><strong><em>nisi</em></strong></span> <span class='ocrx_word' id='word_1_309' title='bbox 768 2487 951 2541; x_wconf 89' lang='lat' dir='ltr'><strong><em>parem</em></strong></span> <span class='ocrx_word' id='word_1_310' title='bbox 971 2472 1021 2525; x_wconf 89' lang='lat' dir='ltr'><strong><em>in</em></strong></span> <span class='ocrx_word' id='word_1_311' title='bbox 1046 2471 1125 2526; x_wconf 89' lang='lat' dir='ltr'><strong><em>eis</em></strong></span> <span class='ocrx_word' id='word_1_312' title='bbox 1149 2471 1438 2526; x_wconf 87' lang='lat' dir='ltr'><strong><em>resistendi</em></strong></span> <span class='ocrx_word' id='word_1_313' title='bbox 1468 2473 1664 2527; x_wconf 88' lang='lat' dir='ltr'><strong><em>scisset</em></strong></span> <span class='ocrx_word' id='word_1_314' title='bbox 1680 2472 1860 2527; x_wconf 88' lang='lat' dir='ltr'><strong><em>inesse</em></strong></span> 
     </span>
    </p>
   </div>
   <div class='ocr_carea' id='block_1_41' title="bbox 274 2561 1860 2632">
    <p class='ocr_par' dir='ltr' id='par_1_41' title="bbox 274 2561 1860 2632">
     <span class='ocr_line' id='line_1_41' title="bbox 274 2561 1860 2632; baseline 0 -16"><span class='ocrx_word' id='word_1_315' title='bbox 274 2564 551 2630; x_wconf 75' lang='lat' dir='ltr'><strong><em>virtutem,</em></strong></span> <span class='ocrx_word' id='word_1_316' title='bbox 598 2578 700 2632; x_wconf 91' lang='lat' dir='ltr'><strong><em>qua</em></strong></span> <span class='ocrx_word' id='word_1_317' title='bbox 744 2570 970 2632; x_wconf 84' lang='lat' dir='ltr'><strong><em>possent</em></strong></span> <span class='ocrx_word' id='word_1_318' title='bbox 1000 2561 1271 2631; x_wconf 63' lang='lat' dir='ltr'><strong><em>aequitatis</em></strong></span> <span class='ocrx_word' id='word_1_319' title='bbox 1296 2562 1504 2632; x_wconf 89' lang='lat' dir='ltr'><strong><em>judicio</em></strong></span> <span class='ocrx_word' id='word_1_320' title='bbox 1546 2562 1597 2615; x_wconf 93' lang='lat' dir='ltr'><strong><em>in</em></strong></span> <span class='ocrx_word' id='word_1_321' title='bbox 1632 2571 1860 2631; x_wconf 89' lang='lat' dir='ltr'><strong><em>utroque</em></strong></span> 
     </span>
    </p>
   </div>
   <div class='ocr_carea' id='block_1_42' title="bbox 270 2654 1863 2724">
    <p class='ocr_par' dir='ltr' id='par_1_42' title="bbox 270 2654 1863 2724">
     <span class='ocr_line' id='line_1_42' title="bbox 270 2654 1863 2724; baseline -0.001 -12"><span class='ocrx_word' id='word_1_322' title='bbox 270 2657 465 2712; x_wconf 91' lang='lat' dir='ltr'><strong><em>merito</em></strong></span> <span class='ocrx_word' id='word_1_323' title='bbox 515 2656 600 2711; x_wconf 91' lang='lat' dir='ltr'><strong><em>vel</em></strong></span> <span class='ocrx_word' id='word_1_324' title='bbox 644 2655 721 2711; x_wconf 90' lang='lat' dir='ltr'><strong><em>rei</em></strong></span> <span class='ocrx_word' id='word_1_325' title='bbox 766 2656 851 2710; x_wconf 92' lang='lat' dir='ltr'><strong><em>vel</em></strong></span> <span class='ocrx_word' id='word_1_326' title='bbox 901 2654 1482 2724; x_wconf 87' lang='lat' dir='ltr'><strong><em>laudabilesjudicari.</em></strong></span> <span class='ocrx_word' id='word_1_327' title='bbox 1525 2654 1657 2709; x_wconf 85' lang='lat' dir='ltr'><strong><em>Tale</em></strong></span> <span class='ocrx_word' id='word_1_328' title='bbox 1695 2664 1778 2709; x_wconf 91' lang='lat' dir='ltr'><strong><em>est</em></strong></span> <span class='ocrx_word' id='word_1_329' title='bbox 1806 2664 1863 2711; x_wconf 91' lang='lat' dir='ltr'><strong><em>et</em></strong></span> 
     </span>
    </p>
   </div>
   <div class='ocr_carea' id='block_1_43' title="bbox 272 2747 1861 2820">
    <p class='ocr_par' dir='ltr' id='par_1_43' title="bbox 272 2747 1861 2820">
     <span class='ocr_line' id='line_1_43' title="bbox 272 2747 1861 2820; baseline -0.001 -15"><span class='ocrx_word' id='word_1_330' title='bbox 272 2750 401 2805; x_wconf 91' lang='lat' dir='ltr'><strong><em>illud</em></strong></span> <span class='ocrx_word' id='word_1_331' title='bbox 434 2750 577 2820; x_wconf 89' lang='lat' dir='ltr'><strong><em>quod</em></strong></span> <span class='ocrx_word' id='word_1_332' title='bbox 624 2750 690 2802; x_wconf 89' lang='lat' dir='ltr'><strong><em>ab</em></strong></span> <span class='ocrx_word' id='word_1_333' title='bbox 721 2748 985 2819; x_wconf 83' lang='lat' dir='ltr'><strong><em>Apostolo</em></strong></span> <span class='ocrx_word' id='word_1_334' title='bbox 1014 2749 1209 2804; x_wconf 90' lang='lat' dir='ltr'><strong><em>dicitur</em></strong></span> <span class='ocrx_word' id='word_1_335' title='bbox 1242 2766 1255 2803; x_wconf 91' lang='lat'><strong>:</strong></span> <span class='ocrx_word' id='word_1_336' title='bbox 1286 2747 1465 2820; x_wconf 87' lang='lat' dir='ltr'><strong><em>Itaque</em></strong></span> <span class='ocrx_word' id='word_1_337' title='bbox 1491 2749 1578 2817; x_wconf 88' lang='lat' dir='ltr'><strong><em>qui</em></strong></span> <span class='ocrx_word' id='word_1_338' title='bbox 1608 2765 1661 2803; x_wconf 93' lang='lat' dir='ltr'><strong><em>se</em></strong></span> <span class='ocrx_word' id='word_1_339' title='bbox 1684 2750 1861 2804; x_wconf 87' lang='lat' dir='ltr'><strong><em>existi-</em></strong></span> 
     </span>
    </p>
   </div>
   <div class='ocr_carea' id='block_1_44' title="bbox 272 2839 1862 2915">
    <p class='ocr_par' dir='ltr' id='par_1_44' title="bbox 272 2839 1862 2915">
     <span class='ocr_line' id='line_1_44' title="bbox 272 2839 1862 2915; baseline 0.001 -18"><span class='ocrx_word' id='word_1_340' title='bbox 272 2852 371 2897; x_wconf 88' lang='lat' dir='ltr'><strong><em>mat</em></strong></span> <span class='ocrx_word' id='word_1_341' title='bbox 402 2852 563 2907; x_wconf 90' lang='lat' dir='ltr'><strong><em>stare,</em></strong></span> <span class='ocrx_word' id='word_1_342' title='bbox 595 2842 761 2895; x_wconf 82' lang='lat' dir='ltr'><strong><em>uideat</em></strong></span> <span class='ocrx_word' id='word_1_343' title='bbox 792 2858 851 2895; x_wconf 89' lang='lat' dir='ltr'><strong><em>ne</em></strong></span> <span class='ocrx_word' id='word_1_344' title='bbox 877 2842 1047 2895; x_wconf 90' lang='lat' dir='ltr'><strong><em>cadat.</em></strong></span> <span class='ocrx_word' id='word_1_345' title='bbox 1090 2840 1326 2896; x_wconf 88' lang='lat' dir='ltr'><strong><em>Tentatio</em></strong></span> <span class='ocrx_word' id='word_1_346' title='bbox 1372 2860 1459 2897; x_wconf 88' lang='lat' dir='ltr'><strong><em>vos</em></strong></span> <span class='ocrx_word' id='word_1_347' title='bbox 1487 2858 1593 2895; x_wconf 90' lang='lat' dir='ltr'><strong><em>non</em></strong></span> <span class='ocrx_word' id='word_1_348' title='bbox 1617 2839 1645 2879; x_wconf 81' lang='grc' dir='ltr'>δ</span> <span class='ocrx_word' id='word_1_349' title='bbox 1674 2858 1862 2915; x_wconf 88' lang='lat' dir='ltr'><strong><em>appre-</em></strong></span> 
     </span>
    </p>
   </div>
   <div class='ocr_carea' id='block_1_45' title="bbox 274 2933 1863 3008">
    <p class='ocr_par' dir='ltr' id='par_1_45' title="bbox 274 2933 1863 3008">
     <span class='ocr_line' id='line_1_45' title="bbox 274 2933 1863 3008; baseline 0.004 -21"><span class='ocrx_word' id='word_1_350' title='bbox 274 2936 486 3003; x_wconf 79' lang='lat' dir='ltr'><strong><em>hendat,</em></strong></span> <span class='ocrx_word' id='word_1_351' title='bbox 518 2934 618 2987; x_wconf 88' lang='lat' dir='ltr'><strong><em>nisi</em></strong></span> <span class='ocrx_word' id='word_1_352' title='bbox 645 2935 887 2988; x_wconf 80' lang='lat' dir='ltr'><strong><em>humana.</em></strong></span> <span class='ocrx_word' id='word_1_353' title='bbox 918 2933 1117 2988; x_wconf 80' lang='lat' dir='ltr'><strong><em>Fidelis</em></strong></span> <span class='ocrx_word' id='word_1_354' title='bbox 1142 2944 1316 2989; x_wconf 88' lang='lat' dir='ltr'><strong><em>autem</em></strong></span> <span class='ocrx_word' id='word_1_355' title='bbox 1345 2936 1482 2991; x_wconf 88' lang='lat' dir='ltr'><strong><em>Deus</em></strong></span> <span class='ocrx_word' id='word_1_356' title='bbox 1506 2940 1592 3008; x_wconf 86' lang='lat' dir='ltr'><strong><em>qui</em></strong></span> <span class='ocrx_word' id='word_1_357' title='bbox 1621 2954 1721 2992; x_wconf 87' lang='lat' dir='ltr'><strong><em>non</em></strong></span> <span class='ocrx_word' id='word_1_358' title='bbox 1748 2956 1863 3005; x_wconf 86' lang='lat' dir='ltr'><strong><em>per-</em></strong></span> 
     </span>
    </p>
   </div>
   <div class='ocr_carea' id='block_1_46' title="bbox 274 3028 1863 3103">
    <p class='ocr_par' dir='ltr' id='par_1_46' title="bbox 274 3028 1863 3103">
     <span class='ocr_line' id='line_1_46' title="bbox 274 3028 1863 3103; baseline 0.003 -22"><span class='ocrx_word' id='word_1_359' title='bbox 274 3029 431 3081; x_wconf 90' lang='lat' dir='ltr'><strong><em>mittet</em></strong></span> <span class='ocrx_word' id='word_1_360' title='bbox 468 3044 555 3081; x_wconf 78' lang='lat' dir='ltr'><strong><em>vos</em></strong></span> <span class='ocrx_word' id='word_1_361' title='bbox 600 3028 786 3081; x_wconf 91' lang='lat' dir='ltr'><strong><em>tentari</em></strong></span> <span class='ocrx_word' id='word_1_362' title='bbox 836 3044 1000 3097; x_wconf 87' lang='lat' dir='ltr'><strong><em>supra</em></strong></span> <span class='ocrx_word' id='word_1_363' title='bbox 1048 3028 1104 3081; x_wconf 88' lang='lat' dir='ltr'><strong><em>id</em></strong></span> <span class='ocrx_word' id='word_1_364' title='bbox 1154 3029 1291 3096; x_wconf 87' lang='lat' dir='ltr'><strong><em>quod</em></strong></span> <span class='ocrx_word' id='word_1_365' title='bbox 1322 3031 1551 3097; x_wconf 85' lang='lat' dir='ltr'><strong><em>potestis,</em></strong></span> <span class='ocrx_word' id='word_1_366' title='bbox 1583 3032 1673 3086; x_wconf 90' lang='lat' dir='ltr'><strong><em>sed</em></strong></span> <span class='ocrx_word' id='word_1_367' title='bbox 1708 3034 1863 3103; x_wconf 81' lang='lat' dir='ltr'><strong><em>faciet</em></strong></span> 
     </span>
    </p>
   </div>
   <div class='ocr_carea' id='block_1_47' title="bbox 275 3120 1859 3195">
    <p class='ocr_par' dir='ltr' id='par_1_47' title="bbox 275 3120 1859 3195">
     <span class='ocr_line' id='line_1_47' title="bbox 275 3120 1859 3195; baseline 0.003 -21"><span class='ocrx_word' id='word_1_368' title='bbox 275 3137 386 3174; x_wconf 77' lang='lat' dir='ltr'><strong><em>tum</em></strong></span> <span class='ocrx_word' id='word_1_369' title='bbox 409 3120 689 3173; x_wconf 91' lang='lat' dir='ltr'><strong><em>tentatione</em></strong></span> <span class='ocrx_word' id='word_1_370' title='bbox 714 3120 925 3185; x_wconf 87' lang='lat' dir='ltr'><strong><em>exitum,</em></strong></span> <span class='ocrx_word' id='word_1_371' title='bbox 952 3128 1007 3173; x_wconf 90' lang='lat' dir='ltr'><strong><em>ut</em></strong></span> <span class='ocrx_word' id='word_1_372' title='bbox 1048 3122 1297 3175; x_wconf 88' lang='lat' dir='ltr'><strong><em>sustinere</em></strong></span> <span class='ocrx_word' id='word_1_373' title='bbox 1334 3123 1540 3191; x_wconf 86' lang='lat' dir='ltr'><strong><em>possitis</em></strong></span> <span class='ocrx_word' id='word_1_374' title='bbox 1569 3124 1609 3195; x_wconf 66' lang='lat' dir='ltr'><strong><em>tl</em></strong></span> <span class='ocrx_word' id='word_1_375' title='bbox 1636 3123 1754 3178; x_wconf 91' lang='lat' dir='ltr'><strong><em>Cor.</em></strong></span> <span class='ocrx_word' id='word_1_376' title='bbox 1777 3124 1859 3194; x_wconf 76' lang='grc' dir='ltr'><strong><em>ι).</em></strong></span> 
     </span>
    </p>
   </div>
   <div class='ocr_carea' id='block_1_48' title="bbox 1962 1916 3551 1987">
    <p class='ocr_par' dir='ltr' id='par_1_48' title="bbox 1962 1916 3551 1987">
     <span class='ocr_line' id='line_1_48' title="bbox 1962 1916 3551 1987; baseline 0 -16"><span class='ocrx_word' id='word_1_377' title='bbox 1962 1916 2020 1971; x_wconf 90' lang='lat' dir='ltr'><strong><em>ltt</em></strong></span> <span class='ocrx_word' id='word_1_378' title='bbox 2043 1916 2127 1971; x_wconf 90' lang='lat' dir='ltr'><strong><em>bis</em></strong></span> <span class='ocrx_word' id='word_1_379' title='bbox 2159 1916 2323 1987; x_wconf 91' lang='lat' dir='ltr'><strong><em>igitur</em></strong></span> <span class='ocrx_word' id='word_1_380' title='bbox 2352 1916 2604 1972; x_wconf 89' lang='lat' dir='ltr'><strong><em>onmibus</em></strong></span> <span class='ocrx_word' id='word_1_381' title='bbox 2627 1917 2959 1987; x_wconf 82' lang='lat' dir='ltr'><strong><em>approbatur</em></strong></span> <span class='ocrx_word' id='word_1_382' title='bbox 2982 1918 3053 1971; x_wconf 91' lang='lat' dir='ltr'><strong><em>ita</em></strong></span> <span class='ocrx_word' id='word_1_383' title='bbox 3080 1933 3296 1986; x_wconf 87' lang='lat' dir='ltr'><strong><em>semper</em></strong></span> <span class='ocrx_word' id='word_1_384' title='bbox 3313 1916 3551 1973; x_wconf 86' lang='lat' dir='ltr'><strong><em>divinam</em></strong></span> 
     </span>
    </p>
   </div>
   <div class='ocr_carea' id='block_1_49' title="bbox 1961 2010 3553 2081">
    <p class='ocr_par' dir='ltr' id='par_1_49' title="bbox 1961 2010 3553 2081">
     <span class='ocr_line' id='line_1_49' title="bbox 1961 2010 3553 2081; baseline 0.002 -18"><span class='ocrx_word' id='word_1_385' title='bbox 1961 2010 2191 2079; x_wconf 88' lang='lat' dir='ltr'><strong><em>gratiam</em></strong></span> <span class='ocrx_word' id='word_1_386' title='bbox 2222 2010 2509 2065; x_wconf 87' lang='lat' dir='ltr'><strong><em>arbitrium</em></strong></span> <span class='ocrx_word' id='word_1_387' title='bbox 2542 2010 2778 2065; x_wconf 86' lang='lat' dir='ltr'><strong><em>hominis</em></strong></span> <span class='ocrx_word' id='word_1_388' title='bbox 2815 2011 3067 2081; x_wconf 88' lang='lat' dir='ltr'><strong><em>incitare,</em></strong></span> <span class='ocrx_word' id='word_1_389' title='bbox 3100 2019 3159 2066; x_wconf 93' lang='lat' dir='ltr'><strong><em>ut</em></strong></span> <span class='ocrx_word' id='word_1_390' title='bbox 3187 2011 3323 2066; x_wconf 90' lang='lat' dir='ltr'><strong><em>illud</em></strong></span> <span class='ocrx_word' id='word_1_391' title='bbox 3362 2026 3467 2066; x_wconf 90' lang='lat' dir='ltr'><strong><em>non</em></strong></span> <span class='ocrx_word' id='word_1_392' title='bbox 3496 2012 3553 2065; x_wconf 92' lang='lat' dir='ltr'><strong><em>in</em></strong></span> 
     </span>
    </p>
   </div>
   <div class='ocr_carea' id='block_1_50' title="bbox 1963 2102 3553 2174">
    <p class='ocr_par' dir='ltr' id='par_1_50' title="bbox 1963 2102 3553 2174">
     <span class='ocr_line' id='line_1_50' title="bbox 1963 2102 3553 2174; baseline 0.001 -17"><span class='ocrx_word' id='word_1_393' title='bbox 1963 2102 2219 2158; x_wconf 87' lang='lat' dir='ltr'><strong><em>omnibus</em></strong></span> <span class='ocrx_word' id='word_1_394' title='bbox 2249 2103 2435 2159; x_wconf 89' lang='lat' dir='ltr'><strong><em>taliter</em></strong></span> <span class='ocrx_word' id='word_1_395' title='bbox 2469 2113 2718 2174; x_wconf 88' lang='lat' dir='ltr'><strong><em>protegat</em></strong></span> <span class='ocrx_word' id='word_1_396' title='bbox 2745 2119 2810 2159; x_wconf 92' lang='lat' dir='ltr'><strong><em>ac</em></strong></span> <span class='ocrx_word' id='word_1_397' title='bbox 2847 2104 3124 2171; x_wconf 86' lang='lat' dir='ltr'><strong><em>defendat,</em></strong></span> <span class='ocrx_word' id='word_1_398' title='bbox 3158 2112 3218 2158; x_wconf 89' lang='lat' dir='ltr'><strong><em>ut</em></strong></span> <span class='ocrx_word' id='word_1_399' title='bbox 3252 2120 3358 2160; x_wconf 91' lang='lat' dir='ltr'><strong><em>non</em></strong></span> <span class='ocrx_word' id='word_1_400' title='bbox 3388 2105 3553 2161; x_wconf 87' lang='lat' dir='ltr'><strong><em>etiam</em></strong></span> 
     </span>
    </p>
   </div>
   <div class='ocr_carea' id='block_1_51' title="bbox 1958 2192 3555 2267">
    <p class='ocr_par' dir='ltr' id='par_1_51' title="bbox 1958 2192 3555 2267">
     <span class='ocr_line' id='line_1_51' title="bbox 1958 2192 3555 2267; baseline 0.003 -20"><span class='ocrx_word' id='word_1_401' title='bbox 1958 2192 2202 2263; x_wconf 90' lang='lat' dir='ltr'><strong><em>propriis</em></strong></span> <span class='ocrx_word' id='word_1_402' title='bbox 2219 2209 2343 2249; x_wconf 92' lang='lat' dir='ltr'><strong><em>eum</em></strong></span> <span class='ocrx_word' id='word_1_403' title='bbox 2366 2195 2657 2251; x_wconf 87' lang='lat' dir='ltr'><strong><em>conatibus</em></strong></span> <span class='ocrx_word' id='word_1_404' title='bbox 2679 2195 2942 2266; x_wconf 87' lang='lat' dir='ltr'><strong><em>congredi</em></strong></span> <span class='ocrx_word' id='word_1_405' title='bbox 2960 2197 3249 2253; x_wconf 88' lang='lat' dir='ltr'><strong><em>adversum</em></strong></span> <span class='ocrx_word' id='word_1_406' title='bbox 3279 2196 3555 2267; x_wconf 89' lang='lat' dir='ltr'><strong><em>spiritales</em></strong></span> 
     </span>
    </p>
   </div>
   <div class='ocr_carea' id='block_1_52' title="bbox 1962 2284 3555 2358">
    <p class='ocr_par' dir='ltr' id='par_1_52' title="bbox 1962 2284 3555 2358">
     <span class='ocr_line' id='line_1_52' title="bbox 1962 2284 3555 2358; baseline 0.002 -18"><span class='ocrx_word' id='word_1_407' title='bbox 1962 2284 2127 2341; x_wconf 89' lang='lat' dir='ltr'><strong><em>faciat</em></strong></span> <span class='ocrx_word' id='word_1_408' title='bbox 2154 2287 2426 2354; x_wconf 90' lang='lat' dir='ltr'><strong><em>inimicos,</em></strong></span> <span class='ocrx_word' id='word_1_409' title='bbox 2457 2287 2511 2341; x_wconf 93' lang='lat' dir='ltr'><strong><em>in</em></strong></span> <span class='ocrx_word' id='word_1_410' title='bbox 2536 2287 2736 2357; x_wconf 89' lang='lat' dir='ltr'><strong><em>quibus</em></strong></span> <span class='ocrx_word' id='word_1_411' title='bbox 2758 2287 2844 2342; x_wconf 91' lang='lat' dir='ltr'><strong><em>vel</em></strong></span> <span class='ocrx_word' id='word_1_412' title='bbox 2876 2288 3103 2358; x_wconf 88' lang='lat' dir='ltr'><strong><em>gratiam</em></strong></span> <span class='ocrx_word' id='word_1_413' title='bbox 3135 2289 3229 2343; x_wconf 92' lang='lat' dir='ltr'><strong><em>Dei</em></strong></span> <span class='ocrx_word' id='word_1_414' title='bbox 3253 2289 3451 2352; x_wconf 90' lang='lat' dir='ltr'><strong><em>victor,</em></strong></span> <span class='ocrx_word' id='word_1_415' title='bbox 3471 2288 3555 2343; x_wconf 91' lang='lat' dir='ltr'><strong><em>vel</em></strong></span> 
     </span>
    </p>
   </div>
   <div class='ocr_carea' id='block_1_53' title="bbox 1958 2376 3554 2449">
    <p class='ocr_par' dir='ltr' id='par_1_53' title="bbox 1958 2376 3554 2449">
     <span class='ocr_line' id='line_1_53' title="bbox 1958 2376 3554 2449; baseline 0.001 -16"><span class='ocrx_word' id='word_1_416' title='bbox 1958 2376 2328 2433; x_wconf 75' lang='lat' dir='ltr'><strong><em>inﬁrmitatem</em></strong></span> <span class='ocrx_word' id='word_1_417' title='bbox 2361 2393 2514 2433; x_wconf 91' lang='lat' dir='ltr'><strong><em>suam</em></strong></span> <span class='ocrx_word' id='word_1_418' title='bbox 2548 2390 2837 2446; x_wconf 89' lang='lat' dir='ltr'><strong><em>superatus</em></strong></span> <span class='ocrx_word' id='word_1_419' title='bbox 2866 2379 3157 2449; x_wconf 87' lang='lat' dir='ltr'><strong><em>intelligat,</em></strong></span> <span class='ocrx_word' id='word_1_420' title='bbox 3192 2388 3247 2435; x_wconf 90' lang='lat' dir='ltr'><strong><em>et</em></strong></span> <span class='ocrx_word' id='word_1_421' title='bbox 3276 2379 3349 2433; x_wconf 90' lang='lat' dir='ltr'><strong><em>ita</em></strong></span> <span class='ocrx_word' id='word_1_422' title='bbox 3378 2380 3554 2434; x_wconf 87' lang='lat' dir='ltr'><strong><em>discat</em></strong></span> 
     </span>
    </p>
   </div>
   <div class='ocr_carea' id='block_1_54' title="bbox 1962 2470 3553 2541">
    <p class='ocr_par' dir='ltr' id='par_1_54' title="bbox 1962 2470 3553 2541">
     <span class='ocr_line' id='line_1_54' title="bbox 1962 2470 3553 2541; baseline 0.001 -16"><span class='ocrx_word' id='word_1_423' title='bbox 1962 2485 2074 2526; x_wconf 88' lang='lat' dir='ltr'><strong><em>non</em></strong></span> <span class='ocrx_word' id='word_1_424' title='bbox 2104 2471 2171 2526; x_wconf 94' lang='lat' dir='ltr'><strong><em>de</em></strong></span> <span class='ocrx_word' id='word_1_425' title='bbox 2201 2487 2297 2525; x_wconf 89' lang='lat' dir='ltr'><strong><em>sua</em></strong></span> <span class='ocrx_word' id='word_1_426' title='bbox 2344 2471 2685 2538; x_wconf 89' lang='lat' dir='ltr'><strong><em>fortitudine,</em></strong></span> <span class='ocrx_word' id='word_1_427' title='bbox 2722 2472 2817 2526; x_wconf 88' lang='lat' dir='ltr'><strong><em>sed</em></strong></span> <span class='ocrx_word' id='word_1_428' title='bbox 2846 2470 2914 2526; x_wconf 92' lang='lat' dir='ltr'><strong><em>de</em></strong></span> <span class='ocrx_word' id='word_1_429' title='bbox 2964 2471 3147 2525; x_wconf 91' lang='lat' dir='ltr'><strong><em>divino</em></strong></span> <span class='ocrx_word' id='word_1_430' title='bbox 3179 2487 3398 2540; x_wconf 90' lang='lat' dir='ltr'><strong><em>semper</em></strong></span> <span class='ocrx_word' id='word_1_431' title='bbox 3424 2486 3553 2541; x_wconf 89' lang='lat' dir='ltr'><strong><em>spe-</em></strong></span> 
     </span>
    </p>
   </div>
   <div class='ocr_carea' id='block_1_55' title="bbox 1962 2564 3554 2636">
    <p class='ocr_par' dir='ltr' id='par_1_55' title="bbox 1962 2564 3554 2636">
     <span class='ocr_line' id='line_1_55' title="bbox 1962 2564 3554 2636; baseline 0.001 -17"><span class='ocrx_word' id='word_1_432' title='bbox 1962 2580 2085 2620; x_wconf 89' lang='lat' dir='ltr'><strong><em>rare</em></strong></span> <span class='ocrx_word' id='word_1_433' title='bbox 2132 2564 2429 2635; x_wconf 79' lang='lat' dir='ltr'><strong><em>suﬂ&#39;ragio,</em></strong></span> <span class='ocrx_word' id='word_1_434' title='bbox 2467 2575 2629 2636; x_wconf 89' lang='lat' dir='ltr'><strong><em>atque</em></strong></span> <span class='ocrx_word' id='word_1_435' title='bbox 2686 2566 2753 2619; x_wconf 92' lang='lat' dir='ltr'><strong><em>ad</em></strong></span> <span class='ocrx_word' id='word_1_436' title='bbox 2804 2580 2963 2619; x_wconf 90' lang='lat' dir='ltr'><strong><em>suum</em></strong></span> <span class='ocrx_word' id='word_1_437' title='bbox 3006 2564 3208 2635; x_wconf 72' lang='lat' dir='ltr'><strong><em>iugiter</em></strong></span> <span class='ocrx_word' id='word_1_438' title='bbox 3264 2580 3554 2621; x_wconf 83' lang='lat' dir='ltr'><strong><em>recurrere</em></strong></span> 
     </span>
    </p>
   </div>
   <div class='ocr_carea' id='block_1_56' title="bbox 1962 2657 3551 2728">
    <p class='ocr_par' dir='ltr' id='par_1_56' title="bbox 1962 2657 3551 2728">
     <span class='ocr_line' id='line_1_56' title="bbox 1962 2657 3551 2728; baseline 0.001 -17"><span class='ocrx_word' id='word_1_439' title='bbox 1962 2666 2349 2728; x_wconf 90' lang='lat' dir='ltr'><strong><em>protectorem.</em></strong></span> <span class='ocrx_word' id='word_1_440' title='bbox 2382 2657 2451 2712; x_wconf 82' lang='lat' dir='ltr'><strong><em>Et</em></strong></span> <span class='ocrx_word' id='word_1_441' title='bbox 2480 2667 2539 2712; x_wconf 91' lang='lat' dir='ltr'><strong><em>ut</em></strong></span> <span class='ocrx_word' id='word_1_442' title='bbox 2562 2657 2665 2713; x_wconf 87' lang='lat' dir='ltr'><strong><em>hoc</em></strong></span> <span class='ocrx_word' id='word_1_443' title='bbox 2707 2674 2815 2715; x_wconf 90' lang='lat' dir='ltr'><strong><em>non</em></strong></span> <span class='ocrx_word' id='word_1_444' title='bbox 2860 2666 3045 2713; x_wconf 86' lang='lat' dir='ltr'><strong><em>nostra</em></strong></span> <span class='ocrx_word' id='word_1_445' title='bbox 3075 2658 3409 2727; x_wconf 86' lang='lat' dir='ltr'><strong><em>conjectura,</em></strong></span> <span class='ocrx_word' id='word_1_446' title='bbox 3454 2659 3551 2713; x_wconf 89' lang='lat' dir='ltr'><strong><em>sed</em></strong></span> 
     </span>
    </p>
   </div>
   <div class='ocr_carea' id='block_1_57' title="bbox 1960 2751 3547 2822">
    <p class='ocr_par' dir='ltr' id='par_1_57' title="bbox 1960 2751 3547 2822">
     <span class='ocr_line' id='line_1_57' title="bbox 1960 2751 3547 2822; baseline -0.002 -15"><span class='ocrx_word' id='word_1_447' title='bbox 1960 2752 2381 2807; x_wconf 90' lang='lat' dir='ltr'><strong><em>evidentioribus</em></strong></span> <span class='ocrx_word' id='word_1_448' title='bbox 2424 2751 2602 2807; x_wconf 86' lang='lat' dir='ltr'><strong><em>adhuc</em></strong></span> <span class='ocrx_word' id='word_1_449' title='bbox 2644 2752 2939 2822; x_wconf 64' lang='lat' dir='ltr'><strong><em>Scriptura:</em></strong></span> <span class='ocrx_word' id='word_1_450' title='bbox 2985 2752 3307 2806; x_wconf 88' lang='lat' dir='ltr'><strong><em>testimoniis</em></strong></span> <span class='ocrx_word' id='word_1_451' title='bbox 3346 2765 3547 2821; x_wconf 87' lang='lat' dir='ltr'><strong><em>appro-</em></strong></span> 
     </span>
    </p>
   </div>
   <div class='ocr_carea' id='block_1_58' title="bbox 1962 2844 3547 2915">
    <p class='ocr_par' dir='ltr' id='par_1_58' title="bbox 1962 2844 3547 2915">
     <span class='ocr_line' id='line_1_58' title="bbox 1962 2844 3547 2915; baseline -0.002 -15"><span class='ocrx_word' id='word_1_452' title='bbox 1962 2844 2139 2911; x_wconf 89' lang='lat' dir='ltr'><strong><em>betur,</em></strong></span> <span class='ocrx_word' id='word_1_453' title='bbox 2166 2846 2295 2900; x_wconf 91' lang='lat' dir='ltr'><strong><em>illud</em></strong></span> <span class='ocrx_word' id='word_1_454' title='bbox 2318 2844 2341 2883; x_wconf 75' lang='grc' dir='ltr'>ἀ</span> <span class='ocrx_word' id='word_1_455' title='bbox 2368 2846 2512 2915; x_wconf 90' lang='lat' dir='ltr'><strong><em>quod</em></strong></span> <span class='ocrx_word' id='word_1_456' title='bbox 2538 2847 2591 2901; x_wconf 90' lang='lat' dir='ltr'><strong><em>in</em></strong></span> <span class='ocrx_word' id='word_1_457' title='bbox 2619 2845 2746 2901; x_wconf 68' lang='lat' dir='ltr'><strong><em>Iesu</em></strong></span> <span class='ocrx_word' id='word_1_458' title='bbox 2769 2845 2916 2900; x_wconf 86' lang='lat' dir='ltr'><strong><em>Nave</em></strong></span> <span class='ocrx_word' id='word_1_459' title='bbox 2938 2844 3133 2915; x_wconf 88' lang='lat' dir='ltr'><strong><em>legitur</em></strong></span> <span class='ocrx_word' id='word_1_460' title='bbox 3156 2853 3511 2899; x_wconf 89' lang='lat' dir='ltr'><strong><em>retractemus</em></strong></span> <span class='ocrx_word' id='word_1_461' title='bbox 3535 2862 3547 2897; x_wconf 90' lang='lat'><strong>:</strong></span> 
     </span>
    </p>
   </div>
   <div class='ocr_carea' id='block_1_59' title="bbox 1962 2937 3557 3011">
    <p class='ocr_par' dir='ltr' id='par_1_59' title="bbox 1962 2937 3557 3011">
     <span class='ocr_line' id='line_1_59' title="bbox 1962 2937 3557 3011; baseline -0.003 -16"><span class='ocrx_word' id='word_1_462' title='bbox 1962 2940 2101 3005; x_wconf 82' lang='lat' dir='ltr'><strong><em>Has,</em></strong></span> <span class='ocrx_word' id='word_1_463' title='bbox 2134 2941 2328 3011; x_wconf 88' lang='lat' dir='ltr'><strong><em>inquit,</em></strong></span> <span class='ocrx_word' id='word_1_464' title='bbox 2358 2949 2533 3011; x_wconf 83' lang='lat' dir='ltr'><strong><em>gentes</em></strong></span> <span class='ocrx_word' id='word_1_465' title='bbox 2588 2940 2787 2993; x_wconf 86' lang='lat' dir='ltr'><strong><em>dimisit</em></strong></span> <span class='ocrx_word' id='word_1_466' title='bbox 2834 2939 3111 3004; x_wconf 87' lang='lat' dir='ltr'><strong><em>Dominus,</em></strong></span> <span class='ocrx_word' id='word_1_467' title='bbox 3154 2954 3214 2992; x_wconf 92' lang='lat' dir='ltr'><strong><em>ac</em></strong></span> <span class='ocrx_word' id='word_1_468' title='bbox 3261 2937 3557 3009; x_wconf 85' lang='lat' dir='ltr'><strong><em>disperdere</em></strong></span> 
     </span>
    </p>
   </div>
   <div class='ocr_carea' id='block_1_60' title="bbox 1962 3028 3558 3101">
    <p class='ocr_par' dir='ltr' id='par_1_60' title="bbox 1962 3028 3558 3101">
     <span class='ocr_line' id='line_1_60' title="bbox 1962 3028 3558 3101; baseline -0.004 -14"><span class='ocrx_word' id='word_1_469' title='bbox 1962 3032 2159 3097; x_wconf 87' lang='lat' dir='ltr'><strong><em>noluit,</em></strong></span> <span class='ocrx_word' id='word_1_470' title='bbox 2186 3042 2241 3086; x_wconf 92' lang='lat' dir='ltr'><strong><em>ut</em></strong></span> <span class='ocrx_word' id='word_1_471' title='bbox 2273 3033 2326 3085; x_wconf 91' lang='lat' dir='ltr'><strong><em>in</em></strong></span> <span class='ocrx_word' id='word_1_472' title='bbox 2356 3032 2425 3086; x_wconf 86' lang='lat' dir='ltr'><strong><em>eis</em></strong></span> <span class='ocrx_word' id='word_1_473' title='bbox 2457 3032 2781 3101; x_wconf 73' lang='lat' dir='ltr'><strong><em>experiretur</em></strong></span> <span class='ocrx_word' id='word_1_474' title='bbox 2804 3028 3081 3095; x_wconf 84' lang='lat' dir='ltr'><strong><em>Israelem,</em></strong></span> <span class='ocrx_word' id='word_1_475' title='bbox 3112 3037 3287 3082; x_wconf 88' lang='lat' dir='ltr'><strong><em>utrum</em></strong></span> <span class='ocrx_word' id='word_1_476' title='bbox 3326 3028 3558 3081; x_wconf 90' lang='lat' dir='ltr'><strong><em>custodi-</em></strong></span> 
     </span>
    </p>
   </div>
   <div class='ocr_carea' id='block_1_61' title="bbox 1962 3120 3558 3188">
    <p class='ocr_par' dir='ltr' id='par_1_61' title="bbox 1962 3120 3558 3188">
     <span class='ocr_line' id='line_1_61' title="bbox 1962 3120 3558 3188; baseline -0.004 -10"><span class='ocrx_word' id='word_1_477' title='bbox 1962 3134 2038 3178; x_wconf 86' lang='lat' dir='ltr'><strong><em>ret</em></strong></span> <span class='ocrx_word' id='word_1_478' title='bbox 2068 3124 2316 3178; x_wconf 89' lang='lat' dir='ltr'><strong><em>mandata</em></strong></span> <span class='ocrx_word' id='word_1_479' title='bbox 2343 3123 2557 3177; x_wconf 90' lang='lat' dir='ltr'><strong><em>Domini</em></strong></span> <span class='ocrx_word' id='word_1_480' title='bbox 2582 3121 2681 3177; x_wconf 89' lang='lat' dir='ltr'><strong><em>Dei</em></strong></span> <span class='ocrx_word' id='word_1_481' title='bbox 2706 3122 2820 3188; x_wconf 90' lang='lat' dir='ltr'><strong><em>sui,</em></strong></span> <span class='ocrx_word' id='word_1_482' title='bbox 2866 3132 2910 3175; x_wconf 93' lang='lat' dir='ltr'><strong><em>et</em></strong></span> <span class='ocrx_word' id='word_1_483' title='bbox 2942 3121 3185 3175; x_wconf 88' lang='lat' dir='ltr'><strong><em>haberent</em></strong></span> <span class='ocrx_word' id='word_1_484' title='bbox 3228 3120 3558 3175; x_wconf 88' lang='lat' dir='ltr'><strong><em>consuetudi-</em></strong></span> 
     </span>
    </p>
   </div>
   <div class='ocr_carea' id='block_1_62' title="bbox 278 3202 3557 3287">
    <p class='ocr_par' dir='ltr' id='par_1_62' title="bbox 278 3202 3557 3287">
     <span class='ocr_line' id='line_1_62' title="bbox 278 3202 3557 3287; baseline -0 -20"><span class='ocrx_word' id='word_1_485' title='bbox 278 3212 410 3267; x_wconf 89' lang='lat' dir='ltr'><strong><em>Cum</em></strong></span> <span class='ocrx_word' id='word_1_486' title='bbox 453 3214 596 3267; x_wconf 90' lang='lat' dir='ltr'><strong><em>enim</em></strong></span> <span class='ocrx_word' id='word_1_487' title='bbox 626 3212 795 3267; x_wconf 87' lang='lat' dir='ltr'><strong><em>dicit:</em></strong></span> <span class='ocrx_word' id='word_1_488' title='bbox 841 3214 927 3283; x_wconf 89' lang='lat' dir='ltr'><strong><em>qui</em></strong></span> <span class='ocrx_word' id='word_1_489' title='bbox 953 3222 1054 3267; x_wconf 88' lang='lat' dir='ltr'><strong><em>stat</em></strong></span> <span class='ocrx_word' id='word_1_490' title='bbox 1084 3214 1253 3269; x_wconf 83' lang='lat' dir='ltr'><strong><em>videat</em></strong></span> <span class='ocrx_word' id='word_1_491' title='bbox 1281 3232 1345 3269; x_wconf 91' lang='lat' dir='ltr'><strong><em>ue</em></strong></span> <span class='ocrx_word' id='word_1_492' title='bbox 1373 3217 1545 3284; x_wconf 86' lang='lat' dir='ltr'><strong><em>cadat,</em></strong></span> <span class='ocrx_word' id='word_1_493' title='bbox 1571 3218 1859 3273; x_wconf 85' lang='lat' dir='ltr'><strong><em>sollicitam</em></strong></span> <span class='ocrx_word' id='word_1_494' title='bbox 1888 3202 1935 3266; x_wconf 84' lang='lat' dir='ltr'><strong><em>C</em></strong></span> <span class='ocrx_word' id='word_1_495' title='bbox 1970 3236 2087 3273; x_wconf 88' lang='lat' dir='ltr'><strong><em>nem</em></strong></span> <span class='ocrx_word' id='word_1_496' title='bbox 2116 3235 2231 3271; x_wconf 92' lang='lat' dir='ltr'><strong><em>cum</em></strong></span> <span class='ocrx_word' id='word_1_497' title='bbox 2260 3217 2490 3271; x_wconf 81' lang='lat' dir='ltr'><strong><em>hostibus</em></strong></span> <span class='ocrx_word' id='word_1_498' title='bbox 2516 3216 2791 3285; x_wconf 81' lang='lat' dir='ltr'><strong><em>prteliandi</em></strong></span> <span class='ocrx_word' id='word_1_499' title='bbox 2819 3213 3019 3287; x_wconf 84' lang='lat' dir='ltr'><strong><em>(Judic.</em></strong></span> <span class='ocrx_word' id='word_1_500' title='bbox 3052 3213 3232 3282; x_wconf 87' lang='lat' dir='ltr'><strong><em>ttt).Et</em></strong></span> <span class='ocrx_word' id='word_1_501' title='bbox 3265 3224 3319 3267; x_wconf 92' lang='lat' dir='ltr'><strong><em>ut</em></strong></span> <span class='ocrx_word' id='word_1_502' title='bbox 3352 3215 3557 3267; x_wconf 91' lang='lat' dir='ltr'><strong><em>incom-</em></strong></span> 
     </span>
    </p>
   </div>
   <div class='ocr_carea' id='block_1_63' title="bbox 279 3304 1863 3380">
    <p class='ocr_par' dir='ltr' id='par_1_63' title="bbox 279 3304 1863 3380">
     <span class='ocr_line' id='line_1_63' title="bbox 279 3304 1863 3380; baseline 0.003 -21"><span class='ocrx_word' id='word_1_503' title='bbox 279 3304 453 3359; x_wconf 84' lang='lat' dir='ltr'><strong><em>rcddit</em></strong></span> <span class='ocrx_word' id='word_1_504' title='bbox 476 3305 682 3359; x_wconf 90' lang='lat' dir='ltr'><strong><em>arbitrii</em></strong></span> <span class='ocrx_word' id='word_1_505' title='bbox 714 3304 1045 3373; x_wconf 88' lang='lat' dir='ltr'><strong><em>libertatem,</em></strong></span> <span class='ocrx_word' id='word_1_506' title='bbox 1072 3322 1233 3377; x_wconf 89' lang='lat' dir='ltr'><strong><em>quam</em></strong></span> <span class='ocrx_word' id='word_1_507' title='bbox 1258 3309 1445 3378; x_wconf 90' lang='lat' dir='ltr'><strong><em>utique</em></strong></span> <span class='ocrx_word' id='word_1_508' title='bbox 1470 3320 1713 3375; x_wconf 88' lang='lat' dir='ltr'><strong><em>noverat,</em></strong></span> <span class='ocrx_word' id='word_1_509' title='bbox 1742 3325 1863 3380; x_wconf 90' lang='lat' dir='ltr'><strong><em>per-</em></strong></span> 
     </span>
    </p>
   </div>
   <div class='ocr_carea' id='block_1_64' title="bbox 282 3396 1863 3467">
    <p class='ocr_par' dir='ltr' id='par_1_64' title="bbox 282 3396 1863 3467">
     <span class='ocr_line' id='line_1_64' title="bbox 282 3396 1863 3467; baseline 0.004 -17"><span class='ocrx_word' id='word_1_510' title='bbox 282 3406 434 3466; x_wconf 86' lang='lat' dir='ltr'><strong><em>cepta</em></strong></span> <span class='ocrx_word' id='word_1_511' title='bbox 466 3396 664 3466; x_wconf 89' lang='lat' dir='ltr'><strong><em>gratia,</em></strong></span> <span class='ocrx_word' id='word_1_512' title='bbox 712 3398 796 3453; x_wconf 89' lang='lat' dir='ltr'><strong><em>vel</em></strong></span> <span class='ocrx_word' id='word_1_513' title='bbox 829 3406 977 3453; x_wconf 87' lang='lat' dir='ltr'><strong><em>stare</em></strong></span> <span class='ocrx_word' id='word_1_514' title='bbox 1023 3414 1119 3467; x_wconf 90' lang='lat' dir='ltr'><strong><em>per</em></strong></span> <span class='ocrx_word' id='word_1_515' title='bbox 1155 3399 1506 3466; x_wconf 87' lang='lat' dir='ltr'><strong><em>industriam,</em></strong></span> <span class='ocrx_word' id='word_1_516' title='bbox 1538 3401 1625 3457; x_wconf 89' lang='lat' dir='ltr'><strong><em>vel</em></strong></span> <span class='ocrx_word' id='word_1_517' title='bbox 1670 3403 1863 3457; x_wconf 84' lang='lat' dir='ltr'><strong><em>cadere</em></strong></span> 
     </span>
    </p>
   </div>
   <div class='ocr_carea' id='block_1_65' title="bbox 283 3490 1863 3562">
    <p class='ocr_par' dir='ltr' id='par_1_65' title="bbox 283 3490 1863 3562">
     <span class='ocr_line' id='line_1_65' title="bbox 283 3490 1863 3562; baseline 0.002 -16"><span class='ocrx_word' id='word_1_518' title='bbox 283 3504 377 3560; x_wconf 85' lang='lat' dir='ltr'><strong><em>per</em></strong></span> <span class='ocrx_word' id='word_1_519' title='bbox 408 3492 785 3562; x_wconf 87' lang='lat' dir='ltr'><strong><em>negligentiam</em></strong></span> <span class='ocrx_word' id='word_1_520' title='bbox 828 3506 1011 3561; x_wconf 90' lang='lat' dir='ltr'><strong><em>posse.</em></strong></span> <span class='ocrx_word' id='word_1_521' title='bbox 1052 3490 1186 3547; x_wconf 89' lang='lat' dir='ltr'><strong><em>Cum</em></strong></span> <span class='ocrx_word' id='word_1_522' title='bbox 1219 3502 1398 3549; x_wconf 87' lang='lat' dir='ltr'><strong><em>autem</em></strong></span> <span class='ocrx_word' id='word_1_523' title='bbox 1430 3495 1613 3561; x_wconf 89' lang='lat' dir='ltr'><strong><em>infert,</em></strong></span> <span class='ocrx_word' id='word_1_524' title='bbox 1648 3497 1863 3549; x_wconf 90' lang='lat' dir='ltr'><strong><em>tentatio</em></strong></span> 
     </span>
    </p>
   </div>
   <div class='ocr_carea' id='block_1_66' title="bbox 1969 3304 3558 3380">
    <p class='ocr_par' dir='ltr' id='par_1_66' title="bbox 1969 3304 3558 3380">
     <span class='ocr_line' id='line_1_66' title="bbox 1969 3304 3558 3380; baseline -0.003 -17"><span class='ocrx_word' id='word_1_525' title='bbox 1969 3309 2199 3380; x_wconf 89' lang='lat' dir='ltr'><strong><em>parabili</em></strong></span> <span class='ocrx_word' id='word_1_526' title='bbox 2230 3308 2507 3364; x_wconf 86' lang='lat' dir='ltr'><strong><em>Creatoris</em></strong></span> <span class='ocrx_word' id='word_1_527' title='bbox 2536 3308 2703 3362; x_wconf 86' lang='lat' dir='ltr'><strong><em>nostri</em></strong></span> <span class='ocrx_word' id='word_1_528' title='bbox 2734 3306 3041 3363; x_wconf 69' lang='lat' dir='ltr'><strong><em>clementiae</em></strong></span> <span class='ocrx_word' id='word_1_529' title='bbox 3062 3306 3290 3359; x_wconf 87' lang='lat' dir='ltr'><strong><em>mortale</em></strong></span> <span class='ocrx_word' id='word_1_530' title='bbox 3331 3304 3558 3375; x_wconf 91' lang='lat' dir='ltr'><strong><em>aliquid,</em></strong></span> 
     </span>
    </p>
   </div>
   <div class='ocr_carea' id='block_1_67' title="bbox 1968 3396 3559 3470">
    <p class='ocr_par' dir='ltr' id='par_1_67' title="bbox 1968 3396 3559 3470">
     <span class='ocr_line' id='line_1_67' title="bbox 1968 3396 3559 3470; baseline -0.004 -14"><span class='ocrx_word' id='word_1_531' title='bbox 1968 3417 2074 3456; x_wconf 92' lang='lat' dir='ltr'><strong><em>non</em></strong></span> <span class='ocrx_word' id='word_1_532' title='bbox 2099 3416 2196 3469; x_wconf 90' lang='lat' dir='ltr'><strong><em>pro</em></strong></span> <span class='ocrx_word' id='word_1_533' title='bbox 2224 3400 2535 3470; x_wconf 71' lang='lat' dir='ltr'><strong><em>aequalitate</em></strong></span> <span class='ocrx_word' id='word_1_534' title='bbox 2567 3398 2809 3469; x_wconf 88' lang='lat' dir='ltr'><strong><em>pietatis,</em></strong></span> <span class='ocrx_word' id='word_1_535' title='bbox 2842 3397 2939 3453; x_wconf 90' lang='lat' dir='ltr'><strong><em>sed</em></strong></span> <span class='ocrx_word' id='word_1_536' title='bbox 2970 3413 3036 3452; x_wconf 84' lang='lat' dir='ltr'><strong>ex</strong></span> <span class='ocrx_word' id='word_1_537' title='bbox 3063 3398 3240 3466; x_wconf 90' lang='lat' dir='ltr'><strong><em>aliqua</em></strong></span> <span class='ocrx_word' id='word_1_538' title='bbox 3273 3396 3559 3466; x_wconf 89' lang='lat' dir='ltr'><strong><em>indulgen-</em></strong></span> 
     </span>
    </p>
   </div>
   <div class='ocr_carea' id='block_1_68' title="bbox 1970 3488 3559 3562">
    <p class='ocr_par' dir='ltr' id='par_1_68' title="bbox 1970 3488 3559 3562">
     <span class='ocr_line' id='line_1_68' title="bbox 1970 3488 3559 3562; baseline -0.003 -13"><span class='ocrx_word' id='word_1_539' title='bbox 1970 3495 2059 3549; x_wconf 72' lang='lat' dir='ltr'><strong><em>tia:</em></strong></span> <span class='ocrx_word' id='word_1_540' title='bbox 2094 3492 2448 3549; x_wconf 91' lang='lat' dir='ltr'><strong><em>similitudine</em></strong></span> <span class='ocrx_word' id='word_1_541' title='bbox 2474 3505 2856 3562; x_wconf 88' lang='lat' dir='ltr'><strong><em>comparemus</em></strong></span> <span class='ocrx_word' id='word_1_542' title='bbox 2881 3507 2894 3544; x_wconf 90' lang='lat'><strong>:</strong></span> <span class='ocrx_word' id='word_1_543' title='bbox 2923 3499 2946 3527; x_wconf 80' lang='grc' dir='ltr'><strong><em>ο</em></strong></span> <span class='ocrx_word' id='word_1_544' title='bbox 2974 3491 3019 3544; x_wconf 91' lang='lat' dir='ltr'><strong><em>si</em></strong></span> <span class='ocrx_word' id='word_1_545' title='bbox 3049 3489 3233 3544; x_wconf 80' lang='lat' dir='ltr'><strong><em>nutrix</em></strong></span> <span class='ocrx_word' id='word_1_546' title='bbox 3276 3488 3361 3558; x_wconf 91' lang='lat' dir='ltr'><strong><em>pia</em></strong></span> <span class='ocrx_word' id='word_1_547' title='bbox 3393 3498 3559 3557; x_wconf 89' lang='lat' dir='ltr'><strong><em>atque</em></strong></span> 
     </span>
    </p>
   </div>
   <div class='ocr_carea' id='block_1_69' title="bbox 1336 3606 2462 3665">
    <p class='ocr_par' dir='ltr' id='par_1_69' title="bbox 1336 3606 2462 3665">
     <span class='ocr_line' id='line_1_69' title="bbox 1336 3606 2462 3665; baseline -0.001 -2"><span class='ocrx_word' id='word_1_548' title='bbox 1336 3609 1591 3664; x_wconf 80' lang='lat' dir='ltr'><strong><em>ALARDI</em></strong></span> <span class='ocrx_word' id='word_1_549' title='bbox 1629 3608 1863 3665; x_wconf 69' lang='lat' dir='ltr'><strong><em>GAZEI</em></strong></span> <span class='ocrx_word' id='word_1_550' title='bbox 1898 3606 2462 3665; x_wconf 80' lang='lat' dir='ltr'><strong><em>COMMENTARIUS.</em></strong></span> 
     </span>
    </p>
   </div>
   <div class='ocr_carea' id='block_1_70' title="bbox 355 3704 1864 3778">
    <p class='ocr_par' dir='ltr' id='par_1_70' title="bbox 355 3704 1864 3778">
     <span class='ocr_line' id='line_1_70' title="bbox 355 3704 1864 3778; baseline -0.004 -15"><span class='ocrx_word' id='word_1_551' title='bbox 355 3718 379 3745; x_wconf 83' lang='grc'><strong><em>³</em></strong></span> <span class='ocrx_word' id='word_1_552' title='bbox 408 3708 621 3778; x_wconf 88' lang='lat' dir='ltr'><strong><em>Optima</em></strong></span> <span class='ocrx_word' id='word_1_553' title='bbox 670 3705 958 3776; x_wconf 88' lang='lat' dir='ltr'><strong><em>responsio</em></strong></span> <span class='ocrx_word' id='word_1_554' title='bbox 1004 3704 1247 3761; x_wconf 90' lang='lat' dir='ltr'><strong><em>redditur</em></strong></span> <span class='ocrx_word' id='word_1_555' title='bbox 1274 3704 1433 3767; x_wconf 90' lang='lat' dir='ltr'><strong><em>infra,</em></strong></span> <span class='ocrx_word' id='word_1_556' title='bbox 1473 3720 1573 3775; x_wconf 88' lang='lat' dir='ltr'><strong><em>qua</em></strong></span> <span class='ocrx_word' id='word_1_557' title='bbox 1600 3706 1864 3778; x_wconf 86' lang='lat' dir='ltr'><strong><em>_seipsum</em></strong></span> 
     </span>
    </p>
   </div>
   <div class='ocr_carea' id='block_1_71' title="bbox 287 3776 1868 3848">
    <p class='ocr_par' dir='ltr' id='par_1_71' title="bbox 287 3776 1868 3848">
     <span class='ocr_line' id='line_1_71' title="bbox 287 3776 1868 3848; baseline -0.004 -13"><span class='ocrx_word' id='word_1_558' title='bbox 287 3776 523 3835; x_wconf 83' lang='lat' dir='ltr'><strong><em>Collator</em></strong></span> <span class='ocrx_word' id='word_1_559' title='bbox 567 3778 812 3833; x_wconf 89' lang='lat' dir='ltr'><strong><em>confutat</em></strong></span> <span class='ocrx_word' id='word_1_560' title='bbox 854 3788 909 3831; x_wconf 90' lang='lat' dir='ltr'><strong><em>et</em></strong></span> <span class='ocrx_word' id='word_1_561' title='bbox 940 3791 1123 3831; x_wconf 89' lang='lat' dir='ltr'><strong><em>secum</em></strong></span> <span class='ocrx_word' id='word_1_562' title='bbox 1165 3786 1365 3846; x_wconf 88' lang='lat' dir='ltr'><strong><em>pugnat</em></strong></span> <span class='ocrx_word' id='word_1_563' title='bbox 1399 3788 1489 3829; x_wconf 90' lang='lat' dir='ltr'><strong><em>:ut</em></strong></span> <span class='ocrx_word' id='word_1_564' title='bbox 1532 3776 1609 3830; x_wconf 78' lang='lat' dir='ltr'><strong><em>vel</em></strong></span> <span class='ocrx_word' id='word_1_565' title='bbox 1644 3778 1868 3848; x_wconf 80' lang='lat' dir='ltr'><strong><em>gratiam</em></strong></span> 
     </span>
    </p>
   </div>
   <div class='ocr_carea' id='block_1_72' title="bbox 289 3846 1863 3919">
    <p class='ocr_par' dir='ltr' id='par_1_72' title="bbox 289 3846 1863 3919">
     <span class='ocr_line' id='line_1_72' title="bbox 289 3846 1863 3919; baseline -0.003 -15"><span class='ocrx_word' id='word_1_566' title='bbox 289 3852 383 3905; x_wconf 88' lang='lat' dir='ltr'><strong><em>Dei</em></strong></span> <span class='ocrx_word' id='word_1_567' title='bbox 408 3853 590 3914; x_wconf 75' lang='lat' dir='ltr'><strong><em>uictor,</em></strong></span> <span class='ocrx_word' id='word_1_568' title='bbox 622 3850 697 3902; x_wconf 87' lang='lat' dir='ltr'><strong><em>vel</em></strong></span> <span class='ocrx_word' id='word_1_569' title='bbox 723 3849 1077 3915; x_wconf 82' lang='lat' dir='ltr'><strong><em>inﬁrmitatem</em></strong></span> <span class='ocrx_word' id='word_1_570' title='bbox 1101 3864 1245 3900; x_wconf 90' lang='lat' dir='ltr'><strong><em>suam</em></strong></span> <span class='ocrx_word' id='word_1_571' title='bbox 1277 3857 1547 3919; x_wconf 88' lang='lat' dir='ltr'><strong><em>superatus</em></strong></span> <span class='ocrx_word' id='word_1_572' title='bbox 1570 3846 1863 3919; x_wconf 74' lang='lat' dir='ltr'><strong><em>intelligat,</em></strong></span> 
     </span>
    </p>
   </div>
   <div class='ocr_carea' id='block_1_73' title="bbox 289 3918 1868 3989">
    <p class='ocr_par' dir='ltr' id='par_1_73' title="bbox 289 3918 1868 3989">
     <span class='ocr_line' id='line_1_73' title="bbox 289 3918 1868 3989; baseline -0.004 -12"><span class='ocrx_word' id='word_1_573' title='bbox 289 3935 331 3977; x_wconf 86' lang='lat' dir='ltr'><strong><em>et</em></strong></span> <span class='ocrx_word' id='word_1_574' title='bbox 357 3924 430 3974; x_wconf 86' lang='lat' dir='ltr'><strong><em>ita</em></strong></span> <span class='ocrx_word' id='word_1_575' title='bbox 458 3922 625 3973; x_wconf 87' lang='lat' dir='ltr'><strong><em>discat</em></strong></span> <span class='ocrx_word' id='word_1_576' title='bbox 648 3936 751 3973; x_wconf 91' lang='lat' dir='ltr'><strong><em>non</em></strong></span> <span class='ocrx_word' id='word_1_577' title='bbox 771 3920 835 3971; x_wconf 92' lang='lat' dir='ltr'><strong><em>de</em></strong></span> <span class='ocrx_word' id='word_1_578' title='bbox 858 3935 953 3972; x_wconf 88' lang='lat' dir='ltr'><strong><em>sua</em></strong></span> <span class='ocrx_word' id='word_1_579' title='bbox 976 3919 1301 3989; x_wconf 79' lang='lat' dir='ltr'><strong><em>fortitudine,</em></strong></span> <span class='ocrx_word' id='word_1_580' title='bbox 1333 3918 1422 3972; x_wconf 87' lang='lat' dir='ltr'><strong><em>sed</em></strong></span> <span class='ocrx_word' id='word_1_581' title='bbox 1451 3920 1515 3972; x_wconf 88' lang='lat' dir='ltr'><strong><em>de</em></strong></span> <span class='ocrx_word' id='word_1_582' title='bbox 1543 3918 1715 3971; x_wconf 77' lang='lat' dir='ltr'><strong><em>divino</em></strong></span> <span class='ocrx_word' id='word_1_583' title='bbox 1737 3934 1868 3972; x_wconf 82' lang='lat' dir='ltr'><strong><em>sem-</em></strong></span> 
     </span>
    </p>
   </div>
   <div class='ocr_carea' id='block_1_74' title="bbox 290 3989 1871 4061">
    <p class='ocr_par' dir='ltr' id='par_1_74' title="bbox 290 3989 1871 4061">
     <span class='ocr_line' id='line_1_74' title="bbox 290 3989 1871 4061; baseline -0.002 -15"><span class='ocrx_word' id='word_1_584' title='bbox 290 4010 378 4061; x_wconf 90' lang='lat' dir='ltr'><strong><em>per</em></strong></span> <span class='ocrx_word' id='word_1_585' title='bbox 405 4008 614 4060; x_wconf 87' lang='lat' dir='ltr'><strong><em>sperare</em></strong></span> <span class='ocrx_word' id='word_1_586' title='bbox 644 3989 919 4061; x_wconf 75' lang='lat' dir='ltr'><strong><em>stt/Tragio,</em></strong></span> <span class='ocrx_word' id='word_1_587' title='bbox 949 4000 1102 4059; x_wconf 91' lang='lat' dir='ltr'><strong><em>atque</em></strong></span> <span class='ocrx_word' id='word_1_588' title='bbox 1131 3989 1198 4042; x_wconf 86' lang='lat' dir='ltr'><strong><em>ad</em></strong></span> <span class='ocrx_word' id='word_1_589' title='bbox 1226 4006 1375 4061; x_wconf 84' lang='lat' dir='ltr'><strong><em>suum</em></strong></span> <span class='ocrx_word' id='word_1_590' title='bbox 1388 3990 1585 4060; x_wconf 86' lang='lat' dir='ltr'><strong><em>jugiter</em></strong></span> <span class='ocrx_word' id='word_1_591' title='bbox 1609 4005 1871 4061; x_wconf 70' lang='lat' dir='ltr'><strong><em>recurrere</em></strong></span> 
     </span>
    </p>
   </div>
   <div class='ocr_carea' id='block_1_75' title="bbox 290 4059 1863 4132">
    <p class='ocr_par' dir='ltr' id='par_1_75' title="bbox 290 4059 1863 4132">
     <span class='ocr_line' id='line_1_75' title="bbox 290 4059 1863 4132; baseline -0.002 -16"><span class='ocrx_word' id='word_1_592' title='bbox 290 4059 651 4132; x_wconf 82' lang='lat' dir='ltr'><strong><em>protectorem.</em></strong></span> <span class='ocrx_word' id='word_1_593' title='bbox 688 4062 778 4115; x_wconf 90' lang='lat' dir='ltr'><strong><em>Sic</em></strong></span> <span class='ocrx_word' id='word_1_594' title='bbox 816 4059 953 4128; x_wconf 87' lang='lat' dir='ltr'><strong><em>ipse.</em></strong></span> <span class='ocrx_word' id='word_1_595' title='bbox 999 4060 1068 4114; x_wconf 80' lang='lat' dir='ltr'><strong><em>At</em></strong></span> <span class='ocrx_word' id='word_1_596' title='bbox 1095 4060 1368 4132; x_wconf 88' lang='lat' dir='ltr'><strong><em>quomodo</em></strong></span> <span class='ocrx_word' id='word_1_597' title='bbox 1398 4059 1623 4132; x_wconf 77' lang='lat' dir='ltr'><strong><em>gratiam</em></strong></span> <span class='ocrx_word' id='word_1_598' title='bbox 1660 4059 1754 4115; x_wconf 92' lang='lat' dir='ltr'><strong><em>Dei</em></strong></span> <span class='ocrx_word' id='word_1_599' title='bbox 1780 4062 1863 4132; x_wconf 85' lang='lat' dir='ltr'><strong><em>vi-</em></strong></span> 
     </span>
    </p>
   </div>
   <div class='ocr_carea' id='block_1_76' title="bbox 291 4130 1868 4202">
    <p class='ocr_par' dir='ltr' id='par_1_76' title="bbox 291 4130 1868 4202">
     <span class='ocr_line' id='line_1_76' title="bbox 291 4130 1868 4202; baseline -0.003 -14"><span class='ocrx_word' id='word_1_600' title='bbox 291 4130 412 4188; x_wconf 80' lang='lat' dir='ltr'><strong><em>ctor</em></strong></span> <span class='ocrx_word' id='word_1_601' title='bbox 439 4132 701 4202; x_wconf 89' lang='lat' dir='ltr'><strong><em>intelligat</em></strong></span> <span class='ocrx_word' id='word_1_602' title='bbox 732 4139 788 4185; x_wconf 93' lang='lat' dir='ltr'><strong><em>et</em></strong></span> <span class='ocrx_word' id='word_1_603' title='bbox 814 4142 1091 4199; x_wconf 70' lang='lat' dir='ltr'><strong><em>agnoscm,</em></strong></span> <span class='ocrx_word' id='word_1_604' title='bbox 1118 4134 1160 4183; x_wconf 87' lang='lat' dir='ltr'><strong><em>si</em></strong></span> <span class='ocrx_word' id='word_1_605' title='bbox 1194 4131 1307 4202; x_wconf 84' lang='lat' dir='ltr'><strong><em>suis</em></strong></span> <span class='ocrx_word' id='word_1_606' title='bbox 1332 4131 1535 4185; x_wconf 90' lang='lat' dir='ltr'><strong><em>viribus</em></strong></span> <span class='ocrx_word' id='word_1_607' title='bbox 1558 4139 1608 4187; x_wconf 89' lang='lat' dir='ltr'><strong><em>et</em></strong></span> <span class='ocrx_word' id='word_1_608' title='bbox 1634 4130 1868 4202; x_wconf 87' lang='lat' dir='ltr'><strong><em>propriis</em></strong></span> 
     </span>
    </p>
   </div>
   <div class='ocr_carea' id='block_1_77' title="bbox 291 4201 1871 4271">
    <p class='ocr_par' dir='ltr' id='par_1_77' title="bbox 291 4201 1871 4271">
     <span class='ocr_line' id='line_1_77' title="bbox 291 4201 1871 4271; baseline -0.003 -12"><span class='ocrx_word' id='word_1_609' title='bbox 291 4204 596 4268; x_wconf 85' lang='lat' dir='ltr'><strong><em>conatibus,</em></strong></span> <span class='ocrx_word' id='word_1_610' title='bbox 625 4201 697 4257; x_wconf 88' lang='lat' dir='ltr'><strong><em>ut</em></strong></span> <span class='ocrx_word' id='word_1_611' title='bbox 726 4203 794 4256; x_wconf 88' lang='lat' dir='ltr'><strong><em>ibi</em></strong></span> <span class='ocrx_word' id='word_1_612' title='bbox 827 4202 1043 4267; x_wconf 89' lang='lat' dir='ltr'><strong><em>dicitur,</em></strong></span> <span class='ocrx_word' id='word_1_613' title='bbox 1078 4208 1133 4256; x_wconf 93' lang='lat' dir='ltr'><strong><em>et</em></strong></span> <span class='ocrx_word' id='word_1_614' title='bbox 1171 4201 1290 4255; x_wconf 86' lang='lat' dir='ltr'><strong><em>sine</em></strong></span> <span class='ocrx_word' id='word_1_615' title='bbox 1331 4204 1502 4271; x_wconf 85' lang='lat' dir='ltr'><strong><em>gratia</em></strong></span> <span class='ocrx_word' id='word_1_616' title='bbox 1542 4203 1714 4255; x_wconf 91' lang='lat' dir='ltr'><strong><em>victor</em></strong></span> <span class='ocrx_word' id='word_1_617' title='bbox 1744 4216 1871 4255; x_wconf 90' lang='lat' dir='ltr'><strong><em>eva-</em></strong></span> 
     </span>
    </p>
   </div>
   <div class='ocr_carea' id='block_1_78' title="bbox 292 4272 1870 4341">
    <p class='ocr_par' dir='ltr' id='par_1_78' title="bbox 292 4272 1870 4341">
     <span class='ocr_line' id='line_1_78' title="bbox 292 4272 1870 4341; baseline -0.003 -11"><span class='ocrx_word' id='word_1_618' title='bbox 292 4277 401 4341; x_wconf 84' lang='lat' dir='ltr'><strong><em>dat,</em></strong></span> <span class='ocrx_word' id='word_1_619' title='bbox 438 4284 493 4329; x_wconf 93' lang='lat' dir='ltr'><strong><em>et</em></strong></span> <span class='ocrx_word' id='word_1_620' title='bbox 516 4290 614 4328; x_wconf 89' lang='lat' dir='ltr'><strong><em>cur</em></strong></span> <span class='ocrx_word' id='word_1_621' title='bbox 640 4289 746 4327; x_wconf 91' lang='lat' dir='ltr'><strong><em>non</em></strong></span> <span class='ocrx_word' id='word_1_622' title='bbox 777 4272 847 4327; x_wconf 90' lang='lat' dir='ltr'><strong><em>de</em></strong></span> <span class='ocrx_word' id='word_1_623' title='bbox 877 4288 971 4326; x_wconf 89' lang='lat' dir='ltr'><strong><em>sua</em></strong></span> <span class='ocrx_word' id='word_1_624' title='bbox 1007 4273 1319 4327; x_wconf 88' lang='lat' dir='ltr'><strong><em>fortitudine</em></strong></span> <span class='ocrx_word' id='word_1_625' title='bbox 1349 4288 1569 4340; x_wconf 88' lang='lat' dir='ltr'><strong><em>sperare</em></strong></span> <span class='ocrx_word' id='word_1_626' title='bbox 1596 4274 1790 4341; x_wconf 88' lang='lat' dir='ltr'><strong><em>possit,</em></strong></span> <span class='ocrx_word' id='word_1_627' title='bbox 1824 4273 1870 4326; x_wconf 86' lang='lat' dir='ltr'><strong><em>si</em></strong></span> 
     </span>
    </p>
   </div>
   <div class='ocr_carea' id='block_1_79' title="bbox 292 4343 1873 4415">
    <p class='ocr_par' dir='ltr' id='par_1_79' title="bbox 292 4343 1873 4415">
     <span class='ocr_line' id='line_1_79' title="bbox 292 4343 1873 4415; baseline 0 -17"><span class='ocrx_word' id='word_1_628' title='bbox 292 4362 478 4415; x_wconf 82' lang='lat' dir='ltr'><strong><em>parem</em></strong></span> <span class='ocrx_word' id='word_1_629' title='bbox 513 4346 612 4398; x_wconf 87' lang='lat' dir='ltr'><strong><em>sibi</em></strong></span> <span class='ocrx_word' id='word_1_630' title='bbox 645 4344 910 4415; x_wconf 85' lang='lat' dir='ltr'><strong><em>intelligat</em></strong></span> <span class='ocrx_word' id='word_1_631' title='bbox 946 4343 1232 4415; x_wconf 84' lang='lat' dir='ltr'><strong><em>resistendi</em></strong></span> <span class='ocrx_word' id='word_1_632' title='bbox 1276 4345 1453 4415; x_wconf 85' lang='lat' dir='ltr'><strong><em>inesse</em></strong></span> <span class='ocrx_word' id='word_1_633' title='bbox 1479 4344 1873 4415; x_wconf 18' lang='lat' dir='ltr'><strong><em>virtutem,,se-</em></strong></span> 
     </span>
    </p>
   </div>
   <div class='ocr_carea' id='block_1_80' title="bbox 296 4413 1874 4484">
    <p class='ocr_par' dir='ltr' id='par_1_80' title="bbox 296 4413 1874 4484">
     <span class='ocr_line' id='line_1_80' title="bbox 296 4413 1874 4484; baseline -0.001 -14"><span class='ocrx_word' id='word_1_634' title='bbox 296 4413 448 4471; x_wconf 68' lang='lat' dir='ltr'><strong><em>cluso</em></strong></span> <span class='ocrx_word' id='word_1_635' title='bbox 476 4417 570 4470; x_wconf 90' lang='lat' dir='ltr'><strong><em>Dei</em></strong></span> <span class='ocrx_word' id='word_1_636' title='bbox 613 4414 871 4484; x_wconf 81' lang='lat' dir='ltr'><strong><em>sull&#39;ragio</em></strong></span> <span class='ocrx_word' id='word_1_637' title='bbox 899 4423 954 4469; x_wconf 91' lang='lat' dir='ltr'><strong><em>et</em></strong></span> <span class='ocrx_word' id='word_1_638' title='bbox 977 4413 1261 4469; x_wconf 79' lang='lat' dir='ltr'><strong><em>subsidio?</em></strong></span> <span class='ocrx_word' id='word_1_639' title='bbox 1299 4414 1431 4469; x_wconf 84' lang='lat' dir='ltr'><strong><em>Vide</em></strong></span> <span class='ocrx_word' id='word_1_640' title='bbox 1458 4414 1727 4484; x_wconf 89' lang='lat' dir='ltr'><strong><em>quomodo</em></strong></span> <span class='ocrx_word' id='word_1_641' title='bbox 1758 4414 1874 4469; x_wconf 69' lang='lat' dir='ltr'><strong><em>haec</em></strong></span> 
     </span>
    </p>
   </div>
   <div class='ocr_carea' id='block_1_81' title="bbox 295 4490 624 4543">
    <p class='ocr_par' dir='ltr' id='par_1_81' title="bbox 295 4490 624 4543">
     <span class='ocr_line' id='line_1_81' title="bbox 295 4490 624 4543; baseline -0.012 0"><span class='ocrx_word' id='word_1_642' title='bbox 295 4490 624 4543; x_wconf 69' lang='lat' dir='ltr'><strong><em>cohaereant.</em></strong></span> 
     </span>
    </p>
   </div>
   <div class='ocr_carea' id='block_1_82' title="bbox 366 4556 1875 4624">
    <p class='ocr_par' dir='ltr' id='par_1_82' title="bbox 366 4556 1875 4624">
     <span class='ocr_line' id='line_1_82' title="bbox 366 4556 1875 4624; baseline -0.002 -12"><span class='ocrx_word' id='word_1_643' title='bbox 366 4558 393 4597; x_wconf 67' lang='grc' dir='ltr'>δ</span> <span class='ocrx_word' id='word_1_644' title='bbox 420 4560 495 4613; x_wconf 88' lang='lat' dir='ltr'><strong><em>Ita</em></strong></span> <span class='ocrx_word' id='word_1_645' title='bbox 529 4557 809 4621; x_wconf 71' lang='lat' dir='ltr'><strong><em>legendum</em></strong></span> <span class='ocrx_word' id='word_1_646' title='bbox 834 4556 1049 4611; x_wconf 88' lang='lat' dir='ltr'><strong><em>videtur</em></strong></span> <span class='ocrx_word' id='word_1_647' title='bbox 1070 4571 1135 4611; x_wconf 83' lang='lat' dir='ltr'><strong><em>ex</em></strong></span> <span class='ocrx_word' id='word_1_648' title='bbox 1168 4556 1435 4611; x_wconf 89' lang='lat' dir='ltr'><strong><em>sententia</em></strong></span> <span class='ocrx_word' id='word_1_649' title='bbox 1461 4556 1725 4618; x_wconf 87' lang='lat' dir='ltr'><strong><em>Cassiani,</em></strong></span> <span class='ocrx_word' id='word_1_650' title='bbox 1752 4556 1875 4624; x_wconf 92' lang='lat' dir='ltr'><strong><em>quia</em></strong></span> 
     </span>
    </p>
   </div>
   <div class='ocr_carea' id='block_1_83' title="bbox 296 4626 1953 4713">
    <p class='ocr_par' dir='ltr' id='par_1_83' title="bbox 296 4626 1953 4713">
     <span class='ocr_line' id='line_1_83' title="bbox 296 4626 1953 4713; baseline -0.002 -30"><span class='ocrx_word' id='word_1_651' title='bbox 296 4629 488 4713; x_wconf 69' lang='lat' dir='ltr'><strong><em>Crmce</em></strong></span> <span class='ocrx_word' id='word_1_652' title='bbox 517 4629 740 4713; x_wconf 64' lang='lat' dir='ltr'><strong><em>habetur</em></strong></span> <span class='ocrx_word' id='word_1_653' title='bbox 760 4627 978 4713; x_wconf 23' lang='lat' dir='ltr'><strong><em>tanqu...</em></strong></span> <span class='ocrx_word' id='word_1_654' title='bbox 1005 4627 1378 4713; x_wconf 54' lang='lat' dir='ltr'><strong><em>apprehendit;</em></strong></span> <span class='ocrx_word' id='word_1_655' title='bbox 1403 4641 1498 4695; x_wconf 92' lang='lat' dir='ltr'><strong><em>pro</em></strong></span> <span class='ocrx_word' id='word_1_656' title='bbox 1517 4641 1625 4713; x_wconf 74' lang='lat' dir='ltr'><strong><em>quo</em></strong></span> <span class='ocrx_word' id='word_1_657' title='bbox 1653 4626 1874 4713; x_wconf 53' lang='lat' dir='ltr'><strong><em>Datinlus</em></strong></span> <span class='ocrx_word' id='word_1_658' title='bbox 1900 4634 1953 4694; x_wconf 69' lang='lat'><strong><em>1}</em></strong></span> 
     </span>
    </p>
   </div>
   <div class='ocr_carea' id='block_1_84' title="bbox 297 4697 1874 4769">
    <p class='ocr_par' dir='ltr' id='par_1_84' title="bbox 297 4697 1874 4769">
     <span class='ocr_line' id='line_1_84' title="bbox 297 4697 1874 4769; baseline -0.001 -17"><span class='ocrx_word' id='word_1_659' title='bbox 297 4702 569 4768; x_wconf 82' lang='lat' dir='ltr'><strong><em>interpres</em></strong></span> <span class='ocrx_word' id='word_1_660' title='bbox 611 4699 809 4767; x_wconf 90' lang='lat' dir='ltr'><strong><em>legisse</em></strong></span> <span class='ocrx_word' id='word_1_661' title='bbox 842 4697 1055 4754; x_wconf 87' lang='lat' dir='ltr'><strong><em>videtur</em></strong></span> <span class='ocrx_word' id='word_1_662' title='bbox 1095 4699 1350 4769; x_wconf 75' lang='grc' dir='ltr'><strong><em>ιῖληφέτω,</em></strong></span> <span class='ocrx_word' id='word_1_663' title='bbox 1394 4697 1762 4769; x_wconf 76' lang='lat' dir='ltr'><strong><em>apprehendat.</em></strong></span> <span class='ocrx_word' id='word_1_664' title='bbox 1807 4698 1874 4751; x_wconf 88' lang='lat' dir='ltr'><strong><em>II-</em></strong></span> 
     </span>
    </p>
   </div>
   <div class='ocr_carea' id='block_1_85' title="bbox 298 4768 1876 4836">
    <p class='ocr_par' dir='ltr' id='par_1_85' title="bbox 298 4768 1876 4836">
     <span class='ocr_line' id='line_1_85' title="bbox 298 4768 1876 4836; baseline -0.001 -12"><span class='ocrx_word' id='word_1_665' title='bbox 298 4771 407 4824; x_wconf 90' lang='lat' dir='ltr'><strong><em>Iam</em></strong></span> <span class='ocrx_word' id='word_1_666' title='bbox 442 4770 584 4823; x_wconf 88' lang='lat' dir='ltr'><strong><em>enim</em></strong></span> <span class='ocrx_word' id='word_1_667' title='bbox 620 4785 799 4823; x_wconf 86' lang='lat' dir='ltr'><strong><em>veram</em></strong></span> <span class='ocrx_word' id='word_1_668' title='bbox 830 4784 953 4825; x_wconf 86' lang='lat' dir='ltr'><strong><em>esse</em></strong></span> <span class='ocrx_word' id='word_1_669' title='bbox 988 4768 1272 4823; x_wconf 80' lang='lat' dir='ltr'><strong><em>lectionem</em></strong></span> <span class='ocrx_word' id='word_1_670' title='bbox 1304 4768 1583 4822; x_wconf 89' lang='lat' dir='ltr'><strong><em>contendit</em></strong></span> <span class='ocrx_word' id='word_1_671' title='bbox 1609 4769 1721 4836; x_wconf 90' lang='lat' dir='ltr'><strong><em>ipse</em></strong></span> <span class='ocrx_word' id='word_1_672' title='bbox 1743 4769 1876 4823; x_wconf 84' lang='lat' dir='ltr'><strong><em>Cas-</em></strong></span> 
     </span>
    </p>
   </div>
   <div class='ocr_carea' id='block_1_86' title="bbox 298 4839 1872 4909">
    <p class='ocr_par' dir='ltr' id='par_1_86' title="bbox 298 4839 1872 4909">
     <span class='ocr_line' id='line_1_86' title="bbox 298 4839 1872 4909; baseline -0.001 -14"><span class='ocrx_word' id='word_1_673' title='bbox 298 4846 489 4895; x_wconf 86' lang='lat' dir='ltr'><strong><em>sianus</em></strong></span> <span class='ocrx_word' id='word_1_674' title='bbox 520 4841 619 4894; x_wconf 90' lang='lat' dir='ltr'><strong><em>lib.</em></strong></span> <span class='ocrx_word' id='word_1_675' title='bbox 642 4856 672 4891; x_wconf 90' lang='lat' dir='ltr'><strong><em>v</em></strong></span> <span class='ocrx_word' id='word_1_676' title='bbox 695 4840 1094 4894; x_wconf 89' lang='lat' dir='ltr'><strong><em>lnstitutionum</em></strong></span> <span class='ocrx_word' id='word_1_677' title='bbox 1116 4854 1235 4903; x_wconf 83' lang='lat' dir='ltr'><strong><em>cap.</em></strong></span> <span class='ocrx_word' id='word_1_678' title='bbox 1260 4839 1348 4904; x_wconf 80' lang='grc'><strong><em>16,</em></strong></span> <span class='ocrx_word' id='word_1_679' title='bbox 1381 4850 1438 4893; x_wconf 82' lang='grc' dir='ltr'><strong><em>ιιι</em></strong></span> <span class='ocrx_word' id='word_1_680' title='bbox 1466 4839 1534 4893; x_wconf 86' lang='lat' dir='ltr'><strong><em>ibi</em></strong></span> <span class='ocrx_word' id='word_1_681' title='bbox 1566 4839 1749 4895; x_wconf 85' lang='lat' dir='ltr'><strong><em>videre</em></strong></span> <span class='ocrx_word' id='word_1_682' title='bbox 1770 4844 1872 4909; x_wconf 76' lang='lat' dir='ltr'><strong><em>qSt.</em></strong></span> 
     </span>
    </p>
   </div>
   <div class='ocr_carea' id='block_1_87' title="bbox 298 4909 1879 4980">
    <p class='ocr_par' dir='ltr' id='par_1_87' title="bbox 298 4909 1879 4980">
     <span class='ocr_line' id='line_1_87' title="bbox 298 4909 1879 4980; baseline 0.001 -17"><span class='ocrx_word' id='word_1_683' title='bbox 298 4911 573 4965; x_wconf 70' lang='lat' dir='ltr'><strong><em>Cmterum</em></strong></span> <span class='ocrx_word' id='word_1_684' title='bbox 605 4910 830 4980; x_wconf 82' lang='lat' dir='ltr'><strong><em>Vulgata</em></strong></span> <span class='ocrx_word' id='word_1_685' title='bbox 863 4911 1027 4966; x_wconf 91' lang='lat' dir='ltr'><strong><em>editio</em></strong></span> <span class='ocrx_word' id='word_1_686' title='bbox 1063 4910 1417 4980; x_wconf 61' lang='lat' dir='ltr'><strong><em>praeferenda,</em></strong></span> <span class='ocrx_word' id='word_1_687' title='bbox 1447 4909 1531 4965; x_wconf 91' lang='lat' dir='ltr'><strong><em>cui</em></strong></span> <span class='ocrx_word' id='word_1_688' title='bbox 1564 4918 1619 4964; x_wconf 90' lang='lat' dir='ltr'><strong><em>et</em></strong></span> <span class='ocrx_word' id='word_1_689' title='bbox 1646 4913 1879 4966; x_wconf 86' lang='lat' dir='ltr'><strong><em>auctori-</em></strong></span> 
     </span>
    </p>
   </div>
   <div class='ocr_carea' id='block_1_88' title="bbox 300 4980 1879 5050">
    <p class='ocr_par' dir='ltr' id='par_1_88' title="bbox 300 4980 1879 5050">
     <span class='ocr_line' id='line_1_88' title="bbox 300 4980 1879 5050; baseline 0.001 -15"><span class='ocrx_word' id='word_1_690' title='bbox 300 4992 378 5036; x_wconf 81' lang='lat' dir='ltr'><strong><em>tas</em></strong></span> <span class='ocrx_word' id='word_1_691' title='bbox 411 4982 510 5037; x_wconf 87' lang='lat' dir='ltr'><strong><em>SS.</em></strong></span> <span class='ocrx_word' id='word_1_692' title='bbox 543 4981 759 5035; x_wconf 87' lang='lat' dir='ltr'><strong><em>Patrum</em></strong></span> <span class='ocrx_word' id='word_1_693' title='bbox 802 4980 1144 5050; x_wconf 72' lang='lat' dir='ltr'><strong><em>suffragatur,</em></strong></span> <span class='ocrx_word' id='word_1_694' title='bbox 1170 4990 1225 5036; x_wconf 87' lang='lat' dir='ltr'><strong><em>et</em></strong></span> <span class='ocrx_word' id='word_1_695' title='bbox 1250 4982 1387 5036; x_wconf 88' lang='lat' dir='ltr'><strong><em>sacri</em></strong></span> <span class='ocrx_word' id='word_1_696' title='bbox 1412 4982 1622 5036; x_wconf 89' lang='lat' dir='ltr'><strong><em>concilii</em></strong></span> <span class='ocrx_word' id='word_1_697' title='bbox 1652 4981 1879 5037; x_wconf 85' lang='lat' dir='ltr'><strong><em>Triden-</em></strong></span> 
     </span>
    </p>
   </div>
   <div class='ocr_carea' id='block_1_89' title="bbox 300 5052 1404 5120">
    <p class='ocr_par' dir='ltr' id='par_1_89' title="bbox 300 5052 1404 5120">
     <span class='ocr_line' id='line_1_89' title="bbox 300 5052 1404 5120; baseline -0.002 -13"><span class='ocrx_word' id='word_1_698' title='bbox 300 5054 395 5107; x_wconf 89' lang='lat' dir='ltr'><strong><em>tini</em></strong></span> <span class='ocrx_word' id='word_1_699' title='bbox 424 5052 769 5120; x_wconf 87' lang='lat' dir='ltr'><strong><em>approbatio,</em></strong></span> <span class='ocrx_word' id='word_1_700' title='bbox 797 5065 853 5106; x_wconf 91' lang='lat' dir='ltr'><strong><em>ut</em></strong></span> <span class='ocrx_word' id='word_1_701' title='bbox 884 5052 991 5107; x_wconf 91' lang='lat' dir='ltr'><strong><em>illic</em></strong></span> <span class='ocrx_word' id='word_1_702' title='bbox 1010 5053 1404 5105; x_wconf 85' lang='lat' dir='ltr'><strong><em>annotavimus.</em></strong></span> 
     </span>
    </p>
   </div>
   <div class='ocr_carea' id='block_1_90' title="bbox 377 5121 1876 5193">
    <p class='ocr_par' dir='ltr' id='par_1_90' title="bbox 377 5121 1876 5193">
     <span class='ocr_line' id='line_1_90' title="bbox 377 5121 1876 5193; baseline 0 -16"><span class='ocrx_word' id='word_1_703' title='bbox 377 5135 400 5161; x_wconf 79' lang='grc' dir='ltr'><strong>ε</strong></span> <span class='ocrx_word' id='word_1_704' title='bbox 429 5121 547 5177; x_wconf 89' lang='lat' dir='ltr'><strong><em>Non</em></strong></span> <span class='ocrx_word' id='word_1_705' title='bbox 576 5123 844 5193; x_wconf 82' lang='lat' dir='ltr'><strong><em>signiﬁcat</em></strong></span> <span class='ocrx_word' id='word_1_706' title='bbox 888 5122 1179 5189; x_wconf 85' lang='lat' dir='ltr'><strong><em>Apostolus</em></strong></span> <span class='ocrx_word' id='word_1_707' title='bbox 1211 5138 1306 5176; x_wconf 89' lang='lat' dir='ltr'><strong><em>nos</em></strong></span> <span class='ocrx_word' id='word_1_708' title='bbox 1336 5122 1624 5192; x_wconf 85' lang='lat' dir='ltr'><strong><em>aliquando</em></strong></span> <span class='ocrx_word' id='word_1_709' title='bbox 1658 5123 1876 5187; x_wconf 91' lang='lat' dir='ltr'><strong><em>tentari,</em></strong></span> 
     </span>
    </p>
   </div>
   <div class='ocr_carea' id='block_1_91' title="bbox 300 5193 1882 5262">
    <p class='ocr_par' dir='ltr' id='par_1_91' title="bbox 300 5193 1882 5262">
     <span class='ocr_line' id='line_1_91' title="bbox 300 5193 1882 5262; baseline -0.001 -13"><span class='ocrx_word' id='word_1_710' title='bbox 300 5205 392 5249; x_wconf 87' lang='lat' dir='ltr'><strong><em>aut</em></strong></span> <span class='ocrx_word' id='word_1_711' title='bbox 429 5195 780 5248; x_wconf 89' lang='lat' dir='ltr'><strong><em>tentationem</em></strong></span> <span class='ocrx_word' id='word_1_712' title='bbox 811 5193 1080 5249; x_wconf 90' lang='lat' dir='ltr'><strong><em>sustinere</em></strong></span> <span class='ocrx_word' id='word_1_713' title='bbox 1109 5196 1307 5247; x_wconf 89' lang='lat' dir='ltr'><strong><em>nostris</em></strong></span> <span class='ocrx_word' id='word_1_714' title='bbox 1334 5194 1557 5257; x_wconf 88' lang='lat' dir='ltr'><strong><em>viribus,</em></strong></span> <span class='ocrx_word' id='word_1_715' title='bbox 1584 5197 1736 5262; x_wconf 87' lang='lat' dir='ltr'><strong><em>quasi</em></strong></span> <span class='ocrx_word' id='word_1_716' title='bbox 1766 5196 1882 5248; x_wconf 68' lang='lat' dir='ltr'><strong><em>haec</em></strong></span> 
     </span>
    </p>
   </div>
   <div class='ocr_carea' id='block_1_92' title="bbox 301 5265 1882 5334">
    <p class='ocr_par' dir='ltr' id='par_1_92' title="bbox 301 5265 1882 5334">
     <span class='ocr_line' id='line_1_92' title="bbox 301 5265 1882 5334; baseline -0.001 -15"><span class='ocrx_word' id='word_1_717' title='bbox 301 5268 371 5320; x_wconf 89' lang='lat' dir='ltr'><strong><em>sit</em></strong></span> <span class='ocrx_word' id='word_1_718' title='bbox 422 5265 663 5318; x_wconf 90' lang='lat' dir='ltr'><strong><em>humana</em></strong></span> <span class='ocrx_word' id='word_1_719' title='bbox 709 5265 957 5326; x_wconf 81' lang='lat' dir='ltr'><strong><em>tentatio.</em></strong></span> <span class='ocrx_word' id='word_1_720' title='bbox 981 5280 1101 5334; x_wconf 68' lang='lat' dir='ltr'><strong><em>qua:</em></strong></span> <span class='ocrx_word' id='word_1_721' title='bbox 1139 5279 1246 5318; x_wconf 90' lang='lat' dir='ltr'><strong><em>non</em></strong></span> <span class='ocrx_word' id='word_1_722' title='bbox 1292 5273 1509 5333; x_wconf 88' lang='lat' dir='ltr'><strong><em>superat</em></strong></span> <span class='ocrx_word' id='word_1_723' title='bbox 1545 5265 1690 5319; x_wconf 89' lang='lat' dir='ltr'><strong><em>vires</em></strong></span> <span class='ocrx_word' id='word_1_724' title='bbox 1727 5266 1882 5320; x_wconf 89' lang='lat' dir='ltr'><strong><em>liberi</em></strong></span> 
     </span>
    </p>
   </div>
   <div class='ocr_carea' id='block_1_93' title="bbox 303 5335 1883 5403">
    <p class='ocr_par' dir='ltr' id='par_1_93' title="bbox 303 5335 1883 5403">
     <span class='ocr_line' id='line_1_93' title="bbox 303 5335 1883 5403; baseline 0 -14"><span class='ocrx_word' id='word_1_725' title='bbox 303 5337 544 5398; x_wconf 79' lang='lat' dir='ltr'><strong><em>arbitrii.</em></strong></span> <span class='ocrx_word' id='word_1_726' title='bbox 574 5347 635 5390; x_wconf 91' lang='lat' dir='ltr'><strong><em>ut</em></strong></span> <span class='ocrx_word' id='word_1_727' title='bbox 670 5336 756 5391; x_wconf 89' lang='lat' dir='ltr'><strong><em>hic</em></strong></span> <span class='ocrx_word' id='word_1_728' title='bbox 794 5338 995 5390; x_wconf 81' lang='lat' dir='ltr'><strong><em>Auctor</em></strong></span> <span class='ocrx_word' id='word_1_729' title='bbox 1031 5335 1304 5390; x_wconf 89' lang='lat' dir='ltr'><strong><em>subtiliter</em></strong></span> <span class='ocrx_word' id='word_1_730' title='bbox 1336 5338 1756 5403; x_wconf 83' lang='lat' dir='ltr'><strong><em>interpretatur;</em></strong></span> <span class='ocrx_word' id='word_1_731' title='bbox 1790 5335 1883 5389; x_wconf 90' lang='lat' dir='ltr'><strong><em>sed</em></strong></span> 
     </span>
    </p>
   </div>
   <div class='ocr_carea' id='block_1_94' title="bbox 305 5404 1889 5477">
    <p class='ocr_par' dir='ltr' id='par_1_94' title="bbox 305 5404 1889 5477">
     <span class='ocr_line' id='line_1_94' title="bbox 305 5404 1889 5477; baseline -0.001 -17"><span class='ocrx_word' id='word_1_732' title='bbox 305 5408 580 5477; x_wconf 89' lang='lat' dir='ltr'><strong><em>significat</em></strong></span> <span class='ocrx_word' id='word_1_733' title='bbox 605 5408 771 5461; x_wconf 89' lang='lat' dir='ltr'><strong><em>Deum</em></strong></span> <span class='ocrx_word' id='word_1_734' title='bbox 803 5422 908 5461; x_wconf 93' lang='lat' dir='ltr'><strong><em>non</em></strong></span> <span class='ocrx_word' id='word_1_735' title='bbox 936 5407 1251 5473; x_wconf 90' lang='lat' dir='ltr'><strong><em>permittere</em></strong></span> <span class='ocrx_word' id='word_1_736' title='bbox 1276 5420 1373 5460; x_wconf 89' lang='lat' dir='ltr'><strong><em>nos</em></strong></span> <span class='ocrx_word' id='word_1_737' title='bbox 1401 5406 1595 5461; x_wconf 86' lang='lat' dir='ltr'><strong><em>tentari</em></strong></span> <span class='ocrx_word' id='word_1_738' title='bbox 1625 5421 1785 5473; x_wconf 88' lang='lat' dir='ltr'><strong><em>supra</em></strong></span> <span class='ocrx_word' id='word_1_739' title='bbox 1806 5404 1889 5459; x_wconf 89' lang='lat' dir='ltr'><strong><em>vi-</em></strong></span> 
     </span>
    </p>
   </div>
   <div class='ocr_carea' id='block_1_95' title="bbox 304 5478 1889 5547">
    <p class='ocr_par' dir='ltr' id='par_1_95' title="bbox 304 5478 1889 5547">
     <span class='ocr_line' id='line_1_95' title="bbox 304 5478 1889 5547; baseline -0.003 -14"><span class='ocrx_word' id='word_1_740' title='bbox 304 5493 390 5533; x_wconf 85' lang='lat' dir='ltr'><strong><em>res</em></strong></span> <span class='ocrx_word' id='word_1_741' title='bbox 421 5493 492 5533; x_wconf 82' lang='lat' dir='ltr'><strong>ex</strong></span> <span class='ocrx_word' id='word_1_742' title='bbox 522 5478 696 5547; x_wconf 82' lang='lat' dir='ltr'><strong><em>gratia</em></strong></span> <span class='ocrx_word' id='word_1_743' title='bbox 728 5488 980 5547; x_wconf 84' lang='lat' dir='ltr'><strong><em>acceptas</em></strong></span> <span class='ocrx_word' id='word_1_744' title='bbox 1010 5496 1023 5529; x_wconf 90' lang='lat'><strong>:</strong></span> <span class='ocrx_word' id='word_1_745' title='bbox 1055 5486 1108 5531; x_wconf 87' lang='lat' dir='ltr'><strong><em>et</em></strong></span> <span class='ocrx_word' id='word_1_746' title='bbox 1134 5490 1254 5532; x_wconf 89' lang='lat' dir='ltr'><strong><em>esse</em></strong></span> <span class='ocrx_word' id='word_1_747' title='bbox 1277 5478 1535 5544; x_wconf 88' lang='lat' dir='ltr'><strong><em>quasdam</em></strong></span> <span class='ocrx_word' id='word_1_748' title='bbox 1568 5478 1889 5547; x_wconf 89' lang='lat' dir='ltr'><strong><em>tentationes</em></strong></span> 
     </span>
    </p>
   </div>
   <div class='ocr_carea' id='block_1_96' title="bbox 304 5546 1884 5618">
    <p class='ocr_par' dir='ltr' id='par_1_96' title="bbox 304 5546 1884 5618">
     <span class='ocr_line' id='line_1_96' title="bbox 304 5546 1884 5618; baseline 0.001 -17"><span class='ocrx_word' id='word_1_749' title='bbox 304 5550 428 5604; x_wconf 87' lang='lat' dir='ltr'><strong><em>aliis</em></strong></span> <span class='ocrx_word' id='word_1_750' title='bbox 460 5546 744 5618; x_wconf 84' lang='lat' dir='ltr'><strong><em>graviores</em></strong></span> <span class='ocrx_word' id='word_1_751' title='bbox 773 5559 826 5603; x_wconf 91' lang='lat' dir='ltr'><strong><em>et</em></strong></span> <span class='ocrx_word' id='word_1_752' title='bbox 851 5546 1213 5603; x_wconf 77' lang='lat' dir='ltr'><strong><em>diuturniores</em></strong></span> <span class='ocrx_word' id='word_1_753' title='bbox 1242 5548 1450 5618; x_wconf 86' lang='lat' dir='ltr'><strong><em>(quales</em></strong></span> <span class='ocrx_word' id='word_1_754' title='bbox 1468 5546 1688 5618; x_wconf 77' lang='lat' dir='ltr'><strong><em>experti</em></strong></span> <span class='ocrx_word' id='word_1_755' title='bbox 1722 5548 1884 5602; x_wconf 90' lang='lat' dir='ltr'><strong><em>etiam</em></strong></span> 
     </span>
    </p>
   </div>
   <div class='ocr_carea' id='block_1_97' title="bbox 304 5614 1889 5690">
    <p class='ocr_par' dir='ltr' id='par_1_97' title="bbox 304 5614 1889 5690">
     <span class='ocr_line' id='line_1_97' title="bbox 304 5614 1889 5690; baseline -0.001 -16"><span class='ocrx_word' id='word_1_756' title='bbox 304 5620 405 5674; x_wconf 90' lang='lat' dir='ltr'><strong><em>viri</em></strong></span> <span class='ocrx_word' id='word_1_757' title='bbox 448 5614 801 5685; x_wconf 67' lang='lat' dir='ltr'><strong><em>sanctissimi,</em></strong></span> <span class='ocrx_word' id='word_1_758' title='bbox 832 5619 1118 5677; x_wconf 81' lang='lat' dir='ltr'><strong><em>Antonius.</em></strong></span> <span class='ocrx_word' id='word_1_759' title='bbox 1151 5614 1408 5683; x_wconf 76' lang='lat' dir='ltr'><strong><em>Hilarion,</em></strong></span> <span class='ocrx_word' id='word_1_760' title='bbox 1443 5614 1807 5690; x_wconf 79' lang='lat' dir='ltr'><strong><em>Hieronymus</em></strong></span> <span class='ocrx_word' id='word_1_761' title='bbox 1834 5628 1889 5673; x_wconf 88' lang='lat' dir='ltr'><strong><em>et</em></strong></span> 
     </span>
    </p>
   </div>
   <div class='ocr_carea' id='block_1_98' title="bbox 306 5689 1887 5761">
    <p class='ocr_par' dir='ltr' id='par_1_98' title="bbox 306 5689 1887 5761">
     <span class='ocr_line' id='line_1_98' title="bbox 306 5689 1887 5761; baseline 0.001 -18"><span class='ocrx_word' id='word_1_762' title='bbox 306 5692 451 5759; x_wconf 90' lang='lat' dir='ltr'><strong><em>alii),</em></strong></span> <span class='ocrx_word' id='word_1_763' title='bbox 480 5690 681 5761; x_wconf 83' lang='lat' dir='ltr'><strong><em>quibus</em></strong></span> <span class='ocrx_word' id='word_1_764' title='bbox 725 5690 1041 5759; x_wconf 76' lang='lat' dir='ltr'><strong><em>superandis</em></strong></span> <span class='ocrx_word' id='word_1_765' title='bbox 1072 5701 1126 5743; x_wconf 93' lang='lat' dir='ltr'><strong><em>et</em></strong></span> <span class='ocrx_word' id='word_1_766' title='bbox 1154 5690 1445 5761; x_wconf 82' lang='lat' dir='ltr'><strong><em>evadendis</em></strong></span> <span class='ocrx_word' id='word_1_767' title='bbox 1476 5689 1678 5759; x_wconf 87' lang='lat' dir='ltr'><strong><em>majore</em></strong></span> <span class='ocrx_word' id='word_1_768' title='bbox 1707 5698 1887 5761; x_wconf 82' lang='lat' dir='ltr'><strong><em>etpo-</em></strong></span> 
     </span>
    </p>
   </div>
   <div class='ocr_carea' id='block_1_99' title="bbox 1970 3693 3561 3772">
    <p class='ocr_par' dir='ltr' id='par_1_99' title="bbox 1970 3693 3561 3772">
     <span class='ocr_line' id='line_1_99' title="bbox 1970 3693 3561 3772; baseline -0.007 -14"><span class='ocrx_word' id='word_1_769' title='bbox 1970 3718 2075 3759; x_wconf 92' lang='lat' dir='ltr'><strong><em>non</em></strong></span> <span class='ocrx_word' id='word_1_770' title='bbox 2105 3702 2426 3772; x_wconf 90' lang='lat' dir='ltr'><strong><em>denegatur.</em></strong></span> <span class='ocrx_word' id='word_1_771' title='bbox 2455 3699 2611 3772; x_wconf 87' lang='lat' dir='ltr'><strong><em>Unde</em></strong></span> <span class='ocrx_word' id='word_1_772' title='bbox 2637 3697 2817 3754; x_wconf 83' lang='lat' dir='ltr'><strong><em>fidelis</em></strong></span> <span class='ocrx_word' id='word_1_773' title='bbox 2848 3696 2991 3752; x_wconf 92' lang='lat' dir='ltr'><strong><em>Deus</em></strong></span> <span class='ocrx_word' id='word_1_774' title='bbox 3020 3695 3236 3772; x_wconf 74' lang='lat' dir='ltr'><strong><em>dicitur,</em></strong></span> <span class='ocrx_word' id='word_1_775' title='bbox 3280 3693 3405 3763; x_wconf 90' lang='lat' dir='ltr'><strong><em>quia</em></strong></span> <span class='ocrx_word' id='word_1_776' title='bbox 3435 3709 3561 3772; x_wconf 87' lang='lat' dir='ltr'><strong><em>pro-</em></strong></span> 
     </span>
    </p>
   </div>
   <div class='ocr_carea' id='block_1_100' title="bbox 1968 3766 3559 3837">
    <p class='ocr_par' dir='ltr' id='par_1_100' title="bbox 1968 3766 3559 3837">
     <span class='ocr_line' id='line_1_100' title="bbox 1968 3766 3559 3837; baseline -0.008 -8"><span class='ocrx_word' id='word_1_777' title='bbox 1968 3774 2154 3830; x_wconf 90' lang='lat' dir='ltr'><strong><em>missis</em></strong></span> <span class='ocrx_word' id='word_1_778' title='bbox 2200 3766 2307 3828; x_wconf 77' lang='lat' dir='ltr'><strong><em>non</em></strong></span> <span class='ocrx_word' id='word_1_779' title='bbox 2354 3773 2528 3837; x_wconf 88' lang='lat' dir='ltr'><strong><em>deest,</em></strong></span> <span class='ocrx_word' id='word_1_780' title='bbox 2564 3771 2668 3825; x_wconf 90' lang='lat' dir='ltr'><strong><em>hoc</em></strong></span> <span class='ocrx_word' id='word_1_781' title='bbox 2712 3776 2817 3835; x_wconf 89' lang='lat' dir='ltr'><strong><em>est,</em></strong></span> <span class='ocrx_word' id='word_1_782' title='bbox 2863 3784 2968 3823; x_wconf 92' lang='lat' dir='ltr'><strong><em>non</em></strong></span> <span class='ocrx_word' id='word_1_783' title='bbox 3003 3766 3186 3821; x_wconf 81' lang='lat' dir='ltr'><strong><em>deﬁcit</em></strong></span> <span class='ocrx_word' id='word_1_784' title='bbox 3232 3782 3260 3819; x_wconf 89' lang='lat' dir='ltr'><strong><em>a</em></strong></span> <span class='ocrx_word' id='word_1_785' title='bbox 3294 3768 3559 3835; x_wconf 86' lang='lat' dir='ltr'><strong><em>promissa</em></strong></span> 
     </span>
    </p>
   </div>
   <div class='ocr_carea' id='block_1_101' title="bbox 1969 3839 3561 3916">
    <p class='ocr_par' dir='ltr' id='par_1_101' title="bbox 1969 3839 3561 3916">
     <span class='ocr_line' id='line_1_101' title="bbox 1969 3839 3561 3916; baseline -0.006 -15"><span class='ocrx_word' id='word_1_786' title='bbox 1969 3846 2165 3916; x_wconf 87' lang='lat' dir='ltr'><strong><em>gratia,</em></strong></span> <span class='ocrx_word' id='word_1_787' title='bbox 2200 3860 2359 3914; x_wconf 88' lang='lat' dir='ltr'><strong><em>quam</em></strong></span> <span class='ocrx_word' id='word_1_788' title='bbox 2387 3844 2490 3898; x_wconf 88' lang='lat' dir='ltr'><strong><em>scit</em></strong></span> <span class='ocrx_word' id='word_1_789' title='bbox 2519 3841 2674 3896; x_wconf 89' lang='lat' dir='ltr'><strong><em>nobis</em></strong></span> <span class='ocrx_word' id='word_1_790' title='bbox 2695 3854 2817 3916; x_wconf 83' lang='lat' dir='ltr'><strong><em>esse</em></strong></span> <span class='ocrx_word' id='word_1_791' title='bbox 2846 3839 3206 3916; x_wconf 70' lang='lat' dir='ltr'><strong><em>necessariam</em></strong></span> <span class='ocrx_word' id='word_1_792' title='bbox 3240 3841 3305 3891; x_wconf 85' lang='lat' dir='ltr'><strong><em>ad</em></strong></span> <span class='ocrx_word' id='word_1_793' title='bbox 3340 3852 3561 3891; x_wconf 78' lang='lat' dir='ltr'><strong><em>vincen-</em></strong></span> 
     </span>
    </p>
   </div>
   <div class='ocr_carea' id='block_1_102' title="bbox 1971 3908 3562 3986">
    <p class='ocr_par' dir='ltr' id='par_1_102' title="bbox 1971 3908 3562 3986">
     <span class='ocr_line' id='line_1_102' title="bbox 1971 3908 3562 3986; baseline -0.006 -14"><span class='ocrx_word' id='word_1_794' title='bbox 1971 3908 2067 3972; x_wconf 76' lang='lat' dir='ltr'><strong><em>das</em></strong></span> <span class='ocrx_word' id='word_1_795' title='bbox 2096 3908 2513 3986; x_wconf 73' lang='lat' dir='ltr'><strong><em>qualescumque</em></strong></span> <span class='ocrx_word' id='word_1_796' title='bbox 2543 3912 2900 3986; x_wconf 84' lang='lat' dir='ltr'><strong><em>tentationes;</em></strong></span> <span class='ocrx_word' id='word_1_797' title='bbox 2941 3909 3035 3965; x_wconf 90' lang='lat' dir='ltr'><strong><em>sed</em></strong></span> <span class='ocrx_word' id='word_1_798' title='bbox 3068 3908 3195 3963; x_wconf 82' lang='lat' dir='ltr'><strong><em>facit</em></strong></span> <span class='ocrx_word' id='word_1_799' title='bbox 3236 3923 3358 3986; x_wconf 84' lang='lat' dir='ltr'><strong><em>cum</em></strong></span> <span class='ocrx_word' id='word_1_800' title='bbox 3386 3918 3562 3962; x_wconf 84' lang='lat' dir='ltr'><strong><em>tenta-</em></strong></span> 
     </span>
    </p>
   </div>
   <div class='ocr_carea' id='block_1_103' title="bbox 1974 3981 3560 4057">
    <p class='ocr_par' dir='ltr' id='par_1_103' title="bbox 1974 3981 3560 4057">
     <span class='ocr_line' id='line_1_103' title="bbox 1974 3981 3560 4057; baseline -0.006 -15"><span class='ocrx_word' id='word_1_801' title='bbox 1974 3981 2483 4057; x_wconf 54' lang='lat' dir='ltr'><strong><em>tione&#39;proventutn,</em></strong></span> <span class='ocrx_word' id='word_1_802' title='bbox 2522 3984 2573 4039; x_wconf 92' lang='lat' dir='ltr'><strong><em>id</em></strong></span> <span class='ocrx_word' id='word_1_803' title='bbox 2603 3992 2705 4057; x_wconf 79' lang='lat' dir='ltr'><strong><em>est,</em></strong></span> <span class='ocrx_word' id='word_1_804' title='bbox 2736 3991 3084 4057; x_wconf 84' lang='lat' dir='ltr'><strong><em>augmentum</em></strong></span> <span class='ocrx_word' id='word_1_805' title='bbox 3124 3981 3438 4057; x_wconf 40' lang='lat' dir='ltr'><strong><em>gratige‘pro</em></strong></span> <span class='ocrx_word' id='word_1_806' title='bbox 3472 3995 3560 4057; x_wconf 49' lang='lat' dir='ltr'><strong><em>ra:</em></strong></span> 
     </span>
    </p>
   </div>
   <div class='ocr_carea' id='block_1_104' title="bbox 1973 4049 3557 4127">
    <p class='ocr_par' dir='ltr' id='par_1_104' title="bbox 1973 4049 3557 4127">
     <span class='ocr_line' id='line_1_104' title="bbox 1973 4049 3557 4127; baseline -0.005 -14"><span class='ocrx_word' id='word_1_807' title='bbox 1973 4062 2119 4113; x_wconf 87' lang='lat' dir='ltr'><strong><em>tione</em></strong></span> <span class='ocrx_word' id='word_1_808' title='bbox 2142 4049 2485 4127; x_wconf 74' lang='lat' dir='ltr'><strong><em>etgravitate</em></strong></span> <span class='ocrx_word' id='word_1_809' title='bbox 2514 4049 2845 4127; x_wconf 79' lang='lat' dir='ltr'><strong><em>tentationis,</em></strong></span> <span class='ocrx_word' id='word_1_810' title='bbox 2878 4054 2961 4127; x_wconf 66' lang='lat' dir='ltr'><strong><em>vel</em></strong></span> <span class='ocrx_word' id='word_1_811' title='bbox 2985 4056 3212 4127; x_wconf 68' lang='lat' dir='ltr'><strong><em>exitum,</em></strong></span> <span class='ocrx_word' id='word_1_812' title='bbox 3247 4049 3475 4114; x_wconf 73' lang='grc' dir='ltr'><strong><em>ἔκϐασιν,</em></strong></span> <span class='ocrx_word' id='word_1_813' title='bbox 3504 4051 3557 4127; x_wconf 78' lang='lat' dir='ltr'><strong><em>id</em></strong></span> 
     </span>
    </p>
   </div>
   <div class='ocr_carea' id='block_1_105' title="bbox 1974 4121 3559 4195">
    <p class='ocr_par' dir='ltr' id='par_1_105' title="bbox 1974 4121 3559 4195">
     <span class='ocr_line' id='line_1_105' title="bbox 1974 4121 3559 4195; baseline -0.006 -11"><span class='ocrx_word' id='word_1_814' title='bbox 1974 4140 2080 4195; x_wconf 86' lang='lat' dir='ltr'><strong><em>est,</em></strong></span> <span class='ocrx_word' id='word_1_815' title='bbox 2125 4121 2391 4184; x_wconf 68' lang='lat' dir='ltr'><strong><em>evadendi</em></strong></span> <span class='ocrx_word' id='word_1_816' title='bbox 2424 4126 2750 4193; x_wconf 87' lang='lat' dir='ltr'><strong><em>facultatem,</em></strong></span> <span class='ocrx_word' id='word_1_817' title='bbox 2803 4132 2863 4179; x_wconf 92' lang='lat' dir='ltr'><strong><em>ut</em></strong></span> <span class='ocrx_word' id='word_1_818' title='bbox 2894 4124 2957 4178; x_wconf 94' lang='lat' dir='ltr'><strong><em>D.</em></strong></span> <span class='ocrx_word' id='word_1_819' title='bbox 2990 4121 3294 4194; x_wconf 83' lang='lat' dir='ltr'><strong><em>Cyprianus</em></strong></span> <span class='ocrx_word' id='word_1_820' title='bbox 3333 4122 3559 4190; x_wconf 79' lang='lat' dir='ltr'><strong><em>exponit</em></strong></span> 
     </span>
    </p>
   </div>
   <div class='ocr_carea' id='block_1_106' title="bbox 1975 4196 3433 4275">
    <p class='ocr_par' dir='ltr' id='par_1_106' title="bbox 1975 4196 3433 4275">
     <span class='ocr_line' id='line_1_106' title="bbox 1975 4196 3433 4275; baseline 0.016 -22"><span class='ocrx_word' id='word_1_821' title='bbox 1975 4199 2189 4275; x_wconf 35' lang='lat' dir='ltr'><strong><em>(Li.b._tt</em></strong></span> <span class='ocrx_word' id='word_1_822' title='bbox 2225 4199 2521 4275; x_wconf 63' lang='lat' dir='ltr'><strong><em>Testim._c.</em></strong></span> <span class='ocrx_word' id='word_1_823' title='bbox 2554 4196 2669 4275; x_wconf 77' lang='lat' dir='ltr'><strong><em>9i).</em></strong></span> <span class='ocrx_word' id='word_1_824' title='bbox 2911 4268 2921 4275; x_wconf 89' lang='lat'>_</span> <span class='ocrx_word' id='word_1_825' title='bbox 2958 4266 2969 4275; x_wconf 69' lang='grc'><em>,</em></span> <span class='ocrx_word' id='word_1_826' title='bbox 3272 4262 3321 4275; x_wconf 93' lang='grc'><strong><em>..</em></strong></span> <span class='ocrx_word' id='word_1_827' title='bbox 3422 4264 3433 4275; x_wconf 93' lang='grc'><strong>.</strong></span> 
     </span>
    </p>
   </div>
   <div class='ocr_carea' id='block_1_107' title="bbox 2049 4262 3561 4337">
    <p class='ocr_par' dir='ltr' id='par_1_107' title="bbox 2049 4262 3561 4337">
     <span class='ocr_line' id='line_1_107' title="bbox 2049 4262 3561 4337; baseline -0.006 -11"><span class='ocrx_word' id='word_1_828' title='bbox 2049 4269 2077 4309; x_wconf 72' lang='grc' dir='ltr'>ἀ</span> <span class='ocrx_word' id='word_1_829' title='bbox 2102 4271 2215 4325; x_wconf 93' lang='lat' dir='ltr'><strong><em>Non</em></strong></span> <span class='ocrx_word' id='word_1_830' title='bbox 2248 4272 2327 4325; x_wconf 91' lang='lat' dir='ltr'><strong><em>sic</em></strong></span> <span class='ocrx_word' id='word_1_831' title='bbox 2348 4262 2746 4337; x_wconf 86' lang='lat' dir='ltr'><strong><em>accipiendum,</em></strong></span> <span class='ocrx_word' id='word_1_832' title='bbox 2772 4268 2923 4335; x_wconf 86' lang='lat' dir='ltr'><strong><em>quasi</em></strong></span> <span class='ocrx_word' id='word_1_833' title='bbox 2958 4266 3094 4332; x_wconf 75' lang='lat' dir='ltr'><strong><em>htec,</em></strong></span> <span class='ocrx_word' id='word_1_834' title='bbox 3117 4279 3245 4337; x_wconf 45' lang='lat' dir='ltr'><strong><em>quaa</em></strong></span> <span class='ocrx_word' id='word_1_835' title='bbox 3271 4262 3356 4318; x_wconf 86' lang='lat' dir='ltr'><strong><em>hic</em></strong></span> <span class='ocrx_word' id='word_1_836' title='bbox 3385 4264 3561 4337; x_wconf 79' lang='lat' dir='ltr'><strong><em>citan-</em></strong></span> 
     </span>
    </p>
   </div>
   <div class='ocr_carea' id='block_1_108' title="bbox 1979 4334 3563 4407">
    <p class='ocr_par' dir='ltr' id='par_1_108' title="bbox 1979 4334 3563 4407">
     <span class='ocr_line' id='line_1_108' title="bbox 1979 4334 3563 4407; baseline -0.004 -12"><span class='ocrx_word' id='word_1_837' title='bbox 1979 4350 2069 4398; x_wconf 90' lang='lat' dir='ltr'><strong><em>tur</em></strong></span> <span class='ocrx_word' id='word_1_838' title='bbox 2108 4342 2296 4406; x_wconf 89' lang='lat' dir='ltr'><strong><em>verba,</em></strong></span> <span class='ocrx_word' id='word_1_839' title='bbox 2329 4342 2382 4395; x_wconf 90' lang='lat' dir='ltr'><strong><em>in</em></strong></span> <span class='ocrx_word' id='word_1_840' title='bbox 2406 4334 2545 4394; x_wconf 84' lang='lat' dir='ltr'><strong><em>libro</em></strong></span> <span class='ocrx_word' id='word_1_841' title='bbox 2583 4340 2745 4395; x_wconf 85' lang='lat' dir='ltr'><strong><em>Josue</em></strong></span> <span class='ocrx_word' id='word_1_842' title='bbox 2775 4334 2889 4407; x_wconf 90' lang='lat' dir='ltr'><strong><em>(qui</em></strong></span> <span class='ocrx_word' id='word_1_843' title='bbox 2921 4348 2973 4393; x_wconf 91' lang='lat' dir='ltr'><strong><em>et</em></strong></span> <span class='ocrx_word' id='word_1_844' title='bbox 3012 4337 3171 4392; x_wconf 78' lang='lat' dir='ltr'><strong><em>lesus</em></strong></span> <span class='ocrx_word' id='word_1_845' title='bbox 3194 4334 3353 4407; x_wconf 89' lang='lat' dir='ltr'><strong><em>Nave</em></strong></span> <span class='ocrx_word' id='word_1_846' title='bbox 3383 4334 3563 4389; x_wconf 91' lang='lat' dir='ltr'><strong><em>dictus</em></strong></span> 
     </span>
    </p>
   </div>
   <div class='ocr_carea' id='block_1_109' title="bbox 1980 4406 3564 4485">
    <p class='ocr_par' dir='ltr' id='par_1_109' title="bbox 1980 4406 3564 4485">
     <span class='ocr_line' id='line_1_109' title="bbox 1980 4406 3564 4485; baseline -0.007 -16"><span class='ocrx_word' id='word_1_847' title='bbox 1980 4416 2086 4485; x_wconf 89' lang='lat' dir='ltr'><strong><em>est)</em></strong></span> <span class='ocrx_word' id='word_1_848' title='bbox 2114 4415 2310 4484; x_wconf 89' lang='lat' dir='ltr'><strong><em>scripta</em></strong></span> <span class='ocrx_word' id='word_1_849' title='bbox 2340 4412 2660 4475; x_wconf 89' lang='lat' dir='ltr'><strong><em>habeantur,</em></strong></span> <span class='ocrx_word' id='word_1_850' title='bbox 2690 4406 2904 4485; x_wconf 29' lang='lat' dir='ltr'><strong><em>cum’ex</em></strong></span> <span class='ocrx_word' id='word_1_851' title='bbox 2927 4409 3077 4485; x_wconf 88' lang='lat' dir='ltr'><strong><em>_lib_ro</em></strong></span> <span class='ocrx_word' id='word_1_852' title='bbox 3104 4406 3352 4485; x_wconf 79' lang='lat' dir='ltr'><strong><em>Ju_dicut_n</em></strong></span> <span class='ocrx_word' id='word_1_853' title='bbox 3384 4420 3564 4485; x_wconf 59' lang='grc' dir='ltr'>ιιι-οιιιτ</span> 
     </span>
    </p>
   </div>
   <div class='ocr_carea' id='block_1_110' title="bbox 1983 4475 3562 4553">
    <p class='ocr_par' dir='ltr' id='par_1_110' title="bbox 1983 4475 3562 4553">
     <span class='ocr_line' id='line_1_110' title="bbox 1983 4475 3562 4553; baseline -0.006 -12"><span class='ocrx_word' id='word_1_854' title='bbox 1983 4475 2079 4553; x_wconf 63' lang='grc' dir='ltr'><strong><em>μεθ’</em></strong></span> <span class='ocrx_word' id='word_1_855' title='bbox 2101 4475 2241 4550; x_wconf 61' lang='lat' dir='ltr'><strong><em>sint,</em></strong></span> <span class='ocrx_word' id='word_1_856' title='bbox 2274 4490 2331 4536; x_wconf 94' lang='lat' dir='ltr'><strong><em>ut</em></strong></span> <span class='ocrx_word' id='word_1_857' title='bbox 2355 4492 2601 4546; x_wconf 90' lang='lat' dir='ltr'><strong><em>notatur,</em></strong></span> <span class='ocrx_word' id='word_1_858' title='bbox 2647 4480 2746 4553; x_wconf 80' lang='lat' dir='ltr'><strong><em>sed</em></strong></span> <span class='ocrx_word' id='word_1_859' title='bbox 2771 4478 2977 4553; x_wconf 81' lang='lat' dir='ltr'><strong><em>quiain</em></strong></span> <span class='ocrx_word' id='word_1_860' title='bbox 3006 4481 3122 4553; x_wconf 77' lang='lat' dir='ltr'><strong><em>ipso</em></strong></span> <span class='ocrx_word' id='word_1_861' title='bbox 3154 4477 3279 4533; x_wconf 85' lang='lat' dir='ltr'><strong><em>Jesu</em></strong></span> <span class='ocrx_word' id='word_1_862' title='bbox 3311 4475 3477 4553; x_wconf 79' lang='lat' dir='ltr'><strong><em>Nave,</em></strong></span> <span class='ocrx_word' id='word_1_863' title='bbox 3511 4476 3562 4531; x_wconf 92' lang='lat' dir='ltr'><strong><em>id</em></strong></span> 
     </span>
    </p>
   </div>
   <div class='ocr_carea' id='block_1_111' title="bbox 1984 4547 3562 4623">
    <p class='ocr_par' dir='ltr' id='par_1_111' title="bbox 1984 4547 3562 4623">
     <span class='ocr_line' id='line_1_111' title="bbox 1984 4547 3562 4623; baseline -0.006 -14"><span class='ocrx_word' id='word_1_864' title='bbox 1984 4547 2088 4622; x_wconf 79' lang='lat' dir='ltr'><strong><em>est,</em></strong></span> <span class='ocrx_word' id='word_1_865' title='bbox 2122 4547 2452 4623; x_wconf 83' lang='lat' dir='ltr'><strong><em>temporibus</em></strong></span> <span class='ocrx_word' id='word_1_866' title='bbox 2496 4560 2551 4606; x_wconf 92' lang='lat' dir='ltr'><strong><em>et</em></strong></span> <span class='ocrx_word' id='word_1_867' title='bbox 2594 4551 2713 4623; x_wconf 76' lang='lat' dir='ltr'><strong><em>sub</em></strong></span> <span class='ocrx_word' id='word_1_868' title='bbox 2734 4550 2960 4623; x_wconf 77' lang='lat' dir='ltr'><strong><em>imperio</em></strong></span> <span class='ocrx_word' id='word_1_869' title='bbox 2999 4548 3165 4623; x_wconf 79' lang='lat' dir='ltr'><strong><em>Josue</em></strong></span> <span class='ocrx_word' id='word_1_870' title='bbox 3194 4547 3562 4623; x_wconf 72' lang='lat' dir='ltr'><strong><em>contigerint;</em></strong></span> 
     </span>
    </p>
   </div>
   <div class='ocr_carea' id='block_1_112' title="bbox 1979 4618 3562 4697">
    <p class='ocr_par' dir='ltr' id='par_1_112' title="bbox 1979 4618 3562 4697">
     <span class='ocr_line' id='line_1_112' title="bbox 1979 4618 3562 4697; baseline -0.006 -17"><span class='ocrx_word' id='word_1_871' title='bbox 1979 4618 2219 4697; x_wconf 83' lang='lat' dir='ltr'><strong><em>quicum</em></strong></span> <span class='ocrx_word' id='word_1_872' title='bbox 2236 4618 2603 4697; x_wconf 56' lang='lat' dir='ltr'><strong><em>&#39;aliasgentes</em></strong></span> <span class='ocrx_word' id='word_1_873' title='bbox 2629 4620 2975 4697; x_wconf 76' lang='lat' dir='ltr'><strong><em>debellasset,</em></strong></span> <span class='ocrx_word' id='word_1_874' title='bbox 3006 4619 3179 4697; x_wconf 82' lang='lat' dir='ltr'><strong><em>noluit</em></strong></span> <span class='ocrx_word' id='word_1_875' title='bbox 3204 4627 3387 4697; x_wconf 76' lang='lat' dir='ltr'><strong><em>tamen</em></strong></span> <span class='ocrx_word' id='word_1_876' title='bbox 3412 4618 3562 4697; x_wconf 77' lang='lat' dir='ltr'><strong><em>Deus</em></strong></span> 
     </span>
    </p>
   </div>
   <div class='ocr_carea' id='block_1_113' title="bbox 1980 4687 3562 4757">
    <p class='ocr_par' dir='ltr' id='par_1_113' title="bbox 1980 4687 3562 4757">
     <span class='ocr_line' id='line_1_113' title="bbox 1980 4687 3562 4757; baseline -0.008 -6"><span class='ocrx_word' id='word_1_877' title='bbox 1980 4687 2076 4751; x_wconf 75' lang='lat' dir='ltr'><strong><em>tias</em></strong></span> <span class='ocrx_word' id='word_1_878' title='bbox 2105 4696 2173 4749; x_wconf 88' lang='lat' dir='ltr'><strong><em>ab</em></strong></span> <span class='ocrx_word' id='word_1_879' title='bbox 2206 4709 2272 4749; x_wconf 93' lang='lat' dir='ltr'><strong><em>eo</em></strong></span> <span class='ocrx_word' id='word_1_880' title='bbox 2314 4687 2597 4754; x_wconf 76' lang='lat' dir='ltr'><strong><em>debellari,</em></strong></span> <span class='ocrx_word' id='word_1_881' title='bbox 2648 4702 2704 4745; x_wconf 90' lang='lat' dir='ltr'><strong><em>ut</em></strong></span> <span class='ocrx_word' id='word_1_882' title='bbox 2750 4690 2803 4743; x_wconf 91' lang='lat' dir='ltr'><strong><em>in</em></strong></span> <span class='ocrx_word' id='word_1_883' title='bbox 2851 4689 2927 4743; x_wconf 88' lang='lat' dir='ltr'><strong><em>eis</em></strong></span> <span class='ocrx_word' id='word_1_884' title='bbox 2968 4692 3328 4757; x_wconf 82' lang='lat' dir='ltr'><strong><em>experiretur,</em></strong></span> <span class='ocrx_word' id='word_1_885' title='bbox 3374 4687 3426 4742; x_wconf 92' lang='lat' dir='ltr'><strong><em>id</em></strong></span> <span class='ocrx_word' id='word_1_886' title='bbox 3460 4698 3562 4749; x_wconf 87' lang='lat' dir='ltr'><strong><em>est,</em></strong></span> 
     </span>
    </p>
   </div>
   <div class='ocr_carea' id='block_1_114' title="bbox 2013 4758 3564 4827">
    <p class='ocr_par' dir='ltr' id='par_1_114' title="bbox 2013 4758 3564 4827">
     <span class='ocr_line' id='line_1_114' title="bbox 2013 4758 3564 4827; baseline -0.008 -5"><span class='ocrx_word' id='word_1_887' title='bbox 2013 4768 2229 4822; x_wconf 88' lang='lat' dir='ltr'><strong><em>robaret</em></strong></span> <span class='ocrx_word' id='word_1_888' title='bbox 2251 4775 2307 4819; x_wconf 92' lang='lat' dir='ltr'><strong><em>et</em></strong></span> <span class='ocrx_word' id='word_1_889' title='bbox 2326 4772 2602 4818; x_wconf 83' lang='lat' dir='ltr'><strong><em>exerceret</em></strong></span> <span class='ocrx_word' id='word_1_890' title='bbox 2618 4760 2891 4825; x_wconf 87' lang='lat' dir='ltr'><strong><em>lsraeletn,</em></strong></span> <span class='ocrx_word' id='word_1_891' title='bbox 2915 4768 3021 4814; x_wconf 90' lang='lat' dir='ltr'><strong><em>etc.</em></strong></span> <span class='ocrx_word' id='word_1_892' title='bbox 3045 4759 3374 4827; x_wconf 85' lang='lat' dir='ltr'><strong><em>Quamquam</em></strong></span> <span class='ocrx_word' id='word_1_893' title='bbox 3403 4758 3564 4812; x_wconf 87' lang='lat' dir='ltr'><strong><em>etiam</em></strong></span> 
     </span>
    </p>
   </div>
   <div class='ocr_carea' id='block_1_115' title="bbox 2003 4829 3567 4904">
    <p class='ocr_par' dir='ltr' id='par_1_115' title="bbox 2003 4829 3567 4904">
     <span class='ocr_line' id='line_1_115' title="bbox 2003 4829 3567 4904; baseline -0.005 -13"><span class='ocrx_word' id='word_1_894' title='bbox 2003 4839 2119 4893; x_wconf 87' lang='lat' dir='ltr'><strong><em>iber</em></strong></span> <span class='ocrx_word' id='word_1_895' title='bbox 2147 4836 2395 4893; x_wconf 83' lang='lat' dir='ltr'><strong><em>Judicum</em></strong></span> <span class='ocrx_word' id='word_1_896' title='bbox 2424 4834 2597 4904; x_wconf 89' lang='lat' dir='ltr'><strong><em>possit</em></strong></span> <span class='ocrx_word' id='word_1_897' title='bbox 2638 4847 2701 4887; x_wconf 80' lang='lat' dir='ltr'><strong><em>ex</em></strong></span> <span class='ocrx_word' id='word_1_898' title='bbox 2736 4829 3207 4904; x_wconf 77' lang='lat' dir='ltr'><strong><em>parteliber_.|esu</em></strong></span> <span class='ocrx_word' id='word_1_899' title='bbox 3250 4829 3418 4891; x_wconf 85' lang='lat' dir='ltr'><strong><em>Nave,</em></strong></span> <span class='ocrx_word' id='word_1_900' title='bbox 3465 4842 3567 4904; x_wconf 79' lang='lat' dir='ltr'><strong><em>seu</em></strong></span> 
     </span>
    </p>
   </div>
   <div class='ocr_carea' id='block_1_116' title="bbox 1980 4899 3655 4973">
    <p class='ocr_par' dir='ltr' id='par_1_116' title="bbox 1980 4899 3655 4973">
     <span class='ocr_line' id='line_1_116' title="bbox 1980 4899 3655 4973; baseline -0.008 -7"><span class='ocrx_word' id='word_1_901' title='bbox 1980 4909 2161 4973; x_wconf 83' lang='lat' dir='ltr'><strong><em>Josue,</em></strong></span> <span class='ocrx_word' id='word_1_902' title='bbox 2191 4899 2510 4973; x_wconf 75' lang='lat' dir='ltr'><strong><em>nuncupari,</em></strong></span> <span class='ocrx_word' id='word_1_903' title='bbox 2536 4917 2659 4958; x_wconf 89' lang='lat' dir='ltr'><strong><em>cum</em></strong></span> <span class='ocrx_word' id='word_1_904' title='bbox 2691 4899 2804 4973; x_wconf 82' lang='lat' dir='ltr'><strong><em>ipse</em></strong></span> <span class='ocrx_word' id='word_1_905' title='bbox 2832 4902 3036 4970; x_wconf 89' lang='lat' dir='ltr'><strong><em>primus</em></strong></span> <span class='ocrx_word' id='word_1_906' title='bbox 3061 4899 3307 4956; x_wconf 78' lang='lat' dir='ltr'><strong><em>Judicum</em></strong></span> <span class='ocrx_word' id='word_1_907' title='bbox 3337 4899 3563 4973; x_wconf 75' lang='lat' dir='ltr'><strong><em>exstite-</em></strong></span> <span class='ocrx_word' id='word_1_908' title='bbox 3652 4938 3655 4973; x_wconf 51' lang='grc' dir='ltr'><strong><em>τ</em></strong></span> 
     </span>
    </p>
   </div>
   <div class='ocr_carea' id='block_1_117' title="bbox 1983 4970 3655 5051">
    <p class='ocr_par' dir='ltr' id='par_1_117' title="bbox 1983 4970 3655 5051">
     <span class='ocr_line' id='line_1_117' title="bbox 1983 4970 3655 5051; baseline -0.008 -16"><span class='ocrx_word' id='word_1_909' title='bbox 1983 4982 2075 5043; x_wconf 90' lang='lat' dir='ltr'><strong><em>rit,</em></strong></span> <span class='ocrx_word' id='word_1_910' title='bbox 2107 4970 2161 5051; x_wconf 82' lang='lat' dir='ltr'><strong><em>et</em></strong></span> <span class='ocrx_word' id='word_1_911' title='bbox 2190 4981 2309 5051; x_wconf 86' lang='lat' dir='ltr'><strong><em>ejus</em></strong></span> <span class='ocrx_word' id='word_1_912' title='bbox 2350 4970 2735 5051; x_wconf 59' lang='lat' dir='ltr'><strong><em>estrema§.__res</em></strong></span> <span class='ocrx_word' id='word_1_913' title='bbox 2764 4982 2967 5051; x_wconf 54' lang='lat' dir='ltr'><strong><em>gestae,</em></strong></span> <span class='ocrx_word' id='word_1_914' title='bbox 3021 4986 3120 5025; x_wconf 91' lang='lat' dir='ltr'><strong><em>nec</em></strong></span> <span class='ocrx_word' id='word_1_915' title='bbox 3164 4970 3569 5051; x_wconf 51' lang='lat' dir='ltr'><strong><em>l-l&#39;Otl-Ob&#39;illl-Snel</em></strong></span> 
     </span>
    </p>
   </div>
   <div class='ocr_carea' id='block_1_118' title="bbox 1985 5039 3568 5117">
    <p class='ocr_par' dir='ltr' id='par_1_118' title="bbox 1985 5039 3568 5117">
     <span class='ocr_line' id='line_1_118' title="bbox 1985 5039 3568 5117; baseline -0.008 -11"><span class='ocrx_word' id='word_1_916' title='bbox 1985 5039 2262 5117; x_wconf 71' lang='lat' dir='ltr'><strong><em>sepultura</em></strong></span> <span class='ocrx_word' id='word_1_917' title='bbox 2291 5049 2344 5101; x_wconf 94' lang='lat' dir='ltr'><strong><em>in</em></strong></span> <span class='ocrx_word' id='word_1_918' title='bbox 2368 5046 2559 5101; x_wconf 89' lang='lat' dir='ltr'><strong><em>eodem</em></strong></span> <span class='ocrx_word' id='word_1_919' title='bbox 2589 5039 3143 5117; x_wconf 76' lang='lat' dir='ltr'><strong><em>librodescribantur.</em></strong></span> <span class='ocrx_word' id='word_1_920' title='bbox 3168 5040 3324 5117; x_wconf 75' lang='lat' dir='ltr'><strong><em>Uade</em></strong></span> <span class='ocrx_word' id='word_1_921' title='bbox 3354 5040 3419 5117; x_wconf 82' lang='lat' dir='ltr'><strong><em>D.</em></strong></span> <span class='ocrx_word' id='word_1_922' title='bbox 3446 5039 3568 5117; x_wconf 83' lang='lat' dir='ltr'><strong><em>Hie-</em></strong></span> 
     </span>
    </p>
   </div>
   <div class='ocr_carea' id='block_1_119' title="bbox 1981 5110 3566 5191">
    <p class='ocr_par' dir='ltr' id='par_1_119' title="bbox 1981 5110 3566 5191">
     <span class='ocr_line' id='line_1_119' title="bbox 1981 5110 3566 5191; baseline -0.007 -15"><span class='ocrx_word' id='word_1_923' title='bbox 1981 5110 2239 5191; x_wconf 78' lang='lat' dir='ltr'><strong><em>ronymus</em></strong></span> <span class='ocrx_word' id='word_1_924' title='bbox 2284 5118 2379 5191; x_wconf 83' lang='lat' dir='ltr'><strong><em>lib.</em></strong></span> <span class='ocrx_word' id='word_1_925' title='bbox 2408 5118 2668 5191; x_wconf 79' lang='lat' dir='ltr'><strong><em>adversus</em></strong></span> <span class='ocrx_word' id='word_1_926' title='bbox 2698 5116 2998 5191; x_wconf 75' lang='lat' dir='ltr'><strong><em>Helvidium</em></strong></span> <span class='ocrx_word' id='word_1_927' title='bbox 3026 5112 3179 5191; x_wconf 75' lang='lat' dir='ltr'><strong><em>(Cap.</em></strong></span> <span class='ocrx_word' id='word_1_928' title='bbox 3224 5111 3281 5182; x_wconf 67' lang='grc' dir='ltr'>Ξ)</span> <span class='ocrx_word' id='word_1_929' title='bbox 3308 5128 3323 5167; x_wconf 78' lang='lat' dir='ltr'><em>z</em></span> <span class='ocrx_word' id='word_1_930' title='bbox 3352 5110 3480 5191; x_wconf 77' lang='lat' dir='ltr'><strong><em>Cum</em></strong></span> <span class='ocrx_word' id='word_1_931' title='bbox 3511 5112 3566 5165; x_wconf 87' lang='lat' dir='ltr'><strong><em>in</em></strong></span> 
     </span>
    </p>
   </div>
   <div class='ocr_carea' id='block_1_120' title="bbox 1984 5182 3566 5265">
    <p class='ocr_par' dir='ltr' id='par_1_120' title="bbox 1984 5182 3566 5265">
     <span class='ocr_line' id='line_1_120' title="bbox 1984 5182 3566 5265; baseline -0.009 -17"><span class='ocrx_word' id='word_1_932' title='bbox 1984 5182 2251 5265; x_wconf 76' lang='lat' dir='ltr'><strong><em>sepultura</em></strong></span> <span class='ocrx_word' id='word_1_933' title='bbox 2288 5189 2417 5265; x_wconf 60' lang='lat' dir='ltr'><strong><em>Jesu</em></strong></span> <span class='ocrx_word' id='word_1_934' title='bbox 2442 5186 2597 5253; x_wconf 86' lang='lat' dir='ltr'><strong><em>liber,</em></strong></span> <span class='ocrx_word' id='word_1_935' title='bbox 2624 5189 2710 5265; x_wconf 87' lang='lat' dir='ltr'><strong><em>qui</em></strong></span> <span class='ocrx_word' id='word_1_936' title='bbox 2724 5182 3208 5265; x_wconf 37' lang='lat' dir='ltr'><strong><em>_ex_.nomine.eju-s</em></strong></span> <span class='ocrx_word' id='word_1_937' title='bbox 3244 5182 3566 5265; x_wconf 69' lang='lat' dir='ltr'><strong><em>appellatur,</em></strong></span> 
     </span>
    </p>
   </div>
   <div class='ocr_carea' id='block_1_121' title="bbox 1984 5253 3565 5334">
    <p class='ocr_par' dir='ltr' id='par_1_121' title="bbox 1984 5253 3565 5334">
     <span class='ocr_line' id='line_1_121' title="bbox 1984 5253 3565 5334; baseline -0.009 -16"><span class='ocrx_word' id='word_1_938' title='bbox 1984 5253 2217 5334; x_wconf 68' lang='lat' dir='ltr'><strong><em>expletus</em></strong></span> <span class='ocrx_word' id='word_1_939' title='bbox 2257 5261 2344 5326; x_wconf 89' lang='lat' dir='ltr'><strong><em>sit,</em></strong></span> <span class='ocrx_word' id='word_1_940' title='bbox 2392 5276 2602 5334; x_wconf 80' lang='lat' dir='ltr'><strong><em>rursum</em></strong></span> <span class='ocrx_word' id='word_1_941' title='bbox 2630 5253 2685 5311; x_wconf 88' lang='lat' dir='ltr'><strong><em>in</em></strong></span> <span class='ocrx_word' id='word_1_942' title='bbox 2711 5256 2959 5334; x_wconf 38' lang='lat' dir='ltr'><strong><em>{iudicum</em></strong></span> <span class='ocrx_word' id='word_1_943' title='bbox 2998 5253 3565 5334; x_wconf 34' lang='lat' dir='ltr'><strong><em>volainine,&#39;qu_asi.vi-</em></strong></span> 
     </span>
    </p>
   </div>
   <div class='ocr_carea' id='block_1_122' title="bbox 1987 5325 3569 5405">
    <p class='ocr_par' dir='ltr' id='par_1_122' title="bbox 1987 5325 3569 5405">
     <span class='ocr_line' id='line_1_122' title="bbox 1987 5325 3569 5405; baseline -0.007 -17"><span class='ocrx_word' id='word_1_944' title='bbox 1987 5325 2129 5396; x_wconf 70' lang='lat' dir='ltr'><strong><em>tiens,</em></strong></span> <span class='ocrx_word' id='word_1_945' title='bbox 2170 5347 2537 5405; x_wconf 84' lang='lat' dir='ltr'><strong><em>resurgensque</em></strong></span> <span class='ocrx_word' id='word_1_946' title='bbox 2564 5329 2891 5405; x_wconf 72' lang='lat' dir='ltr'><strong><em>describitur,</em></strong></span> <span class='ocrx_word' id='word_1_947' title='bbox 2932 5337 2979 5380; x_wconf 90' lang='lat' dir='ltr'><strong><em>et</em></strong></span> <span class='ocrx_word' id='word_1_948' title='bbox 3021 5325 3569 5405; x_wconf 54' lang='lat' dir='ltr'><strong><em>subdiviauswlatéiou</em></strong></span> 
     </span>
    </p>
   </div>
   <div class='ocr_carea' id='block_1_123' title="bbox 1992 5394 3571 5475">
    <p class='ocr_par' dir='ltr' id='par_1_123' title="bbox 1992 5394 3571 5475">
     <span class='ocr_line' id='line_1_123' title="bbox 1992 5394 3571 5475; baseline -0.008 -16"><span class='ocrx_word' id='word_1_949' title='bbox 1992 5394 2149 5474; x_wconf 78' lang='lat' dir='ltr'><strong><em>opera</em></strong></span> <span class='ocrx_word' id='word_1_950' title='bbox 2172 5407 2285 5475; x_wconf 87' lang='lat' dir='ltr'><strong><em>ejus</em></strong></span> <span class='ocrx_word' id='word_1_951' title='bbox 2310 5394 2686 5475; x_wconf 57' lang='lat' dir='ltr'><strong><em>prwd&#39;tcantar,</em></strong></span> <span class='ocrx_word' id='word_1_952' title='bbox 2710 5399 2979 5475; x_wconf 89' lang='lat' dir='ltr'><strong><em>et_legitur</em></strong></span> <span class='ocrx_word' id='word_1_953' title='bbox 3006 5395 3200 5475; x_wconf 84' lang='lat' dir='ltr'><strong><em>:_Misit</em></strong></span> <span class='ocrx_word' id='word_1_954' title='bbox 3220 5394 3382 5475; x_wconf 61' lang='lat' dir='ltr'><strong><em>_Jes&#39;us</em></strong></span> <span class='ocrx_word' id='word_1_955' title='bbox 3406 5410 3571 5475; x_wconf 78' lang='lat' dir='ltr'><strong><em>papu-</em></strong></span> 
     </span>
    </p>
   </div>
   <div class='ocr_carea' id='block_1_124' title="bbox 1990 5465 3565 5543">
    <p class='ocr_par' dir='ltr' id='par_1_124' title="bbox 1990 5465 3565 5543">
     <span class='ocr_line' id='line_1_124' title="bbox 1990 5465 3565 5543; baseline -0.008 -14"><span class='ocrx_word' id='word_1_956' title='bbox 1990 5465 2121 5541; x_wconf 78' lang='lat' dir='ltr'><strong><em>lum,</em></strong></span> <span class='ocrx_word' id='word_1_957' title='bbox 2153 5465 2210 5528; x_wconf 69' lang='lat' dir='ltr'><strong><em>ei</em></strong></span> <span class='ocrx_word' id='word_1_958' title='bbox 2228 5465 2463 5527; x_wconf 78' lang='lat' dir='ltr'><strong><em>abierunt</em></strong></span> <span class='ocrx_word' id='word_1_959' title='bbox 2485 5472 2594 5543; x_wconf 12' lang='lat' dir='ltr'><strong><em>ﬁlii,</em></strong></span> <span class='ocrx_word' id='word_1_960' title='bbox 2612 5469 2802 5535; x_wconf 86' lang='lat' dir='ltr'><strong><em>Israel,</em></strong></span> <span class='ocrx_word' id='word_1_961' title='bbox 2834 5465 3181 5543; x_wconf 60' lang='lat' dir='ltr'><strong><em>unusquisque</em></strong></span> <span class='ocrx_word' id='word_1_962' title='bbox 3214 5467 3265 5543; x_wconf 84' lang='lat' dir='ltr'><strong><em>in</em></strong></span> <span class='ocrx_word' id='word_1_963' title='bbox 3287 5465 3565 5543; x_wconf 68' lang='lat' dir='ltr'><strong><em>neredita-</em></strong></span> 
     </span>
    </p>
   </div>
   <div class='ocr_carea' id='block_1_125' title="bbox 1995 5534 3572 5613">
    <p class='ocr_par' dir='ltr' id='par_1_125' title="bbox 1995 5534 3572 5613">
     <span class='ocr_line' id='line_1_125' title="bbox 1995 5534 3572 5613; baseline -0.008 -14"><span class='ocrx_word' id='word_1_964' title='bbox 1995 5534 2292 5606; x_wconf 48' lang='lat' dir='ltr'><strong><em>tem&#39;suam,</em></strong></span> <span class='ocrx_word' id='word_1_965' title='bbox 2336 5554 2393 5597; x_wconf 87' lang='lat' dir='ltr'><strong><em>ut</em></strong></span> <span class='ocrx_word' id='word_1_966' title='bbox 2422 5534 2738 5613; x_wconf 72' lang='lat' dir='ltr'><strong><em>possiderent</em></strong></span> <span class='ocrx_word' id='word_1_967' title='bbox 2769 5534 2991 5593; x_wconf 55' lang='lat' dir='ltr'><strong><em>terram.</em></strong></span> <span class='ocrx_word' id='word_1_968' title='bbox 3020 5534 3321 5613; x_wconf 68' lang='lat' dir='ltr'><strong><em>Etserviuit</em></strong></span> <span class='ocrx_word' id='word_1_969' title='bbox 3351 5534 3572 5613; x_wconf 77' lang='lat' dir='ltr'><strong><em>populus</em></strong></span> 
     </span>
    </p>
   </div>
   <div class='ocr_carea' id='block_1_126' title="bbox 1991 5606 3572 5675">
    <p class='ocr_par' dir='ltr' id='par_1_126' title="bbox 1991 5606 3572 5675">
     <span class='ocr_line' id='line_1_126' title="bbox 1991 5606 3572 5675; baseline -0.009 -4"><span class='ocrx_word' id='word_1_970' title='bbox 1991 5616 2216 5674; x_wconf 82' lang='lat' dir='ltr'><strong><em>Domino</em></strong></span> <span class='ocrx_word' id='word_1_971' title='bbox 2247 5606 2445 5670; x_wconf 78' lang='lat' dir='ltr'><strong><em>cunctis</em></strong></span> <span class='ocrx_word' id='word_1_972' title='bbox 2466 5614 2638 5667; x_wconf 89' lang='lat' dir='ltr'><strong><em>diebus</em></strong></span> <span class='ocrx_word' id='word_1_973' title='bbox 2662 5610 2943 5671; x_wconf 32' lang='lat' dir='ltr'><strong><em>Jesu,.eto.</em></strong></span> <span class='ocrx_word' id='word_1_974' title='bbox 2970 5624 2987 5673; x_wconf 88' lang='lat'><strong><em>;</em></strong></span> <span class='ocrx_word' id='word_1_975' title='bbox 3014 5609 3288 5675; x_wconf 84' lang='lat' dir='ltr'><strong><em>statimque</em></strong></span> <span class='ocrx_word' id='word_1_976' title='bbox 3309 5606 3572 5675; x_wconf 77' lang='lat' dir='ltr'><strong><em>subiungi-</em></strong></span> 
     </span>
    </p>
   </div>
   <div class='ocr_carea' id='block_1_127' title="bbox 1988 5678 3572 5746">
    <p class='ocr_par' dir='ltr' id='par_1_127' title="bbox 1988 5678 3572 5746">
     <span class='ocr_line' id='line_1_127' title="bbox 1988 5678 3572 5746; baseline -0.009 -4"><span class='ocrx_word' id='word_1_977' title='bbox 1988 5698 2074 5742; x_wconf 91' lang='lat' dir='ltr'><strong><em>tur</em></strong></span> <span class='ocrx_word' id='word_1_978' title='bbox 2106 5702 2124 5741; x_wconf 92' lang='lat'><strong><em>:</em></strong></span> <span class='ocrx_word' id='word_1_979' title='bbox 2150 5686 2218 5741; x_wconf 86' lang='lat' dir='ltr'><strong><em>Et</em></strong></span> <span class='ocrx_word' id='word_1_980' title='bbox 2240 5694 2473 5740; x_wconf 88' lang='lat' dir='ltr'><strong><em>mortuus</em></strong></span> <span class='ocrx_word' id='word_1_981' title='bbox 2499 5695 2574 5738; x_wconf 90' lang='lat' dir='ltr'><strong><em>est</em></strong></span> <span class='ocrx_word' id='word_1_982' title='bbox 2600 5683 2752 5736; x_wconf 87' lang='lat' dir='ltr'><strong><em>Jesus</em></strong></span> <span class='ocrx_word' id='word_1_983' title='bbox 2792 5679 2960 5746; x_wconf 78' lang='lat' dir='ltr'><strong><em>Nave,</em></strong></span> <span class='ocrx_word' id='word_1_984' title='bbox 2990 5694 3162 5733; x_wconf 82' lang='lat' dir='ltr'><strong><em>servus</em></strong></span> <span class='ocrx_word' id='word_1_985' title='bbox 3195 5678 3420 5742; x_wconf 86' lang='lat' dir='ltr'><strong><em>Domini,</em></strong></span> <span class='ocrx_word' id='word_1_986' title='bbox 3454 5693 3572 5729; x_wconf 89' lang='lat' dir='ltr'><strong><em>cen-</em></strong></span> 
     </span>
    </p>
   </div>
   <div class='ocr_carea' id='block_1_128' title="bbox 309 5752 2867 5830">
    <p class='ocr_par' dir='ltr' id='par_1_128' title="bbox 309 5752 2867 5830">
     <span class='ocr_line' id='line_1_128' title="bbox 309 5752 2867 5830; baseline -0.004 -15"><span class='ocrx_word' id='word_1_987' title='bbox 309 5752 551 5816; x_wconf 72' lang='lat' dir='ltr'><strong><em>tentiore</em></strong></span> <span class='ocrx_word' id='word_1_988' title='bbox 593 5776 731 5827; x_wconf 87' lang='lat' dir='ltr'><strong><em>opus</em></strong></span> <span class='ocrx_word' id='word_1_989' title='bbox 776 5752 847 5815; x_wconf 73' lang='lat' dir='ltr'><strong><em>sit</em></strong></span> <span class='ocrx_word' id='word_1_990' title='bbox 879 5764 1050 5830; x_wconf 85' lang='lat' dir='ltr'><strong><em>gratia</em></strong></span> <span class='ocrx_word' id='word_1_991' title='bbox 1081 5770 1136 5814; x_wconf 91' lang='lat' dir='ltr'><strong><em>et</em></strong></span> <span class='ocrx_word' id='word_1_992' title='bbox 1173 5761 1374 5814; x_wconf 77' lang='lat' dir='ltr'><strong><em>auxilio</em></strong></span> <span class='ocrx_word' id='word_1_993' title='bbox 1400 5752 1606 5825; x_wconf 78' lang='lat' dir='ltr'><strong><em>divino,</em></strong></span> <span class='ocrx_word' id='word_1_994' title='bbox 1643 5752 1892 5830; x_wconf 38' lang='lat' dir='ltr'><strong><em>quod-fa-</em></strong></span> <span class='ocrx_word' id='word_1_995' title='bbox 1992 5767 2101 5813; x_wconf 89' lang='lat' dir='ltr'><strong><em>tum</em></strong></span> <span class='ocrx_word' id='word_1_996' title='bbox 2130 5758 2592 5830; x_wconf 7' lang='lat' dir='ltr'><strong><em>decemaaunoram</em></strong></span> <span class='ocrx_word' id='word_1_997' title='bbox 2621 5752 2820 5830; x_wconf 69' lang='lat' dir='ltr'><strong><em>(ludio.</em></strong></span> <span class='ocrx_word' id='word_1_998' title='bbox 2852 5766 2867 5830; x_wconf 75' lang='grc' dir='ltr'><strong><em>ι</em></strong></span> 
     </span>
    </p>
   </div>
   <div class='ocr_carea' id='block_1_129' title="bbox 309 5830 1889 5904">
    <p class='ocr_par' dir='ltr' id='par_1_129' title="bbox 309 5830 1889 5904">
     <span class='ocr_line' id='line_1_129' title="bbox 309 5830 1889 5904; baseline -0.003 -13"><span class='ocrx_word' id='word_1_999' title='bbox 309 5833 476 5891; x_wconf 86' lang='lat' dir='ltr'><strong><em>cienti</em></strong></span> <span class='ocrx_word' id='word_1_1000' title='bbox 502 5832 649 5904; x_wconf 80' lang='lat' dir='ltr'><strong><em>quod</em></strong></span> <span class='ocrx_word' id='word_1_1001' title='bbox 694 5832 749 5885; x_wconf 93' lang='lat' dir='ltr'><strong><em>in</em></strong></span> <span class='ocrx_word' id='word_1_1002' title='bbox 793 5845 855 5886; x_wconf 86' lang='lat' dir='ltr'><strong><em>se</em></strong></span> <span class='ocrx_word' id='word_1_1003' title='bbox 895 5840 980 5887; x_wconf 86' lang='lat' dir='ltr'><strong><em>est</em></strong></span> <span class='ocrx_word' id='word_1_1004' title='bbox 1008 5830 1303 5887; x_wconf 83' lang='lat' dir='ltr'><strong><em>secundum</em></strong></span> <span class='ocrx_word' id='word_1_1005' title='bbox 1340 5841 1611 5903; x_wconf 83' lang='lat' dir='ltr'><strong><em>acceptam</em></strong></span> <span class='ocrx_word' id='word_1_1006' title='bbox 1640 5832 1889 5902; x_wconf 86' lang='lat' dir='ltr'><strong><em>gratiam,</em></strong></span> 
     </span>
    </p>
   </div>
   <div class='ocr_carea' id='block_1_130' title="bbox 612 5922 1146 5986">
    <p class='ocr_par' dir='ltr' id='par_1_130' title="bbox 612 5922 1146 5986">
     <span class='ocr_line' id='line_1_130' title="bbox 612 5922 1146 5986; baseline -0.009 0"><span class='ocrx_word' id='word_1_1007' title='bbox 612 5924 894 5986; x_wconf 66' lang='grc' dir='ltr'><strong><em>Ρλτιιοι..</em></strong></span> <span class='ocrx_word' id='word_1_1008' title='bbox 943 5922 1146 5986; x_wconf 67' lang='lat' dir='ltr'><strong><em>XLIX</em></strong></span> 
     </span>
    </p>
   </div>
   <div class='ocr_carea' id='block_1_131' title="bbox 2068 5752 3573 5891">
    <p class='ocr_par' dir='ltr' id='par_1_131' title="bbox 2068 5752 3573 5891">
     <span class='ocr_line' id='line_1_131' title="bbox 2068 5752 3529 5876; baseline -0.011 -63"><span class='ocrx_word' id='word_1_1009' title='bbox 2068 5775 2101 5813; x_wconf 85' lang='lat' dir='ltr'><strong><em>tt</em></strong></span> <span class='ocrx_word' id='word_1_1010' title='bbox 2130 5758 2302 5812; x_wconf 82' lang='lat' dir='ltr'><strong><em>decem</em></strong></span> <span class='ocrx_word' id='word_1_1011' title='bbox 2335 5771 2592 5810; x_wconf 87' lang='lat' dir='ltr'><strong><em>annorum</em></strong></span> <span class='ocrx_word' id='word_1_1012' title='bbox 2621 5752 2820 5823; x_wconf 81' lang='lat' dir='ltr'><strong><em>(ludio.</em></strong></span> <span class='ocrx_word' id='word_1_1013' title='bbox 2852 5752 2933 5876; x_wconf 56' lang='lat' dir='ltr'><strong><em>t3.</em></strong></span> <span class='ocrx_word' id='word_1_1014' title='bbox 3201 5819 3212 5831; x_wconf 41' lang='grc'><strong><em>⁸</em></strong></span> <span class='ocrx_word' id='word_1_1015' title='bbox 3278 5819 3289 5830; x_wconf 45' lang='lat'><strong>.</strong></span> <span class='ocrx_word' id='word_1_1016' title='bbox 3518 5816 3529 5827; x_wconf 32' lang='grc' dir='ltr'>ι</span> 
     </span>
     <span class='ocr_line' id='line_1_132' title="bbox 2068 5824 3573 5891; baseline -0.007 -5"><span class='ocrx_word' id='word_1_1017' title='bbox 2068 5830 2244 5885; x_wconf 65' lang='grc' dir='ltr'><strong><em>’Βωο</em></strong></span> <span class='ocrx_word' id='word_1_1018' title='bbox 2282 5825 2597 5891; x_wconf 85' lang='lat' dir='ltr'><strong><em>similitudo.</em></strong></span> <span class='ocrx_word' id='word_1_1019' title='bbox 2657 5826 2784 5880; x_wconf 89' lang='lat' dir='ltr'><strong><em>licet</em></strong></span> <span class='ocrx_word' id='word_1_1020' title='bbox 2819 5824 2868 5877; x_wconf 91' lang='lat' dir='ltr'><strong><em>vi</em></strong></span> <span class='ocrx_word' id='word_1_1021' title='bbox 2912 5829 3064 5875; x_wconf 90' lang='lat' dir='ltr'><strong><em>eatur</em></strong></span> <span class='ocrx_word' id='word_1_1022' title='bbox 3107 5830 3383 5891; x_wconf 76' lang='lat' dir='ltr'><strong><em>aptiss1ma</em></strong></span> <span class='ocrx_word' id='word_1_1023' title='bbox 3422 5827 3477 5873; x_wconf 86' lang='lat' dir='ltr'><strong><em>et</em></strong></span> <span class='ocrx_word' id='word_1_1024' title='bbox 3516 5832 3573 5875; x_wconf 81' lang='lat' dir='ltr'><strong><em>tu</em></strong></span> 
     </span>
    </p>
   </div>
   <div class='ocr_carea' id='block_1_132' title="bbox 3012 5910 3091 5975">
    <p class='ocr_par' dir='ltr' id='par_1_132' title="bbox 3012 5910 3091 5975">
     <span class='ocr_line' id='line_1_133' title="bbox 3012 5910 3091 5975; baseline 0 0"><span class='ocrx_word' id='word_1_1025' title='bbox 3012 5910 3091 5975; x_wconf 89' lang='lat'><strong>30</strong></span> 
     </span>
    </p>
   </div>
  </div>
