4078 6332
287 295 384 357 9H

1203 291 1544 352 COLLATIO
1577 283 1720 351 ιιιι.
1751 321 1825 338 --
1847 289 1938 350 DE
1974 287 2452 348 PROTECTIONE
2491 287 2624 352 DEI.

3431 297 3542 364 θῶ

283 419 364 476 vel
390 419 534 476 sicut
560 415 849 490 unicuique
875 415 993 486 ipse
1023 415 1251 488 partitus
1280 427 1382 486 est,
1425 419 1672 474 maluerit
1697 433 1853 474 exer-
1879 415 1933 484 Α
1956 415 2093 472 alios
2128 431 2258 472 vero
2293 417 2558 473 immensa
2593 413 2685 470 illa
2724 411 3118 472 beneﬁciorum
3137 413 3345 474 Christi
3385 417 3544 495 ειη..

281 529 418 576 cere,
467 511 792 568 Credeutem
839 525 1070 580 namque
1114 509 1258 582 quod
1307 511 1372 566 ad
1417 511 1854 574 emundatiouem

279 605 442 674 lepra:
470 619 585 660 sum
614 603 863 658 voluntas
901 599 1098 658 Christi
1129 601 1242 658 sola
1276 601 1578 668 sufficeret.
1617 607 1733 662 solo
1763 620 1858 661 vo-

279 697 504 751 luntatis
525 712 636 750 sua:
658 695 866 750 curavit
893 709 1142 762 assensu,
1167 695 1353 750 dicens
1383 715 1396 750 :
1428 695 1584 764 Volo,
1609 697 1858 752 mundare

275 787 497 858 (.lfatth.
531 786 666 856 vni).
701 785 866 841 Alteri
900 785 1214 855 deprecanti
1239 793 1296 840 ut
1324 786 1616 842 adveniens
1645 803 1744 857 per
1765 787 1858 844 im-

279 879 602 946 positionem
644 893 835 932 manus
860 891 976 932 sua:
1003 875 1308 933 defunctam
1343 877 1507 933 filiam
1547 881 1853 946 suscitaret,

277 971 558 1040 ingressus
589 967 804 1024 domum
833 969 973 1037 ejus,
999 967 1188 1024 eodem
1219 969 1380 1024 modo
1409 985 1515 1040 quo
1547 969 1638 1025 ille
1665 986 1854 1041 spera-

275 1069 444 1126 verat,
487 1059 539 1114 id
570 1059 712 1130 quod
759 1059 1044 1130 rogabatur
1091 1059 1310 1116 indulsit
1357 1057 1568 1133 (Matth.
1601 1065 1706 1132 Ix).
1748 1063 1854 1119 Alii

273 1151 518 1208 credenti
553 1165 814 1208 summam
841 1153 1030 1207 salutis
1062 1151 1114 1208 in
1151 1153 1300 1210 verbi
1329 1153 1444 1224 ejus
1475 1153 1856 1224 prtedicatione

271 1243 596 1316 consistere,
631 1259 694 1300 ac
717 1241 1083 1315 reSpondenti,
1115 1243 1213 1300 Dic
1236 1253 1430 1300 tantum
1459 1247 1609 1301 uerbo
1630 1255 1676 1302 et
1704 1263 1852 1301 sana-

273 1337 409 1390 bitur
439 1353 570 1404 puer
607 1353 746 1392 meus
770 1335 986 1412 (Matth.
1023 1337 1119 1406 ut),
1153 1353 1248 1408 per
1277 1337 1541 1394 sermonis
1567 1337 1853 1408 imperium

271 1427 544 1482 resolutos
595 1437 744 1482 artus
785 1429 1014 1497 pristino
1057 1431 1254 1485 robore
1298 1429 1576 1495 solidavit,
1626 1429 1850 1486 dicens:

276 1517 424 1572 Vade
453 1527 502 1572 et
531 1519 660 1573 sicut
687 1519 972 1580 credidisti.
1016 1519 1110 1589 ﬁat
1136 1521 1226 1574 tibi
1256 1519 1470 1592 (Ibid).
1505 1521 1641 1578 Aliis
1667 1522 1734 1577 de
1775 1529 1855 1576 ta—

269 1621 358 1664 ctu
401 1609 630 1665 fimbriae
679 1609 795 1680 ejus
833 1613 1174 1678 Sperantibus
1221 1611 1566 1680 medicinam,
1617 1611 1850 1668 ubertim

265 1703 518 1756 sanitatis
561 1701 698 1756 dona
733 1703 960 1772 largitus
991 1711 1093 1760 est.
1145 1703 1387 1759 Aliorum
1435 1703 1640 1760 morbis
1669 1703 1850 1760 mede-

1958 523 2050 564 sus
2081 511 2151 564 ita
2183 509 2428 564 obturata
2461 515 2566 576 est,
2593 517 2652 563 ut
2681 507 2894 563 dicatur
2922 527 2934 560 ι
2963 506 3030 562 Et
3059 523 3164 564 non
3191 519 3392 582 poterat
3407 515 3544 572 tuter

1957 599 2075 655 illos
2103 599 2258 654 Iesus
2293 600 2463 668 facere
2491 601 2702 654 virtutes
2739 603 2950 671 promer
2979 600 3398 658 incredulitatem
3421 603 3544 661 itis-

1957 707 2072 745 rum
2097 689 2320 762 (Matth.
2337 693 2478 762 sm).
2507 691 2575 747 Et
2593 691 2666 746 ita
2687 693 2914 762 largitas
2937 692 3034 748 Dei
3061 693 3358 751 secundum
3379 709 3542 768 capa-

1957 783 2178 838 citatem
2209 783 2460 838 humanae
2501 779 2628 838 ﬁdei
2662 787 2822 839 etiam
2849 783 2966 855 ipsa
2989 783 3280 854 formatur,
3311 795 3374 844 ut
3416 789 3542 848 huic

1957 871 2176 942 quidem
2203 871 2369 940 dicat,
2405 875 2700 930 Secundum
2728 876 2886 945 ﬁdem
2911 885 3050 932 tuam
3071 878 3168 948 ﬂat
3203 879 3297 933 tibi
3322 879 3538 951 (Matth.

1957 965 2067 1038 ts);
2097 965 2174 1022 illi
2207 979 2358 1032 vero,
2395 965 2544 1021 Vade
2569 975 2616 1020 et
2641 970 2774 1021 sicut
2803 969 3066 1024 credidisti
3091 971 3182 1040 ﬁt
3206 971 3536 1043 tibi(latth.

1957 1061 2105 1128 vtn);
2140 1059 2230 1114 alii
2262 1069 2464 1122 autem,
2511 1057 2632 1112 Fiat
2657 1057 2748 1113 tibi
2785 1062 2918 1114 sicut
2961 1063 3042 1116 eis
3063 1059 3288 1132 (Matth.
3324 1064 3436 1135 sv),
3483 1075 3540 1122 et

1957 1163 2170 1204 rursum
2197 1149 2382 1214 alteri,
2421 1147 2582 1203 Fides
2616 1157 2710 1202 tua
2737 1157 2786 1204 te
2811 1151 3010 1204 salsam
3038 1151 3158 1220 fecit
3185 1151 3410 1222 (Matth.
3435 1155 3534 1226 ts).

2543 1259 2770 1318 CAPUT
2807 1257 2948 1318 XVI.

1992 1341 2071 1408 De
2099 1355 2270 1428 gratia
2309 1353 2427 1420 Dei,
2473 1369 2533 1408 eo
2559 1353 2700 1424 quod
2742 1353 2982 1476 humana:
3017 1353 3140 1424 ﬁdei
3169 1361 3502 1416 transcendat

2607 1439 2774 1476 αηακδ
2799 1439 2898 1476 ιω.

2607 1439 2898 1495 angustus.

2025 1523 2056 1556 ι
2075 1517 2246 1572 Nemo
2271 1523 2454 1572 autem
2488 1515 2722 1571 astimet
2743 1515 2860 1572 hac
2883 1533 2918 1572 a
2945 1517 3102 1574 nobis
3129 1519 3204 1574 ob
3232 1519 3336 1575 hoc
3369 1520 3540 1578 fuisse

1956 1609 2189 1680 prolata,
2217 1617 2277 1665 ut
2305 1609 2544 1664 nitamur
2571 1618 2820 1666 astruere
2839 1623 3107 1666 summam
3137 1613 3332 1669 salutis
3361 1612 3418 1668 in
3439 1628 3539 1669 no-

1955 1708 2082 1755 stra:
2123 1700 2248 1756 ﬁdei
2301 1700 2510 1756 ditioe
2559 1701 2894 1766 consistere;
2931 1702 3228 1756 secundum
3279 1718 3540 1773 quorum-

269 1793 377 1848 lam
403 1801 626 1864 rogatus
665 1793 909 1850 indulsit.
945 1795 1080 1852 Aliis
1103 1807 1450 1866 spontaneam
1475 1795 1718 1865 praestitit
1743 1811 1854 1851 me-
1884 1805 1930 1869 Β
1955 1793 2078 1850 dam
2125 1793 2414 1863 profanam
2449 1793 2782 1864 opinionem,
2829 1794 2922 1865 qui
2964 1801 3142 1850 totum
3177 1795 3353 1852 libero
3391 1797 3540 1854 arbi-

265 1885 524 1942 dirinam.
575 1889 726 1944 Alios
776 1887 1026 1946 hortatus
1071 1899 1154 1946 est
1203 1901 1260 1946 ut
1297 1901 1598 1960 sperarent,
1631 1889 1850 1956 dicens;

275 1979 362 2034 Vis
385 1999 546 2036 sanus
566 1983 684 2052 ﬁeri
709 1981 891 2052 (Joan.
922 1983 1019 2054 v)?
1050 1983 1183 2040 Aliis
1209 1999 1313 2038 non
1345 1983 1684 2054 sperantibus
1711 1985 1854 2038 ultro

264 2071 494 2143 ingessit
520 2075 797 2130 auxilium.
832 2077 1078 2132 Aliorum
1119 2077 1387 2133 desideria
1419 2077 1727 2149 priusquam
1757 2093 1854 2132 vo-

263 2165 460 2221 luntati
493 2181 684 2222 eorum
728 2169 1068 2226 satisfaceret
1097 2171 1418 2241 exploravit,
1454 2171 1680 2226 dicens:
1715 2171 1852 2239 Quid

262 2257 418 2312 ruitis
457 2267 512 2311 ut
553 2259 740 2330 faciam
794 2259 932 2314 vobis
976 2259 1191 2328 (Matth.
1247 2259 1380 2330 xx)?
1427 2261 1530 2316 Alii
1583 2261 1852 2332 ignoranti

261 2349 406 2402 viam
443 2363 548 2418 qua
579 2349 634 2404 id
669 2349 812 2420 quod
853 2351 1206 2421 concupierat
1251 2351 1539 2417 obtineret,
1579 2352 1846 2423 benignus

261 2441 507 2496 OSIcndit
551 2459 562 2490 τ
601 2425 688 2496 δί’
723 2443 1020 2508 credideris,
1074 2443 1340 2512 inquiens,
1393 2443 1581 2496 ridebis
1627 2444 1846 2514 gloriam

261 2533 360 2586 Dri
392 2532 573 2602 (Joan.
607 2529 710 2602 sti.
757 2533 904 2589 inter
933 2535 1068 2590 alios
1101 2536 1170 2588 ita
1215 2535 1468 2590 virtutem
1507 2537 1846 2590 curationum

261 2627 550 2684 afﬂuenter
571 2627 777 2694 effudit,
809 2639 864 2684 ut
881 2629 946 2684 de
971 2629 1048 2684 eis
1071 2629 1404 2700 evangelista
1430 2641 1842 2698 commemoret,

262 2719 334 2776 Et
359 2725 556 2777 curauit
585 2739 756 2778 omnes
783 2723 1056 2795 languidos
1092 2739 1267 2779 eorum
1293 2721 1510 2796 (Matth.
1539 2725 1671 2795 stv).
1705 2723 1850 2778 Inter

1957 1886 2060 1940 trlo
2111 1885 2478 1956 deputantes,
2533 1885 2766 1956 gratiam
2815 1885 2912 1942 Dei
2971 1887 3276 1956 dispensari
3339 1905 3539 1946 secun-

1953 1978 2078 2034 dum
2121 1979 2376 2034 meritum
2423 1979 2850 2050 uniuscujusque
2891 1979 3176 2036 deliniant.
3221 1981 3328 2038 Sed
3377 1983 3540 2038 abso-

1951 2072 2064 2133 luta
2087 2074 2244 2144 plane
2273 2071 2686 2144 pronuntiamus
2709 2072 3004 2138 sententia,
3035 2073 3204 2128 etiam
3228 2073 3540 2131 exuberare

1951 2170 2179 2239 gratiam
2205 2167 2296 2222 Dei
2334 2177 2390 2222 et
2419 2167 2722 2238 transgredi
2761 2165 3034 2222 Interdum
3066 2166 3318 2222 humanae
3345 2167 3540 2224 inlide-

1951 2260 2122 2316 litati-s
2167 2260 2464 2330 angustias.
2504 2258 2658 2326 Quod
2709 2259 2764 2314 in
2815 2257 2908 2312 illo
2959 2257 3282 2328 evangelica
3331 2259 3532 2315 factum

1951 2351 2120 2407 fuisse
2145 2351 2332 2421 regulo
2357 2349 2757 2406 reminiscimur
2777 2391 2794 2418 ,
2819 2351 2913 2420 qui
2953 2351 3084 2406 dum
3123 2350 3334 2408 facilius
3362 2353 3540 2409 credit

1953 2449 2306 2514 aegrotantem
2334 2443 2502 2498 filium
2551 2457 2708 2499 suum
2741 2457 2900 2512 posse
2949 2443 3160 2508 curari,
3197 2458 3360 2514 quam
3389 2461 3538 2502 mor-

1953 2547 2100 2592 tuum
2125 2537 2760 2608 suscitari,prmsentiam
2784 2535 2996 2591 Domini
3019 2535 3534 2608 festinusimplorat,

1951 2629 2138 2686 dicens
2169 2649 2182 2683 :
2217 2629 2437 2684 Domine
2458 2673 2474 2700 ,
2507 2630 2752 2684 descende
2785 2629 3084 2700 priusquam
3120 2631 3372 2685 moriatur
3399 2631 3538 2700 ﬁlius

1951 2739 2092 2780 meus
2109 2725 2290 2798 (Jaan.
2319 2725 2417 2798 tv).
2437 2725 2602 2796 Cujus
2629 2723 3001 2782 inﬁdelitatem
3027 2724 3152 2782 licet
3172 2725 3256 2782 his
3269 2725 3536 2781 sermoni-

1329 2857 1582 2914 ALARDI
1621 2831 1855 2916 GAZASI
1892 2827 2458 2918 COMMENTARIUS.

263 2965 362 3002 nos
399 2965 548 3020 posse
573 2949 852 3018 aﬂirmant,
894 2949 1079 3018 absque
1119 2949 1500 3004 illuminatione
1533 2960 1587 3020 et
1620 2951 1842 3020 incpira-

261 3021 407 3076 lione
442 3019 671 3088 Spiritus
699 3022 882 3073 sancti.
913 3021 1079 3090 Quam
1120 3023 1438 3075 sententiam
1475 3019 1630 3074 iidem
1657 3019 1844 3075 Patres

265 3093 482 3158 plenius
514 3091 782 3159 explicant
818 3097 990 3159 capite
1019 3093 1229 3152 ultimo,
1257 3099 1585 3154 asserentes,
1617 3105 1708 3144 nos
1729 3105 1842 3144 cre-

261 3163 388 3214 dere
413 3161 596 3216 debere
617 3163 755 3230 quod
777 3179 866 3232 per
887 3173 1151 3234 peccatum
1175 3164 1324 3226 primi
1350 3163 1582 3234 hominis
1603 3165 1674 3216 ita
1697 3163 1844 3234 intrii-

261 3243 450 3284 atatunt
470 3243 515 3286 et
535 3243 852 3288 attenuatum
871 3233 1024 3300 fuerit
1045 3234 1258 3287 liberum
1275 3233 1566 3296 arbitrium,
1592 3241 1644 3286 ut
1668 3233 1843 3288 nullus

261 3313 448 3376 postea
479 3305 532 3356 in
563 3303 730 3376 Deum
766 3307 971 3358 credere
1009 3305 1186 3376 possit,
1221 3305 1318 3357 nisi
1345 3304 1652 3376 gratiarum
1678 3311 1724 3356 et
1753 3307 1842 3376 mi-

263 3360 554 3427 iericordia
578 3375 750 3428 divina
775 3360 1095 3442 praecurrit.
1125 3360 1373 3440 Idemque
1397 3375 1558 3427 variis
1584 3375 1842 3443 exemplis
1870 3360 1912 3422 (ἶ

259 3453 324 3496 et
347 3446 672 3499 testimoniis
709 3447 998 3514 Scriptum.
1027 3447 1324 3500 declarant.
1351 3445 1452 3498 Cui
1477 3445 1736 3500 doctrinae
1764 3446 1840 3500 in-

263 3516 542 3570 haerentes
589 3517 775 3572 Patres
813 3519 1026 3572 concilii
1065 3515 1364 3572 Tridentiui
1407 3531 1542 3572 sess.
1590 3517 1620 3568 6
1649 3531 1768 3569 can.
1813 3517 1846 3572 5

261 3587 602 3656 attatltemate
638 3587 905 3654 damnant,
937 3589 982 3640 si
1008 3589 1120 3654 quis
1161 3588 1346 3642 dixerit
1383 3587 1492 3640 sine
1513 3587 1848 3656 praeveniente

265 3655 506 3730 Spiritus
545 3657 710 3712 sancti
736 3659 1075 3730 inspiratione
1109 3669 1254 3726 atque
1284 3655 1846 3730 adjutoricdhominem

262 3729 476 3801 credere
501 3743 668 3797 posse,
693 3727 827 3801 sicut
844 3739 1040 3801 Oportet
1065 3744 1081 3782 :
1105 3730 1244 3798 quod
1279 3727 1380 3781 non
1412 3737 1492 3782 εει
1517 3727 1844 3801 aliudquam

259 3799 496 3854 credere
532 3801 636 3854 fide
661 3797 984 3868 Christiana,
1023 3797 1136 3854 sive
1167 3801 1450 3860 catholica.
1485 3813 1588 3852 non
1621 3797 1724 3852 fide
1751 3803 1846 3852 hu-

265 3885 454 3940 mana,
479 3881 574 3926 aut
595 3887 936 3940 quocumque
957 3887 1182 3926 as~cnsu
1203 3887 1383 3928 rerum
1406 3871 1730 3930 divinarum,
1757 3869 1845 3938 qui

271 3956 384 3994 non
426 3939 683 3996 innitatur
715 3939 898 4012 primae
926 3943 1172 4012 veritati,
1206 3943 1298 3997 sed
1338 3943 1422 3996 vel
1469 3941 1842 4009 experientiae,

267 4011 362 4082 vel
385 4011 934 4082 cuicumque’rationl
965 4013 1234 4074 humanm,
1266 4013 1568 4080 cujusmodi
1600 4013 1762 4082 etiam
1790 4013 1842 4066 in

263 4081 690 4138 dattnonibus’et
725 4085 776 4136 iu
811 4083 1117 4136 infidelibus
1149 4083 1280 4137 fides
1311 4084 1597 4154 reperitur.
1633 4081 1772 4135 Nam
1798 4093 1844 4136 et

263 4155 528 4208 da'mones
578 4154 794 4208 credunt
833 4163 880 4207 et
926 4157 1338 4220 contremiscunt,
1382 4157 1462 4208 ait
1501 4155 1564 4208 D.
1610 4154 1844 4208 lacubus

267 4221 414 4294 (Jac.
447 4235 530 4290 ιι).
573 4225 727 4292 Quod
775 4235 954 4278 autem
980 4229 1189 4294 attinet
1235 4224 1300 4278 ad
1330 4225 1474 4278 illam
1523 4225 1842 4292 particulam

261 4293 897 4374 ﬁgrabolm‘evaugelicm
923 4311 938 4374 ξ
969 4293 1256 4374 Unicuique
1273 4297 1560 4374 secundum
1581 4297 1844 4366 propriam

263 4365 504 4438 girtutem
551 4365 768 4437 (Matth.
811 4365 967 4438 xxv),
1023 4365 1244 4438 optime
1271 4365 1336 4420 D.
1389 4365 1748 4438 Hieronymus
1791 4375 1846 4420 et

261 4431 412 4490 Beda
453 4431 575 4492 eam
625 4431 1075 4508 interpretantur,
1125 4445 1184 4490 ut
1234 4437 1374 4492 idem
1421 4438 1511 4502 sit,
1553 4431 1638 4502 ac,
1683 4445 1842 4506 prout

289 4509 494 4578 [nisque
527 4524 586 4564 se
615 4509 681 4564 ad
729 4509 1087 4576 recipiendam
1123 4511 1347 4578 gratiam
1387 4509 1556 4578 magis
1597 4509 1842 4562 minusve

309 4581 527 4645 isponit,
577 4581 747 4644 gratia
790 4579 1000 4634 scilicet
1041 4579 1132 4634 Dei
1185 4580 1547 4648 prmvenleute
1591 4589 1645 4632 et
1689 4579 1842 4648 adju-

261 4657 444 4720 Vaute,
479 4661 540 4704 ut
569 4649 726 4705 docet
763 4649 1050 4704 concilium
1080 4651 1456 4706 Tridentinum
1489 4649 1657 4720 (Susa.
1691 4649 1744 4714 6,
1792 4667 1837 4702 c.

267 4721 306 4794 ξ
338 4721 507 4794 e16).
545 4721 658 4776 Hoc
687 4725 832 4775 enim
881 4723 1312 4794 ecclesiasticum
1344 4729 1426 4774 est
1454 4721 1669 4794 (iugum,
1715 4721 1840 4794 licet
1869 4735 1918 4794 ιι)

261 4783 510 4862 bmretici
543 4801 865 4860 repugnent,
891 4807 996 4856 quo
1036 4793 1262 4862 quisque
1295 4793 1492 4858 majori
1529 4783 1726 4846 ‘lidevet
1753 4791 1836 4846 di—

263 4857 500 4933 l_ertione
538 4857 1149 4930 sead‘justificatintiem
1178 4857 1437 4930 iliSjtonit,
1481 4879 1544 4917 eo
1577 4863 1836 4933 majorem

261 4927 358 4986 Dei
400 4935 632 5002 gratiam
673 4927 880 4987 infundi
911 4950 924 4986 :
951 4933 1246 4988 dummodo
1269 4927 1402 4988 'htcc
1439 4933 1592 4998 fides,
1625 4927 1680 4988 ei
1707 4935 1842 4990 dile-

259 5005 405 5074 ctio,
435 5016 491 5058 et
519 5018 876 5074 quaecumque
913 5003 1014 5058 alia
1040 5003 1347 5074 disp05lli0,
1380 5007 1570 5074 eerei
1613 5005 1757 5058 dono
1787 5015 1844 5062 et

260 5071 467 5144 auxilio
495 5071 620 5130 eése
644 5084 989 5142 agnoscatur,
1019 5071 1178 5144 eique
1207 5087 1422 5142 accepta
1449 5073 1672 5130 feratur.
1706 5075 1842 5132 Hinc

257 5139 330 5215 ι).
360 5143 596 5200 Thomas
625 5139 706 5199 ad'
733 5139 1102 5214 olijectiouetn
1131 5147 1276 5200 illam
1316 5139 1418 5200 sibi
1451 5161 1512 5199 ex
1548 5145 1842 5215 Evangelio

257 5213 570 5290 factatn‘ita
606 5217 900 5290 rependet
935 5215 1080 5290 (2-2,
1121 5231 1171 5290 q.
1217 5216 1305 5282 Ἡ,
1343 5235 1392 5268 a.
1425 5217 1482 5290 5)
1514 5235 1524 5267 :
1557 5213 1844 5290 Dicendum

257 5288 400 5358 quod
429 5285 528 5340 illa
565 5287 752 5351 uirtus,
789 5288 1068 5342 secundum
1095 5285 1245 5358 quam
1289 5303 1382 5342 sua
1413 5285 1550 5340 dena
1585 5287 1723 5358 Deus
1753 5288 1842 5342 dat

256 5356 558 5430 unicuique,
606 5367 678 5411 est
720 5359 1009 5428 dispositio,
1062 5356 1139 5412 rei
1170 5361 1480 5430 pra'pnratt'o
1527 5357 1838 5430 pt'teeedens,

255 5425 376 5502 βίῳ
406 5425 628 5502 conatus
653 5425 874 5502 gratiam
897 5425 1224 5502 accipientis;
1259 5425 1706 5502 s'edkhanr'etiam
1737 5430 1842 5483 dis-

257 5499 574 5564 positionem
625 5497 701 5551 vel
756 5497 1019 5554 conatum'
1055 5504 1296 5568 pra'venit
1339 5499 1566 5566 Spiritus
1610 5509 1842 5564 structus,

257 5581 462 5642 mouens
505 5578 728 5623 mentem
765 5569 1012 5636 hominis,
1043 5571 1122 5626 vel
1149 5572 1288 5642 plus,
1334 5573 1410 5624 uel
1435 5573 1620 5638 minus,
1663 5587 1842 5623 set-une

256 5637 382 5692 dum
413 5655 562 5694 suam
595 5642 926 5710 voluntatem,
963 5649 1068 5695 rte.

330 5713 358 5743 ⁸
386 5710 692 5775 Sollicitus,
726 5721 784 5764 ut.
811 5723 1050 5778 apparet,
1085 5721 1138 5766 et
1169 5713 1364 5765 anxius
1396 5709 1654 5775 Collator,
1687 5726 1754 5764 ne
1779 5725 1846 5764 ex

251 5781 372 5838 llis
395 5784 622 5852 scriptis
652 5783 1071 5839 convinceretur
1101 5799 1220 5838 cum
1251 5783 1467 5853 Pelagio
1497 5782 1698 5837 sentire
1725 5795 1852 5852 grtia

1947 2951 2071 3004 tiam
2109 2951 2198 3004 Dei
2229 2949 2526 3006 secundum
2576 2949 2764 3005 merita
2808 2960 2991 3006 nostra
3023 2947 3179 3016 dari;
3212 2961 3268 3010 et
3307 2955 3538 3016 proinde

1944 3021 2176 3090 gratiam
2209 3037 2314 3076 non
2350 3031 2470 3076 esse
2516 3023 2742 3092 gratiam
2769 3063 2784 3088 ,
2815 3023 2955 3088 quod
2985 3027 3100 3076 tam
3128 3021 3422 3078 absurdum
3455 3029 3536 3079 vi.

1945 3105 2067 3146 sum
2110 3101 2194 3148 est
2245 3092 2535 3164 Patribus,
2569 3102 2626 3164 nt
2655 3093 2710 3146 iu
2759 3093 2992 3148 concilio
3042 3093 3332 3150 Palaestino
3373 3096 3540 3164 (quod

1988 3165 2182 3218 rimum
2211 3173 2396 3220 contra
2423 3163 2696 3232 Pelagium
2725 3164 3058 3220 celebratum
3099 3165 3202 3234 est)
3231 3165 3348 3234 ipse
3375 3163 3536 3222 etiam

1992 3233 2194 3304 elagius
2221 3279 2247 3304 ,ν
2271 3235 2398 3288 licet
2429 3235 2551 3288 ficte
2594 3244 2650 3289 et
2678 3235 2927 3290 simulate
2953 3279 2966 3296 .
2999 3233 3132 3304 illud
3163 3233 3538 3304 damnaverit;

1947 3303 2146 3372 duplici
2173 3303 2506 3372 sultterf'ugio
2528 3319 2587 3358 se
2615 3319 2881 3359 excusare
2912 3303 3102 3358 nititur
3127 3323 3140 3358 :
3173 3307 3368 3374 primo,
3395 3303 3537 3377 quod

1949 3389 2052 3429 non
2074 3377 2270 3430 dixerit
2293 3377 2482 3430 salutis
2507 3385 2712 3430 nostra:
2735 3391 2998 3429 summam
3025 3377 3362 3446 (quam-alias
3385 3389 3542 3432 vocat

1951 3447 2338 3515 perfectionem
2391 3445 3148 3516 consummalienemque)’in
3197 3459 3387 3504 nostra:
3417 3451 3540 3514 ﬁdei

1949 3519 2139 3586 ditione
2167 3519 2466 3581 consistere,
2497 3517 2600 3570 hoc
2629 3525 2712 3570 est
2741 3519 2790 3569 in
2819 3517 2923 3572 fide
2949 3533 3108 3586 quam
3132 3533 3194 3571 ex
3219 3518 3374 3572 nobis
3407 3519 3538 3586 ipsis

1946 3585 2473 3658 baberepossimus,
2507 3588 2656 3654 quasi
2695 3595 2864 3658 totum
2908 3585 3101 3658 salutis
3137 3597 3340 3642 noStra:
3370 3585 3540 3658 nego-

1945 3659 2078 3711 tium
2111 3657 2281 3712 libero
2309 3659 2536 3712 arbitrio
2574 3657 2887 3720 ascriberet,
2933 3657 3029 3712 sed
3059 3658 3286 3727 gratiam
3313 3657 3536 3713 omnino

1949 3731 2308 3782 necessariam
2341 3739 2594 3797 gnoscat
2645 3727 2712 3782 ad
2761 3729 3150 3798 perfectionem
3202 3738 3260 3784 et
3303 3729 3532 3786 salutem

1945 3799 2410 3868 consequendam;
2445 3797 2717 3868 secundo,
2743 3797 2884 3866 quod
2928 3799 3171 3854 eamdem
3202 3801 3426 3868 gratiam
3456 3799 3536 3854 fa-

1947 3867 2530 3940 teatur’saepenumero
2559 3867 2845 3940 excedere,
2903 3881 2956 3924 et
2993 3867 3250 3939 stuperare
3279 3871 3530 3926 meritum

1947 3939 2074 3994 fidei
2104 3939 2302 3994 nostrae
2326 3980 2341 4006 ,
2387 3941 2534 4008 quod
2553 3939 2793 4010 pluribus
2813 3941 3108 4007 Scriptura:
3137 3941 3404 4008 exemplis
3437 3943 3532 3996 de-

1945 4012 2132 4066 claret.
2167 4011 2236 4065 At
2257 4019 2444 4064 contra
2467 4020 2754 4082 utramque
2780 4011 3316 4068 escusatiouemtria
3346 4012 3533 4082 objicit

1947 4083 2200 4152 Prosper,
2231 4083 2428 4151 quibus
2459 4083 2631 4149 ipsum
2674 4084 2911 4136 ostendit
2957 4082 3010 4136 iu
3041 4083 3218 4152 illam,
3250 4097 3407 4151 quam
3439 4099 3536 4138 vo-

1944 4163 2066 4216 cat,
2090 4151 2374 4225 pro/mm
2403 4153 2744 4225 opinionem,
2779 4155 2880 4208 hoc
2905 4162 3022 4216 est,
3069 4151 3266 4222 dogma
3297 4152 3530 4223 Pelagii,

1946 4223 2106 4288 velit,”
2125 4227 2280 4290 nolit,
2309 4223 2579 4279 incidere:
2611 4223 2666 4278 l'
2687 4225 2842 4290 Quod
2861 4225 2962 4280 etsi
2987 4237 3094 4277 non
3117 4225 3528 4292 perfectionem,

1943 4301 2126 4350 tamen
2159 4295 2367 4349 initium
2401 4295 2590 4350 salutis
2633 4309 2702 4350 es
2735 4295 2889 4348 nobis
2925 4309 3046 4349 esse
3073 4293 3358 4358 docuerit,
3385 4295 3532 4363 quod

1945 4367 2158 4436 quidem
2190 4365 2388 4420 sufficit
2431 4375 2490 4419 ut
2531 4369 2702 4436 gratia
2753 4366 2964 4420 dicatur
2999 4365 3300 4420 secundum
3337 4367 3530 4419 merita

1943 4449 2126 4490 nostra
2157 4439 2298 4492 dari.
2331 4437 2542 4490 Initium
2563 4437 2706 4490 enim
2729 4437 2924 4490 salutis
2949 4436 3034 4490 vel
3066 4436 3384 4504 intelligitur
3411 4436 3531 4504 ipsa

1944 4506 2098 4568 fides.
2129 4507 2252 4574 quia
2281 4519 2360 4562 est
2393 4507 2802 4576 fundamentum
2825 4515 2882 4559 et
2907 4506 3124 4560 initium
3155 4507 3318 4560 totius
3359 4505 3528 4576 justi-

1944 4579 2236 4644 flcatiouis,
2266 4589 2320 4630 ut
2341 4579 2547 4648 ductant
2567 4577 2752 4648 Patres
2777 4575 3078 4648 Tridentini
3099 4591 3236 4630 sess.
3259 4576 3295 4631 6
3318 4575 3438 4648 cap.
3471 4578 3530 4646 8,

1943 4653 2028 4703 vel
2055 4650 2169 4718 ipse
2191 4649 2414 4702 affectus
2437 4655 2492 4700 et
2519 4646 2844 4718 desiderium
2873 4647 3084 4718 salutis,
3116 4661 3211 4715 per
3227 4649 3372 4718 quod
3387 4646 3528 4716 ‘gra-

1945 4717 2098 4786 tiam,
2126 4733 2229 4789 qua
2259 4719 2548 4789 salvemur,
2581 4717 2951 4786 impetramus.
2983 4717 3168 4786 Itaque
3197 4717 3410 4772 initium
3443 4731 3534 4770 sa-

1945 4791 2070 4844 lutis
2113 4787 2236 4844 esse
2269 4804 2336 4842 ex
2373 4787 2557 4850 nobis,
2587 4799 2669 4840 est
2717 4801 2878 4854 posse
2925 4801 3022 4841 uos
3073 4789 3270 4842 mereri
3319 4789 3528 4843 donum

1943 4859 2089 4920 ﬁdei,
2122 4869 2178 4914 et
2197 4859 2376 4926 reipsa
2403 4858 2662 4928 consequi
2691 4858 2860 4926 ipsam
2889 4857 3072 4922 fidem,
3103 4857 3376 4928 credendo
3410 4858 3532 4928 sine

1946 4933 2146 4986 auxilio
2159 4935 2342 5002 gratiae
2370 4927 2600 5002 Dei;vel
2617 4943 2778 5002 posse
2799 4928 3096 5002 concipere
3113 4927 3314 5002 serium
3341 4927 3536 4985 salutis

1945 4997 2294 5064 desiderium,
2325 5015 2434 5068 quo
2460 4997 2688 5069 gratiam
2727 4997 3132 5069 justiticationis
3178 4998 3532 5068 impetremus

1943 5083 2000 5128 et
2048 5087 2385 5132 mereamur,
2433 5073 2624 5125 saltem
2669 5070 2740 5126 de
2783 5083 3054 5140 congruo,
3097 5077 3157 5140 ut
3191 5069 3394 5140 dictum
3425 5079 3528 5126 est.

1943 5145 2010 5198 2°
2037 5143 2193 5211 Quod
2234 5141 2430 5196 dixerit
2475 5139 2907 5208 centurionem,’
2931 5141 3085 5208 cujus
3117 5139 3276 5211 fides
3313 5139 3536 5196 Domini

1945 5209 2080 5267 voce
2110 5213 2320 5266 laudata
2353 5221 2436 5266 est
2463 5211 2686 5281 (Matth.
2711 5211 2850 5281 vnt),
2877 5212 3076 5266 nullius
3105 5209 3222 5265 fore
3263 5210 3440 5266 laudis
3467 5225 3533 5266 ac

1947 5285 2157 5348 meriti,
2192 5285 2236 5338 si
2267 5284 2317 5337 id
2347 5283 2400 5337 in
2444 5297 2514 5337 eo
2544 5284 2686 5338 Deus
2705 5284 2848 5353 quod
2899 5283 3016 5350 ipse
3059 5281 3356 5338 donaverat
3383 5295 3535 5353 com-

1946 5355 2284 5410 mendasset:
2339 5353 2480 5408 unde
2527 5351 2770 5422 sequitur
2814 5361 2982 5408 totum
3035 5353 3292 5407 meritum
3327 5351 3532 5422 infide

1947 5427 2166 5496 propria
2193 5467 2206 5490 ,
2257 5439 2362 5478 non
2395 5441 2422 5478 a
2459 5424 2568 5478 Deo
2595 5421 2788 5478 donata
2817 5425 3136 5496 consistere.
3167 5423 3231 5478 5°
3259 5421 3536 5496 Quodcu-

1947 5491 2148 5568 periori
2167 5511 2284 5564 cap.
2302 5497 2514 5549 disertis
2533 5496 2714 5568 verbis
2736 5493 3028 5568 asseruerit
3043 5493 3208 5549 Deum
3230 5491 3530 5568 secundum

1949 5562 2304 5638 capacitatem
2371 5565 2790 5638 uniuscujusque
2837 5564 3062 5633 gratiam
3109 5578 3222 5638 suae
3273 5562 3534 5632 largitatis

1949 5635 2251 5710 impertire,
2281 5639 2422 5710 quod
2457 5635 2582 5704 quid
2613 5635 2862 5710 alludest
2893 5649 3050 5704 quam
3077 5635 3312 5704 gratim
3337 5645 3536 5690 secun-

1951 5704 2076 5765 dum
2105 5704 2592 5777 meritavcujusque
2617 5704 2774 5759 dari?
