4078 6332
533 208 640 275 983

1591 207 1866 267 JOANNIS
1902 205 2216 267 CASSIANI
2249 207 2737 271 COLLATIONES.

3701 215 3793 274 θα

533 331 638 390 bus
657 285 906 386 Christus
925 325 1341 401 argueritzNisi
1365 325 1515 398 signa
1533 331 1585 379 et
1609 325 1846 397 prodigia
1869 325 2114 395 videritis,
2144 331 2201 392 Α
2220 335 2354 383 rata:
2403 328 2594 385 salutis
2635 329 2877 402 praemiis
2915 329 3248 403 locupletarit
3268 372 3286 401 ,
3336 331 3551 392 dicente
3596 333 3792 394 Petro:

535 440 643 480 non
664 424 877 480 creditis
903 422 1083 498 (Joan.
1105 419 1204 492 ιν),
1229 429 1409 476 tamen
1439 418 1734 475 secundum
1759 420 2122 476 inﬁrmitatem

537 519 668 575 ﬁdei
696 517 836 589 ejus,
857 517 1086 588 gratiam
1113 529 1224 571 suae
1240 513 1539 571 divinitatis
1563 513 1828 579 exercuit,
1861 528 1962 570 nec
1985 529 2125 585 prte-

539 613 716 671 sentia
772 609 1089 682 corporali,
1143 607 1601 681 quemadmodum
1643 607 1739 662 ille
1779 606 2122 680 crediderat,

539 705 775 763 lethales
801 702 1031 759 febrium
1074 700 1297 756 morbos
1316 741 1332 767 ,
1379 699 1477 756 sed
1502 698 1672 755 verbo
1698 713 1811 754 sua:
1841 701 2129 768 potestatis

483 861 486 864 ,
542 797 1000 864 exclusit,dicens
1025 812 1039 850 :
1064 793 1230 861 Vade,
1258 794 1400 864 ﬁlius
1427 803 1543 848 tuus
1568 793 1686 847 uiuit
1713 789 1929 866 (Ibid.).
1953 791 2127 859 Quam

482 917 488 935 ι
541 890 1093 962 superabundantiam
1129 889 1339 959 gratiae,
1366 889 1528 943 etiam
1570 889 1625 942 in
1668 885 1816 941 illius
1845 885 2129 958 paralytici

541 987 826 1046 curatione
840 985 1125 1040 Dominum
1141 983 1368 1054 legimus
1378 981 1778 1050 eﬁ'udisse,cum
1793 985 1844 1037 ei
1858 980 2130 1051 languoris

543 1084 626 1137 sui
650 1091 857 1137 tantum
883 1093 992 1150 quo
1017 1091 1216 1148 corpus
1246 1077 1424 1132 fuerat
1447 1077 1743 1132 resolutum
1772 1075 2004 1131 remedia
2037 1086 2132 1146 po-

543 1175 740 1242 scenti,
765 1174 960 1228 anima:
985 1171 1132 1242 prius
1156 1171 1353 1241 ingerit
1377 1169 1716 1240 sospitatem,
1743 1168 1970 1224 dicens:
1993 1167 2130 1224 Con-

544 1276 688 1321 stans
713 1276 842 1332 esto,
872 1266 970 1334 ﬁli,
992 1265 1322 1319 dimittuntur
1342 1263 1432 1316 tibi
1450 1271 1660 1330 peccata
1683 1271 1770 1315 tua
1789 1259 2004 1333 (Matth.
2028 1260 2127 1333 lx).

548 1357 683 1414 Post
708 1357 851 1427 quod
871 1398 888 1424 ,
919 1371 1028 1412 non
1056 1354 1403 1412 credentibus
1453 1353 1655 1408 Scribis
1703 1365 1863 1422 posse
1897 1367 2021 1407 eum
2046 1367 2132 1408 re-

545 1451 764 1505 mittere
794 1449 1028 1504 bumana
1055 1455 1299 1518 peccata,
1323 1445 1388 1500 ad
1419 1443 1853 1501 contundendam
1882 1443 2134 1500 incredu-

550 1543 760 1598 litatem
781 1557 992 1608 eorum,
1040 1541 1203 1597 etiam
1234 1539 1473 1596 membra
1501 1538 1619 1609 ejus
1643 1538 1954 1610 paralyseos
1983 1538 2132 1593 vale-

2224 420 2505 492 Argentum
2529 435 2577 477 et
2617 439 2804 477 aurum
2842 440 2945 479 non
2973 433 3048 480 est
3087 426 3255 493 mihi;
3283 429 3419 498 quod
3445 436 3614 483 autem
3648 429 3794 486 habeo

2224 510 2321 566 hoc
2350 510 2444 566 tibi
2469 512 2535 566 do
2556 555 2571 580 ,
2602 514 2656 567 in
2687 515 2890 569 nomine
2919 515 3047 571 Jesu
3075 516 3272 572 Christi
3313 517 3581 576 Nazareni
3598 545 3620 588 ,τ
3659 537 3794 594 surge

2225 611 2275 658 et
2299 603 2510 658 ambula
2537 604 2737 676 (Actor.
2770 604 2873 677 tu).

2809 701 3039 759 CAPUT
3069 702 3230 761 XVII.

2529 793 2609 850 De
2632 797 2953 852 inscrutabili
2980 799 3361 872 dispensatione
3391 803 3504 860 Dei.

2300 893 2329 923 ι
2353 883 2460 942 Per
2484 885 2601 942 haec
2625 888 2793 958 igitur
2827 891 3076 961 exempla
3099 908 3221 962 quae
3243 894 3312 949 de
3336 894 3663 967 evangelicis
3687 913 3798 968 pro-

2229 976 2448 1034 tulimus
2485 982 2883 1052 monumentis,
2922 983 3331 1043 evidentissime
3376 993 3680 1058 poterimus
3719 994 3799 1048 ad-

2229 1078 2463 1138 vertere,
2492 1072 2724 1128 diversis
2751 1082 2915 1146 atque
2941 1076 3242 1135 innumeris
3265 1081 3440 1137 modis
3472 1093 3526 1139 et
3546 1085 3800 1140 inscruta-

2229 1158 2429 1217 bilibus
2449 1163 2572 1230 viis,
2589 1164 2761 1220 Deum
2781 1167 3011 1223 salutem
3029 1168 3249 1226 humani
3264 1174 3484 1242 generis
3499 1190 3797 1244 procurare,

2230 1263 2286 1311 et
2311 1257 2669 1326 quorumdam
2706 1260 2924 1330 quidem
2954 1263 3249 1320 volentium
3282 1274 3338 1321 et
3361 1268 3658 1323 sitientium
3696 1286 3803 1326 cur-

2229 1362 2350 1405 sum
2376 1349 2444 1404 ad
2467 1351 2725 1420 majorem
2747 1355 2978 1411 invitare
2998 1355 3376 1428 flagrantiam;
3399 1363 3663 1432 quosdam
3692 1380 3803 1422 vero

2231 1440 2395 1497 etiam
2443 1442 2693 1499 nolentes
2722 1445 3034 1518 invitusque
3062 1451 3414 1521 compellere,
3445 1463 3502 1509 et
3529 1470 3677 1511 nunc
3704 1458 3806 1527 qui-

2232 1533 2356 1590 dem
2376 1543 2438 1590 ut
2458 1536 2791 1606 impleantur
2807 1555 2875 1596 ea
2898 1557 3018 1612 qua:
3044 1545 3253 1600 utiliter
3279 1561 3310 1601 a
3331 1547 3488 1602 nobis
3513 1548 3806 1606 desiderata

553 1635 737 1691 tudine
778 1635 1015 1690 resoluta
1035 1676 1051 1700 ,
1077 1633 1362 1704 potestatis
1390 1646 1502 1687 suae
1541 1646 1793 1687 sermone
1811 1629 2131 1696 restrinxit,
2233 1630 2604 1699 perspexerit,
2634 1631 2918 1702 adjuvare;
2951 1651 3093 1693 nunc
3115 1652 3244 1694 vero
3273 1639 3434 1695 etiam
3461 1641 3634 1711 ipsius
3650 1643 3809 1700 sancti

549 1727 738 1784 dicens
763 1745 775 1780 :
805 1727 943 1794 Quid
968 1726 1202 1798 cogitatis
1230 1724 1370 1778 mala
1396 1725 1452 1778 in
1482 1722 1722 1778 cordibus
1743 1723 1922 1778 vestris
1944 1724 1967 1777 ?
1993 1722 2131 1791 Quid
2157 1715 2207 1776 B
2233 1721 2491 1777 desiderii
2531 1723 2796 1794 inspirare
2846 1727 3107 1798 principia
3131 1772 3146 1796 ,
3189 1738 3244 1786 et
3288 1732 3378 1786 vel
3427 1733 3644 1789 initium
3696 1736 3808 1792 boni

550 1831 626 1876 est
653 1821 862 1891 facilius
891 1820 1098 1874 dicere:
1146 1818 1506 1874 Remittuntur
1530 1818 1622 1872 tibi
1649 1827 1890 1888 peccata,
1937 1827 2025 1872 aut
2052 1817 2137 1872 di-

551 1931 662 1971 cere
685 1931 704 1970 :
735 1914 928 1986 Surge,
953 1923 1002 1968 et
1034 1913 1287 1967 ambula?
1319 1912 1388 1968 Ut
1413 1913 1584 1967 sciatis
1613 1922 1784 1968 autem
1810 1913 1932 1984 quia
1963 1911 2137 1969 Filius

551 2005 774 2060 hominis
803 2014 1098 2076 potestatem
1132 2003 1280 2058 habet
1319 2005 1376 2057 in
1402 2011 1542 2058 terra
1567 2004 1860 2059 dimittendi
1885 2013 2094 2074 peccata
2118 2044 2134 2072 ,

552 2106 675 2153 tunc
701 2098 774 2151 ait
812 2095 1105 2170 paralytico
1130 2113 1149 2152 :
1199 2095 1371 2168 Surge
1394 2139 1410 2164 ,
1442 2103 1490 2150 et
1517 2096 1639 2150 tolle
1659 2097 1845 2149 lectum
1878 2105 2022 2150 tuum
2044 2138 2058 2163 ,
2088 2105 2138 2151 et

549 2191 680 2247 vade
719 2191 773 2246 in
813 2191 1025 2246 domum
1050 2199 1189 2246 tuam
1220 2188 1436 2260 (lbid.).
1468 2190 1730 2247 Similiter
1758 2199 1939 2246 autem
1961 2192 2017 2246 in
2043 2190 2138 2246 illo

550 2286 643 2356 qui
664 2285 880 2356 triginta
901 2294 957 2340 et
983 2292 1108 2340 octo
1123 2299 1295 2340 annos
1319 2285 1472 2355 juxta
1499 2287 1782 2341 natatoriae
1803 2285 2135 2356 crepidinem

552 2377 750 2433 frustra
779 2376 1132 2443 decumbens,
1162 2376 1231 2432 de
1262 2391 1418 2446 aqua:
1456 2377 1600 2434 illius
1630 2387 1784 2434 motu
1822 2387 2139 2448 speraverat

553 2468 901 2539 medicinam,
925 2467 1352 2524 muniﬁcentiam
1381 2468 1644 2524 ultronea
1668 2469 1931 2539 largitatis
1955 2479 2139 2526 osten-

554 2561 654 2617 dit.
685 2560 818 2615 Nam
840 2575 964 2616 cum
985 2561 1177 2616 volens
1215 2575 1339 2616 eum
1367 2560 1435 2615 ad
1464 2561 1654 2615 salientis
1675 2561 1913 2617 remedia
1941 2578 2140 2630 provo-

552 2667 700 2720 care,
731 2652 962 2710 dixisset
987 2653 1039 2708 ei
1065 2671 1080 2708 :
1117 2652 1210 2707 Vis
1235 2669 1394 2707 sanus
1420 2653 1536 2723 ﬁeri
1557 2651 1737 2726 (Joan.
1771 2653 1865 2717 v)?
1893 2656 2140 2726 Cumque

553 2745 649 2801 ille
677 2744 746 2801 de
777 2745 996 2800 humani
1025 2744 1281 2815 adjutorii
1309 2745 1487 2815 inopia
1514 2754 1834 2815 quereretur
1856 2787 1875 2816 ,
1911 2762 1974 2802 ac
1993 2748 2140 2803 dice-

2236 1815 2419 1885 aperis
2442 1816 2528 1872 vel
2561 1820 3024 1886 perseverantiam
3053 1821 3385 1878 condonare.
3414 1823 3544 1879 inde
3569 1833 3658 1880 est
3685 1827 3810 1896 quod

2236 1918 2460 1964 orantes
2488 1924 2599 1966 non
2641 1911 2817 1966 solum
2847 1921 3212 1982 protectorem
3236 1929 3299 1970 ac
3327 1915 3661 1972 salvatorem
3681 1958 3695 1982 ,
3728 1918 3812 1972 sed

2236 2000 2402 2056 etiam
2431 2001 2733 2070 adjutorem
2773 2018 2838 2059 ac
2875 2014 3244 2074 susceptorem
3296 2007 3583 2063 Dominum
3614 2009 3813 2079 procla-

2236 2109 2469 2152 mamus.
2494 2094 2550 2150 ln
2573 2110 2641 2152 eo
2655 2097 2799 2152 enim
2819 2098 2964 2168 quod
2988 2098 3140 2168 prior
3164 2098 3416 2166 advocat,
3438 2109 3493 2155 et
3515 2101 3812 2170 ignorantes

2237 2202 2340 2242 nos
2361 2195 2526 2259 atque
2552 2189 2749 2246 invitos
2770 2190 2996 2246 attrahit
3017 2190 3086 2246 ad
3105 2191 3352 2258 salutem,
3367 2200 3650 2263 protector
3672 2203 3814 2264 atque

2235 2282 2474 2338 salvator
2516 2292 2633 2349 est;
2683 2284 2737 2338 in
2779 2298 2846 2340 eo
2892 2292 3072 2339 autem
3095 2284 3238 2354 quod
3272 2285 3648 2342 annitentibus
3675 2286 3816 2341 nobis

2238 2388 2398 2444 opem
2450 2375 2631 2441 ferre,
2688 2375 3128 2447 refugientesque
3175 2377 3457 2447 suscipere
3500 2393 3565 2433 ac
3615 2379 3815 2434 munire

2239 2469 2552 2534 consuevit,
2582 2477 2865 2539 susceptor
2892 2483 2958 2524 ac
2997 2468 3269 2540 refugium
3301 2471 3641 2526 nominatur.
3672 2472 3816 2526 Deni-

2239 2574 2345 2630 que
2373 2558 2515 2615 hanc
2543 2559 2966 2629 dispensationis
2996 2561 3093 2617 Dei
3130 2561 3483 2633 multiplicem
3513 2563 3817 2635 largitatem

2240 2651 2432 2707 beatus
2460 2652 2758 2722 Apostolus
2791 2663 2973 2709 mente
3021 2662 3358 2724 pertractans
3384 2664 3442 2712 et
3475 2656 3530 2711 in
3555 2655 3818 2726 quoddam

2241 2745 2564 2802 immensum
2592 2754 2756 2816 atque
2804 2747 3206 2803 interminabile
3235 2749 3452 2819 pietatis
3479 2748 3576 2805 Dei
3614 2749 3820 2820 pelagus

555 2846 678 2895 ret:
706 2836 983 2893 Hominem
1004 2853 1106 2892 non
1137 2837 1317 2903 habeo,
1349 2845 1407 2892 ut
1439 2854 1556 2892 cum
1577 2840 1780 2894 turbata
1799 2841 1954 2910 fuerit
1980 2857 2136 2912 aqua,

551 2933 723 2987 mittat
747 2947 828 2987 me
855 2932 910 2986 in
939 2932 1229 3002 piscinam;
1251 2931 1614 2986 incredulitati
1645 2933 1764 3001 ejus
1792 2945 1845 2988 et
1881 2934 2136 3003 ignoran-

2240 2851 2301 2894 se
2323 2837 2583 2894 incidisse
2610 2840 2971 2909 conspiciens,
3023 2839 3375 2900 exclamavit:
3417 2840 3462 2896 Ο
3492 2840 3727 2896 altitudo
3749 2841 3822 2895 dio

2239 2932 2494 2988 vitiarunt
2537 2933 2826 3002 sapientiae
2846 2941 2902 2988 et
2926 2932 3167 2989 scientia:
3196 2933 3332 3010 Dei!
3365 2948 3526 3004 quam
3562 2932 3824 2990 inscruta-

554 3026 644 3080 tize
671 3028 885 3080 veniam
909 3022 1173 3088 tribuens,
1214 3023 1454 3093 pristinae
1488 3037 1610 3078 eum
1639 3025 1881 3095 sanitati,
1914 3041 2020 3080 non
2047 3026 2138 3082 illa
2242 3023 2370 3078 bilia
2398 3033 2524 3079 sunt
2567 3024 2774 3094 judicia
2819 3025 2961 3095 ejus,
2995 3033 3053 3081 et
3079 3024 3486 3095 investigabiles
3528 3026 3640 3081 vim
3677 3025 3820 3095 ejus!

552 3133 659 3188 qua
687 3125 1001 3188 speraverat
1020 3117 1128 3182 via,
1159 3118 1255 3171 sed
1283 3131 1387 3187 qua
1427 3115 1684 3174 Dominus
1711 3118 1882 3173 voluit
1913 3121 2139 3174 misera-
2166 3095 2214 3160 (ἶ
2243 3119 2375 3187 Quis
2394 3120 2538 3176 enim
2569 3119 2825 3190 cognovit
2853 3133 3074 3174 sensum
3104 3119 3320 3175 Domini
3361 3118 3539 3191 (Rom.
3571 3119 3697 3192 xi)?
3725 3119 3829 3174 liu-

553 3211 703 3265 tione
727 3209 985 3277 restituit,
1012 3209 1198 3265 dicens
1223 3225 1237 3263 :
1272 3208 1442 3281 Surge
1469 3250 1484 3275 ,
1533 3210 1653 3264 tolle
1683 3208 1873 3265 lectum
1895 3219 2062 3279 tuum,
2093 3221 2142 3268 et
2237 3213 2328 3284 jus
2351 3227 2480 3284 ergo
2509 3210 2754 3268 scientiae
2805 3211 3221 3268 admirationem
3273 3227 3434 3280 quam
3477 3211 3570 3267 ille
3627 3212 3745 3266 talis
3769 3225 3828 3265 ac

553 3306 682 3360 uade
708 3305 765 3360 in
783 3305 994 3360 domum
1022 3312 1165 3359 tuam
1188 3303 1240 3377 (I
1249 3304 1380 3374 bid.)
1407 3304 1476 3360 Et
1498 3304 1627 3374 quid
1659 3307 1853 3361 mirum
1880 3350 1895 3374 ,
1941 3307 1988 3362 si
2025 3307 2142 3363 haec
2249 3313 2431 3359 tantus
2456 3304 2698 3374 gentium
2721 3303 2978 3375 magister
3003 3304 3238 3375 expavit,
3261 3319 3524 3360 evacuare
3549 3305 3830 3360 conabitur

553 3397 772 3453 Domini
797 3403 1069 3468 potestate
1097 3404 1244 3467 gesta
1274 3406 1586 3464 narrantur,
1609 3411 1728 3452 cum
1750 3397 1948 3453 similia
1975 3399 2138 3455 etiam
2244 3397 2794 3468 quisquiscrediderit
2815 3398 2960 3454 illius
2978 3398 3375 3454 inaestimabilis
3398 3398 3579 3470 abyssi
3614 3397 3830 3470 profun-

554 3505 654 3560 per
676 3504 866 3546 servos
894 3504 1024 3546 suos
1053 3489 1232 3544 divina
1259 3491 1432 3561 gratia
1470 3489 1631 3546 fuerit
1661 3501 1882 3561 operata
1904 3493 1928 3548 ἳ
1953 3492 2140 3564 lngre-
2244 3489 2465 3544 ditatem
2499 3489 2732 3544 humana
2773 3490 2982 3544 ratione
3019 3503 3080 3544 se
3118 3503 3280 3560 posse
3323 3489 3526 3545 metiri.
3559 3488 3704 3544 Nam
3746 3485 3832 3559 qui

553 3582 832 3637 dientibus
854 3595 1088 3652 namque
1109 3582 1370 3652 templum
1392 3581 1553 3637 Petro
1575 3590 1631 3636 et
1657 3581 1886 3649 Joanne,
1909 3598 2031 3640 cum
2050 3585 2145 3642 ille
2247 3581 2313 3636 ad
2347 3581 2565 3651 plenum
2616 3581 3057 3653 dispensationes
3101 3581 3228 3650 Dei,
3276 3583 3470 3652 quibus
3516 3583 3750 3638 salutem
3780 3582 3830 3636 in

554 3676 780 3732 claudus
808 3690 876 3730 ex
914 3683 1071 3731 utero
1100 3675 1291 3729 matris
1318 3676 1411 3746 qui
1459 3689 1704 3745 gressum
1733 3676 1947 3746 penitus
1994 3677 2145 3747 igno-
2250 3674 2559 3729 hominibus
2583 3683 2864 3745 operatur,
2897 3673 2980 3729 vel
3002 3681 3182 3728 mente
3210 3674 3516 3744 concipere,
3547 3675 3640 3730 vel
3668 3673 3835 3729 disse-

555 3770 740 3835 rabat,
768 3769 1168 3838 eleemosynam
1203 3769 1542 3836 postularet;
1588 3768 1666 3823 illi
1709 3783 1816 3822 non
1865 3769 1991 3823 vilia
2033 3783 2141 3824 aera
2243 3781 2368 3822 rere
2397 3781 2457 3821 se
2485 3780 2646 3836 posse
2667 3764 2914 3830 conﬁdit,
2946 3764 3308 3834 proculdubio
3335 3765 3666 3834 impugnans
3690 3764 3833 3834 Apo-

555 3876 676 3930 quae
696 3860 958 3930 poscebat
990 3859 1241 3914 inﬁrmus
1263 3900 1280 3924 ,
1312 3859 1408 3914 sed
1437 3875 1656 3930 gressus
1682 3861 1864 3916 officia
1907 3861 2147 3931 largiun-
2247 3860 2457 3916 stolica:
2497 3859 2782 3914 sententiae
2810 3857 3094 3914 veritatem
3127 3856 3440 3916 scrutabilia
3469 3871 3600 3913 esse
3635 3855 3738 3912 Dei
3757 3855 3837 3926 ju-

557 3961 668 4022 tur,
713 3961 769 4010 et
797 3953 1134 4025 parvissimae
1177 3953 1338 4024 stipis
1377 3962 1681 4024 sperantem
1718 3954 1929 4023 solatia,
1964 3954 2144 4024 inspe-
2247 3954 2388 4010 dicia
2416 3963 2472 4009 et
2500 3953 2848 4022 vestigabiles
2891 3953 3007 4008 vias
3049 3952 3204 4023 ejus,
3250 3951 3471 4023 profana
3519 3949 3836 4024 pronuntia.

1605 4111 1861 4168 ALARDI
1899 4111 2133 4170 eam
2168 4078 2739 4171 communitis.

643 4227 976 4286 'Conclusio
1016 4237 1097 4283 est
1136 4236 1191 4284 et
1221 4226 1336 4282 fere
1375 4226 1679 4295 complexio
1714 4228 2136 4296 praecedentium

556 4316 824 4358 errorum.
853 4301 987 4354 Cum
1017 4298 1162 4354 enim
1191 4300 1450 4353 hactenus
1479 4298 1721 4352 docuerit
1748 4300 2008 4368 quosdam
2040 4314 2135 4354 na-

559 4384 694 4427 turae
720 4371 951 4436 meritis,
1001 4370 1259 4437 quosdam
1305 4370 1475 4439 gratia
1505 4369 1599 4423 Dei
1623 4369 1858 4434 salvari;
1889 4370 2001 4424 sive
2029 4371 2136 4425 ini-

2241 4229 2334 4286 Sic
2359 4230 2500 4286 enim
2549 4228 2917 4297 propositione
2969 4226 3157 4300 tertia,
3190 4226 3279 4281 ubi
3316 4226 3555 4283 admittit
3600 4229 3837 4300 aliquam

2240 4303 2446 4370 peccati
2497 4299 2911 4355 detestationem
2940 4298 3271 4370 et‘dolorem
3315 4313 3390 4370 ex
3428 4300 3556 4370 solo
3605 4298 3836 4355 naturali

2237 4367 2442 4440 judicio
2472 4381 2527 4426 et
2557 4371 2828 4438 facultate,
2857 4370 2946 4438 qui
2979 4367 3050 4424 sit
3076 4368 3287 4423 initium
3305 4367 3752 4437 justiticationis;
3783 4379 3837 4425 et

557 4445 694 4498 tium
723 4441 912 4496 salutis
934 4451 990 4495 et
1011 4444 1194 4510 gratia:
1222 4441 1278 4494 in
1305 4440 1618 4509 quibusdam
1649 4455 1713 4494 ex
1753 4441 1956 4494 viribus
1980 4441 2136 4496 liberi
2240 4442 2438 4497 ibidem
2459 4442 2656 4498 fatetur
2688 4442 2854 4496 Deum
2885 4441 3240 4510 quorumdam
3267 4453 3390 4495 esse
3433 4451 3838 4509 susceptorem.

557 4515 786 4578 arbitrii,
821 4513 874 4567 in
905 4513 1027 4566 aliis
1075 4527 1140 4566 ex
1172 4512 1545 4582 prmveniente
1586 4510 1683 4565 Dei
1712 4510 1914 4566 auxilio
1943 4527 2138 4581 prove-
2240 4513 2591 4583 quorumdam
2622 4527 2752 4568 vero
2783 4512 3102 4583 salvatorem
3107 4529 3136 4583 _:
3163 4510 3416 4583 quiathos
3439 4511 3675 4566 omnino
3706 4527 3840 4581 prae-

557 4587 696 4650 nire,
729 4597 1064 4653 consequens
1109 4579 1194 4638 est
1229 4583 1336 4637 duo
1377 4596 1497 4636 esse
1527 4596 1723 4651 genera
1772 4579 2048 4638 hominum
2080 4584 2136 4640 in
2169 4646 2205 4653 _
2239 4579 2427 4651 venit,
2469 4585 2537 4637 ab
2569 4584 2688 4638 aliis
2714 4583 3042 4653 praevenitur
3069 4579 3225 4651 (Gab.
3282 4579 3510 4652 Vasquez
3537 4585 3593 4636 in
3641 4598 3661 4637 ι
3698 4579 3833 4653 part.

558 4646 822 4721 Ecclesia,
846 4646 1013 4735 unum
1037 4669 1226 4707 eorum
1257 4654 1346 4722 qui
1369 4646 1616 4735 volentes
1640 4664 1693 4708 et
1719 4655 1998 4735 spontanei
2017 4656 2133 4735 sal-
2169 4646 2216 4706 Ι)
2240 4656 2375 4727 disp.
2414 4646 2492 4735 ’.91
2547 4670 2667 4735 cap.
2717 4646 2830 4735 il).
2872 4646 3256 4735 Propositione
3303 4646 3543 4735 secunda
3599 4646 3840 4708 admittit

555 4738 782 4791 ventur,
811 4727 1040 4780 alterum
1084 4739 1270 4778 eorum
1301 4726 1388 4793 qui
1439 4725 1688 4778 nolentes
1715 4735 1770 4778 et
1800 4726 1932 4778 nihil
1961 4726 2137 4780 minus
2239 4725 2526 4794 quamdam
2550 4725 2961 4792 dispositionem
2992 4732 3048 4779 et
3076 4725 3526 4792 prmparationem
3559 4735 3839 4794 remotam

555 4794 856 4868 cogitantes
879 4797 1174 4849 invitentur
1197 4804 1254 4849 et
1277 4796 1588 4868 trahantur;
1623 4795 1848 4868 proinde
1865 4795 2134 4850 Christum
2239 4793 2310 4868 ad
2336 4797 2589 4866 gratiam,
2614 4812 2682 4851 ex
2704 4796 2848 4850 bono
2870 4807 2969 4848 usu
2991 4804 3046 4848 et
3068 4794 3327 4868 Operibus
3350 4794 3658 4868 moralibus
3684 4793 3842 4850 liberi

555 4865 663 4922 non
691 4867 928 4922 omnium
957 4868 1276 4919 salvatorem
1299 4905 1316 4929 ,
1374 4865 1470 4919 sed
1498 4867 1849 4934 quorumdam
1899 4875 2135 4920 tanturn-

555 4939 720 4992 modo
749 4944 1123 5007 susceptorem
1164 4935 1546 5007 etiadjutorem
1591 4936 1697 4990 dici
1720 4937 1953 5001 debere,
1994 4937 2136 5006 quod

557 5009 741 5062 multis
762 5006 1092 5070 argumentis
1115 5006 1362 5061 coniutat
1385 5007 1443 5060 D.
1473 5006 1720 5075 Prosper.
1750 5007 1861 5073 Qua
1893 5010 2138 5063 occasio-

557 5095 647 5142 ne,
679 5077 821 5147 quod
850 5078 1124 5146 hucusque
1169 5077 1391 5132 dilatum
1417 5086 1530 5140 est,
1573 5093 1678 5132 non
1724 5081 2138 5143 prmtermitten-

556 5150 684 5204 dum
715 5150 819 5203 hoc
865 5149 986 5203 loco
1015 5149 1230 5203 videtur
1267 5155 1325 5201 ut
1369 5148 1624 5203 lectorem
1674 5163 2020 5212 moneamus,
2068 5165 2136 5204 ex

557 5220 643 5274 his
669 5235 788 5290 quae
809 5218 1066 5274 hactenus
1086 5229 1217 5290 sunt
1235 5219 1501 5290 disputata
1517 5217 1857 5290 manifestum
1881 5220 2132 5290 evadere,

555 5304 666 5345 non
687 5288 974 5343 'immerito
1003 5304 1031 5342 a
1069 5289 1408 5359 gravissimis
1456 5288 1720 5356 theologis
1751 5289 1997 5358 redargui
2028 5288 2132 5345 Pe-

556 5371 700 5416 trum
725 5359 1057 5425 Ciaconium,
1078 5358 1331 5415 Cassiani
1357 5402 1371 5424 ,
1405 5367 1464 5412 ut
1487 5368 1716 5424 vocant,
1751 5360 2132 5426 scboliastem,

557 5431 700 5500 quod
745 5431 869 5485 dum
925 5431 1221 5494 Cassiano,
1280 5429 1561 5500 plusquam
1624 5432 1900 5495 Oportuit,
1954 5431 2135 5487 favere

559 5499 783 5567 eiusque
803 5503 1144 5567 sententiam,
1168 5501 1348 5555 tamin
1373 5499 1520 5553 libris
1543 5499 1946 5555 institutionum
1973 5515 2133 5569 quam

558 5569 934 5640 Collationum,
983 5573 1051 5626 ab
1080 5585 1270 5626 errore
1324 5571 1597 5627 vindicare
1644 5571 1881 5637 studuit,
1935 5573 2048 5640 ipse
2076 5587 2135 5627 se

559 5641 752 5698 iisdem
776 5657 1019 5696 errorum
1049 5641 1255 5712 laqueis
1281 5643 1589 5710 implicarit,
1641 5641 1944 5696 cmmedens
1975 5644 2136 5712 plane

559 5726 682 5768 cum
707 5713 824 5782 ipso
860 5711 1078 5783 aliquod
1099 5713 1308 5768 initium
1336 5714 1525 5783 gratia:
1553 5721 1609 5767 et
1632 5715 1822 5768 saluus
1859 5728 1928 5769 ex
1960 5711 2132 5770 nobis.

2239 4863 2470 4934 arbitrii,
2495 4875 2682 4921 contra
2705 4878 3045 4920 communem
3070 4863 3397 4919 sententiam
3424 4863 3840 4934 theol0gurum,

2239 4938 2308 4990 de
2338 4953 2443 5003 qua
2489 4937 2611 4991 vide
2651 4936 3038 4992 Bellarminum
3083 4934 3158 5006 lib
3205 4951 3254 4989 vr
3299 4936 3367 4990 de
3396 4935 3584 4991 Gratia
3618 4951 3750 5006 cap.
3784 4937 3837 4990 5.

2238 5007 2618 5076 Propositione
2647 5006 2832 5076 quinta
2886 5016 3074 5075 aperte
3104 5004 3307 5060 fatetur
3360 5004 3712 5072 orationem,
3747 5021 3842 5062 seu

2241 5078 2435 5132 orandi
2463 5078 2713 5132 ail'ectum
2741 5086 2796 5132 et
2820 5085 3071 5132 conatum
3093 5076 3327 5146 aliquem
3349 5091 3418 5132 ex
3443 5077 3595 5132 bono
3629 5090 3844 5132 natura:

2241 5163 2402 5220 posse
2429 5149 2704 5220 depromi,
2750 5157 2809 5202 ut
2838 5163 2937 5216 per
2960 5161 3084 5201 eum
3102 5149 3504 5220 (quadamtenus
3531 5147 3723 5216 gratia
3754 5148 3844 5202 llei

2241 5218 2390 5288 digni
2440 5218 2762 5284 reddamur,
2822 5227 2878 5272 et
2922 5233 3041 5273 eam
3101 5218 3484 5287 impetremus:
3526 5233 3664 5288 quae
3719 5229 3846 5273 sunt

2241 5291 2512 5357 ipsissima
2545 5289 2958 5344 Massiliensium
2991 5288 3210 5356 placita,
3241 5303 3272 5342 a
3293 5289 3519 5343 summis
3553 5289 3845 5358 pontiﬁci-

2240 5359 2361 5422 bus,
2391 5361 2634 5416 conciliis
2661 5371 2714 5415 et
2744 5360 2862 5414 aliis
2893 5359 3148 5414 Patribns
3169 5360 3442 5424 damnata,
3484 5369 3546 5412 ut
3579 5375 3653 5415 ex
3684 5361 3846 5416 dictis

2241 5440 2476 5498 constat.
2507 5431 2633 5486 Haec
2657 5443 2712 5486 et
2738 5432 2844 5484 alia
2876 5432 2928 5485 in
2962 5430 3421 5498 propositionibus
3464 5427 3728 5485 Ciaconii
3778 5446 3846 5486 ex

2241 5502 2507 5557 Cassiano
2531 5502 2779 5557 collectis
2796 5517 2903 5556 non
2933 5502 3065 5555 satis
3085 5510 3242 5554 caute
3262 5503 3479 5568 scripta,
3503 5509 3573 5555 et
3596 5515 3712 5555 non
3742 5502 3848 5556 levi

2242 5574 2713 5635 animadversione
2743 5573 2926 5642 digna,
2971 5570 3249 5626 studiosus
3286 5571 3456 5629 lector
3472 5571 3850 5639 observabit,

2243 5658 2364 5712 qua:
2388 5643 2649 5699 hactenus
2687 5645 2820 5699 satis
2843 5657 3115 5713 superque
3142 5651 3270 5698 sunt
3290 5642 3546 5698 refutata.
