4078 6332
305 400 408 459 945

1212 399 1556 458 COLLATIO
1593 400 1730 456 XIII.
1762 430 1834 442 —
1879 399 1968 456 DE
2007 397 2482 457 PROTECTIONE
2521 396 2654 454 DEI.

3460 395 3576 457 940

301 520 376 575 bit
421 517 679 586 audacia,
720 518 839 588 ipso
885 532 1112 589 quoque
1146 518 1376 575 Domino
1417 521 1531 575 haec
1569 520 1636 574 ad
1676 534 1771 574 eos
1810 520 1884 574 ita
1907 518 1964 580 Α
1988 533 2213 588 operum
2246 529 2554 574 nostrorum
2589 516 2806 584 merito,
2837 516 2933 573 sed
2961 516 3167 573 caelesti
3195 514 3383 588 gratim
3401 515 3575 587 depu-

302 616 568 664 testante:
601 607 725 663 Non
758 611 893 663 enim
935 610 1269 680 cogitationes
1291 627 1416 666 mea:
1448 613 1780 682 cogitationes
1801 628 1885 667 ve-

299 707 439 764 strte,
471 716 635 771 neque
655 700 748 755 vite
767 709 944 756 vestra!
970 701 1062 755 via:
1103 717 1250 768 mete,
1297 703 1421 756 dicit
1441 701 1734 771 Dominus;
1759 707 1886 776 quia

300 794 427 846 sicut
453 793 750 847 excitantur
774 794 887 848 costi
911 802 1108 856 aterra.
1135 795 1210 848 sic
1239 794 1482 849 exaltant:
1503 806 1623 850 sunt
1641 798 1735 852 vite
1760 813 1885 854 mete

300 901 330 936 a
353 885 446 938 viis
476 886 680 951 vestris,
714 895 764 939 et
793 885 1126 956 cogitationes
1163 903 1292 942 mea:
1319 904 1353 940 a
1386 889 1780 960 cogitationibus
1801 907 1883 946 ve-

297 975 415 1030 stris
457 973 641 1046 (Isaia:
669 973 782 1048 ιν).
817 976 964 1032 Hanc
1015 977 1175 1048 igitur
1216 978 1675 1049 dispensationem
1719 992 1883 1054 atque

295 1081 536 1123 amorem
566 1082 724 1122 suum
744 1111 759 1136 ,
795 1082 953 1137 quem
981 1069 1136 1124 nobis
1181 1071 1418 1127 tribuere
1445 1072 1704 1128 Dominus
1731 1074 1884 1130 inde-

295 1160 432 1215 fessa
465 1161 669 1231 pietate
717 1160 1010 1231 dignatur,
1057 1162 1244 1218 volens
1285 1163 1534 1219 humanae
1584 1165 1882 1222 affectionis

298 1261 446 1306 matu
475 1251 804 1322 exprimere,
825 1265 926 1306 nec
951 1253 1232 1310 inveniens
1251 1255 1304 1310 in
1322 1254 1424 1310 hac
1452 1266 1695 1312 creatura
1717 1259 1880 1314 talem

297 1342 578 1398 cbaritatis
605 1342 884 1412 aﬁ'ectum,
911 1345 999 1399 cui
1025 1359 1149 1401 eum
1180 1361 1495 1418 comparare
1521 1348 1733 1420 dignius
1751 1366 1881 1422 pos-

294 1445 397 1504 set,
425 1437 734 1492 tenerrimis
757 1437 859 1506 piae
888 1437 1079 1492 matris
1114 1438 1417 1495 visceribus
1445 1443 1803 1512 comparavit,
1826 1452 1882 1500 et

295 1528 464 1583 utitur
493 1527 712 1599 quidem
741 1528 843 1583 hoc
872 1529 1131 1600 exemplo
1153 1571 1168 1597 ,
1217 1532 1342 1601 quia
1373 1531 1590 1588 charius
1634 1534 1779 1590 aliud
1822 1535 1878 1591 in

293 1629 484 1675 natura
511 1618 790 1674 hominum
821 1634 928 1675 non
960 1629 1137 1690 potest
1166 1622 1422 1692 inveniri,
1453 1625 1674 1681 dicens:
1709 1625 1881 1681 Num-

290 1712 416 1783 quid
445 1712 674 1767 oblivisci
703 1721 869 1785 potest
910 1715 1099 1768 mulier
1141 1715 1394 1788 infantem
1439 1734 1589 1772 suum
1613 1759 1629 1782 ,
1677 1729 1734 1773 ut
1775 1737 1877 1776 non

290 1809 591 1862 misereatur
621 1805 733 1878 ﬁlio
759 1807 889 1861 uteri
913 1809 998 1862 sui
1027 1808 1212 1882 (lsaire
1240 1811 1435 1880 XLIX)?
1461 1811 1566 1868 Sed
1607 1827 1716 1868 non
1746 1827 1876 1869 con-

1987 610 2244 677 tandam,
2291 611 2367 665 ita
2392 611 2608 666 Domini
2638 611 2810 680 ipsius
2857 608 3079 664 vocibus
3126 608 3445 665 edocemur:
3499 607 3574 663 Et

1983 703 2380 759 recordabimini
2410 705 2614 758 viarum
2649 711 2934 757 vestrarum
2973 710 3022 756 et
3069 704 3295 756 omnium
3323 701 3573 758 scelerum

1983 805 2265 851 vestrorum
2302 797 2484 866 quibus
2513 796 2700 866 polluti
2729 797 2849 851 estis
2893 797 2949 849 in
2989 812 3060 849 ets
3087 835 3102 861 ,
3149 806 3197 848 et
3237 795 3570 862 displicebitis

1982 886 2122 942 vobis
2151 889 2207 941 in
2247 895 2522 956 conspectu
2549 895 2715 941 vestro
2734 926 2748 948 .
2789 887 2844 940 in
2874 886 3110 940 omnibus
3137 884 3348 938 malitiis
3391 886 3571 941 vestris

1982 996 2108 1051 quas
2133 981 2348 1051 fecistis,
2376 988 2424 1032 ct
2447 979 2620 1034 scietis
2655 980 2779 1050 quia
2805 994 2900 1048 ego
2940 976 3194 1031 Dominus
3217 993 3333 1031 cum
3367 976 3571 1047 bene/e-

1981 1086 2097 1124 cero
2118 1069 2258 1124 vobis
2283 1078 2488 1141 propter
2517 1084 2704 1122 nomen
2743 1083 2941 1133 meum,
2993 1083 3096 1120 non
3134 1065 3418 1121 secundum
3457 1068 3568 1121 vias

1980 1173 2169 1218 vestras
2191 1164 2352 1218 malas
2371 1204 2386 1230 ,
2416 1179 2576 1231 neque
2602 1162 2887 1217 secundum
2906 1162 3098 1216 scelera
3127 1170 3294 1216 vestra
3319 1163 3565 1234 pessima,

1982 1256 2165 1310 domus
2191 1253 2360 1310 Israel
2381 1253 2598 1320 (Ezech.
2628 1253 2744 1323 xx).
2776 1253 2847 1307 Et
2868 1253 3070 1309 idcirco
3095 1253 3198 1308 hoc
3218 1253 3287 1309 ab
3313 1254 3570 1310 omnibus

1981 1345 2268 1401 catholicis
2301 1344 2554 1400 Patribus
2585 1343 2863 1410 deﬁnitur,
2913 1343 3002 1412 qui
3029 1343 3418 1412 perfectionem
3446 1359 3570 1400 cor-

1980 1437 2087 1504 dis,
2115 1452 2223 1493 non
2247 1436 2394 1492 inani
2434 1436 2797 1505 disputatione
2833 1438 3120 1490 verborum
3147 1476 3162 1501 ,
3190 1437 3286 1492 sed
3314 1452 3373 1493 re
3402 1446 3569 1508 atque

1979 1546 2145 1601 opere
2169 1571 2185 1598 ,
2219 1531 2531 1586 didicerunt
2579 1529 2744 1585 divini
2775 1543 2896 1584 esse
2937 1529 3198 1584 muneris.
3243 1529 3480 1585 Primum
3508 1539 3570 1584 ut

1978 1625 2305 1680 accendatur
2325 1623 2695 1693 unusquisque
2715 1620 2782 1676 ad
2800 1619 3213 1676 desideraudum
3240 1636 3400 1679 omne
3422 1623 3567 1693 quod

1977 1717 2181 1774 bonum
2206 1727 2310 1781 est,
2340 1715 2435 1771 sed
2465 1716 2539 1770 ita
2571 1724 2628 1770 ut
2657 1715 2713 1769 in
2742 1713 3060 1768 alterutram
3105 1721 3311 1783 partem
3341 1714 3566 1784 plenum

1978 1809 2052 1865 sit
2089 1808 2273 1864 liberte
2316 1807 2611 1862 voluntatis
2657 1805 2966 1861 arbitrium.
3015 1803 3256 1875 Itemque
3281 1807 3444 1862 etiam
3482 1821 3570 1862 se-

289 1909 468 1955 tentus
499 1898 603 1954 hac
633 1899 1060 1970 comparatione,
1095 1903 1429 1958 transcendit
1453 1919 1572 1960 eam
1591 1907 1876 1963 confestim
1905 1894 1954 1956 B
1978 1901 2239 1967 cundum,
2268 1899 2463 1954 divina!
2491 1914 2613 1955 esse
2641 1897 2832 1969 gratia:
2859 1903 2918 1951 ut
2947 1893 3087 1950 efﬁci
3112 1897 3330 1952 valeant
3357 1896 3570 1954 exerci-

287 2001 449 2062 atque
480 1991 782 2063 subiungit,
812 1991 1039 2050 dicens:
1073 1993 1143 2048 Et
1180 1996 1226 2050 si
1248 1997 1344 2050 illa
1367 1996 1526 2052 oblita
1574 1999 1750 2069 fuerit,
1783 2015 1875 2071 ego

286 2092 453 2138 tamen
471 2099 579 2137 non
599 2082 874 2138 obliviscar
903 2085 980 2137 tui
1003 2081 1054 2157 (1
1060 2084 1222 2157 bid.).

849 2214 1078 2275 CAPUT
1115 2218 1302 2276 XVIII.

287 2329 533 2401 Deﬁnitio
600 2331 823 2406 Patrum
849 2373 883 2406 ,4
910 2349 970 2388 eo
1031 2336 1169 2406 quod
1227 2336 1445 2392 liberum
1499 2340 1773 2396 arbitrium
1802 2343 1873 2399 ad

669 2404 972 2459 salvandum
1002 2404 1106 2461 non
1133 2408 1200 2462 sit
1232 2408 1494 2464 idoneum.

353 2538 458 2594 Per
483 2537 628 2608 quod
653 2540 894 2597 evidenti
919 2542 1130 2600 ratione
1154 2545 1429 2617 colligitur
1450 2547 1518 2604 ab
1539 2547 1624 2604 his
1650 2551 1740 2621 qui
1764 2567 1872 2608 non

289 2630 607 2701 loquacibus
641 2633 850 2702 verbis,
882 2634 978 2690 sed
1010 2636 1339 2705 experientia
1366 2637 1523 2704 duce.
1567 2641 1650 2696 vel
1672 2643 1876 2714 magni-

291 2722 534 2779 tudinem
578 2723 804 2794 gratiat,
853 2726 940 2781 vel
985 2727 1263 2784 modulum
1315 2729 1533 2786 humani
1577 2733 1874 2791 metiuntur

285 2814 516 2883 arbitrii,
547 2817 670 2886 quia
704 2831 808 2873 non
841 2817 1055 2876 levibus
1082 2835 1292 2888 cursus,
1349 2837 1452 2878 nec
1480 2823 1710 2882 fortibus
1735 2841 1874 2896 prae-

284 2908 437 2973 lium,
465 2923 569 2964 nec
591 2909 924 2979 sapientibus
954 2911 1131 2982 panis,
1155 2929 1255 2969 nec
1274 2915 1626 2985 prudentibus
1645 2917 1868 2987 divitiae,

284 3013 384 3054 nec
414 2998 712 3055 scientibus
739 3001 947 3070 gratia,
982 3002 1072 3057 sed
1100 3013 1345 3072 operatur
1373 3005 1481 3060 hac
1524 3009 1698 3063 omnia
1740 3025 1874 3065 unus

283 3095 439 3154 atque
452 3088 588 3143 idem
603 3082 832 3161 Spiritus
843 3090 1080 3148 dividens
1093 3094 1372 3166 unicuique
1392 3106 1544 3166 prout
1562 3099 1669 3153 vult
1689 3099 1734 3170 (Ι
1746 3097 1870 3156 Cor.

285 3184 403 3252 xu).
439 3181 511 3237 Et
537 3182 740 3238 idcirco
767 3183 872 3240 ﬁde
895 3199 1003 3241 non
1029 3186 1192 3243 dubia
1226 3198 1312 3255 et,
1346 3197 1406 3243 ut
1431 3190 1502 3245 ita
1525 3191 1726 3260 dicam,
1757 3194 1869 3262 pal-

285 3273 452 3341 pabili
482 3275 817 3344 experientia
845 3279 1250 3351 comprobatur,
1279 3282 1646 3341 universitatis
1676 3285 1867 3356 Deum,
1896 3267 1945 3332 (ἶ

291 3364 440 3420 velut
488 3364 790 3435 piissimum
823 3375 1029 3438 patrem
1051 3410 1069 3436 ,
1100 3369 1654 3446 benignissimumque
1696 3377 1870 3434 medi-

283 3473 445 3524 cum,
479 3459 776 3515 secundum
827 3462 1145 3532 Apostolum
1192 3465 1562 3524 indilierenter
1610 3471 1788 3525 omnia
1815 3472 1871 3527 in

285 3551 543 3606 omnibus
563 3554 782 3622 operari
807 3598 823 3624 ,
871 3565 926 3612 et
952 3571 1098 3612 nunc
1124 3557 1339 3629 quidem
1369 3561 1559 3616 salutis
1605 3563 1872 3634 inspirare

285 3641 571 3714 principia,
597 3653 653 3699 et
683 3644 924 3702 inserere
953 3647 1244 3720 unicuique
1267 3649 1426 3707 bonae
1461 3653 1755 3711 voluntatis
1786 3671 1878 3711 ar-

285 3736 512 3802 dorem;
544 3752 688 3792 nunc
731 3752 862 3795 vero
907 3739 1078 3810 ipsius
1123 3743 1454 3813 operationis
1486 3746 1736 3804 effectum
1761 3794 1776 3818 ,
1821 3759 1877 3807 et

291 3833 810 3888 consummationem
841 3833 1048 3892 donare
1074 3836 1357 3905 virtutum,
1391 3847 1450 3895 et
1483 3856 1628 3898 nunc
1657 3857 1686 3896 a
1717 3844 1876 3900 ruina

286 3921 399 3991 jam
426 3923 671 3992 proxima
698 3925 954 3995 lapsuque
984 3927 1246 3999 praecipiti
1281 3930 1449 3985 etiam
1477 3932 1674 3988 invitos
1707 3943 1762 3989 et
1791 3935 1877 3989 in-

286 4013 428 4068 scias
457 4029 752 4082 revocare;
803 4032 945 4073 nunc
974 4027 1154 4076 autem
1198 4022 1513 4078 occasiones
1537 4033 1592 4080 et
1620 4037 1877 4095 opportu-

288 4106 488 4161 nitates
519 4106 708 4162 salutis
738 4107 1020 4179 ingerere,
1047 4126 1112 4167 ac
1156 4114 1462 4185 praecipites
1505 4116 1877 4188 violentosque

286 4211 514 4254 conatus
556 4215 588 4254 a
634 4200 920 4257 letltalibus
969 4203 1415 4275 dispositionibus
1455 4209 1730 4278 inhibere;
1772 4221 1878 4268 ‘et

287 4289 428 4345 alios
456 4291 676 4361 quidem
701 4293 962 4360 volentes,
994 4307 1384 4370 currentesque
1404 4303 1718 4373 suscipere;
1741 4304 1878 4360 alios

288 4397 419 4438 vero
447 4384 696 4440 nolentes
719 4430 735 4454 ,
770 4387 1176 4460 renitentesque
1206 4392 1554 4460 pertrahere,
1601 4403 1657 4450 et
1683 4395 1752 4450 ad
1781 4395 1880 4450 bo-

283 4494 411 4535 nam
460 4495 657 4551 cogere
698 4483 1052 4540 voluntatem.
1094 4484 1290 4542 Totum
1332 4503 1464 4543 vero
1506 4503 1614 4544 non
1660 4503 1879 4560 semper

292 4572 710 4639 resistentibus,
760 4589 860 4632 nec
889 4587 1304 4646 perseveranter
1333 4579 1514 4636 invitis
1557 4579 1713 4636 nobis
1735 4596 1764 4634 a
1793 4580 1875 4636 di-

1979 1993 2054 2048 tia
2097 1991 2354 2062 praedicta
2398 1994 2657 2046 virtutum
2682 2031 2700 2058 ,
2747 1989 2842 2044 sed
2888 1989 2960 2044 ita
2991 1999 3053 2045 ut
3081 1989 3418 2061 possibilitas
3460 2005 3571 2045 non

1978 2085 2353 2154 exstinguatur
2377 2083 2609 2138 arbitrii.
2653 2080 2896 2138 Tertium
2927 2097 3182 2153 quoque,
3225 2081 3291 2136 ad
3326 2080 3421 2136 Dei
3450 2097 3573 2136 mu-

1977 2193 2109 2234 nera
2141 2177 2443 2247 pertinere,
2495 2184 2553 2230 ut
2581 2174 2862 2245 acquisitae
2901 2175 3119 2229 virtutis
3167 2174 3572 2244 perseverantia

1977 2278 2245 2334 teneatur,
2269 2268 2364 2323 sed
2390 2267 2464 2323 ita
2493 2275 2554 2322 ut
2573 2265 2943 2335 captivitatem
2974 2265 3199 2322 libertas
3224 2265 3441 2320 addicta
3458 2279 3570 2320 non

1975 2365 2194 2419 sentiat.
2221 2362 2313 2418 Sic
2335 2362 2481 2418 enim
2509 2361 2880 2416 universitatis
2912 2360 3055 2416 Deus
3097 2361 3279 2416 omnia
3309 2361 3362 2417 in
3395 2361 3570 2416 omni-

1973 2455 2078 2511 bus
2105 2454 2408 2511 credendus
2436 2463 2520 2510 est
2547 2454 2783 2523 operari,
2812 2461 2874 2508 ut
2896 2451 3106 2519 incitet,
3132 2461 3376 2523 protegat
3404 2462 3568 2522 atque

1973 2551 2280 2615 conﬁrmet,
2316 2561 2423 2603 non
2452 2556 2510 2601 ut
2541 2544 2753 2602 auferat
2771 2559 2934 2616 quam
2959 2545 3128 2600 semel
3153 2544 3270 2614 ipse
3297 2545 3569 2599 concessit

1973 2640 2187 2697 arbitrii
2230 2639 2559 2696 libertatem.
2611 2636 2669 2694 Si
2711 2636 2840 2706 quid
2867 2651 2999 2691 sane
3029 2635 3299 2691 versutius
3331 2634 3566 2690 humana

1973 2731 2442 2803 argumentatione
2465 2743 2531 2784 ac
2557 2727 2772 2784 ratione
2799 2727 3089 2784 collectum
3119 2726 3248 2783 huic
3273 2728 3458 2783 sensui
3490 2727 3568 2782 vi-

1973 2824 2134 2880 detur
2156 2823 2453 2890 obsistere,
2481 2820 2766 2876 vitandum
2789 2818 2960 2888 magis
2981 2828 3242 2889 estquam
3261 2818 3326 2873 ad
3350 2817 3567 2873 destru-

1971 2916 2209 2973 ctionem
2247 2914 2372 2970 ﬁdei
2400 2915 2826 2986 provocandum.
2855 2911 2974 2967 Non
3012 2911 3158 2966 enim
3190 2910 3350 2966 ﬁdem
3376 2926 3447 2966 ex
3480 2911 3567 2965 in-

1969 3009 2234 3074 tellectu,
2286 3005 2382 3063 sed
2435 3004 2770 3061 intellectum
2803 3019 2870 3059 ex
2915 3002 3021 3058 ﬁde
3066 3017 3380 3068 meremur,
3427 3003 3568 3058 sicut

1972 3101 2232 3171 scriptum
2248 3110 2353 3165 est,
2375 3097 2494 3154 Nisi
2510 3097 2854 3163 credideritis,
2870 3111 2976 3150 non
2991 3095 3280 3167 intelligetis
3301 3093 3354 3165 (1
3361 3095 3486 3148 saia:
3499 3095 3562 3165 ι),

1972 3194 2098 3266 quia
2120 3190 2574 3264 quemadmodum
2597 3199 2654 3244 et
2678 3189 2820 3244 Deus
2834 3188 3014 3243 omnia
3033 3197 3287 3257 operetur
3307 3186 3361 3240 in
3385 3186 3564 3252 nobis,

1977 3296 2033 3344 et
2059 3295 2230 3341 totum
2259 3283 2434 3339 libero
2479 3282 2784 3338 ascribatur
2828 3280 3091 3350 arbitrio,
3122 3280 3210 3335 cui
3235 3279 3459 3334 dicitur:
3502 3278 3569 3333 Si

1976 3379 2244 3434 volueritis
2270 3387 2318 3432 et
2360 3377 2630 3430 audieritis
2656 3393 2736 3430 me
2755 3417 2769 3441 ,
2796 3391 2912 3446 qute
2945 3375 3078 3429 bona
3101 3383 3222 3428 sunt
3251 3385 3398 3428 terra:
3419 3389 3568 3427 man-

1977 3471 2232 3524 ducabitis
2264 3467 2451 3539 (Isaia:
2477 3467 2598 3538 vu),
2628 3466 2656 3505 ι’
2697 3467 2763 3522 ad
2793 3468 3010 3536 plenum
3057 3465 3292 3519 humano
3318 3479 3483 3520 sensu
3503 3480 3568 3519 ac

1977 3563 2187 3618 ratione
2208 3577 2315 3617 non
2347 3571 2522 3634 potest
2566 3564 2650 3634 (ut
2674 3561 2930 3633 arbitror)
2977 3557 3383 3629 comprehendi.

2570 3673 2798 3730 CAPUT
2838 3672 2982 3728 XIX.

1977 3768 2233 3824 Doctrina
2264 3767 2518 3821 catholica
2546 3767 2684 3819 beati
2711 3765 2946 3834 Dionysii
2975 3762 3197 3819 Richelii
3221 3761 3560 3817 Carthasiani

2180 3839 2490 3910 pracedenti
2518 3837 2783 3891 collationi
2815 3841 2880 3890 ab
2909 3837 3021 3906 ipso
3051 3835 3350 3888 substituta.

2050 3931 2495 4002 lnseparabiliter
2541 3928 2698 3983 adest
2745 3927 2906 3982 nobis
2954 3927 3134 3981 divina
3187 3925 3475 3995 protectio,
3509 3932 3568 3980 et

1977 4034 2126 4081 tanta
2148 4033 2234 4080 est
2249 4031 2422 4094 pietas
2437 4022 2736 4078 Salvatoris
2761 4020 2906 4075 circa
2938 4018 3212 4088 propriam
3235 4026 3564 4081 creaturam,

1981 4125 2040 4172 ut
2067 4131 2177 4171 non
2203 4117 2380 4170 solum
2427 4115 2742 4178 comitetur,
2766 4111 2859 4168 sed
2887 4121 2944 4166 et
2965 4110 3240 4181 praecedat
3269 4124 3389 4165 eam
3421 4109 3563 4178 iugi-

1981 4219 2065 4266 ter
2096 4209 2432 4279 providentia
2457 4223 2578 4264 sua.
2606 4206 2760 4274 Quod
2785 4215 3047 4272 expertus
3078 4202 3349 4273 Propheta
3376 4203 3568 4257 Domi-

1979 4318 2050 4358 no
2076 4303 2421 4373 apertissime
2449 4301 2738 4356 conﬁtetur
2778 4315 2793 4351 :
2837 4297 2982 4353 Deus
3029 4314 3190 4366 meus,
3212 4294 3566 4350 misericordia

1979 4397 2093 4467 ejus
2122 4398 2365 4468 prtevenit
2389 4411 2468 4448 me
2491 4393 2664 4465 (Psal.
2683 4390 2854 4461 Lvut).

2051 4486 2164 4541 Nec
2191 4487 2368 4541 solum
2400 4485 2634 4552 benigne
2666 4481 2897 4550 inspirat
2925 4480 3198 4536 desideria
3233 4478 3566 4544 sancta;sed

1981 4590 2040 4635 et
2075 4581 2398 4634 occasiones
2454 4583 2675 4646 praestat
2729 4573 2945 4640 salutis,
2988 4582 3044 4627 et
3097 4573 3563 4642 opportunitatem

284 4666 514 4722 vinitate
544 4666 770 4724 concedi
796 4682 812 4734 ;
867 4677 923 4725 et
949 4683 1217 4726 summam
1261 4672 1452 4728 salutis
1499 4683 1734 4740 nostrae,
1765 4688 1872 4729 non
1900 4665 1954 4726 D
1980 4673 2139 4727 bonis
2161 4670 2465 4734 eﬁ‘ectibus,
2488 4664 2911 4734 errantibusque
2933 4659 3273 4719 demonstrat
3303 4661 3565 4718 directio-

1345 4805 1601 4863 ALARDI
1637 4805 1876 4864 GAZEI
1912 4803 2474 4862 COMMENTARIUS.

359 4931 386 4959 ι
424 4920 548 4975 Non
571 4921 648 4997 ita
693 4930 882 4990 tamen,
912 4923 991 4997 ait
1028 4923 1086 4997 S.
1131 4924 1385 4997 Prosper,
1412 4935 1470 4977 ut
1490 4927 1649 4997 juxta
1691 4941 1876 4979 novam

281 4991 432 5046 illam
447 4992 780 5062 partitionem
799 4995 1052 5064 superiori
1075 4996 1240 5060 capite
1268 4991 1509 5064 positam,
1529 4998 1752 5050 aliorum
1769 4997 1876 5050 sal-

282 5072 450 5129 vator,
479 5064 707 5117 aliorum
736 5074 1026 5134 susceptor,
1060 5067 1150 5119 sed
1171 5079 1533 5134 usquequaque
1554 5069 1781 5120 omnium
1815 5067 1877 5134 ﬁ-

289 5133 482 5188 delium
495 5142 540 5187 et
552 5144 816 5204 susceptor
839 5133 889 5189 et
912 5134 1137 5189 salvator
1149 5137 1214 5190 sit
1232 5133 1485 5190 Christus.
1506 5136 1653 5191 Unde
1669 5133 1877 5191 orantes

299 5205 697 5278 aonaliquorum
721 5215 1059 5271 protectorem
1089 5215 1136 5260 et
1157 5208 1482 5274 salvatorem,
1513 5215 1560 5260 et
1583 5208 1876 5278 aliquorum

295 5276 585 5338 adiutorem
612 5292 675 5328 ac
699 5287 1067 5346 susceptorem,
1096 5285 1154 5332 ut
1175 5279 1422 5348 superius
1452 5278 1590 5331 dixit
1609 5276 1869 5343 COllator,

290 5348 377 5399 sed
404 5347 637 5400 omnium
673 5354 722 5400 et
757 5356 1114 5418 protectorem,
1150 5358 1196 5402 et
1234 5350 1557 5410 salvatorem,
1589 5357 1637 5402 et
1661 5348 1875 5418 adjuto-

281 5425 488 5488 rem,et
515 5426 863 5486 susceptorem
888 5418 1058 5486 ipsum
1092 5421 1493 5488 proclamamus.
1521 5419 1627 5475 Sed
1656 5435 1877 5487 quomo-

281 5487 356 5540 do
385 5487 472 5540 hic
504 5488 664 5556 paulo
683 5498 810 5543 ante
823 5488 980 5553 dixit,
999 5489 1161 5542 Deum
1184 5491 1319 5543 velut
1343 5490 1630 5556 piissimum
1650 5498 1872 5558 patrem,

284 5559 812 5630 benjgnissimumque
839 5559 1116 5620 medicum.
1145 5561 1426 5614 secundum
1453 5562 1779 5628 Apostolum,
1803 5565 1878 5613 in-

284 5628 588 5700 a'iﬂ'erenter
618 5628 794 5700 omnia
819 5631 876 5683 in
903 5631 1140 5684 omnibus
1181 5633 1407 5700 operari,
1431 5632 1476 5684 si
1519 5646 1645 5685 vera
1676 5633 1746 5686 sit
1774 5633 1876 5686 ἰδίει

281 5699 567 5754 distinctio
597 5708 655 5754 et
696 5699 999 5755 differentia
1052 5701 1121 5756 ab
1167 5699 1283 5770 ipso
1328 5702 1653 5769 excogitata,
1682 5712 1741 5757 ut
1784 5700 1876 5756 alii

283 5770 658 5841 sintggsalvati,
709 5771 802 5825 alii
847 5773 1222 5826 tantummodo
1270 5773 1546 5841 suscepti?
1594 5772 1876 5840 Quomodo

277 5839 695 5906 indifferenter,
725 5843 769 5896 si
817 5851 926 5896 tam
972 5842 1286 5898 difl'erenter
1314 5839 1453 5897 Deus
1499 5839 1631 5911 erga
1677 5843 1778 5898 hos
1825 5853 1883 5898 et

281 5911 416 5969 .llos
437 5927 502 5969 se
531 5911 734 5967 habeat
758 5921 814 5970 et
836 5914 1129 5980 operetur?
1158 5914 1226 5969 Et
1253 5929 1376 5971 cum
1405 5913 1459 5969 in
1483 5914 1695 5970 caeteris
1723 5915 1884 5970 bene-

1981 4923 2117 4980 ficiis
2143 4925 2291 4994 prius
2332 4919 2664 4994 enumeratis
2695 4927 2865 4994 totum
2901 4917 3027 4994 Deo-
3057 4916 3344 4994 tribuatur,
3376 4932 3475 4971 cur
3505 4921 3558 4975 in

1981 4995 2084 5051 hoc
2117 4987 2408 5065 postremo,
2431 4991 2575 5065 quod
2601 4999 2682 5044 est
2705 4991 2915 5065 salvere
2945 4989 3030 5043 vel
3057 4987 3381 5065 salvatorem
3410 5004 3556 5056 esse,

1981 5081 2089 5136 quo
2118 5060 2351 5120 'caatera
2395 5060 2583 5136 ieiunia
2640 5061 3037 5136 concluduntur
3083 5068 3138 5114 et
3185 5060 3555 5127 continentur,

1983 5131 2184 5208 parsiei
2213 5133 2587 5208 tantummodo
2611 5131 2952 5202 assignatur?

2053 5207 2079 5246 ι’
2110 5207 2165 5263 Si
2214 5222 2317 5261 non
2358 5205 2423 5258 ad
2477 5200 2900 5274 plenum,‘certe
2926 5202 3004 5274 ad
3053 5200 3375 5255 sobrietatem
3407 5201 3565 5273 (quo-

1983 5278 2144 5333 modo
2186 5272 2823 5348 ApostolusiRom.au]
2860 5273 3013 5342 jubet
3063 5287 3162 5327 nos
3205 5272 3426 5348 sapere,
3455 5289 3563 5325 non

1979 5349 2254 5419 plusquam
2273 5343 2738 5419 Δοροιοεριίρςαρρνς)
2773 5343 2882 5413 jam
2914 5351 3202 5419 utcumque
3234 5356 3301 5396 ex
3347 5343 3414 5396 iis
3437 5359 3560 5406 qua:

1982 5415 2240 5474 hactenus
2269 5415 2324 5472 in
2359 5419 2496 5472 hanc
2525 5416 2870 5470 collationem
2901 5415 3101 5482 scripta
3140 5423 3286 5476 sunt,
3310 5427 3564 5481 compre-

1983 5491 2207 5544 hensum
2240 5499 2296 5544 et
2337 5489 2665 5556 explicatum
2717 5494 2863 5552 puto.
2899 5484 2952 5536 lu
2995 5485 3191 5556 quibus
3223 5498 3363 5556 sane
3400 5498 3564 5556 spero

1981 5562 2249 5616 neminem
2281 5553 2569 5612 mihi'vitio
2590 5558 2834 5610 daturum
2858 5556 2999 5623 quod
3030 5555 3097 5609 de
3125 5554 3296 5608 nostri
3326 5553 3565 5608 Collato-

1980 5633 2076 5696 ris,
2113 5631 2164 5685 id
2190 5639 2295 5695 est,
2311 5627 2555 5684 Cassiani
2582 5627 2864 5681 erroribus
2893 5635 3001 5680 tam
3029 5625 3219 5696 libere,
3241 5632 3348 5696 tam
3373 5634 3564 5692 aperte

1980 5695 2542 5770 scripserim,eosque
2589 5697 2920 5770 propalarirn
2970 5712 3033 5770 ac
3076 5695 3398 5770 refutarim,
3426 5711 3564 5764 quos

1982 5766 2150 5841 Inagis
2181 5766 2363 5841 tegere
2392 5766 2483 5824 aut
2511 5782 2774 5841 excusare
2803 5767 3106 5841 debuerim.
3133 5766 3296 5841 absit
3315 5768 3562 5841 euim__ut

1982 5835 2434 5911 Cassianifquam
2466 5839 2714 5894 veritatis
2735 5853 2796 5892 ac
2821 5837 3051 5911 publica:
3079 5837 3329 5911 utilitatis
3344 5835 3554 5911 _studio-

1990 5914 2127 5979 sior,
2156 5907 2376 5980 praeter,
2405 5912 2569 5966 immo
2592 5916 2779 5965 contra
2812 5907 2968 5964 fidem
2997 5918 3051 5964 et
3079 5908 3317 5964 ofﬁcium
3342 5908 3564 5976 ingenu‘
