4078 6332
544 342 652 403 ΜῚ

1591 339 1876 401 JOANNlS
1910 322 2221 400 cassum
2255 334 2746 397 commones.

3705 335 3807 397 ω

548 472 674 515 nem
723 455 830 517 vite
870 454 1127 523 salubris.
1184 455 1340 517 Unde
1388 454 1448 512 lit
1491 463 1553 511 ut
1591 452 1898 514 inveniatur
1943 471 1974 510 a
2021 468 2131 511 non
2158 453 2435 523 Anam).
2484 453 2582 509 Vel
2621 451 2762 521 quod
2789 456 3008 529 orantes
3058 448 3288 508 dicimus
3332 463 3457 509 cum
3493 447 3805 523 Propheta:

550 549 924 619 quaerentibus
949 564 1034 618 se,
1056 558 1114 606 et
1147 537 1324 618 palam
1366 556 1632 623 appareat
1678 549 1822 604 inter
1868 546 1992 603 illos
2039 546 2131 619 qui

553 656 678 707 eum
706 656 817 699 non
842 642 1273 711 interrogabant,
1297 650 1516 714 totaque
1538 639 1628 705 die
1650 639 1922 712 expandat
1939 654 2131 696 manus

554 749 682 799 suas
710 734 778 791 ad
811 734 1071 805 populum
1107 749 1217 791 non
1246 734 1556 791 credentem
1588 743 1643 790 et
1667 734 2132 793 contradicentem

551 825 656 889 sibi
685 842 703 883 :
731 824 1049 884 resistentes
1076 839 1293 897 quoque
1316 834 1371 882 et
1412 826 1575 898 longe
1615 826 1818 898 positos
1843 836 2021 893 vocet,
2050 825 2135 881 in-

550 918 694 977 vitos
720 918 923 977 alliciat
945 917 1013 973 ad
1036 918 1290 987 salutem,
1323 932 1553 990 peccare
1579 918 1886 977 volentibus
1916 917 2134 973 subtra-

557 1006 651 1064 bat
678 1008 890 1081 copiam
919 1008 1218 1065 voluntatis
1249 1008 1552 1079 explendae,
1577 1016 1633 1064 et
1661 1008 1891 1081 benigne
1919 996 2134 1071 resistat

556 1101 973 1177 properantibus
993 1100 1061 1161 ad
1084 1100 1250 1171 mala,
1271 1107 1332 1157 ut
1347 1099 1460 1171 jam
1489 1116 1592 1154 non
1616 1100 1682 1154 sit
1712 1099 1949 1171 uolentis,
1971 1115 2133 1169 neque

554 1193 829 1265 currentis,
849 1192 940 1248 sed
970 1193 1256 1249 miserentis
1301 1193 1397 1248 Dei
1434 1192 1611 1269 (Rom.
1635 1190 1736 1261 ιι),
1759 1194 1845 1266 qui
1887 1201 2133 1265 operatur

551 1288 609 1342 in
640 1288 786 1345 nobis
813 1288 943 1347 velle
969 1296 1020 1351 et
1055 1288 1301 1359 perﬁcere
1329 1302 1427 1359 pro
1456 1285 1591 1341 bona
1623 1283 1883 1343 uoluntate
1904 1283 2130 1361 (Philip.

552 1379 644 1450 tt);
670 1387 718 1434 et
742 1377 839 1434 hoc
868 1394 970 1443 non
996 1394 1062 1435 ea:
1088 1378 1236 1437 nobis
1266 1392 1286 1432 :
1308 1377 1401 1437 sed
1440 1376 1635 1433 denum
1668 1375 1766 1432 Dei
1814 1385 1910 1447 est,
1944 1393 2045 1433 non
2072 1393 2136 1434 ea:

553 1470 818 1542 operibus,
849 1487 911 1526 ne
937 1471 1052 1547 quis
1079 1472 1331 1545 glorietur
1350 1468 1573 1546 (Ephes.
1600 1467 1684 1542 ιι).
1718 1470 1858 1539 Quid
1886 1479 1969 1526 est
1988 1470 2132 1526 enim

552 1561 696 1634 quod
722 1563 799 1618 ait
826 1560 1114 1621 Salvator?
1140 1560 1313 1621 Nemo
1350 1563 1487 1618 venit
1521 1560 1591 1617 ad
1632 1559 1871 1628 Patrem,
1911 1562 2013 1616 nisi
2042 1578 2135 1631 per

553 1670 633 1712 me
656 1652 839 1728 (lauti.
862 1652 999 1729 xxv).
1029 1655 1098 1711 Et
1125 1654 1293 1717 Nemo
1318 1656 1455 1710 venit
1484 1654 1554 1709 ad
1712 1656 1814 1711 nisi
1845 1653 2007 1710 Pater
2026 1662 2136 1712 tra—

552 1748 688 1803 xerit
707 1746 858 1803 illum
880 1745 1097 1819 (Joann.
1120 1747 1216 1817 vt).
1242 1746 1381 1815 Quid
1412 1747 1539 1805 item
1582 1757 1668 1805 est
1704 1745 1851 1818 quod
1880 1746 2134 1802 oramus?

2235 542 2488 599 Illumina
2534 543 2711 599 oculos
2756 560 2914 611 meos,
2979 560 3045 603 ne
3091 560 3337 616 umquam
3384 542 3701 601 obdormiam
3755 545 3808 601 in

2240 644 2457 690 mortem
2490 633 2658 708 (Psal.
2691 631 2812 709 xu);
2842 634 2947 690 nisi
2973 635 3116 706 quod
3153 635 3206 690 in
3240 634 3326 692 his
3356 634 3608 691 omnibus
3635 635 3809 693 decls«

2235 738 2387 785 ratur
2411 732 2582 802 gratia
2612 728 2737 798 Dei,
2767 745 2874 805 qua
2891 730 3053 786 homo
3078 744 3300 802 semper
3320 728 3557 807 indigeat
3574 729 3809 802 adjuvari

2234 838 2263 878 a
2289 824 2557 879 Domino?

2304 915 2675 972 Infirmitatem
2702 915 2903 989 quippe
2944 914 3104 971 liberi
3136 913 3349 970 arbitrii
3376 913 3671 985 Apestolus
3702 929 3808 971 ma-

2234 1004 2474 1074 nifestat,
2504 1008 2734 1065 dicens:
2766 1005 3018 1061 Dominus
3047 1007 3307 1060 custodiat
3348 1005 3511 1060 corda
3553 992 3742 1072 uestra,
3768 1015 3810 1061 et

2234 1097 2604 1172 intelligentias
2641 1107 2836 1153 uestras
2886 1094 3150 1177 (Philipp.
3187 1096 3282 1177 tv).
3332 1095 3596 1153 Eamdem
3650 1094 3808 1152 David

2235 1190 2445 1247 orando
2474 1191 2660 1257 docet,
2691 1205 2813 1245 cum
2845 1174 3058 1263 inquit:
3093 1174 3301 1243 Inclina
3331 1205 3419 1243 cor
3457 1205 3628 1243 meum
3658 1192 3711 1242 in
3747 1198 3812 1242 te-

2234 1282 2479 1338 stimonia
2507 1291 2617 1351 tua,
2635 1291 2807 1335 etnon
2834 1282 2889 1334 in
2918 1280 3192 1335 avaritiam
3221 1275 3394 1351 (Psal.
3424 1277 3637 1351 cxvtn).
3671 1276 3812 1334 Salo-

2235 1390 2361 1431 mon
2391 1391 2605 1447 quoque
2633 1392 2648 1429 :
2681 1372 2907 1429 Inclinat
2949 1375 3111 1430 corda
3152 1352 3331 1429 nostra
3358 1372 3428 1428 ad
3454 1391 3529 1443 se,
3559 1384 3617 1428 ut
3645 1374 3811 1429 ambu-

2232 1466 2399 1525 lemus
2436 1468 2490 1521 in
2519 1468 2771 1527 uniuersis
2801 1469 2898 1523 uiis
2923 1471 3055 1541 ejus,
3078 1477 3127 1522 et
3166 1468 3522 1523 custodiamus
3569 1468 3812 1523 mandata

2234 1563 2369 1635 ejus,
2411 1568 2458 1614 et
2485 1560 2815 1637 caremonias
2840 1563 2953 1634 ejus
2978 1557 3075 1629 (III
3104 1559 3233 1634 Reg.
3276 1557 3418 1631 vnt).
3450 1559 3812 1617 Infirmitatem

2236 1656 2480 1733 ejusdem
2520 1655 2720 1713 fatetur
2762 1655 2853 1713 illa
2900 1656 3076 1712 oratio
3103 1664 3289 1719 nostra
3321 1671 3337 1717 ς
3372 1653 3535 1721 Pone,
3571 1652 3810 1721 Domine,

2236 1750 2527 1805 custodiam
2555 1750 2633 1803 ori
2652 1765 2785 1823 meo,
2817 1757 2865 1802 et
2888 1749 3075 1803 ostium
3101 1748 3499 1807 circumstantia!
3524 1747 3682 1803 labiis
3696 1748 3812 1803 meis

553 1835 737 1912 Dirige
783 1840 839 1894 in
890 1845 1163 1913 conspectu
1201 1848 1290 1901 tuo
1336 1840 1473 1897 siam
1517 1853 1686 1896 meam
1720 1837 1894 1912 (Psal.
1940 1837 2019 1910 v),
2043 1847 2134 1896 et:
2166 1847 2215 1911 Β
2246 1841 2468 1915 (Psalm.
2498 1843 2643 1913 cst).
2669 1842 2802 1897 Item
2839 1841 3101 1913 prepheta
3128 1859 3141 1894 :
3172 1840 3448 1908 Dominus,
3489 1840 3691 1913 inquit,
3718 1841 3813 1894 sol-

554 1928 759 2001 Perﬁce
785 1948 990 2004 gressus
1017 1948 1157 1997 meos
1177 1932 1234 1988 in
1258 1933 1453 1989 semitis
1478 1933 1601 1998 tuis,
1627 1939 1683 1989 ut
1712 1948 1819 1988 non
1839 1943 2139 1987 moveantur

556 2024 770 2096 uestigia
796 2040 910 2081 utea
934 2023 1106 2096 (Psal.
1130 2024 1265 2097 xu).
1287 2024 1427 2095 Quid
1455 2025 1674 2083 tandem
1713 2034 1797 2082 est
1821 2028 1963 2097 quod
1993 2026 2139 2081 Deus

555 2117 858 2188 promittit?
881 2117 1031 2175 Dabo
1081 2119 1155 2177 eis
1200 2134 1293 2179 cor
1340 2134 1527 2177 nouunt
1562 2129 1612 2176 et
1657 2121 1900 2194 spiritum
1950 2138 2139 2177 novum

555 2207 779 2269 tribuant
798 2209 855 2271 in
874 2204 1155 2273 visceribus
1180 2227 1380 2271 eorum.
1403 2211 1473 2266 Et
1495 2213 1734 2284 auferam
1761 2229 1849 2268 cor
1874 2213 2140 2284 lapideum

554 2300 622 2357 de
635 2317 791 2358 carne
814 2310 1002 2374 uestra,
1036 2311 1085 2363 et
1107 2303 1242 2361 dabo
1263 2303 1407 2363 vobis
1426 2320 1517 2361 cor
1536 2322 1804 2377 corneum,
1832 2317 1889 2365 ut
1916 2309 1973 2363 in
1993 2322 2132 2377 prte-

554 2394 717 2466 ceptis
761 2395 887 2455 meis
926 2393 1218 2463 ambuletis,
1246 2404 1296 2452 et
1333 2396 1548 2470 judicia
1588 2413 1701 2459 mea
1748 2397 2056 2463 custodiatis
2094 2405 2142 2457 et

553 2487 836 2559 operamini
853 2485 1073 2563 (Each.
1102 2488 1310 2564 xxxvi).
1336 2490 1407 2549 Et
1430 2490 1559 2563 quid
1580 2499 1667 2557 est
1691 2492 1838 2565 quod
1869 2492 2140 2565 Propheta

553 2590 585 2632 a
607 2576 840 2641 Domino
864 2579 968 2643 hoc
1000 2581 1179 2653 ipsum
1213 2583 1675 2653 postulattdicens
1702 2602 1717 2640 :
1746 2582 1849 2643 Cor
1890 2586 2141 2647 mundum

553 2682 675 2727 erat
703 2670 759 2726 in
796 2687 899 2740 me,
933 2671 1075 2729 Deus
1104 2671 1282 2746 (Psul.
1309 2672 1387 2747 1.).
1417 2677 1487 2739 Et
1524 2677 1747 2743 denuo:
1779 2677 2002 2741 Lavubis
2034 2695 2136 2747 me,

556 2757 751 2831 inquit,
774 2770 823 2816 et
868 2779 1027 2831 super
1073 2766 1241 2829 nivem
1284 2766 1565 2833 dealbabor
1602 2766 1817 2843 (Ibid.).
1843 2768 1976 2829 Item
2007 2769 2137 2845 quid

557 2860 640 2909 est
661 2852 809 2922 quod
827 2852 998 2919 fertur
1020 2857 1086 2915 de
1111 2857 1262 2921 Deo?
1287 2859 1394 2931 Qui
1417 2860 1564 2921 docet
1583 2862 1842 2921 hominem
1869 2863 2139 2925 scientiam

557 2943 735 3015 (Psal.
784 2947 963 3022 sunt).
1016 2952 1106 3022 Et,
1155 2950 1414 3017 Dominus
1455 2953 1727 3017 illuminat
1766 2973 1927 3014 cteros
1960 2954 2135 3031 (Paul.

2238 1935 2308 1988 vit
2335 1934 2673 2003 compeditos,
2697 1928 2955 1987 Dominus
2985 1931 3247 1987 illuminat
3272 1948 3431 1987 cacas
3451 1929 3811 2007 (Psal.cxt.v).

2240 2026 2308 2081 Et
2356 2040 2588 2081 rursus:
2624 2025 2878 2094 Dirupisti
2926 2024 3131 2080 uincula
3198 2041 3309 2080 mea
3335 2021 3461 2098 (Ps.
3508 2023 3665 2099 cxv),
3716 2033 3810 2083 etc.

2237 2120 2369 2176 Item
2399 2118 2648 2174 Christus
2675 2119 2820 2189 apud
2849 2117 3114 2175 Joannem
3148 2137 3162 2172 :
3190 2117 3381 2188 Nemo,
3414 2119 3693 2189 inquiens.
3725 2137 3811 2190 po-

2238 2220 2334 2268 test
2382 2214 2549 2267 uenire
2588 2213 2657 2267 ad
2685 2228 2783 2279 me,
2817 2210 2921 2267 nisi
2961 2210 3145 2278 Pater,
3168 2213 3259 2283 qui
3307 2212 3443 2267 misit
3483 2230 3584 2277 me,
3613 2215 3815 2268 traxerit

2240 2323 2357 2365 eum
2385 2305 2568 2379 (Joan.
2602 2304 2701 2377 vi).
2730 2305 2798 2363 Et
2835 2306 3181 2363 beatissimus
3205 2304 3445 2365 Joannes
3464 2305 3709 2376 Baptista
3735 2321 3815 2360 as-

2241 2400 2375 2455 serit
2399 2416 2411 2451 :
2443 2396 2566 2452 Non
2597 2405 2762 2466 potest
2790 2397 2942 2451 homo
2970 2415 3001 2451 a
3022 2410 3085 2451 se
3115 2397 3353 2466 accipere
3380 2398 3692 2466 quidquam,
3724 2397 3817 2451 nisi

2241 2494 2396 2566 fuerit
2422 2494 2469 2548 ei
2490 2491 2673 2548 datum
2696 2491 2759 2548 de
2783 2490 2911 2555 calo
2933 2488 3112 2561 (Joan.
3146 2490 3252 2561 tu).
3284 2488 3439 2553 Unde
3468 2500 3524 2547 et
3554 2489 3817 2561 Propheta

2238 2588 2294 2647 in
2357 2587 2549 2658 Spiritu
2596 2585 2839 2642 clamans
2885 2601 2898 2638 :
2932 2583 3074 2652 Nisi,
3096 2584 3192 2650 ait,
3218 2582 3477 2641 Dominus
3518 2584 3817 2641 custodierit

2237 2677 2513 2747 ciuitatem,
2529 2679 2727 2749 frustra
2751 2675 2930 2745 uigilat
2942 2677 3032 2745 qui
3052 2658 3273 2731 custodit
3294 2672 3597 2745 eam(Psal.
3614 2673 3814 2745 cxxvt).

2243 2771 2310 2829 Et
2331 2770 2623 2841 Apostolus
2651 2788 2665 2825 :
2697 2768 2840 2824 Deus
2861 2777 2958 2837 est,
2981 2767 3175 2839 inquit,
3202 2771 3290 2840 qui
3317 2776 3562 2837 operatur
3597 2767 3660 2823 in
3686 2766 3817 2825 nobis

2240 2864 2370 2925 uelle
2403 2873 2450 2918 et
2478 2863 2725 2936 perﬁcere
2754 2878 2848 2931 pro
2871 2862 3006 2917 bona
3038 2862 3297 2923 uoluntate
3323 2858 3554 2933 (Philip.
3584 2860 3674 2932 tt).

2317 2957 2509 3022 Porro,
2540 2956 2588 3019 si
2637 2955 2858 3015 arbitrio
2898 2963 3084 3019 nostro
3122 2936 3445 3011 ascrihimus
3471 2966 3818 3015 consumma-

1616 3114 1877 3173 ALARDI
1913 3113 2150 3173 GAZIEI
2184 3115 2756 3174 COMMENTARIUS.

558 3220 1033 3315 illiglilljeligslei
1050 3238 1272 3315 errasse
1293 3227 1773 3315 dissimulemtyel
1816 3237 1991 3286 errata
2042 3194 2140 3289 de:-
2164 3230 2211 3297 c
2239 3246 2343 3315 non
2365 3232 2643 3315 ambigam.
2672 3230 2815 3287 Alios
2836 3240 3011 3315 autem
3038 3230 3173 3315 lego,
3204 3239 3258 3286 ut
3285 3230 3605 3315 quantalibet
3636 3230 3819 3315 sancti-

557 3289 795 3377 fendam.
825 3292 1207 3377 Quin_potius,
1234 3299 1375 3377 quod
1404 3301 1457 3355 in
1487 3289 1804 3377 praefatione
1834 3315 2138 3377 meaAprte-

560 3366 744 3419 monui
771 3378 835 3420 ac
876 3366 1149 3441 professus
1186 3366 1330 3434 sum,
1360 3370 1464 3427 hoc
1489 3366 1798 3426 identidem
1853 3366 2134 3441 profiteor,

556 3447 624 3515 ac
649 3450 767 3515 prus
792 3450 879 3491 me
906 3435 1028 3515 fero
1053 3456 1066 3491 :
1090 3437 1304 3515 {tisicus
1329 3443 1535 3515 quidem
1564 3441 1845 3498 Cassianus
1856 3435 1885 3509 ’ξ
1903 3443 1994 3496 sed
2023 3435 2135 3498 uta;

555 3506 636 3576 gis
661 3507 833 3589 pmica
859 3508 1066 3589 ueritas.
1098 3509 1263 3567 Error
1287 3506 1446 3589 enim,
1478 3515 1568 3589 cui
1594 3532 1695 3569 non
1730 3506 2133 3589 resistitur,ap_-

558 3577 805 3656 probatur
819 3593 849 3656 ;_
868 3587 916 3633 et
941 3580 1127 3656 veritas
1155 3596 1269 3636 cum
1300 3577 1506 3656 minime
1534 3585 1852 3656 deferuntur,
1879 3577 2134 3656 opprimi-

557 3653 674 3727 tur_,
715 3649 793 3727 a_i_t
833 3649 1179 3707 Innocentius
1224 3653 1463 3723 pontifex
1512 3649 1685 3727 (Apud
1732 3649 1970 3711 Gratia'n'.
2009 3658 2129 3713 dist.

555 3715 683 3789 83).
731 3720 1033 3779 Humanum
1093 3715 1296 3794 quippe
1334 3736 1418 3780 est
1455 3715 1561 3782 labi
1581 3715 1654 3781 'et
1698 3742 1922 3793 errare,
1973 3735 2031 3782 at
2074 3728 2135 3785 in

558 3802 747 3846 errore
796 3806 1151 3861 perseverare
1192 3796 1519 3853 diabolicum
1571 3808 1662 3853 aut
1709 3798 2023 3854 haereticum
2053 3816 2067 3851 :
2101 3813 2134 3852 a

558 3873 664 3931 qua
700 3862 916 3931 quidem
948 3874 1080 3937 nota
1105 3864 1418 3936 longissime
1447 3883 1662 3937 semper
1706 3868 1879 3924 abfuit
1918 3869 2135 3924 Cassia-

558 3944 683 3998 nus,
725 3946 940 4008 semper
979 3936 1299 4005 catholicus,
1330 3950 1491 4008 atque
1534 3936 1676 3994 inter
1701 3939 1996 3994 catholicos
2027 3954 2127 3994 au-

559 4010 743 4057 ctores
788 4003 1023 4071 habitus,
1044 4008 1129 4061 vel
1160 4003 1442 4075 ipso'test'e
1465 4008 1530 4064 1).
1566 4010 1841 4075 Prospero
1886 4010 2002 4079 ejus
2031 4011 2132 4064 im-

561 4082 870 4151 pugnatura
889 4084 944 4131 et
991 4080 1335 4151 antagottista
1379 4082 1648 4137 acerrimo
1675 4080 1842 4151 (Vide
1881 4080 2033 4150 plura
2076 4083 2133 4136 in

558 4143 766 4227 prafat:
812 4147 1039 4227 _nbstra)_.
1091 4143 1232 4216 Quid
1282 4165 1417 4227 vero
1463 4152 1656 4227 mirum
1683 4143 1781 4219 'si,
1813 4143 2128 4227 _ut_homo,

557 4212 761 4284 aliquid
812 4212 1035 4271 humani
1085 4212 1272 4286 passus
1313 4222 1404 4285 sit,
1438 4230 1492 4276 et
1523 4222 1689 4277 nimio
1710 4212 2133 4277 véritatisinda;

556 4286 747 4352 gandte
773 4289 954 4342 studio
981 4289 1212 4345 subinde
1235 4306 1266 4346 a
1291 4293 1536 4347 veritatis
1579 4293 1791 4348 tramite
1840 4296 2126 4358 aberrarit,

557 4358 871 4431 praesertim
905 4358 974 4413 iis
1001 4359 1054 4414 in
1082 4361 1249 4415 rebus
1275 4364 1414 4419 adeo
1444 4364 1690 4419 obscuris
1715 4374 1770 4418 et
1795 4362 2126 4431 difficilibus,

558 4426 792 4511 necdum
822 4429 1169 4511 id_tetnpo_t_'is
1195 4432 1531 4511 ab_Ecc_les_ia
1561 4434 1876 4511 delinitiset
1898 4435 1979 4511 ad
2019 4426 2131 4502 plel

558 4510 686 4575 num
727 4496 1049 4575 elucidatis'!
1077 4501 1213 4557 Num
1246 4502 1298 4559 id
1327 4505 1412 4560 vel
1444 4506 1562 4575 ejus
1604 4505 1913 4561 auctoritati
1941 4504 1994 4560 in
2021 4496 2130 4559 cae-

556 4569 934 4652 terisscriptis
971 4572 1258 4652 derogare,
1284 4575 1367 4652 vel
1398 4569 1611 4646 ab'ejus
1637 4576 1914 4632 lectitandi
1947 4575 2128 4652 studio

559 4638 839 4710 religionis
862 4656 926 4697 ac
952 4638 1170 4709 pietatis
1194 4638 1471 4703 studiosos
1507 4638 1762 4703 avertere
1797 4656 1890 4702 aut
1924 4648 2129 4702 abalie-

557 4723 691 4765 nare
721 4710 963 4788 _debeat‘.f
1013 4714 1234 4788 minime
1279 4732 1441 4784 vero;
1484 4720 1648 4774 immo
1689 4718 1866 4788 potius
1913 4718 1980 4772 ad
2011 4721 2128 4788 ejus

556 4781 918 4872 complexum,
948 4782 1239 4872 lectipnem
1266 4802 1331 4843 ac
1383 4781 1617 4872 studium
1646 4781 1796 4844 tanto
1836 4788 2006 4872 magis
2035 4781 2127 4845 ac-

557 4851 792 4930 cendere
819 4863 981 4930 atque
1009 4855 1371 4925 inﬂammare,
1398 4860 1539 4928 quod
1561 4860 1673 4930 jam
1705 4860 1850 4914 omni
1891 4851 2012 4928 ejus
2043 4876 2130 4915 er-

556 4935 687 4997 rore
703 4923 1133 4997 palamidetecto,
1151 4939 1204 4981 et
1224 4923 1492 4985 contraria
1517 4923 1743 4987 veritate
1766 4923 2125 4997 manifestata,

556 4992 760 5079 nullius
782 4996 1107 5079 periculivel
1129 4998 1331 5054 fraudis
1357 5013 1532 5079 metus
1551 5011 1643 5056 aut
1661 5000 1895 5079 suspicio
1918 4992 2130 5059 residua

558 5071 631 5119 sit
653 5104 676 5140 ,_
699 5071 988 5134 quominus
1014 5076 1128 5140 tuto
1156 5082 1221 5124 ac
1266 5083 1455 5140 secure
1484 5075 1534 5126 in
1572 5087 1638 5128 eo
1666 5072 1870 5127 versari
1902 5089 2132 5140 eumque

559 5134 808 5211 evolvere
848 5153 911 5191 ac
934 5139 1449 5211 _revolvereliceat,
1476 5143 1831 5211 prcesentibus
1873 5134 2132 5199 antidotis

557 5212 614 5261 et
640 5205 977 5262 documentis
1018 5208 1218 5283 ubique
1248 5210 1302 5266 in
1336 5205 1587 5283 promptu
1617 5226 1670 5270 et
1712 5214 1765 5269 in
1805 5229 2022 5269 omnem
2050 5215 2131 5269 in-

555 5288 774 5332 cursum
794 5287 851 5354 _et
868 5279 1207 5354 occasionem
1229 5279 1484 5354 euhibitis
1500 5279 1575 5341 ac
1601 5284 1975 5354 suppeditatis.
1998 5285 2129 5342 Nam

555 5355 632 5426 ut
647 5348 904 5426 praeiere
934 5350 1213 5426 scribitp.
1238 5352 1616 5426 Hieronymus
1655 5348 1722 5409 ad
1768 5356 2128 5425 Augustinum

555 5415 752 5495 (Epist.
789 5418 921 5490 97):
964 5417 1106 5495 ﬁalis
1130 5415 1518 5495 Scripturaru'm
1552 5426 1733 5495 libris,
1778 5415 1882 5495 qui
1900 5430 2131 5482 canonici

554 5490 907 5569 appellantur,
938 5490 1097 5546 didici
1125 5490 1262 5548 hunc
1282 5496 1514 5569 timorem
1539 5490 1887 5569 honoremque
1905 5497 2126 5569 deferre,

555 5568 616 5613 ut
660 5561 861 5617 nullum
885 5578 1066 5617 eorum
1101 5576 1362 5621 auctorem
1381 5566 1652 5624 scribendo
1690 5561 1887 5625 aliquid
1929 5561 2127 5625 errasse

554 5627 849 5713 ﬁurmissime
872 5634 1113 5713 credam;
1141 5643 1194 5690 at
1216 5637 1263 5691 si
1281 5635 1480 5713 aliquid
1508 5640 1563 5713 in
1580 5639 1673 5713 __eis
1699 5627 1963 5713 offendero
1987 5640 2126 5713 quod

551 5699 790 5780 uideatur
827 5699 1156 5780 contrarium
1198 5699 1437 5776 ueritati;
1480 5709 1613 5765 nihil
1650 5699 1799 5764 aliud
1848 5699 2011 5780 quam'
2046 5710 2126 5765 vel

550 5772 858 5828 mendosum
882 5789 993 5851 esse
1035 5776 1289 5851 codicem,
1329 5772 1759 5851 vel'interpretem
1788 5772 1887 5834 non
1922 5797 2125 5836 assecu-

554 5856 667 5905 tum
690 5856 803 5902 esse
837 5846 980 5914 Quod
1010 5847 1209 5905 dictum
1247 5856 1342 5916 est,
1370 5852 1451 5909 uel
1482 5846 1793 5908 me’minime
1813 5851 2123 5909 intellexisse

2242 3308 2365 3375 tate,
2389 3300 2724 3375 doctrinaque
2760 3300 3119 3375 prtrpolleant,
3160 3300 3819 3375 nonideoperuntpntem

2238 3373 2366 3443 quia
2390 3374 2490 3443 ipsi
2519 3374 2593 3427 ita
2621 3372 2909 3436 senserunt,
2943 3374 3038 3427 sed
3059 3375 3181 3439 quia
3210 3372 3336 3425 mihi
3355 3372 3435 3425 vel
3461 3389 3554 3438 per
3581 3372 3707 3427 illos
3727 3388 3818 3424 au-

2237 3455 2403 3499 ctores
2446 3447 2738 3511 canonicos,
2775 3444 2854 3498 vel
2894 3444 3149 3509 probabili
3187 3444 3411 3501 ratione.
3442 3444 3579 3513 quod
3630 3460 3665 3498 α
3708 3459 3816 3496 vero

2238 3531 2343 3573 non
2367 3514 2657 3581 abhorreat,
2690 3517 3001 3587 persuadere
3029 3523 3323 3587 potuerunt.
3349 3513 3422 3569 Ita
3461 3515 3534 3587 Β,
3557 3514 3820 3585 Hieroay-

2237 3601 2378 3641 mus.
2440 3587 2505 3641 Et
2554 3584 2921 3657 alibi‘(Epist.
2974 3584 3073 3657 76)
3110 3587 3176 3640 de
3229 3584 3539 3656 hujttsntodi
3579 3587 3818 3708 antiquis

2237 3657 2622 3708 scriptoribus-
2673 3672 2902 3708 atrorum
2959 3659 3158 3708 scrinta
3217 3656 3492 3708 nonnullis
3538 3656 3721 3708 errori
3744 3671 3818 3708 ius

2234 3657 2622 3726 scriptoribus,
2673 3656 2902 3727 quorum
2959 3659 3158 3723 scripta
3217 3656 3492 3711 nonnullis
3538 3656 3819 3711 erroribus

2232 3741 2457 3798 aspersa
2509 3739 2825 3792 noscuntur,
2854 3743 3011 3783 suam
3060 3730 3385 3783 sententiam
3434 3735 3491 3782 et
3532 3727 3817 3782 consilium

2236 3800 2444 3869 profert
2476 3799 2563 3855 his
2587 3800 2772 3854 verbis
2804 3817 2818 3851 :
2851 3798 2965 3870 Ego
2998 3799 3269 3871 Origeuem
3314 3810 3541 3871 propter,
3569 3799 3814 3871 equitie-

2234 3868 2349 3944 r_t_em
2377 3872 2448 3924 sic
2471 3871 2729 3944 interdum
2753 3868 3023 3944 legendum
3045 3868 3574 3944 arbitror,_'quomodo
3609 3868 3817 3924 Tertul-

2233 3938 2450 4009 lianum,
2484 3941 2766 4005 Novatum,
2801 3938 3109 4007 limobium,
3157 3941 3557 4009 Apollinarium,
3592 3952 3648 3995 et
3690 3956 3818 3993 non-

2231 4013 2409 4067 nullos
2433 4012 2803 4067 ecclesiasticos
2832 4015 2933 4067 seri
2939 4024 3128 4080 ptores,
3145 4011 3355 4068 (ἔνατος
3377 4014 3571 4083 pariter
3594 4022 3646 4065 et
3678 4010 3817 4083 Lati-

2233 4099 2363 4156 nos;
2393 4092 2467 4156 ut
2487 4083 2622 4137 bona
2652 4100 2829 4156 eorum
2863 4084 3168 4156 eligtttuus,_
3183 4082 3497 4156 vitemuSque
3529 4082 3814 4156 centuria,

2222 4154 2384 4225 juxta
2438 4155 2739 4225 Apostolum
2784 4152 3034 4211 dicentem
3084 4154 3320 4225 :Omnia
3365 4152 3574 4225 probate
3619 4172 3635 4206 :
3680 4152 3818 4225 quod

2233 4221 2420 4278 bonum
2449 4221 2545 4289 est,
2579 4234 2759 4289 tenete,
2783 4236 2888 4280 etc.
2918 4226 3008 4282 Sic
3039 4226 3202 4296 igitur
3228 4222 3518 4279 Cassianus
3548 4221 3816 4296 legendus

2232 4304 2290 4349 ut
2316 4296 2494 4365 quivis
2532 4297 2670 4351 alius
2698 4306 2888 4351 auctor
2920 4295 3235 4362 catholicus,
3268 4304 3329 4350 ut
3366 4295 3629 4363 quidquid
3668 4295 3723 4349 in
3754 4308 3817 4365 eo

2232 4364 2447 4421 veritati
2494 4382 2558 4422 ac
2605 4368 2793 4436 pietati
2843 4376 3267 4424 consentaneum
3315 4364 3814 4436 amplectamur;si

2231 4437 2358 4511 quid
2383 4453 2511 4495 vero
2536 4440 2801 4511 alienum,
2822 4454 3168 4511 respiramus,
3195 4446 3248 4494 et
3279 4438 3540 4511 veritatis
3566 4436 3817 4511 antidoto

2230 4508 2483 4565 falsitatis
2518 4510 2663 4565 virus
2700 4507 2983 4564 elidannis.
3018 4508 3280 4564 Caeterum
3313 4524 3434 4563 cutn
3476 4507 3617 4562 adeo
3665 4508 3812 4561 varia

2153 4606 2208 4668 ι)
2230 4578 2516 4668 eum
2546 4582 2655 4665 sit"
2679 4582 2955 4668 'FPFP‘PF'"!
2970 4652 2981 4668 .
2998 4581 3243 4668 ingenim.
3262 4588 3331 4668 ei
3355 4581 3646 4668 animum
3662 4578 3812 4668 ius;

2234 4649 2800 4725 niorumvariigustus
2826 4664 2883 4705 et
2905 4647 3335 4725 relutiyquasdam
3355 4650 3560 4725 bps’Escc.
3586 4659 3649 4703 ut
3670 4647 3812 4716 quod

2235 4723 2324 4774 uni
2353 4723 2527 4792 sapiat
2555 4723 2709 4777 alteri
2737 4737 2989 4776 nauseam
3036 4732 3093 4776 et
3120 4721 3394 4776 [ειςιίἀὶυηὶ
3431 4727 3633 4792 pariat;
3665 4734 3813 4792 cotu-

2235 4788 2451 4848 mittere
2481 4803 2628 4848 certe
2668 4792 2838 4855 nolui,
2869 4794 2997 4861 quin
3024 4793 3167 4847 aliud
3198 4792 3386 4846 itidem
3434 4790 3707 4861 ferculum
3737 4788 3813 4843 le-

2233 4863 2503 4932 gentibus,
2531 4864 2680 4930 quasi
2708 4860 2970 4930 convivis
3006 4878 3355 4932 apponerem,
3387 4860 3530 4930 quod
3578 4862 3814 4915 fortasse

2236 4934 2403 5004 magis
2436 4934 2712 4998 arridebit,
2743 4950 2901 5004 quam
2929 4931 3344 5004 prmcedentium
3376 4931 3811 5004 disputationum

2236 5000 2472 5058 difficilis
2502 5016 2554 5060 et
2584 5000 2814 5061 obscura
2847 5000 3090 5059 tractatio
3126 5022 3140 5061 :
3168 5018 3349 5057 sonam
3393 5000 3513 5056 diuo
3540 5012 3594 5058 et
3620 5000 3815 5056 catho-

2238 5074 2395 5129 licam
2420 5076 2716 5130 doctrinam
2736 5074 2978 5146 Dionysii
3002 5072 3470 5146 Cartbusiauiviri
3493 5088 3596 5127 non
3630 5073 3812 5146 minus

2237 5148 2526 5217 sanctitate
2554 5161 2715 5217 quam
2749 5140 3050 5202 eruditione
3081 5145 3389 5210 clarissimi,
3412 5143 3684 5217 degratia
3718 5140 3808 5217 Dei

2236 5225 2291 5272 et
2323 5216 2493 5273 libero
2520 5211 2752 5272 hominis
2800 5218 3041 5277 arbitrio,
3083 5230 3241 5285 quam
3279 5230 3345 5269 ex
3392 5211 3812 5285 dictisabbatis

2235 5286 2603 5344 Chaeremonis
2626 5287 2817 5357 majori
2838 5302 2905 5344 ex
2927 5296 3077 5358 parte
3097 5283 3164 5358 ita
3184 5284 3475 5342 artificiose
3494 5283 3739 5354 collegit,
3756 5290 3814 5335 ut

2233 5360 2519 5428 expunctis
2567 5370 2621 5414 et
2668 5357 2940 5415 abstersis
2971 5357 3245 5414 erroribus
3276 5364 3441 5412 totam
3479 5368 3696 5426 puram,
3721 5367 3813 5407 or-

2236 5428 2548 5498 thodoxam,
2582 5431 2721 5499 piam
2767 5444 2834 5485 ac
2871 5429 3163 5485 salutarem
3211 5428 3519 5493 exhiberet;
3574 5437 3812 5495 eamque

2238 5510 2357 5583 post
2390 5500 2548 5583 ditem
2584 5501 2790 5583 capitis.
2811 5500 3006 5583 decimi
3044 5501 3244 5583 octavi,
3276 5499 3425 5583 quasi
3469 5511 3534 5583 ex.
3570 5507 3813 5583 persona

2237 5543 3411 5643 ipsius-"ﬁliarret'nonis:“reliqumwcoliaiioni
3452 5543 3816 5643 subsrtitueret

2235 5636 2299 5697 a_c
2331 5642 2644 5712 subrogaret
2675 5660 2687 5695 :
2715 5636 2926 5699 functus
2939 5636 3040 5699 hac
3067 5642 3121 5697 in
3152 5650 3327 5710 parte,
3355 5655 3460 5696 non
3503 5636 3815 5712 paraphra-

2234 5720 2354 5779 stae,
2387 5724 2442 5766 ut
2465 5708 2522 5768 ui
2537 5713 2884 5777 cmteris,sed
2913 5708 3228 5770 censoris‘et
3250 5708 3569 5767 correctoris
3599 5708 3814 5763 ofﬁcio.

2234 5783 2323 5857 Sic
2354 5785 2513 5857 igitur
2541 5783 2830 5857 Dionysius
2858 5784 3207 5857 collationem
3244 5780 3616 5857 Cltasremonis
3664 5795 3702 5836 ι
3728 5793 3819 5837 ca-

2233 5855 2343 5925 pite
2368 5854 2582 5913 decimo
2606 5854 2800 5913 octavo
2837 5859 2905 5913 ad
2936 5856 3094 5912 linem
3121 5870 3294 5927 usque
3315 5854 3687 5923 prcsequit‘ur.
