4078 6332
332 209 433 267 949

1252 186 1601 266 counrto
1637 186 1777 273 inn.
1800 232 1875 249 ..-
1900 205 1990 275 DE
2030 197 2508 263 PROTECTIONE
2550 206 2683 265 DEI.

3502 211 3606 268 950

327 328 531 384 tionem
585 328 882 393 virtutum,
932 326 1442 396 essecuiionemque
1498 325 1910 392 mandatorum,
1938 328 1994 388 Α
2019 322 2198 394 (Joan.
2228 324 2302 395 v).
2344 325 2411 380 Et
2444 343 2460 381 :
2496 323 2693 393 Beatus
2720 341 2793 392 es,
2838 324 3024 381 Simon
3050 324 3310 401 Barjona,
3357 328 3607 399 quoniam

327 420 601 493 quomodo
630 434 891 477 oramus:
920 417 1191 487 Conﬁrma
1216 417 1340 491 hoc,
1368 419 1533 490 Deus,
1564 420 1703 492 quod
1733 436 1916 491 opera-

324 524 402 568 tus
422 530 476 569 es
495 514 551 567 in
582 512 729 567 nobis
754 510 928 584 (Pssl.
954 509 1102 582 Lvn).
1125 511 1214 578 Et,
1241 511 1419 579 Opere
1436 529 1685 571 ntanuum
1711 520 1917 568 nostra-

324 618 433 661 rsnss
460 608 631 679 dirige
672 623 826 678 super
847 622 939 662 nos
960 603 1137 677 (Ptol.
1161 604 1385 676 uuis)
1410 606 1666 667 iScimns
1694 606 1913 667 Balaam

324 699 488 754 iuius
512 697 845 753 conductum
876 696 947 752 ad
973 696 1408 757 maledicendum
1435 697 1567 752 filiis
1591 697 1791 761 Israel;
1818 694 1915 753 sed

327 790 573 846 videmus
602 790 706 847 sibi
739 790 794 847 id
824 791 1061 860 cupienti
1082 805 1195 847 non
1221 805 1345 847 esse
1372 791 1695 861 permissum
1718 789 1914 862 (Num.

324 884 482 953 nn).
507 884 829 939 Custoditss
855 893 942 939 est
982 882 1323 952 Ahimelech,
1353 900 1425 941 ne
1459 883 1757 941 Rebeccam
1801 892 1919 947 tan-

323 978 501 1049 gendo
547 988 804 1049 peccaret
829 978 885 1032 in
916 978 1205 1034 Dominum
1252 978 1481 1050 (Cenes.
1514 980 1672 1050 ut).
1712 979 1917 1051 .loseph

324 1069 555 1126 fratrum
581 1071 753 1128 livore
780 1080 871 1126 est
890 1072 1179 1139 venditus;
1206 1081 1262 1127 ut
1288 1072 1445 1130 ﬁeret
1464 1073 1753 1130 descensio
1777 1073 1916 1130 [ilio-

325 1179 443 1219 rnm
474 1164 529 1219 in
554 1163 874 1236 Egyptum,
900 1176 952 1221 et
982 1166 1091 1222 illis
1130 1167 1200 1222 de
1225 1181 1360 1224 nece
1388 1167 1591 1238 loseph
1634 1169 1917 1225 tractanti-

324 1260 425 1315 bus
452 1260 839 1331 provideretur
868 1261 995 1315 fami
1025 1261 1240 1328 futurae,
1264 1263 1409 1332 quod
1454 1263 1656 1334 Joseph
1683 1279 1712 1318 a
1735 1263 1915 1321 fratri-

322 1352 422 1407 bus
447 1353 669 1423 agnitus
690 1362 903 1409 reserat
925 1353 1113 1411 dicens
1142 1372 1155 1408 :
1179 1355 1355 1410 Nolite
1376 1372 1579 1425 pavone,
1608 1374 1699 1411 nec
1723 1357 1914 1414 durum

319 1446 458 1501 vobis
490 1448 725 1501 videatur
767 1448 910 1518 quod
944 1448 1256 1503 vendidistis
1286 1466 1365 1503 me
1388 1450 1447 1503 in
1480 1450 1559 1504 his
1588 1451 1905 1520 regionibus.

323 1536 430 1592 Pro
453 1537 626 1592 salute
646 1540 787 1593 enim
813 1548 984 1594 vestra
1004 1541 1144 1595 misit
1170 1556 1249 1594 me
1279 1540 1421 1596 Deus
1451 1552 1569 1597 ante
1590 1558 1677 1597 vos
1701 1541 1910 1613 (Genes.

320 1629 469 1703 ην).
499 1631 564 1686 Et
594 1646 783 1687 rursus
812 1648 831 1687 :
859 1630 1124 1687 Praemisit
1150 1634 1298 1703 enim
1341 1650 1422 1689 me
1459 1634 1618 1702 Deus,
1646 1646 1703 1689 ut
1742 1652 1911 1692 reser-

2015 436 2140 475 caro
2171 429 2219 476 et
2247 422 2459 492 sanguis
2485 439 2590 477 non
2609 422 2850 477 reuelauit
2880 422 3007 489 tibi;
3040 424 3133 477 sed
3156 420 3319 479 Pater
3345 440 3488 478 meus
3517 425 3609 495 qui

2015 516 2073 571 in
2096 513 2239 571 caelis
2270 526 2346 570 est
2366 516 2581 588 (Matth.
2610 518 2744 585 ut).
2780 515 2893 573 Hac
2924 515 3113 588 regula
3151 518 3286 574 nulli
3322 516 3609 572 hominum

2016 606 2261 663 aufertur
2298 608 2563 677 voluntas,
2589 611 2713 679 quia
2741 609 2912 664 virtus
2946 610 3137 679 gratiae
3156 624 3266 665 non
3296 608 3478 665 hocin
3502 623 3601 664 vo-

2018 699 2316 755 luntatibus
2367 708 2646 769 operatur,
2677 708 2738 755 ut
2767 715 2872 755 non
2902 700 3033 767 sint,
3065 700 3163 757 sed
3213 710 3272 759 ut
3324 716 3396 758 ex
3442 701 3608 757 malis

2018 796 2202 862 bonae,
2225 803 2282 850 et
2309 808 2379 849 ex
2405 793 2718 867 inﬁdelibus
2741 793 2852 849 sint
2879 795 3090 863 ﬁdeles,
3115 803 3174 852 et
3197 795 3290 866 qui
3314 810 3383 851 ex
3408 805 3611 852 semet-

2018 886 2150 956 ipsis
2170 895 2324 941 erant
2350 888 2599 943 tenebrae
2639 887 2731 941 lux
2761 886 3070 944 efﬁciantur
3096 888 3157 944 in
3181 885 3440 959 Domino,
3460 888 3610 959 quod

2019 989 2291 1035 mortuum
2316 990 2437 1036 erat
2453 981 2778 1048 viviﬁcetur,
2796 982 2940 1051 quod
2948 981 3164 1051 iacebat
3179 982 3446 1054 erigatur,
3460 981 3609 1054 quod

2019 1072 2255 1141 perierat
2285 1073 2614 1129 inveniatur.
2638 1072 2757 1129 Hoc
2779 1074 2835 1128 in
2858 1074 3109 1131 omnibus
3133 1089 3353 1144 prorsus
3372 1073 3609 1131 homini-

2015 1163 2138 1229 bus,
2172 1166 2263 1236 qui
2293 1175 2550 1221 eruuntur
2572 1167 2635 1221 de
2656 1175 2905 1235 potestate
2932 1168 3281 1237 tenebrarum,
3312 1178 3363 1223 et
3384 1173 3608 1240 transfe-

2015 1268 2204 1313 runtur
2225 1260 2281 1313 in
2320 1275 2537 1331 regnum
2559 1258 2855 1315 dilectionis
2881 1259 3106 1332 (Coloss.
3137 1259 3189 1331 ι)
3215 1262 3309 1316 lilii
3332 1261 3455 1339 Dei,
3487 1264 3608 1318 sine

2016 1353 2338 1425 cujusquam
2366 1356 2687 1425 exceptione
2719 1370 2969 1425 persona:
3000 1372 3166 1427 agere
3187 1357 3463 1415 credimus
3482 1372 3608 1427 gra-

2017 1448 2145 1504 tiam
2192 1448 2515 1506 Salvatoris.
2546 1450 2681 1518 Quia
2712 1451 2855 1505 sicut
2884 1450 2973 1505 hic
2994 1449 3224 1521 [Auctor
3252 1451 3412 1523 hujus
3438 1452 3609 1508 colla-

2014 1538 2203 1612 tionis]
2254 1542 2397 1598 idem
2447 1542 2805 1613 probabiliter
2854 1543 3124 1611 deﬁnivit,
3156 1544 3386 1601 dicimus
3442 1554 3609 1615 atque

2015 1634 2381 1705 defendimus,
2413 1650 2523 1695 non
2553 1637 2733 1693 solum
2764 1643 3005 1701 actuum,
3037 1652 3227 1695 verum.
3253 1636 3419 1693 etiam
3453 1637 3608 1707 cogi-

321 1722 509 1775 semini
527 1738 686 1791 super
714 1733 928 1789 terram,
953 1732 1002 1778 et
1028 1738 1172 1778 escas
1201 1724 1270 1779 ad
1298 1726 1564 1781 nitendum
1588 1726 1772 1782 habere
1791 1745 1912 1799 pos-
1941 1722 1992 1785 Β
2020 1729 2286 1783 tationnm
2330 1728 2599 1785 bonarum
2645 1744 2714 1784 ex
2759 1728 2871 1784 Deo
2937 1743 3060 1785 esse
3104 1728 3459 1800 principium,
3512 1729 3608 1800 qui

318 1816 451 1870 sitis.
485 1815 609 1871 Non
629 1826 799 1871 oestro
819 1818 1061 1886 consilio,
1084 1819 1174 1873 sed
1195 1816 1293 1873 Dei
1315 1820 1575 1874 voluntate
1594 1820 1699 1875 huc
1726 1823 1910 1878 missus

318 1925 452 1975 suos,
483 1911 575 1980 qtd
601 1912 722 1981 fecit
740 1928 818 1965 me
837 1914 989 1982 quasi
1008 1924 1207 1984 patrem
1226 1913 1542 1980 Pharaonis,
1566 1926 1613 1969 et
1644 1917 1911 1972 dominum

318 2006 477 2057 totius
512 2005 699 2060 domus
725 2010 860 2079 ejus,
898 2016 949 2062 et
969 2009 1263 2079 principem
1282 2011 1335 2063 in
1357 2012 1494 2065 omni
1516 2021 1654 2067 terra
1683 2013 1912 2085 digypti

318 2096 535 2168 (Ibid).
564 2098 812 2169 Cumque
840 2111 963 2170 post
989 2100 1199 2157 obitum
1229 2104 1398 2170 patris
1425 2104 1509 2158 sui
1541 2106 1782 2160 auferret
1819 2123 1910 2161 su-

316 2190 616 2259 spicionem
648 2193 869 2247 timoris
895 2193 1317 2251 formidantibus
1339 2195 1601 2253 fratribus
1624 2200 1771 2255 suis:
1796 2200 1911 2255 No-

318 2285 425 2351 lite,
462 2286 656 2356 inquit,
686 2288 887 2354 timere,
921 2290 1171 2358 numquid
1217 2289 1316 2344 Dei
1356 2294 1592 2347 resistere
1631 2306 1910 2363 possumus

316 2380 607 2433 voluntati?
645 2380 747 2436 Vos
766 2384 1034 2453 cogitastis
1059 2385 1333 2439 adversum
1360 2402 1440 2441 me
1456 2388 1670 2451 malum,
1698 2400 1747 2442 et
1769 2388 1909 2443 Deus

318 2474 465 2527 vertit
503 2475 640 2528 illud
683 2476 735 2528 in
769 2477 975 2543 bonum,
1009 2488 1065 2531 ut
1087 2479 1340 2533 exultaret
1370 2496 1469 2545 me,
1510 2481 1644 2535 sicut
1680 2483 1733 2535 in
1776 2496 1911 2551 prte-

315 2568 596 2620 sentiarum
626 2569 861 2635 cernitis,
890 2578 937 2623 et
954 2570 1174 2625 salvaret
1198 2574 1417 2643 populos
1446 2574 1634 2627 multos
1651 2573 1801 2644 (Gen.
1828 2575 1907 2646 ι).

315 2658 466 2727 Quod
486 2660 649 2715 etiam
679 2661 877 2717 factum
903 2666 1300 2720 (economicum
1330 2682 1422 2723 seu
1448 2668 1906 2739 dispensatorium

316 2750 483 2805 David
530 2754 677 2807 canit
714 2754 769 2809 in
820 2757 1078 2826 psalmo:
1120 2757 1353 2826 Vocaoit,
1400 2762 1669 2831 inquiens,
1717 2766 1907 2832 famem

315 2861 467 2915 super
499 2856 711 2915 terram,
743 2859 792 2903 et
833 2866 985 2904 omne
1021 2852 1406 2920 ﬁrmamentum
1453 2858 1609 2928 panis
1645 2860 1904 2913 contrivit.

315 2936 463 2992 Misit
490 2950 608 2995 ante
629 2958 717 2997 eos
738 2944 939 3012 virum;
958 2947 1010 2999 in
1027 2962 1233 3002 servum
1252 2951 1576 3006 venundatus
1608 2963 1683 3007 est
1710 2952 1907 3025 Joseph

316 3029 489 3101 (Psal.
512 3032 645 3104 civ).
672 3032 765 3091 Sic
800 3037 961 3107 igitur
989 3037 1246 3095 virtutem
1280 3040 1691 3114 efﬁcaciamque
1717 3047 1908 3114 gratia:

2014 1822 2173 1878 nobis
2208 1831 2263 1879 et
2293 1822 2505 1879 initium
2548 1824 2705 1879 bona
2732 1823 3027 1878 voluntatis
3058 1823 3317 1893 inspirat,
3346 1832 3405 1878 et
3433 1822 3608 1878 virtu—

2014 1925 2123 1972 tem
2151 1926 2312 1987 atqne
2334 1917 2793 1987 opportunitatem
2817 1932 3011 1972 eorum
3046 1932 3166 1988 quae
3189 1924 3336 1973 recte
3360 1916 3612 1986 cupimus

2013 2007 2204 2063 tribuit
2258 2008 2595 2079 peragendi:
2626 2007 2793 2063 Omne
2830 2010 2976 2065 enim
3022 2010 3205 2064 datum
3250 2010 3522 2079 optimum,
3557 2016 3610 2062 et

2012 2116 2164 2155 omne
2210 2100 2405 2156 donum
2444 2104 2731 2173 perfectum
2777 2103 3048 2158 desursum
3096 2112 3199 2170 est,
3229 2104 3546 2159 descendens
3575 2119 3610 2158 ts

2013 2192 2176 2249 Patre
2226 2195 2479 2259 luminum
2510 2195 2661 2268 (Jac.
2699 2195 2779 2268 ι).
2810 2195 2911 2265 Qui
2960 2204 3017 2252 et
3062 2195 3252 2267 incipit
3298 2212 3420 2266 qua:
3465 2198 3607 2254 bona

2012 2298 2159 2356 sunt,
2192 2297 2249 2343 et
2290 2290 2611 2361 exsequitur
2661 2298 2719 2347 et
2761 2299 3109 2346 consummat
3136 2291 3191 2346 in
3238 2290 3418 2347 nobis.
3460 2290 3600 2346 Cum

2012 2381 2158 2436 enim
2190 2380 2333 2436 Deus
2380 2396 2480 2437 nos
2512 2382 2757 2451 tepuisse
2793 2381 3179 2451 conspexerit,
3196 2381 3394 2452 ingerit
3421 2382 3606 2437 cordi-

2012 2470 2117 2528 bus
2158 2473 2362 2528 nostris
2394 2474 2673 2531 orationes
2709 2472 2820 2545 [AL
2846 2469 3226 2544 cogitationes]
3267 2472 3600 2540 salutiferas,

2012 2565 2212 2635 quibus
2236 2564 2375 2620 bona
2400 2565 2655 2621 voluntas
2686 2564 3021 2622 reformatur
3050 2566 3104 2621 in
3132 2565 3308 2622 nobis.

2085 2658 2310 2714 Rectum
2358 2659 2578 2729 quidem
2608 2668 2663 2715 et
2690 2662 2839 2715 omni
2868 2659 3002 2714 vitio
3034 2668 3311 2715 carentem
3357 2667 3603 2714 creatum

2011 2767 2138 2809 esse
2178 2753 2455 2810 hominem
2498 2755 2752 2825 primum,
2796 2755 2852 2809 iu
2888 2768 2998 2824 quo
3039 2753 3281 2810 omnium
3323 2752 3605 2808 hominum

2010 2858 2297 2903 concreata
2330 2858 2523 2903 natura
2552 2857 2637 2903 est
2657 2888 2674 2914 ,
2719 2847 2971 2904 dubitare
2996 2848 3074 2903 las
3102 2862 3211 2904 non
3238 2855 3344 2915 est,
3370 2861 3603 2918 eumque

2010 2938 2119 2994 tale
2153 2940 2433 3009 accepisse
2461 2938 2693 2996 liberum
2723 2940 3035 3006 arbitrium,
3068 2948 3130 2995 ut
3163 2940 3213 2995 si
3248 2939 3606 2995 auxiliantem

2012 3031 2115 3087 sibi
2147 3031 2427 3088 dominum
2469 3046 2578 3088 non
2611 3031 2915 3100 desereret,
2955 3042 3178 3102 possent
3207 3032 3263 3087 in
3295 3032 3457 3088 nobis
3481 3047 3605 3103 qua:

314 3123 408 3180 Dei
438 3135 764 3197 statuamus,
800 3142 867 3185 ne
892 3134 1198 3189 excessisse
1233 3136 1473 3206 regulam
1512 3112 1908 3193 ecclesiastica:

2017 3126 2335 3180 naturaliter
2377 3135 2688 3196 acceperat,
2730 3141 3114 3197 perseverare,
3144 3126 3270 3197 quia
3314 3126 3517 3191 vellet;
3550 3132 3607 3182 et

312 3219 437 3275 ﬁdei
471 3222 772 3278 videamur.
803 3224 1181 3282 Ecclesiastica
1226 3230 1409 3299 regula
1433 3240 1539 3299 est,
1571 3230 1908 3300 praedicante

316 3316 580 3384 Apostolo
606 3333 618 3369 ε
663 3316 834 3372 Nemo
869 3326 1041 3388 potest
1068 3320 1236 3374 dicere
1265 3319 1546 3375 Dominum
1571 3320 1775 3389 Iesum,
1810 3322 1912 3377 nisi

317 3407 370 3461 in
416 3407 627 3480 Spiritu
658 3422 839 3466 sancto
870 3412 924 3484 (ι
967 3413 1084 3466 Cor.
1138 3413 1264 3482 ιιι).
1297 3413 1678 3469 Ecclesiastica
1724 3416 1910 3484 regula

317 3508 399 3551 est
430 3515 443 3552 :
467 3496 651 3553 Gratia
680 3499 781 3557 Dei
806 3518 921 3556 sum
945 3502 1001 3557 id
1030 3504 1170 3573 quod
1194 3520 1330 3572 sum,
1361 3516 1408 3558 et
1435 3506 1607 3575 gratia
1624 3508 1737 3577 ejus
1756 3507 1811 3559 in
1835 3523 1912 3560 me

319 3608 483 3648 vacua
529 3610 635 3649 non
668 3596 787 3664 fuit,
814 3598 904 3649 sed
932 3596 1048 3666 plus
1087 3597 1320 3652 omnibus
1360 3598 1465 3652 illis
1510 3598 1757 3652 laboravi.
1790 3598 1912 3653 Non

321 3698 493 3741 autem
524 3704 636 3761 ego,
670 3688 761 3743 sed
787 3690 961 3760 gratia
986 3690 1080 3744 Dei
1103 3706 1298 3744 mecum
1322 3691 1366 3760 (l
1395 3689 1514 3745 Cor.
1536 3692 1649 3759 xv).
1684 3692 1782 3745 Et:
1812 3690 1913 3745 Mi-

321 3782 665 3835 sericordiam
699 3792 1005 3838 consecutus
1043 3796 1193 3850 sum;
1234 3794 1286 3837 ut
1326 3785 1495 3853 ﬁdelis
1527 3800 1688 3840 essent
1716 3785 1759 3855 (l
1788 3783 1908 3840 Cor.

323 3873 446 3944 vn).
479 3874 860 3931 Ecclesiastica
892 3883 1015 3931 est:
1048 3874 1312 3930 Habemus
1338 3880 1641 3931 thesaurum
1676 3878 1834 3930 istum
1858 3880 1912 3931 in

320 3970 460 4023 vasis
486 3970 755 4038 ﬁctilibus,
778 3977 834 4023 ut
869 3970 1161 4025 sublimitas
1186 3972 1255 4024 sit
1294 3972 1458 4024 virtus
1486 3971 1603 4040 Dei,
1628 3983 1674 4025 et
1697 3987 1799 4025 non
1843 3987 1909 4026 ea;

322 4062 472 4116 nobis
503 4061 573 4133 (tl
600 4060 723 4118 Cor.
752 4062 849 4133 tv).
882 4063 1266 4118 Ecclesiastica
1298 4063 1483 4133 regula
1510 4072 1592 4118 est
1625 4082 1638 4116 :
1675 4063 1737 4117 In
1766 4064 1913 4117 nullo

323 4156 624 4208 terreamini
654 4154 719 4208 ab
741 4156 1087 4221 aduersariis;
1118 4171 1231 4225 qum
1252 4165 1324 4209 est
1349 4155 1456 4209 illis
1477 4171 1635 4210 causa
1664 4155 1913 4225 perditio-

323 4248 436 4313 nis,
470 4246 613 4301 nobis
638 4256 815 4303 autem
843 4248 1050 4313 salutis,
1083 4259 1133 4302 et
1172 4247 1269 4302 hoc
1296 4263 1329 4301 a
1358 4246 1491 4302 Deo.
1535 4247 1689 4302 Vobis
1737 4250 1915 4301 datum

324 4348 397 4395 est
416 4355 508 4411 per
539 4338 824 4406 Christum,
856 4352 962 4395 non
993 4340 1163 4395 solum
1191 4350 1244 4394 ut
1274 4342 1329 4395 in
1375 4356 1494 4395 eum
1534 4339 1757 4394 credatis
1778 4385 1793 4408 ,
1826 4340 1916 4394 sed

324 4434 481 4487 etiam
526 4441 583 4487 ut
630 4432 909 4503 patiamini
950 4448 1045 4507 pro
1085 4448 1146 4488 eo
1173 4431 1395 4504 (Philip.
1433 4434 1495 4501 l).
1533 4432 1914 4487 Ecclesiastica

2016 3220 2212 3274 merito
2245 3221 2664 3289 perseverantiae
2704 3221 2759 3275 in
2787 3220 3035 3277 eamdem
3065 3221 3457 3277 beatitudinem
3487 3236 3608 3291 per-

2014 3314 2317 3377 veniret,ut
2338 3328 2437 3368 nec
2454 3312 2881 3377 velletdecidere
2904 3315 2960 3369 in
2980 3312 3251 3370 deteriora
3275 3328 3375 3368 nec
3393 3322 3605 3383 posset:

2013 3405 2110 3461 sed
2152 3406 2271 3475 ipso
2299 3406 2472 3462 libero
2500 3405 2754 3473 arbitrio,
2781 3421 2892 3477 quo
2922 3405 3184 3475 quamdiu
3222 3405 3610 3473 voluit,bonus

2016 3500 2236 3564 mansit,
2260 3514 2289 3554 a
2322 3499 2604 3570 proposita
2644 3500 2747 3554 sibi
2793 3499 2912 3570 lege
2946 3498 3233 3564 discessit;
3264 3513 3365 3554 nec
3398 3498 3609 3553 denun—

2016 3593 2141 3648 tiari
2189 3592 2291 3649 sibi
2342 3593 2537 3649 mortis
2584 3592 2911 3662 supplicium
2968 3590 3306 3657 formidavit,
3347 3591 3609 3647 deserens

2017 3684 2211 3753 Deum,
2244 3694 2299 3740 et
2341 3700 2578 3753 sequens
2604 3684 2917 3750 diabolum;
2949 3684 3173 3740 rebellis
3228 3683 3458 3739 Domino
3490 3697 3610 3737 ser—

2017 3778 2213 3843 vatori,
2243 3785 2297 3833 et
2326 3777 2547 3832 inimico
2594 3776 2855 3832 oliediens
2902 3774 3257 3847 peremptori.
3303 3776 3426 3831 Fuit
3476 3789 3609 3845 ergo

2017 3870 2214 3939 Adam,
2264 3880 2316 3925 et
2390 3870 2443 3925 in
2491 3870 2587 3925 illo
2647 3869 2846 3925 fuimus
2912 3884 3121 3926 omnes.
3179 3867 3351 3924 Periit
3409 3866 3606 3931 Adam,

2019 3974 2073 4020 et
2117 3980 2185 4019 ex
2238 3964 2331 4019 illo
2383 3965 2665 4033 perierunt
2711 3978 2924 4019 omnes.
2983 3962 3141 4030 Quod
3193 3964 3266 4017 ita
3314 3974 3422 4015 non
3472 3958 3610 4013 falso

2018 4055 2157 4111 dixit
2228 4055 2418 4111 beatus
2493 4056 2841 4120 Ambrosius,
2902 4055 3042 4111 sicut
3094 4068 3207 4109 non
3280 4052 3420 4108 falso
3494 4050 3611 4120 ipsa

2021 4148 2228 4205 veritas
2269 4150 2384 4203 ait:
2420 4146 2572 4203 Venit
2598 4145 2771 4202 Filius
2810 4147 3034 4201 hominis
3065 4161 3293 4217 qum-ere
3331 4154 3380 4199 et
3410 4143 3613 4197 salvum

2020 4244 2190 4314 facere
2237 4241 2379 4313 quod
2429 4244 2653 4311 perierat
2696 4240 2849 4314 (Luc.
2907 4242 3045 4312 nx).
3088 4240 3306 4297 Naturae
3344 4240 3485 4294 enim
3509 4236 3611 4291 hu-

2020 4351 2193 4395 manae
2240 4335 2329 4390 illa
2384 4335 2846 4404 praevaricationis
2893 4334 3217 4389 universalis
3272 4333 3455 4394 ruina,
3508 4344 3609 4386 nec

2021 4428 2322 4484 substantia
2380 4436 2645 4497 pmrepta
2681 4436 2796 4489 est.
2833 4442 2933 4483 nec
2960 4428 3238 4493 voluntas;
3297 4424 3391 4481 sed
3427 4424 3609 4480 lumen

325 4526 513 4596 regula
544 4499 666 4582 est:
700 4525 830 4582 Cum
870 4499 1090 4582 tremore
1126 4499 1385 4581 tit-timore
1420 4499 1645 4580 restrain
1682 4526 1917 4594 ipsorum
1941 4499 1994 4561 Ῑ)
2022 4522 2296 4590 decusque
2320 4520 2599 4587 virtutum,
2647 4520 2842 4591 quibus
2882 4519 3074 4575 fraude
3110 4519 3402 4576 invidentis
3449 4527 3609 4573 exuta

326 4616 551 4671 salutem
600 4619 908 4686 aperantini.
940 4616 1091 4674 Deus
1128 4619 1267 4673 enim
1296 4626 1392 4683 est,
1426 4619 1514 4687 qui
1567 4626 1814 4687 operatur
1863 4617 1919 4670 in

327 4711 476 4765 nobis
506 4718 556 4765 et
580 4712 709 4766 velle
733 4719 783 4765 et
811 4712 1048 4783 operari,
1080 4727 1177 4783 pro
1213 4712 1349 4765 bona
1383 4710 1645 4765 voluntate
1686 4707 1914 4780 (Philip.

327 4806 414 4870 tt).
448 4804 833 4859 Ecclesiastica
866 4804 1049 4874 regula
1078 4815 1161 4860 est
1191 4821 1205 4857 :
1250 4804 1373 4857 Non
1397 4806 1518 4872 quia
1546 4803 1721 4857 idonei
1756 4803 1919 4857 simus

330 4898 561 4967 cogitare
591 4896 794 4967 aliquid
813 4913 879 4953 ea:
902 4898 1055 4952 nobis
1076 4898 1226 4969 quasi
1254 4914 1317 4952 ea:
1344 4897 1490 4951 nobis
1516 4897 1662 4966 ipsis,
1694 4896 1787 4951 sed
1807 4896 1919 4967 suf—

330 4990 558 5060 ﬁcientia
585 5000 764 5045 nostra
786 5006 852 5046 ea:
878 4992 989 5047 Deo
1014 5001 1088 5047 est
1118 4993 1187 5061 (ll
1215 4990 1335 5047 Cor.
1363 4991 1467 5063 ut).
1497 4992 1644 5047 Hatic
1674 4992 1918 5061 regulam

330 5084 513 5137 firmat
548 5083 693 5139 Deus
727 5084 914 5141 dicens
941 5101 956 5140 :
992 5084 1163 5141 Nemo
1191 5094 1356 5155 potest
1384 5087 1553 5140 venire
1582 5087 1651 5140 ad
1676 5102 1789 5150 me,
1819 5086 1921 5140 nisi

332 5175 518 5231 datum
568 5178 728 5248 fuerit
778 5180 823 5233 ei
862 5194 896 5233 a
925 5190 1071 5248 patre
1098 5195 1210 5235 meo
1240 5179 1459 5252 (Joann.
1490 5179 1588 5251 vt).
1615 5181 1683 5236 Et
1716 5198 1727 5233 :
1760 5181 1924 5235 Omne

329 5270 473 5337 quod
501 5271 594 5323 dat
640 5272 768 5326 mihi
819 5271 998 5340 Pater,
1024 5274 1158 5328 venit
1185 5274 1255 5327 ad
1303 5290 1381 5328 me
1409 5272 1624 5345 (lbid.).
1653 5273 1718 5327 Et
1752 5290 1765 5325 :
1796 5273 1924 5329 Sine

331 5374 419 5418 mea
439 5363 579 5418 nihil
607 5366 819 5434 potestis
845 5367 1015 5437 (scen
1034 5365 1255 5439 (Joann.
1277 5368 1395 5438 xv).
1432 5368 1499 5422 Et
1529 5384 1544 5423 :
1572 5365 1698 5421 Non
1732 5382 1821 5422 vos
1848 5382 1925 5421 me

334 5457 601 5526 elegistis;
629 5459 721 5513 sed
747 5472 845 5531 ego
881 5457 1015 5531 elegi
1058 5476 1149 5515 sos
1173 5458 1389 5535 (Ibid)
1420 5460 1533 5516 Et:
1577 5459 1748 5515 Nemo
1790 5459 1929 5515 novit

336 5545 543 5603 Filium
572 5552 676 5605 nisi
703 5550 898 5619 Pater;
926 5568 1089 5624 neque
1120 5553 1334 5609 Patrem
1358 5556 1474 5628 quis
1510 5556 1672 5624 novit,
1702 5554 1805 5608 nisi
1832 5548 1931 5607 Fi-

339 5642 465 5713 lius,
498 5654 549 5699 et
585 5648 672 5701 cui
719 5648 938 5703 soluerit
977 5648 1201 5705 revelare
1234 5651 1452 5722 (Matth.
1484 5648 1588 5721 χι).
1624 5649 1693 5704 Et
1729 5666 1742 5703 :
1778 5648 1931 5705 Sicut

2022 4623 2126 4672 est.
2196 4612 2429 4668 Perditis
2476 4621 2656 4669 autem
2706 4628 2804 4683 per
2859 4628 2979 4681 quae
3023 4612 3092 4668 ad
3137 4623 3393 4667 mternam
3450 4616 3611 4678 atque

2023 4705 2431 4765 inamissihilem
2499 4706 2745 4775 corporis
2795 4706 3097 4774 animaeque
3150 4699 3609 4771 incorruptionem

2022 4811 2237 4874 poterat
2289 4801 2617 4871 pervenire,
2662 4799 2791 4870 quid
2839 4801 2889 4856 ei
2956 4800 3256 4867 remansit,
3309 4797 3413 4852 nisi
3470 4796 3613 4868 quod

2022 4896 2091 4952 ad
2124 4896 2477 4965 temporalem
2508 4893 2743 4964 pertinet
2770 4893 2961 4960 vitam,
2991 4908 3112 4961 quae
3139 4900 3247 4947 tota
3280 4898 3366 4947 est
3389 4890 3616 4945 damna-

2025 4987 2150 5045 bilis
2174 4994 2230 5043 et
2259 4986 2473 5056 preme?
2501 4984 2734 5054 Propter
2762 4982 2905 5053 quod
2936 4991 3091 5037 natos
3123 4982 3177 5037 in
3208 4979 3378 5034 Adam
3406 4980 3615 5033 renasci

2025 5088 2240 5150 oportet
2270 5079 2324 5134 in
2355 5076 2596 5145 Christo,
2638 5092 2709 5134 ne
2750 5078 2802 5132 in
2829 5075 2919 5132 illa
2951 5075 3072 5145 quis
3116 5072 3422 5129 inveniatur
3449 5086 3585 5141 gene
3607 5102 3619 5110 -

2025 5175 2236 5231 ratione
2262 5189 2382 5245 quae
2414 5173 2597 5243 periit.
2626 5171 2758 5227 Nam
2800 5171 2844 5225 si
2892 5168 3091 5239 posteri
3125 5166 3255 5223 Adae
3282 5166 3335 5221 in
3369 5165 3475 5219 illis
3513 5165 3621 5217 vir-
3656 5173 3674 5249 ι’

2027 5269 2237 5327 tatibus
2264 5266 2586 5323 naturaliter
2609 5271 2835 5335 agerent
2857 5262 2911 5317 in
2940 5260 3137 5331 quibus
3165 5258 3334 5314 Adam
3365 5257 3463 5312 fuit
3495 5265 3621 5311 ante

2028 5369 2332 5432 peccatum,
2362 5374 2469 5415 non
2498 5364 2682 5415 essent
2710 5364 2900 5413 natura
2930 5352 3026 5409 ﬁlii
3054 5353 3171 5419 irae,
3197 5365 3303 5408 non
3333 5358 3518 5406 essent
3545 5359 3623 5402 te-
3664 5344 3683 5400 ε.

2031 5457 2234 5525 tnebrae,
2283 5469 2386 5510 nec
2430 5452 2532 5509 sub
2577 5458 2847 5520 potestate
2893 5446 3279 5515 tenebrarum,
3323 5440 3623 5501 Salvatoris

2030 5551 2202 5624 gratis
2241 5565 2347 5605 non
2376 5547 2700 5617 indigerent,
2729 5544 2851 5613 quia
2882 5555 2988 5597 non
3028 5537 3228 5594 frustra
3256 5535 3386 5592 boni
3415 5544 3621 5601 essent,

2034 5662 2137 5703 nec
2172 5645 2395 5715 iustitiae
2424 5638 2649 5710 prteritio
2678 5635 3081 5700 fraudarentur,
3114 5630 3375 5685 habentes
3400 5643 3461 5681 ea
3485 5627 3623 5681 bona

342 5735 510 5795 Pater
529 5742 751 5813 oioiﬁeat
781 5753 1030 5813 mortuos,
1053 5745 1127 5799 ita
1155 5753 1205 5800 et
1228 5743 1401 5801 Filius
1427 5760 1556 5813 quos
1577 5746 1683 5799 vult
1712 5744 1933 5812 iiviﬁcst
2034 5721 2264 5809 quorum
2296 5738 2589 5793 amissione
2608 5731 2772 5803 primi
2793 5738 2977 5801 patres
3004 5728 3073 5783 de
3100 5723 3353 5797 paradiso
3376 5721 3625 5777 exsulare
