4078 6332
501 282 602 340 951

1551 278 1830 340 JOANNIS
1868 281 2173 341 CASSIANI
2209 278 2698 340 COLLATIONES.

3671 277 3782 336 95!

504 408 840 456 meruerunt.
866 399 1022 456 Nunc
1048 409 1230 456 autem
1264 414 1388 456 cum
1419 399 1539 456 sine
1565 408 1909 457 sacramento
1936 415 2092 472 rege-
2117 402 2172 462 Α
2197 398 2290 455 bili
2321 399 2569 470 largitate
2593 395 2787 453 tribuit
2814 393 3000 468 parvis
3039 394 3326 451 conatibus
3352 395 3583 466 gloriam
3613 404 3777 452 tanta:

501 492 800 548 nerationis
835 502 1091 549 aeternam
1137 501 1367 548 mortem
1412 507 1575 549 nemo
1613 494 1789 564 possit
1825 493 2085 562 evadere,

500 600 681 642 nonne
718 603 784 642 ex
833 586 988 643 istius
1041 587 1269 644 remedii
1315 587 1687 658 singularitate
1749 588 2090 658 apertissime

503 685 670 749 patet,
696 679 750 734 in
781 694 941 748 quam
972 678 1294 749 profundum
1325 681 1526 735 malum
1558 680 1724 736 totius
1751 681 1966 750 generis
1990 679 2091 736 hu-

499 769 649 824 mani
694 779 884 825 natura
925 771 1174 826 demersa
1223 771 1316 836 sit,
1360 771 1504 826 illius
1542 772 1989 841 praevaricatione
2032 771 2088 828 in

495 875 604 930 quo
643 877 834 917 omnes
875 873 1257 932 peccaverunt,
1301 872 1356 918 et
1397 861 1657 934 quidquid
1699 864 1794 920 ille
1835 864 2088 935 perdidit,

495 952 893 1020 perdiderunt?
917 954 1158 1010 Perdidit
1191 966 1372 1012 autem
1402 956 1607 1026 primus
1648 954 1831 1023 ﬁdem,
1857 955 2092 1026 perdidit

495 1045 909 1113 continentiam,
944 1048 1178 1117 perdidit
1215 1049 1562 1115 charitatem,
1594 1048 1857 1119 spoliatus
1889 1059 1974 1105 est
1998 1064 2090 1105 sa-

497 1136 697 1206 pientia
741 1146 797 1194 et
835 1138 1140 1208 intellectu,
1178 1141 1354 1196 caruit
1382 1141 1612 1196 consilio
1650 1149 1706 1197 et
1746 1140 2086 1197 fortitudine.

496 1228 563 1286 Et
587 1233 751 1303 impie
779 1232 969 1288 altiora
991 1233 1276 1300 sectando,
1301 1249 1330 1288 a
1357 1235 1600 1290 veritatis
1622 1234 1850 1290 scientia
1878 1243 1935 1291 et
1962 1235 2094 1291 obe-

493 1324 713 1382 dientiae
739 1327 941 1397 pietate
972 1327 1218 1396 deiectus
1259 1336 1364 1394 est,
1394 1342 1495 1383 nec
1529 1328 1648 1396 ipso
1676 1328 1868 1384 saltem
1895 1329 2091 1385 timore

492 1418 596 1474 sibi
624 1419 855 1490 reliquo,
881 1429 939 1476 ut
959 1421 1029 1474 ab
1048 1419 1352 1476 interdictis
1377 1421 1463 1476 vel
1486 1430 1632 1476 metu
1653 1429 1872 1477 caveret
1893 1436 2086 1491 pinna,

493 1512 584 1582 qui
632 1512 941 1569 abstinebat
967 1527 1152 1569 amore
1179 1513 1425 1583 justitiae.
1469 1512 1725 1570 Liberum
1767 1528 1897 1584 ergo
1939 1513 2090 1569 arbi-

493 1603 656 1661 trium
676 1645 694 1671 ,
737 1605 789 1661 id
819 1614 925 1672 est,
954 1606 1034 1662 rei
1059 1606 1160 1661 sibi
1189 1607 1398 1675 placitae
1439 1616 1766 1677 spontaneus
1797 1607 2087 1679 appetitus,

495 1696 586 1751 ubi
614 1711 770 1752 usum
809 1698 1073 1753 bonorum
1108 1713 1226 1768 quae
1254 1707 1540 1770 acceperat
1569 1699 1850 1764 lastidivit,
1887 1708 1962 1769 et,
2005 1703 2088 1754 vi-

2192 492 2648 558 immortalitatis,
2689 498 2946 561 tantaque
2988 489 3132 544 dona
3180 488 3435 558 perennis
3483 487 3775 544 felicitatis.

2189 585 2379 641 Nonne
2406 585 2551 657 quod
2583 583 2757 640 David
2789 582 3110 639 brevissimo
3140 582 3401 653 temporis
3439 588 3638 652 puncto
3678 582 3781 638 ob-

2193 680 2351 735 tinuit
2367 687 2639 736 tantorum
2666 676 3057 748 indulgentiam
3080 675 3392 740 criminum,
3424 674 3626 730 donum
3657 683 3781 731 erat

2191 771 2289 828 Dei
2331 771 2678 828 miserentis?
2715 771 2960 840 Denique
2995 768 3125 840 quid
3154 768 3404 826 dicamus
3430 767 3502 825 de
3527 766 3630 823 hac
3667 777 3780 824 tam

2193 864 2342 921 brevi
2363 864 2582 921 Davidis
2609 863 2974 929 confessione,
3004 871 3225 932 tamque
3253 860 3664 932 incomparabili
3695 861 3781 916 di-

2189 959 2328 1014 vinas
2350 957 2719 1014 miserationis
2746 972 2810 1012 ac
2832 955 3208 1011 retributionis
3237 951 3636 1010 immensitate?
3653 967 3778 1008 cum

2189 1059 2397 1105 certum
2441 1051 2532 1115 sit,
2579 1047 2712 1118 quid
2741 1048 3039 1118 Apostolus
3075 1046 3142 1101 ad
3189 1045 3390 1102 futurae
3430 1044 3781 1101 beatitudinis

2192 1141 2612 1212 magnitudinem
2645 1141 2866 1196 intuens
2897 1140 3332 1210 pronuntiaverit
3361 1139 3430 1194 de
3461 1138 3778 1194 innumera-

2189 1235 2386 1293 bilibus
2417 1245 2578 1308 atque
2601 1236 2941 1308 gravissimis
2967 1234 3437 1306 persecutionibus
3469 1234 3583 1290 suis
3609 1251 3624 1287 :
3657 1233 3780 1288 Mo-

2191 1338 2536 1398 mentaneum,
2581 1331 2776 1401 inquit,
2815 1339 2866 1384 et
2898 1329 3006 1384 leue
3034 1330 3131 1383 hoc
3169 1329 3521 1384 tribulationis
3559 1337 3776 1394 nostris,

2189 1435 2351 1494 supra
2393 1424 2626 1494 modum,
2657 1433 2707 1478 et
2755 1423 2898 1478 ultra
2936 1424 3396 1493 comparationem,
3442 1431 3488 1476 et
3525 1431 3779 1476 aternum

2190 1515 2372 1586 glorite
2399 1517 2600 1585 pondus
2629 1527 2874 1583 operatur
2904 1516 2958 1569 in
2985 1515 3130 1570 nobis
3157 1514 3223 1587 (ll
3246 1514 3366 1568 Cor.
3408 1512 3509 1584 Ix).
3537 1512 3694 1568 Unde
3723 1521 3782 1566 et

2190 1607 2321 1662 alibi
2342 1618 2654 1664 constanter
2677 1608 2908 1663 fatetur:
2935 1606 3057 1662 Non
3081 1618 3202 1662 sunt
3227 1607 3502 1678 condigna:
3518 1606 3784 1677 passiones

2191 1701 2351 1775 hujus
2376 1704 2620 1773 temporis
2645 1702 2715 1756 ad
2742 1703 2973 1774 futuram
2993 1702 3232 1772 gloriam,
3259 1715 3376 1773 qua
3394 1699 3703 1754 revelabitur
3728 1699 3784 1752 in

496 1787 826 1846 lescentibus
848 1790 951 1846 sibi
973 1790 1164 1847 salutis
1193 1805 1304 1847 suae
1331 1792 1628 1862 praesidiis,
1659 1794 1905 1848 insanam
1935 1795 2088 1864 cupi-
2115 1795 2164 1856 B
2191 1794 2334 1848 nobis
2361 1793 2540 1866 (Rom.
2570 1795 2709 1866 vui).
2735 1793 3159 1861 Quamtumlibet
3179 1807 3315 1864 ergo
3337 1791 3492 1848 enixa
3513 1798 3781 1847 etconata

493 1880 719 1936 ditatem
760 1882 828 1937 ad
877 1885 1272 1952 experientiam
1320 1886 1784 1962 praevaricationis
1834 1887 2087 1955 intendit,

493 1973 632 2030 bibit
666 1977 909 2033 omnium
935 1978 1186 2034 vitiorum
1229 1995 1520 2049 venenum,
1551 1990 1608 2038 et
1634 1991 1798 2037 totam
1837 1990 2089 2039 naturam

494 2064 735 2124 hominis
788 2069 1219 2141 intemperantiae
1270 2087 1388 2128 suae
1447 2073 1718 2130 ebrietate
1777 2074 2087 2131 madefecit.

496 2153 647 2225 lude,
697 2160 1008 2232 priusquam
1039 2164 1250 2220 edendo
1299 2181 1522 2222 carnem
1562 2166 1687 2222 Filii
1723 2166 1982 2233 hominis,
2032 2178 2089 2226 et

495 2250 733 2309 bibendo
762 2258 1081 2326 sanguinem
1108 2259 1225 2328 ejus
1251 2301 1266 2327 ,
1306 2259 1564 2317 lethalem
1601 2261 1810 2332 digerat
1849 2261 2090 2317 crudita-

496 2353 603 2400 tem
624 2388 639 2413 ,
671 2346 870 2404 labitur
894 2353 1177 2419 memoria,
1210 2363 1358 2410 errat
1376 2353 1585 2425 judicio
1605 2398 1620 2423 ,
1663 2365 1816 2412 nutat
1841 2355 2086 2426 incessu,

492 2452 670 2506 neque
700 2439 812 2494 ullo
843 2442 1007 2497 modo
1035 2442 1264 2500 idoneus
1291 2455 1377 2501 est
1403 2445 1470 2501 ad
1493 2445 1624 2503 illud
1650 2447 1853 2503 bonum
1884 2448 2089 2519 eligen-

491 2526 619 2583 dum
667 2538 723 2585 et
773 2535 1260 2603 concupiscendum
1322 2552 1432 2607 quo
1480 2553 1541 2594 se
1589 2549 1783 2609 sponte
1835 2542 2083 2610 privavit.

491 2620 627 2689 Quia
653 2638 762 2678 non
792 2624 934 2680 sicut
957 2627 1132 2696 potuit
1162 2628 1273 2684 Deo
1300 2643 1408 2684 non
1441 2629 1758 2701 impellente
1803 2646 2085 2699 corruere,

490 2713 565 2768 ita
596 2725 776 2784 potest
817 2717 931 2773 Deo
966 2734 1075 2774 non
1102 2719 1346 2790 erigente
1375 2737 1730 2795 consurgere.
1764 2725 1842 2781 Ne
1883 2730 2085 2783 etenim

491 2808 777 2865 credamus
805 2827 904 2867 nos
933 2829 1042 2869 non
1080 2815 1320 2886 indigere
1360 2816 1544 2873 divino
1590 2819 1794 2875 auxilio
1831 2820 1899 2875 ad
1929 2836 2086 2876 exer-

489 2899 720 2956 cendum
745 2918 882 2971 opus
930 2906 1142 2971 salutis,
1190 2909 1481 2977 Apostolus
1519 2910 1635 2965 ait:
1683 2911 1823 2966 Deus
1854 2922 1950 2982 est,
1997 2914 2087 2985 qui

489 3004 738 3062 operatur
763 2997 818 3050 in
848 2998 997 3052 nobis
1026 2998 1154 3054 velle
1181 3009 1228 3055 et
1254 3002 1497 3073 perﬁcere
1527 3021 1622 3075 pro
1651 3004 1786 3058 bona
1822 3004 2084 3062 voluntate

490 3083 751 3156 (Philipp.
785 3081 1126 3160 u).‘|deoque
1151 3106 1207 3149 et
1231 3093 1574 3151 Timotheum
1606 3098 1886 3154 admonuit
1910 3116 1925 3156 :
1953 3101 2084 3156 Noli

2192 1884 2352 1942 fuerit
2381 1884 2614 1942 humana
2648 1885 2934 1957 fragilitas,
2976 1885 3282 1956 comparari
3326 1886 3518 1940 futura
3546 1884 3783 1938 retribu-

2193 1977 2325 2033 tioui
2362 1993 2470 2034 non
2521 1979 2737 2048 poterit,
2777 1994 2879 2035 nec
2919 1979 3033 2034 suis
3076 1979 3358 2035 laboribus
3401 1977 3476 2032 ita
3511 1976 3785 2032 diminuet

2189 2071 2418 2141 gratiam
2455 2069 2763 2139 Creatoris,
2800 2079 2860 2126 ut
2905 2085 3014 2127 non
3058 2077 3370 2139 perseveret
3413 2083 3631 2138 semper
3656 2083 3785 2138 gra-

2192 2163 2346 2218 tuita.
2377 2161 2586 2220 Idcirco
2616 2161 2873 2234 praefatus
2909 2163 3148 2233 gentium
3185 2161 3397 2228 doctor,
3431 2161 3677 2232 quamvis
3702 2169 3784 2216 te-

2189 2263 2362 2310 stetur
2383 2255 2683 2325 segradum
2710 2255 3046 2325 apostolatus
3074 2254 3328 2311 sortitum
3359 2253 3531 2323 gratia
3561 2253 3682 2318 Dei,
3700 2251 3784 2307 di-

2187 2362 2317 2404 cens
2341 2365 2354 2403 :
2380 2345 2563 2404 Gratia
2585 2348 2678 2404 Dei
2708 2366 2822 2404 sum
2848 2349 2904 2404 id
2925 2349 3067 2420 quod
3094 2365 3207 2402 sum
3228 2347 3274 2419 (l
3299 2346 3418 2402 Cor.
3451 2345 3574 2418 xv),
3601 2355 3782 2402 tamen

2189 2438 2422 2495 afﬁrmat
2463 2456 2522 2496 se
2567 2440 2914 2512 respondisse
2951 2450 3009 2497 et
3045 2450 3394 2511 cooperatum
3427 2453 3552 2496 esse
3590 2440 3784 2510 gratias

2187 2529 2408 2598 divinae,
2456 2531 2739 2588 subdendo
2778 2551 2790 2585 :
2836 2531 2901 2588 Et
2939 2533 3108 2604 gratia
3148 2535 3261 2604 eius
3298 2532 3351 2586 in
3383 2548 3460 2587 me
3485 2549 3648 2586 vacua
3675 2549 3783 2586 non

2187 2626 2304 2696 fuit,
2333 2626 2421 2680 sed
2451 2625 2804 2680 abundantius
2832 2625 2938 2681 illis
2974 2626 3206 2681 omnibus
3235 2625 3480 2679 laboravi.
3515 2623 3639 2678 Non
3677 2641 3783 2680 au-

2186 2729 2286 2772 tem
2309 2733 2423 2790 ego,
2445 2719 2534 2773 sed
2563 2719 2732 2790 gratia
2756 2717 2854 2772 Dei
2879 2734 3077 2772 mecum
3104 2716 3316 2790 (lbid.).
3337 2717 3468 2773 Cum
3499 2718 3641 2773 enim
3664 2717 3779 2772 ait:

2189 2809 2242 2863 Ν
2248 2826 2315 2864 οη
2344 2819 2518 2864 autem
2542 2827 2667 2883 ego,
2698 2811 2789 2866 sed
2815 2811 2982 2882 gratia
3017 2809 3114 2865 Dei
3142 2825 3360 2880 mecum,
3400 2809 3631 2865 ostendit
3661 2809 3780 2864 vir-

2187 2911 2352 2959 tutem
2383 2904 2736 2974 protectionis
2761 2904 2977 2958 divinae.
3009 2903 3077 2958 Et
3101 2917 3221 2959 cum
3253 2906 3346 2968 ait,
3371 2919 3586 2968 mecum,
3613 2913 3781 2960 testa-

2185 3007 2272 3052 tur
2318 2999 2549 3068 gratiam
2595 2996 2691 3053 Dei
2733 3007 3083 3067 cooperatam
3127 3010 3250 3052 esse
3277 2995 3380 3052 sibi
3419 3011 3525 3050 non
3568 2996 3776 3064 otioso,

2185 3105 2361 3161 neque
2404 3105 2619 3156 securo,
2671 3089 2766 3144 sed
2811 3088 3079 3146 laboranti
3127 3103 3192 3144 ac
3239 3087 3544 3144 desudanti.
3587 3089 3779 3159 Itaque

488 3181 745 3249 negligere
771 3182 995 3250 gratiam
1020 3183 1137 3251 Dei,
1169 3201 1284 3254 quia
1304 3197 1376 3242 est
1401 3188 1458 3241 in
1480 3198 1529 3244 te
1555 3189 1598 3261 (l
1620 3188 1757 3244 Tim.
1789 3191 1888 3260 tv).
1923 3191 2084 3248 Item-
2110 3172 2157 3237 C
2188 3182 2448 3238 Dominus
2471 3183 2662 3238 volens
2689 3191 2840 3238 motu
2864 3183 3112 3236 humanae
3131 3181 3435 3238 aﬁ‘ectionis
3461 3181 3780 3251 exprimere

487 3287 630 3340 que:
666 3272 742 3328 0b
771 3292 930 3345 quam
957 3293 1165 3331 causam
1191 3279 1446 3335 admoneo
1477 3293 1546 3348 te,
1573 3291 1628 3337 ut
1657 3285 1929 3338 resuscites
1957 3301 2082 3358 gra-

487 3363 612 3416 tiam
642 3364 762 3432 Dei,
792 3384 909 3437 qute
937 3379 1013 3424 est
1033 3371 1086 3424 in
1115 3381 1163 3424 te
1189 3370 1261 3441 (ll
1291 3371 1424 3429 Tim.
1455 3373 1520 3445 ι).
1556 3375 1688 3431 Hinc
1715 3393 1932 3448 quoque
1971 3376 2080 3435 Co-

485 3457 704 3515 rinthiis
732 3461 979 3517 scribens
1010 3462 1278 3531 hortatur,
1317 3480 1385 3522 ne
1421 3482 1518 3536 per
1543 3483 1711 3537 opera
1740 3468 2080 3528 infructuosa

484 3547 726 3606 facerent
755 3568 815 3608 se
842 3552 1094 3626 indignos
1134 3557 1305 3627 gratia
1349 3557 1466 3627 Dei,
1504 3558 1728 3616 dicens:
1759 3561 2080 3634 Adjuvantes

485 3641 827 3712 obsecramus,
859 3665 923 3702 ne
951 3649 1007 3703 in
1043 3665 1264 3704 vacuum
1304 3655 1528 3723 gratiam
1558 3651 1657 3708 Dei
1695 3656 1958 3727 recipiatis
2006 3657 2078 3729 (II

482 3735 606 3793 Cor.
657 3739 771 3810 vr).
798 3741 971 3809 Quam
998 3745 1126 3812 quia
1167 3745 1222 3799 in
1264 3760 1498 3802 vacuum
1530 3750 1716 3806 Simon
1769 3759 2072 3822 receperat,

489 3845 598 3886 non
623 3833 828 3902 profuit
854 3837 905 3891 ei
933 3838 1211 3907 perceptio
1239 3841 1427 3910 gratiae
1468 3844 1746 3899 salutaris.
1780 3843 1897 3899 Non
1926 3844 2074 3901 enim

480 3926 692 3979 curavit
712 3928 932 3983 obedire
954 3939 1230 3998 praecepto
1246 3935 1605 3991 sacratissimi
1629 3935 1777 3992 Petri
1797 3937 2070 3993 dicentis:

483 4013 847 4073 Pwnitentiam
871 4037 967 4091 age
996 4021 1061 4075 ab
1087 4022 1184 4076 hac
1213 4026 1441 4094 nequitia
1468 4035 1558 4081 tua
1581 4037 1628 4082 et
1654 4045 1780 4099 roga
1809 4028 1999 4093 Deum,
2027 4029 2074 4085 si

481 4105 617 4174 forte
653 4111 942 4164 remittatur
969 4113 1058 4167 tibi
1091 4113 1202 4168 luet:
1236 4116 1478 4185 cogitatio
1515 4119 1686 4172 cordis
1723 4121 1820 4174 tui.
1850 4119 1917 4173 In
1949 4119 2071 4192 felle

478 4200 616 4252 enim
652 4204 1016 4259 amaritudinis
1060 4215 1108 4260 et
1139 4205 1453 4276 obligatione
1497 4211 1782 4281 iniquitatis
1835 4214 1980 4268 video
2023 4221 2070 4268 te

477 4307 588 4347 esse
613 4293 814 4366 (Actor.
845 4297 988 4368 vm).
1017 4299 1288 4355 Praevenit
1315 4316 1447 4371 ergo
1471 4303 1708 4360 hominis
1733 4307 2064 4364 voluntatem

477 4383 846 4440 misericordia
879 4388 1090 4444 Domini
1118 4391 1270 4458 juxta
1301 4393 1444 4462 quod
1472 4395 1733 4463 scriptum
1766 4407 1892 4452 est:
1924 4397 2067 4455 Deus

474 4495 636 4545 meus,
663 4483 1015 4537 misericordia
1037 4485 1148 4555 ejus
1181 4489 1422 4556 pravenit
1450 4506 1531 4544 me
1561 4488 1735 4562 (Psal.
1768 4491 1942 4563 LVIII).
1976 4493 2060 4550 ln-

473 4586 640 4640 super
671 4573 1021 4632 advocat-nos
1052 4578 1331 4646 Dominus,
1363 4590 1420 4636 et
1448 4582 1664 4650 invitat,
1707 4587 2060 4656 quemadmo-

468 4663 598 4719 dum
638 4668 712 4721 ait
737 4685 750 4720 :
781 4667 913 4723 Tota
948 4671 1034 4726 die
1061 4673 1289 4742 expandi
1316 4691 1500 4730 manus
1526 4693 1670 4732 meas
1695 4679 1766 4732 ad
1803 4675 2060 4752 'p0pulum

467 4775 572 4812 non
607 4767 983 4823 credentem‘et
1021 4767 1455 4824 contradicentem
1499 4772 1625 4826 mihi
1673 4771 1858 4843 (Isaia:
1906 4779 2055 4847 ων).

465 4853 759 4923 Exspectat
787 4873 885 4912 nos
915 4858 1085 4924 Deus,
1117 4860 1262 4917 sicut
1291 4863 1530 4934 loquitur
1562 4881 1658 4934 per
1685 4867 2012 4936 Pr0phetam
2041 4888 2053 4923 :

464 4943 747 5016 Propterea
780 4960 1044 5014 exspectat
1074 4952 1215 5007 Deus
1260 4962 1316 5007 ut
1358 4955 1664 5010 misereatur
1709 4959 1861 5012 vestri
1917 4955 2050 5029 (lsa.

463 5038 622 5110 xxx).
673 5040 955 5098 Confortat
997 5059 1116 5112 nos,
1166 5047 1463 5102 secundum
1514 5049 1658 5118 quod
1702 5051 1815 5105 ait:
1847 5048 1916 5104 Et
1961 5067 2054 5122 ego

459 5131 658 5185 erudivi
683 5149 790 5202 eos,
822 5145 869 5189 et
897 5136 1184 5206 confortavi
1207 5138 1438 5205 brachia,
1466 5151 1512 5194 et
1543 5141 1596 5193 in
1626 5157 1707 5195 me
1732 5143 2051 5214 excogitave-

458 5235 582 5279 runt
627 5228 882 5282 malitiam
920 5229 1094 5302 (Osete
1138 5233 1256 5303 vn).
1303 5232 1512 5288 Clamat
1565 5235 1820 5290 Dominus
1849 5235 2048 5291 lesus:

457 5318 521 5373 Si
543 5320 653 5387 quis
678 5321 807 5387 sitit,
835 5323 1005 5376 veniat
1032 5324 1101 5376 ad
1121 5341 1223 5390 me,
1246 5335 1296 5379 et
1318 5325 1454 5379 bibat
1476 5323 1663 5398 (Joan.
1695 5327 1816 5396 vn).
1843 5328 2052 5396 Quaerit

455 5426 555 5466 nos
578 5412 859 5482 Dominus,
882 5416 1098 5473 dicens:
1129 5418 1376 5487 Quaesivi,
1399 5429 1446 5474 et
1468 5437 1568 5474 non
1590 5429 1700 5475 erat
1718 5422 1826 5488 vir;
1850 5425 2042 5488 vocavi,

451 5512 502 5557 et
529 5520 632 5559 non
660 5515 772 5559 erat
799 5508 891 5578 qui
910 5510 1242 5581 responderet
1277 5509 1411 5580 (lsa.
1444 5513 1561 5582 ut).

527 5595 594 5647 Et
615 5595 689 5650 ita
710 5599 884 5668 gratia
910 5600 1003 5656 Dei
1024 5616 1241 5672 semper
1259 5615 1582 5675 cooperatur
1604 5605 1831 5663 arbitrio
1860 5616 2042 5665 nostro

451 5685 505 5740 in
537 5685 759 5759 bonum,
789 5701 951 5763 atque
980 5693 1034 5748 in
1068 5695 1322 5752 omnibus
1346 5695 1425 5753 sic
1453 5697 1693 5768 adjuvat,
1725 5708 1781 5755 et
1808 5702 2041 5772 protegit

450 5776 602 5847 illud,
631 5790 688 5838 ut
713 5797 930 5855 semper
955 5789 1192 5858 gratuita
1220 5800 1557 5860 perseveret,
1583 5793 1715 5852 dum
1743 5794 2041 5854 inaestima-

2183 3292 2296 3332 sute
2329 3278 2547 3346 pietatis
2574 3276 3062 3346 dispensationem,
3093 3284 3148 3332 et
3177 3290 3441 3344 amorem,
3474 3289 3635 3346 quem
3670 3289 3778 3330 no-

2180 3369 2264 3423 bis
2295 3368 2531 3424 tribuere
2555 3367 2828 3424 indefessa
2861 3368 3062 3437 pietate
3091 3367 3359 3439 dignatur,
3389 3382 3488 3422 uec
3517 3367 3572 3422 in
3615 3382 3778 3422 crea-

2182 3461 2317 3516 turis
2342 3461 2630 3518 iuveniens
2673 3461 3014 3528 charitatem,
3041 3461 3129 3517 cui
3157 3476 3282 3517 eum
3311 3461 3522 3531 dignius
3545 3474 3777 3529 compa-

2181 3564 2351 3620 raret,
2379 3557 2718 3626 comparavit
2745 3572 2869 3612 eum
2901 3557 3210 3614 tenerrimis
3232 3555 3421 3610 matris
3445 3555 3770 3623 visceribus,

2179 3656 2234 3703 et
2259 3649 2431 3703 utitur
2474 3649 2579 3704 hoc
2607 3649 2881 3720 exemplo,
2914 3649 3164 3718 quoniam
3198 3648 3412 3704 cbarius
3440 3662 3506 3703 eo
3536 3648 3774 3704 inveniri

2181 3741 2234 3796 in
2281 3742 2545 3798 creaturis
2574 3758 2680 3799 non
2709 3745 2852 3800 valet
2876 3761 2889 3798 :
2923 3743 3194 3814 Numquid
3224 3751 3391 3815 potest
3417 3741 3606 3796 mulier
3633 3743 3772 3796 obli-

2175 3837 2296 3892 visci
2317 3838 2567 3909 infantem
2593 3854 2764 3908 suum,
2790 3847 2846 3892 ut
2870 3855 2975 3892 non
3005 3839 3304 3892 misereatur
3334 3837 3445 3906 ﬁlio
3471 3835 3605 3890 uteri
3644 3836 3730 3890 sui
3746 3833 3771 3888 .’

2179 3930 2558 3986 Verumtamen
2585 3946 2693 3986 nou
2721 3941 3009 3988 contentus
3029 3933 3129 3987 hac
3156 3933 3584 4002 comparatione,
3614 3941 3769 3984 tran-

2173 4023 2386 4080 scendit
2421 4039 2540 4081 eam
2567 4024 2885 4088 confestim,
2914 4023 3197 4080 subdendo
3241 4042 3255 4079 :
3297 4022 3366 4078 Et
3393 4024 3439 4078 si
3476 4023 3570 4076 illa
3599 4022 3766 4077 oblita

2173 4115 2353 4185 fuerit,
2377 4131 2469 4186 ego
2498 4125 2666 4170 tamen
2695 4133 2799 4170 non
2829 4116 3102 4171 obliviscar
3128 4117 3201 4171 tui
3229 4114 3411 4186 (Isaia
3436 4113 3612 4183 χιιι).

2243 4207 2347 4263 Per
2389 4208 2533 4278 quod
2586 4208 2821 4264 evidenti
2869 4209 3080 4264 ratione
3135 4207 3431 4279 colligitur,
3486 4221 3761 4262 summam

2173 4310 2372 4358 nostra:
2397 4301 2589 4357 salutis
2613 4301 2980 4372 deputandam
3007 4317 3128 4358 esse
3157 4302 3365 4359 caelesti
3404 4301 3613 4373 gratiae,
3646 4317 3762 4357 non

2170 4400 2377 4455 meritis
2421 4399 2696 4456 actionum
2747 4408 3084 4466 nostrarum,
3137 4397 3247 4454 Deo
3292 4413 3389 4467 per
3433 4395 3761 4467 prophetam

2169 4492 2450 4564 loquente:
2473 4491 2893 4549 Recordabimini
2914 4492 3111 4545 viarum
3138 4499 3423 4545 vestrarum
3450 4498 3498 4544 et
3523 4489 3760 4543 onmium

2163 4587 2410 4642 scelerum
2451 4598 2751 4655 vestrorum,
2778 4597 2828 4643 et
2869 4585 3207 4656 displicebitis
3231 4584 3368 4640 vobis
3395 4584 3524 4654 ipsis
3557 4584 3614 4637 in
3643 4601 3758 4637 ma-

2163 4680 2290 4732 litiis
2322 4682 2516 4748 vestris,
2548 4689 2595 4734 et
2621 4681 2820 4747 scietis,
2853 4681 2979 4751 quia
3004 4694 3096 4750 ego
3126 4674 3401 4743 Dominus,
3434 4691 3552 4730 cum
3593 4675 3756 4732 bene-

2163 4774 2331 4842 fecero
2360 4771 2497 4825 vobis
2525 4782 2732 4844 prapter
2760 4787 2945 4826 nomen
2970 4787 3160 4837 meum,
3194 4786 3297 4824 non
3325 4769 3612 4824 secundum
3639 4773 3753 4824 vias

2158 4875 2356 4920 vestras
2388 4867 2574 4929 malas,
2601 4882 2758 4936 neque
2785 4867 3069 4920 secundum
3087 4866 3282 4920 scelera
3311 4875 3478 4918 vestra
3497 4865 3749 4932 pessima,

2159 4957 2344 5010 domus
2372 4955 2542 5010 Israel
2567 4955 2780 5028 (Eseclr.
2804 4957 2922 5027 xu).
2947 4956 3084 5012 Hinc
3102 4957 3365 5012 asseritur
3385 4957 3452 5012 ab
3473 4956 3754 5013 universis

2159 5051 2447 5107 catholicis
2475 5050 2747 5120 Patribus,
2775 5052 2866 5122 qui
2899 5051 3284 5120 perfectionem
3324 5051 3505 5106 cordis
3529 5049 3750 5106 didice-

2158 5155 2306 5213 runt,
2355 5161 2462 5200 non
2494 5145 2640 5200 inani
2684 5144 3072 5216 disputatione,
3105 5143 3204 5199 sed
3247 5143 3408 5214 digna
3451 5157 3751 5200 conversa-

2156 5240 2325 5306 tione,
2357 5240 2459 5294 hoc
2488 5238 2658 5294 divini
2687 5239 2930 5294 muneris
2965 5251 3087 5293 esse
3116 5237 3376 5309 primum,
3424 5247 3482 5293 ut
3518 5237 3749 5294 accedat

2154 5331 2522 5401 unusquisque
2569 5329 2635 5384 ad
2680 5328 3100 5386 desiderandum
3147 5343 3312 5386 omne
3351 5329 3493 5400 quod
3534 5329 3744 5386 bonum

2151 5433 2256 5490 est,
2288 5423 2386 5480 sed
2428 5423 2503 5478 ita
2551 5431 2612 5477 ut
2659 5424 2874 5492 plenum
2912 5425 2984 5480 sit
3027 5423 3216 5480 liberte
3264 5425 3561 5480 voluntatis
3585 5424 3743 5480 arbi-

2151 5517 2317 5572 trium
2363 5518 2420 5572 in
2466 5527 2674 5587 partem
2722 5525 3021 5588 utramque.
3074 5518 3384 5575 Secundum
3426 5533 3554 5574 vero
3596 5532 3742 5588 opus

2147 5610 2346 5667 divinae
2373 5611 2565 5684 gratia:
2593 5619 2874 5677 asserunt,
2924 5620 2984 5666 ut
3021 5611 3168 5668 efﬁci
3216 5613 3432 5669 valeant
3475 5612 3741 5668 exercitia

2147 5705 2371 5774 praefata
2409 5704 2708 5770 virtutum,
2757 5703 2831 5758 ita
2879 5711 2938 5758 ut
2985 5704 3320 5775 possibilitas
3367 5704 3577 5761 arbitrii
3623 5718 3740 5760 non

2146 5797 2388 5855 tollatur.
2431 5795 2620 5854 Tertio
2646 5795 2717 5852 ad
2762 5795 2990 5868 gratiam
3039 5796 3312 5868 pertinere
3355 5805 3642 5866 testantur,
3674 5806 3739 5854 ut
