4078 6332
281 280 374 343 355

1076 288 1416 349 COLLATIO
1451 292 1590 350 XIV.
1619 323 1692 336 —
1717 292 1808 351 DE
1848 295 2187 354 SPIRITALI
2224 295 2559 356 SCIEN'I'IA.

3438 298 3548 363 οδι

281 404 497 461 virtutes
526 403 804 474 acquisitas
829 416 1248 474 perseveranter
1273 419 1589 479 serventur;
1623 411 1717 466 sed
1755 411 1848 478 ita,
1879 411 1936 471 Α
1959 415 2279 469 vocandum.
2305 413 2425 471 Non
2464 414 2610 471 enim
2635 429 2910 473 meremur
2951 415 3116 474 ﬁdem
3143 431 3212 476 ex
3241 417 3543 490 intellectu,

281 505 334 550 ut
361 493 585 549 libertas
615 496 986 566 captivitatem
1011 514 1117 553 non
1138 500 1357 556 sentiat.
1380 502 1470 558 Sic
1489 503 1686 559 etenim
1715 504 1856 561 Deus

281 588 648 642 universorum
677 587 982 645 credendus
1009 599 1095 646 cst
1123 593 1307 648 omnia
1353 594 1406 650 in
1437 597 1687 652 omnibus
1727 613 1857 668 ope-

280 680 415 746 rari,
448 691 505 734 ut
535 681 753 749 incitet,
784 694 1036 756 protegat
1060 695 1116 742 et
1143 689 1448 756 conﬁrmet,
1484 706 1592 746 non
1621 701 1676 747 ut
1706 693 1859 748 aule-

281 780 360 825 rat
393 771 698 834 libertatem
741 789 901 845 quam
943 779 1116 835 semel
1141 779 1386 836 donavit.
1423 781 1616 852 Porro,
1659 785 1706 840 si
1732 785 1862 856 quid

281 867 509 920 hmnana
551 871 1022 938 argumentatione
1065 882 1122 929 et
1165 876 1378 932 ratione
1422 886 1703 934 versutum
1750 879 1866 934 col-

282 957 474 1011 lectum
526 959 779 1015 videatur
821 962 905 1019 his
933 963 1221 1036 derogare,
1256 967 1533 1025 vitandum
1563 981 1648 1026 est
1689 971 1868 1043 potius

281 1065 433 1119 quam
471 1051 538 1106 ad
571 1052 1000 1113 destructionem
1031 1058 1154 1116 lidei
1185 1062 1594 1131 proponendum
1624 1074 1716 1120 aut
1746 1080 1870 1135 pro-

1963 504 2058 560 sed
2105 506 2436 563 intellectum
2489 523 2556 564 ex
2599 507 2730 574 ﬁde,
2779 508 3239 580 quemadmodum
3286 510 3549 580 scriptum

1962 607 2042 655 est
2070 617 2084 653 :
2120 599 2243 654 Nisi
2267 602 2588 657 credideritis
2633 617 2736 656 non
2761 600 3092 674 intelligetis;
3117 602 3266 674 quia,
3297 612 3356 658 ut
3398 602 3550 671 arbi-

1964 701 2098 758 tror,
2125 694 2284 763 plene
2310 695 2705 765 comprehendi
2724 710 2834 751 non
2859 704 3037 766 potest
3075 697 3285 753 ratione
3316 696 3550 755 humana

1962 788 2197 860 qualiter
2225 789 2367 847 Deus
2394 791 2574 847 omnia
2604 801 2858 862 operetur
2887 793 2941 848 in
2982 794 3161 860 nobis,
3194 801 3252 850 et
3273 793 3551 850 nihilomi-

1967 899 2071 938 nus
2102 892 2271 940 totum
2299 885 2607 941 ascribatur
2637 886 2813 942 libero
2849 886 3096 954 arbitrio,
3132 902 3256 944 cum
3283 888 3551 945 Dominus

1968 976 2248 1046 loquitur:
2306 976 2370 1034 Si
2411 977 2675 1033 volueritis
2717 988 2768 1034 et
2807 978 3076 1035 audieritis
3117 995 3217 1047 me,
3259 995 3373 1052 qua:
3415 980 3551 1037 bona

1969 1077 2091 1123 sunt
2121 1078 2270 1125 terra!
2293 1069 2572 1125 comedetis
2597 1068 2737 1142 (ιω.
2762 1069 2813 1144 ι)
2845 1079 2894 1126 ι.

1348 1180 1606 1237 ALARDI
1645 1181 1878 1239 GAZAEI
1917 1184 2482 1243 COMMENTARIUS.

347 1267 373 1294 ἰ
402 1259 692 1341 hucusque
719 1262 1028 1341 Dionysius,
1058 1267 1204 1341 velut
1249 1285 1316 1325 ex
1363 1286 1596 1341 persona
1638 1272 1860 1328 Chtere-

281 1333 450 1412 moni‘s
478 1333 712 1412 abbatis,
746 1333 886 1392 hanc
914 1339 1261 1395 collationem
1294 1333 1562 1398 caiholice
1608 1359 1864 1412 prosecu-

282 1404 527 1483 tus,_hoc.
559 1405 778 1459 nomine
805 1421 955 1464 certe
999 1426 1328 1480 magnopere
1372 1404 1853 1483 commendandus,

279 1473 414 1540 quod
446 1474 528 1528 vel
560 1490 590 1529 e
613 1485 850 1555 stercore
881 1473 1150 1555 gemmas,
1183 1473 1266 1537 vel
1295 1499 1360 1538 ex
1395 1485 1509 1539 luto
1539 1501 1728 1540 aurum
1755 1473 1852 1555 pu-'

280 1557 391 1595 runt
433 1555 642 1611 putttm,
684 1548 784 1601 hoc
815 1548 921 1614 est,
950 1567 1014 1606 ex
1047 1551 1182 1608 falsa
1223 1564 1275 1608 et
1321 1570 1549 1611 erronea
1587 1548 1774 1612 veratri
1804 1570 1861 1612 et

279 1615 589 1698 catholicam
613 1618 919 1698 doctrinam
944 1623 1668 1698 elicueritexpresseritqne;
1694 1645 1855 1698 quam

279 1694 328 1764 et
354 1684 874 1764 .loan._La_vardinus
904 1693 956 1745 in
981 1708 1077 1749 sua
1106 1684 1309 1750 Gallica
1340 1684 1724 1763 translatione:
1750 1716 1861 1755 cae-

281 1759 400 1840 teris
427 1759 670 1840 omissis,
710 1763 1059 1840 solummodo
1099 1768 1439 1840 retinendam
1465 1779 1519 1824 et
1547 1759 1859 1840 exprimen-

280 1823 391 1879 dam
423 1823 1082 1905 provideprudenterque
1106 1838 1405 1907 judicavit;
1435 1823 1638 1897 merito
1655 1823 1710 1898 et
1740 1823 1856 1912 ipse

1967 1275 2271 1348 laudandus
2300 1276 2445 1348 quod
2466 1275 2686 1348 dubiam
2717 1287 2813 1348 aut
2839 1278 3206 1347 periculosam
3245 1279 3548 1338 doctrinam

1969 1347 2320 1474 r.t'ldibttll8.baul
2344 1347 2575 1404 inﬁrmis
2597 1347 2874 1404 mentibus
2895 1350 3070 1419 patrio
3089 1365 3342 1408 sermone
3362 1355 3552 1410 nolue-

1969 1433 2005 1471 l‘l
2067 1433 2132 1472 ex
2178 1436 2189 1472 ι
2231 1434 2346 1474 ere.

1963 1419 2028 1472 rit
2067 1419 2346 1475 exhibere.

2034 1489 2272 1545 Tandem
2305 1505 2437 1546 vero
2456 1489 2746 1546 Cassianus
2774 1491 2933 1560 hujus
2954 1492 3265 1548 collationis
3297 1504 3356 1550 ut
3386 1505 3552 1552 caete-

1963 1575 2143 1632 rarum
2175 1570 2476 1625 enarrator,
2507 1563 2561 1617 in
2594 1563 2701 1618 ﬁne
2728 1577 2849 1632 cap.
2883 1563 2950 1618 l8
2975 1578 3093 1618 eam
3115 1564 3187 1619 ita
3218 1567 3496 1621 concludit
3527 1584 3544 1620 :

1969 1630 2209 1707 HocAnos
2234 1632 2295 1707 _B_.
2329 1632 2630 1707 Cltwremon
2656 1630 2984 1707 conﬁrmatos
3015 1633 3127 1707 cibo
3172 1634 3400 1692 laborem
3427 1639 3551 1707 fecit

1965 1712 2069 1754 tam
2086 1703 2211 1756 invii
2232 1704 2432 1780 itineris
2453 1721 2557 1760 non
2577 1706 2788 1761 sentire.
2811 1704 2948 1761 Cibo
2973 1705 3228 1762 nimirum
3255 1703 3550 1780 spirituali,

1964 1788 2071 1828 non
2101 1775 2392 1846 corporali.

279 1948 3521 1987 _________________.___,________________________________

755 2036 1266 2146 COLLﬂ
1278 2042 1450 2149 T1
1465 2043 1564 2146 0
1637 2043 1850 2149 DE

1964 2044 2251 2153 ΙΜΑ
2341 2046 3023 2174 QUARTI/1
3050 2134 3083 2174 ,

1307 2203 1464 2280 Quas
1489 2209 1586 2268 est
1623 2207 1829 2285 prima
1853 2208 2102 2271 abbatis
2137 2209 2511 2277 Nesterolis.

1506 2327 1594 2380 DE
1629 2328 1952 2388 SPIBITALI
1983 2330 2294 2392 SCIENTIA.

346 2619 362 2631 .
616 2618 625 2626 _
689 2630 692 2631 ί
778 2525 1007 2594 CAPUT
1051 2531 1338 2596 PRIMUM.

339 2630 662 2695 Spousmnts
686 2630 711 2664 δι
735 2635 936 2684 ﬂustra:
957 2640 1014 2686 et
1040 2631 1256 2688 itineris
1302 2633 1436 2689 ordo
1475 2635 1774 2706 compellit,
1804 2644 1864 2690 ut

275 2720 478 2776 abbatis
505 2720 532 2759 δ
557 2721 858 2776 Nesterotis
886 2724 1127 2793 prmclari
1161 2725 1214 2779 in
1245 2725 1502 2782 omnibus
1524 2741 1861 2797 summaeque

272 2815 510 2870 scientias
544 2815 648 2870 viri
688 2815 954 2871 institutio
981 2820 1359 2890 subsequatur.
1388 2821 1494 2888 Qui
1524 2837 1648 2877 cum
1677 2837 1858 2878 sacra-

272 2923 386 2962 rum
439 2909 846 2980 Scripturarum
897 2927 1003 2968 nos
1044 2915 1224 2983 aliqua
1254 2915 1530 2970 memoria:
1579 2930 1859 2972 commen-

272 3001 424 3058 dasse
452 3012 508 3058 et
529 3018 717 3059 eorum
747 3006 1167 3084 intelligentiam
1217 3008 1534 3065 desiderare
1559 3011 1854 3079 sensisset,

272 3095 466 3150 talibus
490 3111 590 3152 nos
619 3097 848 3154 adorsus
871 3109 956 3156 est
981 3100 1164 3156 verbis
1191 3119 1203 3154 :
1238 3101 1401 3157 Multa
1432 3103 1652 3174 quidem
1682 3105 1861 3162 scien-

272 3189 464 3246 tiarum
507 3192 562 3246 in
614 3195 716 3248 hoc
743 3195 946 3250 muntlo
971 3205 1098 3250 sunt
1149 3211 1376 3266 genera,
1408 3207 1555 3252 tanta
1583 3199 1856 3269 siquidem

270 3295 453 3338 earum
496 3295 696 3353 quanta
740 3294 796 3341 et
825 3287 1024 3342 artium
1056 3287 1576 3361 disciplinarumque
1621 3292 1859 3348 varietas

270 3382 370 3430 est.
393 3373 504 3432 Sed
533 3391 654 3432 cum
681 3391 870 3434 omnes
940 3388 1032 3434 aut
1073 3381 1298 3436 omnino
1342 3382 1701 3439 inutilessint
1720 3423 1736 3438 .
1766 3394 1860 3438 aut

1889 2552 1940 2612 Β
1970 2543 2254 2616 praesentis
2281 2552 2490 2598 tantum
2523 2543 2648 2598 vitze
2691 2540 2994 2598 commodis
3019 2541 3262 2612 prosint,
3297 2541 3447 2597 nulla
3472 2550 3558 2599 est

1969 2648 2148 2696 tamen
2173 2653 2294 2709 qua:
2317 2653 2425 2694 non
2454 2637 2652 2694 habeat
2670 2636 2949 2708 proprium
2975 2636 3238 2692 doctrina:
3265 2651 3380 2693 suae
3407 2637 3558 2693 ordi-

1965 2746 2090 2787 nem
2132 2738 2296 2802 atque
2345 2732 2611 2787 rationem
2642 2774 2657 2800 ,
2704 2745 2803 2801 per
2847 2745 3011 2800 quam
3058 2729 3127 2786 ab
3176 2731 3558 2800 expetentibus

1963 2824 2136 2895 possit
2162 2822 2374 2894 attingi.
2426 2822 2482 2878 Si
2525 2837 2657 2893 ergo
2689 2823 2797 2877 illm
2848 2830 2996 2878 artes
3034 2822 3103 2878 ad
3136 2823 3558 2880 insinuationem

1961 2917 2045 2974 sui
2071 2915 2237 2972 certis
2265 2930 2329 2970 ac
2349 2915 2579 2986 propriis
2606 2914 2766 2970 lineis
2790 2913 3123 2985 diriguntur,
3153 2924 3360 2986 quanto
3385 2917 3560 2986 magis

1961 3010 2246 3082 religionis
2272 3017 2472 3065 nostrai
2500 3007 2792 3077 disciplina
2821 3019 2988 3074 atque
3018 3009 3310 3079 professio,
3339 3024 3461 3080 quae
3490 3009 3560 3065 ad

1961 3101 2383 3173 contemplanda
2444 3101 2800 3157 invisibilium
2859 3109 3331 3157 sacramentorum
3386 3101 3562 3157 tendit

1962 3211 2191 3261 arcana,
2220 3209 2319 3249 nec
2357 3193 2642 3262 praesentis
2675 3199 2949 3262 quaestus,
2975 3191 3070 3248 sed
3103 3201 3433 3249 aeternorum
3465 3208 3560 3248 re-

1961 3289 2315 3344 tributionem
2360 3287 2568 3356 expetit
2608 3286 3002 3354 prtemiorum,
3049 3295 3204 3342 certo
3253 3287 3452 3343 ordine
3494 3301 3563 3342 ac

1962 3381 2175 3436 ratione
2201 3378 2492 3435 subsistit!
2528 3387 2551 3416 °
2583 3375 2750 3447 Cujus
2779 3376 2998 3447 quidem
3025 3375 3228 3448 duplex
3256 3386 3344 3434 est
3380 3378 3561 3434 scien-

1356 3518 1612 3573 ALARDI
1651 3517 1890 3574 ϐΑΖιΕΙ
1925 3515 2487 3583 COMMENTARIUS.

344 3605 461 3678 “_ld
488 3615 594 3670 est,
628 3607 1002 3678 promissionis
1044 3624 1217 3678 nuper
1256 3608 1308 3662 in
1351 3610 1622 3677 prommio
1671 3609 1861 3662 harntn

274 3675 636 3750 Collationum
670 3677 777 3750 his
801 3680 987 3733 verbis
1019 3675 1183 3734 editae
1220 3675 1466 3750 (Prtéfat.
1513 3681 1690 3733 collat.
1725 3681 1813 3748 ll)
1847 3697 1860 3733 :

277 3744 432 3801 Nunc
458 3758 511 3800 ut
540 3751 693 3801 etiam
722 3748 918 3803 itineris
948 3752 1113 3804 nostri
1141 3744 1272 3804 ratio
1312 3744 1674 3818 cognoscatur,
1708 3744 1866 3804 trium

273 3818 325 3892 in
369 3818 477 3892 alia
525 3835 691 3872 eremo
741 3822 1127 3892 consistentium
1151 3863 1166 3885 ,
1199 3837 1324 3892 quos
1356 3823 1548 3889 primos
1599 3822 1819 3874 vidimus
1843 3863 1866 3891 ,ι

277 3888 496 3964 Patium
515 3898 709 3956 septem
727 3891 1049 3964 collationes,
1075 3894 1191 3960 pari
1209 3888 1523 3964 conscriptas
1549 3893 1704 3963 stylo,
1726 3888 1867 3945 vobis

276 3960 481 4033 credidi
501 3962 877 4015 consecrandos
892 3977 912 4025 ;
938 3963 1120 4028 quibus
1147 3981 1207 4016 ea
1234 3979 1348 4030 qua:
1375 3960 1438 4018 de
1473 3960 1782 4033 perfectione
1810 3966 1864 4016 in

1966 3606 2167 3679 psalmo
2195 3607 2416 3678 legitur:
2462 3603 2852 3679 Utjumentum
2879 3606 3050 3679 factus
3081 3622 3205 3679 sum
3231 3606 3374 3678 apud
3403 3615 3472 3676 te,
3505 3618 3558 3664 et

1967 3675 2061 3760 ego
2077 3675 2275 3760 semper
2300 3675 2666 3760 tecumlPsal.
2694 3675 2886 3760 Exxtt).
2909 3677 3049 3760 .Haec
3077 3676 3171 3760 ibi.

2043 3759 2066 3788 ο
2094 3746 2283 3818 Cujus,
2334 3747 2601 3818 religiosm
2631 3747 2752 3801 scil.
2788 3747 3088 3815 disciplina:
3118 3746 3558 3818 etprol‘essionis

1967 3829 2123 3876 antea
2157 3817 2493 3874 memoratae.
2530 3818 2780 3888 Vulgaris
2820 3828 2999 3871 autem
3029 3827 3123 3888 est
3157 3817 3350 3873 divisio
3380 3820 3560 3874 scien-

1972 3893 2059 3946 tiae
2086 3892 2138 3944 in
2168 3890 2558 3959 speculativam
2587 3887 2653 3944 et
2677 3890 2974 3957 practicam
3003 3888 3072 3942 ab
3100 3887 3398 3945 Aristotele
3447 3901 3561 3946 tra-

1969 3961 2078 4033 dita
2105 3961 2364 4033 (Metaph.
2391 3961 2483 4033 lib.
2507 3977 2521 4014 t
2545 3969 2594 4015 et
2613 3961 2688 4030 vi)
2716 3962 2904 4033 gcujus
2931 3961 3096 4033 etiam
3118 3960 3560 4033 consideratione

275 4031 552 4103 praeteritis
599 4034 858 4102 opusculis
908 4036 1098 4088 nostris
1147 4035 1412 4088 obscurius
1463 4031 1684 4103 forsitan
1746 4042 1863 4088 sunt
1893 4031 1936 4080 ἀὶ
1969 4031 2318 4101 distinguitur
2345 4032 2656 4103 aPatribus
2702 4031 2897 4103 duplex
2928 4031 3036 4085 vita
3055 4070 3081 4103 ,_
3115 4031 3297 4103 activa
3327 4042 3386 4103 et
3426 4048 3558 4088 con-

427 4100 639 4155 rehcnsa
661 4103 736 4156 vel
766 4106 1111 4158 nrwtermissa
1146 4100 1512 4158 suunleantur.'

275 4102 639 4171 comprehensa
661 4103 736 4156 vel
764 4106 1111 4172 prwtermissa
1146 4102 1512 4176 suppleantui‘.’

343 4170 371 4243 ξ)
421 4171 520 4243 llic
565 4174 838 4227 secundus
887 4177 1028 4228 inter
1074 4188 1181 4230 tres
1233 4179 1614 4243 anachoretas,
1644 4191 1778 4243 quos
1811 4193 1865 4230 tn

272 4242 574 4315 solitudine
597 4244 746 4312 juxta
765 4245 1131 4315 Panephysim
1159 4247 1431 4302 habitasse
1457 4242 1639 4302 retulit
1665 4242 1868 4302 Auctor

272 4314 460 4366 collat.
489 4315 550 4368 ll
583 4329 708 4384 cap.
737 4316 791 4380 3,
821 4329 942 4369 cum
967 4314 1164 4382 quibus
1194 4319 1277 4370 hac
1305 4327 1513 4386 septem
1545 4317 1867 4372 collationes

272 4394 573 4452 sequentes
607 4386 826 4450 habitae,
861 4402 1084 4455 quarum
1111 4388 1229 4441 duae
1261 4387 1387 4442 huic
1416 4389 1687 4442 Nesteroti
1712 4389 1868 4442 attri-

271 4457 518 4527 buuntur
542 4497 558 4521 ,
592 4458 740 4525 prior
772 4456 888 4511 haec
917 4458 983 4512 de
1013 4459 1243 4527 spiritali
1289 4459 1542 4526 scientia,
1596 4459 1868 4526 posterior

271 4527 339 4578 de
372 4525 804 4598 charismatibus
830 4525 1055 4582 divinis;
1081 4529 1154 4584 De
1180 4529 1480 4584 Nesterone
1508 4525 1704 4584 abbate
1733 4528 1866 4598 (Ne-

270 4607 423 4650 stcro
445 4598 617 4662 enim,
648 4598 733 4652 vel
764 4597 1033 4652 Nesteron
1063 4599 1135 4653 ibi
1166 4609 1413 4667 vocatur,
1448 4615 1555 4656 non
1582 4597 1864 4666 Neste’ros,

273 4679 328 4720 ut
357 4667 470 4738 hic)
501 4669 607 4722 duo
635 4680 925 4739 narrantur
946 4672 1194 4739 exempla
1232 4671 1489 4724 virtutum
1515 4673 1566 4724 in
1601 4670 1734 4724 Vitis
1765 4671 1866 4724 Pa-

271 4749 438 4812 ttntn,
475 4754 639 4812 unum
667 4738 764 4792 lib.
789 4755 840 4793 tv
869 4755 987 4812 cap.
1023 4741 1056 4794 8
1078 4759 1090 4794 :
1109 4738 1291 4794 ’Abbas
1319 4738 1539 4796 Nestero
1561 4741 1730 4812 major
1754 4758 1865 4794 am-

269 4810 483 4862 bulabat
511 4810 564 4861 in
594 4825 772 4881 eremo_
785 4825 903 4864 cum
926 4811 1100 4880 aliqua
1130 4817 1314 4881 fratre,
1350 4823 1398 4867 et
1426 4810 1652 4867 videntes
1681 4813 1868 4866 draco-

269 4895 386 4952 nem
428 4881 692 4952 fugerunt.
725 4878 794 4933 Et
841 4881 967 4934 dicit
989 4878 1035 4935 ei
1065 4878 1226 4952 frater
1270 4884 1361 4936 ille.
1383 4899 1402 4937 :
1432 4885 1501 4937 Et
1532 4894 1587 4936 tu
1613 4925 1628 4946 ,
1662 4881 1823 4952 Pater
1848 4925 1863 4948 ,

267 4950 415 5004 times
435 4952 461 5004 Ρ
491 4950 825 5017 Respondeas
869 4950 1072 5016 senex,
1105 4954 1274 5009 dixit:
1331 4954 1455 5009 Non
1485 4956 1638 5008 timeo
1663 4994 1676 5013 .
1713 4951 1824 5007 Fili
1847 4995 1863 5021 ,

267 5021 494 5086 idcirco,
522 5023 619 5094 sed,
638 5023 876 5094 expedit;
903 5023 1098 5076 idcirco
1128 5027 1264 5077 enim
1292 5024 1569 5078 draconem
1592 5026 1703 5094 fugi
1733 5041 1865 5089 quo-

267 5093 422 5164 niam
463 5093 622 5164 habui
651 5091 878 5163 effugere
921 5096 1160 5162 spiritum
1202 5111 1346 5148 vanae
1372 5091 1864 5164 gloria-Alterum

265 5162 542 5238 ejusdem
569 5163 694 5217 libri
739 5162 860 5238 cap.
911 5165 1013 5219 15:
1065 5162 1410 5238 Interrogavit
1455 5181 1619 5238 senes;
1660 5165 1866 5233 (abbas

265 5233 484 5304 l‘astor)
514 5235 730 5304 fratrem
753 5233 1110 5301 Nesteronem,
1148 5233 1356 5291 dicens:
1398 5236 1540 5289 Abba
1569 5235 1827 5289 Nesteron
1848 5278 1864 5300 ,

1972 4100 2284 4173 templativa
2311 4102 2556 4173 (Hieron.
2581 4104 2670 4157 lib.
2701 4117 2739 4157 ll
2775 4100 2828 4159 in
2863 4102 3010 4173 Lam:
3048 4100 3285 4172 Jerem.).
3322 4101 3387 4157 D.
3421 4103 3558 4160 Gre-

1968 4170 2153 4246 gorius
2185 4174 2277 4228 lih.
2311 4170 2365 4246 vt
2395 4175 2582 4246 Moral.
2635 4190 2754 4241 cap.
2805 4176 2875 4246 28
2903 4190 2918 4227 :
2967 4170 3102 4228 Duce
3123 4214 3137 4234 .
3198 4170 3403 4242 inquit,
3434 4184 3560 4246 sunt

1967 4247 2106 4312 vitae,
2140 4248 2194 4300 in
2219 4245 2400 4314 quibus
2432 4260 2526 4299 nos
2554 4245 2693 4299 Deus
2725 4245 3059 4315 Omnipotens
3085 4259 3176 4315 per
3201 4261 3407 4298 sacrum
3447 4245 3558 4300 elo-

1968 4319 2144 4386 quium
2169 4318 2339 4371 erudit
2361 4355 2376 4378 ,
2407 4317 2574 4370 activa
2606 4316 2840 4372 videlicet
2865 4325 2911 4370 et
2936 4315 3350 4386 contemplativa.
3380 4316 3560 4385 Siqui-

1969 4385 2092 4442 dem
2115 4391 2221 4441 vita
2248 4387 2501 4444 hominis.
2528 4397 2585 4440 ut
2612 4387 2773 4443 docet
2799 4390 2857 4441 S.
2887 4386 3122 4440 Thomas
3140 4385 3228 4456 (S.
3264 4385 3450 4444 Thom.
3479 4387 3548 4442 2-

1966 4457 2022 4521 2,
2055 4475 2106 4526 q.
2140 4456 2268 4528 179)
2289 4501 2304 4524 ,
2339 4459 2612 4525 prtecipue
2640 4458 2932 4528 attenditur
2953 4457 3247 4511 secundum
3275 4458 3553 4526 operatio-

1970 4545 2092 4582 nem
2125 4527 2448 4590 intellectus,
2494 4543 2615 4597 qua:
2644 4527 2882 4598 quidem,
2905 4529 3150 4596 operatio
3179 4538 3430 4598 versatur
3461 4539 3558 4584 aut

1968 4600 2110 4654 circa
2155 4595 2554 4668 inquisitionem
2597 4595 3046 4668 et'cognitionem
3086 4596 3363 4669 veritatis,
3411 4600 3558 4669 quod

1969 4670 2204 4738 pertinet
2249 4669 2316 4724 ad
2364 4670 2914 4735 contemplationem,
2970 4675 3065 4721 aut
3107 4668 3249 4738 circa
3306 4668 3550 4725 actiOnes

1969 4737 2287 4801 exteriores,
2330 4755 2450 4810 qua:
2495 4739 2694 4810 dicitur
2722 4739 2831 4792 vita
2872 4737 3075 4792 activa.
3121 4737 3560 4808 Unumquodque

1969 4811 2111 4865 enim
2161 4809 2360 4865 vivens
2397 4809 2700 4864 ostenditur
2739 4810 2924 4864 vivere
2973 4823 3042 4862 ex
3091 4811 3410 4876 Operatione
3450 4810 3556 4866 sibi

1967 4883 2202 4936 maxime
2223 4881 2436 4952 propria
2477 4881 2543 4952 ad
2577 4895 2738 4950 quam
2778 4879 3013 4952 maxime
3056 4877 3558 4952 inclinatur:sicut

1971 4951 2270 5020 plantarum
2308 4952 2416 5006 vita
2456 4951 2655 5006 dicitur
2703 4952 2756 5005 in
2801 4951 2904 5005 hoc
2945 4951 3246 5005 consistere
3282 4951 3427 5019 quod
3461 4967 3559 5006 nu-

1971 5025 2203 5078 triuntur
2224 5033 2278 5078 et
2297 5032 2625 5093 generantur
2655 5040 2668 5075 :
2695 5021 3008 5076 animalium
3035 5021 3240 5093 veroin
3268 5021 3372 5093 _hoc
3408 5024 3556 5092 quod

1970 5095 2209 5148 sentiunt
2233 5091 2612 5148 et'movnntnr
2639 5109 2652 5146 :
2683 5093 2958 5148 hominum
3004 5105 3137 5146 vero
3167 5092 3221 5146 in
3266 5091 3368 5147 hoc
3411 5095 3557 5162 quod

1971 5165 2270 5234 intelligunt
2299 5174 2350 5220 et
2382 5164 2677 5219 secundum
2709 5165 2971 5219 rationem
3019 5172 3204 5232 agunt.
3246 5163 3383 5228 Quia
3427 5179 3558 5233 ergo

1969 5236 2186 5304 quidam
2218 5236 2465 5290 homines
2497 5236 2780 5292 intendunt
2810 5234 3079 5303 praecipue
3104 5235 3556 5303 contemplationi

261 5305 527 5377 quomodo
557 5305 823 5377 acquisisti
868 5305 1102 5377 virtutem
1144 5307 1276 5360 hanc
1303 5348 1316 5371 ,
1346 5316 1400 5360 ut
1425 5307 1627 5376 quando
1657 5309 1868 5375 emergit
1969 5308 2234 5372 veritatis,
2265 5307 2477 5377 quidam
2498 5304 3168 5377 intenduntprincipaliter
3190 5305 3554 5362 exterioribus

262 5376 534 5456 tribulatio
565 5375 673 5448 [AL
705 5375 952 5459 turbatio].
979 5378 1167 5459 aliqua
1188 5375 1599 5459 innmonasterio,
1648 5393 1753 5459 non
1786 5380 1863 5459 lo-
1887 5398 1943 5459 D
1968 5375 2296 5459 actionibus,
2323 5377 2448 5458 inde
2473 5388 2554 5432 est
2584 5376 2728 5459 quod
2768 5377 2876 5459 vita
2905 5375 3142 5459 hominis
3169 5377 3557 5459 conveniater

260 5447 476 5511 quaris,
524 5447 687 5517 neque
728 5456 776 5500 te
817 5447 1042 5500 medium
1064 5451 1270 5517 facias?
1297 5447 1401 5502 Ille
1426 5458 1597 5502 autem
1622 5448 1753 5501 nihil
1782 5447 1861 5500 lo-

260 5516 532 5589 quebatur.
579 5516 648 5589 Et
685 5533 804 5589 cum
840 5516 1070 5571 multum
1097 5529 1366 5589 rogaretur
1388 5536 1420 5571 a
1448 5535 1583 5580 sene,
1619 5520 1745 5572 dicit
1774 5519 1859 5574 ei:

259 5588 490 5660 Ignosce
515 5587 664 5654 mihi,
686 5587 840 5660 abba,
876 5589 1001 5657 quia
1027 5587 1233 5660 quando
1262 5592 1448 5644 intravi
1470 5591 1617 5643 initio
1653 5592 1705 5643 in
1732 5605 1858 5643 con-

258 5659 636 5730 gregationem,
659 5659 771 5713 dixi
786 5660 959 5712 animo
981 5659 1112 5720 meo.
1133 5659 1213 5715 Tu
1237 5672 1282 5716 et
1305 5662 1482 5715 asinus
1501 5678 1659 5714 unum
1679 5670 1854 5715 estote.

258 5730 416 5804 Sicut
442 5745 571 5798 ergo
613 5730 793 5784 asinus
821 5730 1031 5804 vapulat
1061 5739 1110 5783 et
1146 5749 1250 5786 non
1299 5733 1562 5801 loquitur,
1608 5733 1858 5804 injuriam

255 5801 460 5860 natitur
481 5809 532 5856 et
564 5816 669 5855 non
696 5802 1010 5868 respondet;
1053 5803 1128 5858 sic
1158 5813 1204 5860 et
1231 5811 1309 5873 tu,
1334 5801 1769 5872 quemadmodum
1800 5804 1855 5858 in

1967 5447 2224 5503 dividitur
2245 5449 2298 5503 in
2327 5449 2557 5503 activam
2579 5445 2635 5502 et
2663 5447 3156 5516 contemplativam.
3184 5447 3312 5501 Haec
3330 5446 3389 5500 S.
3413 5445 3556 5502 Tho-

1969 5534 2106 5574 mas.
2141 5519 2294 5574 Unde
2317 5528 2461 5586 patet
2503 5518 2643 5572 idem
2683 5531 2826 5582 esse,
2855 5515 2972 5570 sive
2991 5515 3206 5572 dicatur
3225 5517 3428 5586 duplex
3457 5517 3558 5573 ho-

1965 5591 2126 5646 minis
2146 5591 2276 5658 vita,
2307 5591 2420 5645 sive
2449 5589 2650 5657 duplex
2674 5587 2924 5643 scientia.
2950 5587 3147 5658 Agitur
3162 5597 3345 5644 autem
3371 5589 3428 5643 in
3457 5588 3558 5646 hac

1961 5661 2272 5728 collatione,
2298 5676 2404 5715 non
2435 5659 2502 5714 de
2527 5673 2866 5730 quacumque
2890 5657 3117 5713 scientia
3147 5659 3406 5727 humana,
3433 5661 3551 5726 sed,

1958 5740 2021 5786 ut
2045 5731 2203 5787 docet
2232 5733 2442 5794 titulus,
2475 5730 2545 5785 de
2589 5729 2817 5799 spiritali
2853 5730 3113 5794 scientia,
3170 5731 3204 5785 i.
3237 5745 3290 5786 e.
3330 5731 3558 5790 scientia

1957 5817 2141 5861 rerum
2166 5802 2528 5873 spiritualium
2557 5816 2681 5858 cum
2717 5801 2916 5873 pietate
2941 5808 3000 5856 et
3027 5801 3298 5859 charitate
3323 5803 3558 5870 conjun-
