4078 6332
551 262 662 326 953

1603 261 1886 323 JOANNIS
1920 260 2236 323 CASSIANI
2275 264 2771 328 COLLATIONES.

3715 273 3809 334 958

548 380 645 434 tia.
679 375 860 434 Prima
884 377 1143 450 practice,
1167 375 1222 434 id
1241 381 1348 448 est,
1379 375 1631 444 actualis,
1651 392 1772 448 quas
1797 377 2140 434 emendatio—
2163 385 2211 442 Α
2238 381 2377 438 viam
2403 397 2524 438 cum
2554 383 2917 441 oblectatione
2943 383 3296 443 conscendat.
3321 385 3441 454 Quo
3463 385 3608 444 enim
3635 389 3804 458 modo,

548 487 618 529 ne
643 487 854 529 morum
884 480 940 530 et
974 473 1233 528 vitiorum
1261 473 1586 542 purgatione
1624 470 1936 543 perﬁcitur;
1965 472 2132 529 altera

2236 474 2320 528 vel
2346 474 2603 530 virtutum
2628 474 2918 543 rationem,
2945 476 3036 547 qui
3055 476 3325 532 secundus
3351 479 3403 532 in
3431 480 3627 536 aetnali
3650 479 3804 536 disci-

551 564 813 633 tbeorice,
841 565 892 621 id
910 572 1153 637 est,qu:e
1173 563 1226 620 in
1241 563 1704 636 contemplatione
1723 565 2026 621 divinarum
2049 581 2137 623 re-
2237 564 2380 634 pliua
2405 564 2602 636 gradus
2623 574 2734 632 est;
2772 566 2856 622 vel
2883 581 3066 622 rerum
3092 568 3414 638 spiritalium
3437 580 3490 624 et
3515 570 3802 630 ctelestium

550 669 668 715 rum
688 668 743 716 et
759 660 1248 716 Sacratissimorum
1264 669 1523 715 senSuum
1537 660 1848 733 cegnitione
1860 660 2134 718 consistit.

1165 750 1401 808 CAPUT
1437 751 1504 808 II.

941 843 1067 910 ραω
1101 843 1185 898 via
1209 845 1277 898 sit
1316 844 1385 897 ad
1413 843 1740 898 the'orcticen.

611 936 868 1008 Quisquis
909 936 1072 1008 igitur
1100 939 1128 975 ι
1166 937 1236 993 ad
1281 937 1617 995 theoreti‘cen
1662 937 1897 994 voluerit
1940 952 2132 1010 perve-

545 1029 682 1095 nire,
732 1030 758 1068 δ
801 1045 1028 1087 necesse
1066 1041 1150 1087 est
1194 1039 1253 1087 ut
1299 1034 1445 1087 amni
1493 1033 1674 1088 studio
1719 1040 1882 1104 atque
1927 1033 2130 1090 virtute

539 1123 801 1178 actualem
833 1124 1063 1192 primum
1093 1124 1372 1181 scientiam
1419 1134 1800 1194 consequatur.
1837 1125 1974 1184 Nam
2005 1127 2126 1183 huic

538 1215 774 1284 practice
802 1214 1006 1286 absque
1032 1216 1326 1274 theoretica
1358 1218 1626 1288 possideri
1653 1226 1863 1289 potest,
1905 1219 2128 1278 theore-

537 1306 642 1363 tice
686 1322 816 1363 vero
861 1309 978 1365 sine
1015 1310 1212 1365 actuali
1260 1311 1591 1369 omnimOdis
1635 1311 1973 1383 apprehendi
2017 1330 2125 1370 non

535 1408 731 1471 potest.
784 1400 994 1460 Gradus
1048 1405 1192 1461 enim
1250 1406 1467 1476 quidam
1531 1407 1606 1462 ita
1665 1407 1901 1464 ordinati
1960 1419 2125 1482 atque

535 1492 772 1550 distincti
799 1507 946 1563 sunt,
969 1507 1028 1553 ut
1049 1499 1280 1555 humana
1303 1500 1579 1556 humilitas
1604 1504 1774 1574 possit
1797 1502 1866 1559 ad
1887 1505 2126 1562 sublime

537 1588 940 1645 conscendere:
974 1593 1064 1662 qui
1107 1593 1151 1647 si
1198 1593 1432 1650 invicem
1481 1596 1582 1650 sibi
1633 1609 1694 1652 es
1739 1612 1841 1667 qua
1889 1599 2123 1655 diximus

537 1682 746 1738 ratione
775 1683 1105 1754 succedant,
1150 1696 1330 1756 potest
1359 1689 1425 1743 ad
1456 1687 1792 1746 altitudinem
1828 1691 2116 1762 perveniri,

2233 666 2566 713 sacramenta
2585 697 2598 724 ,
2630 673 2754 729 qua
2798 659 2854 714 in
2887 660 3110 716 theorite
3138 661 3308 732 gradu
3338 662 3655 721 sublimiore
3679 680 3802 722 eon-

2233 749 2450 818 sistuiit,
2484 751 2682 806 valebit
2710 753 2996 821 attingere,
3015 751 3112 822 qui
3138 762 3380 809 naturam
3398 753 3652 810 vitiorum
3683 771 3800 812 suo-

2231 857 2350 898 rum
2378 854 2478 898 nec
2497 843 2671 913 potuit
2702 844 3020 915 intelligere,
3056 858 3162 900 nec
3188 846 3342 902 nisus
3366 853 3451 902 est
3468 847 3802 918 exstirpare!

2230 932 2642 1007 Consequenter
2670 937 2815 992 enim
2867 937 3302 1007 pronentiabitur
3340 940 3592 1011 progredi
3624 940 3692 995 ad
3717 957 3801 996 ex-

2232 1030 2462 1086 celsiora
2494 1044 2600 1085 non
2631 1044 2816 1101 posse,
2845 1031 2939 1100 qui
2968 1045 3076 1086 non
3105 1031 3331 1088 evicerlt
3368 1032 3614 1102 planiora
3641 1050 3654 1085 :
3679 1034 3803 1088 mul-

2230 1130 2394 1192 toque
2418 1121 2600 1177 minus
2629 1137 2693 1178 ea
2731 1137 2852 1192 quae
2877 1132 3005 1178 sunt
3043 1125 3390 1180 extrinsecus
3420 1125 3797 1196 apprehendet,

2228 1213 2475 1285 quisquis
2500 1214 2810 1284 intelligere
2850 1229 2916 1270 ea
2959 1230 3084 1286 quae
3125 1215 3228 1272 sibi
3275 1224 3402 1271 sunt
3450 1218 3661 1273 inserta
3706 1234 3799 1275 non

2229 1306 2483 1378 quiverit.
2511 1307 2804 1362 Sciendum
2835 1315 3018 1364 tamen
3059 1317 3164 1376 est,
3189 1309 3393 1380 duplici
3424 1310 3580 1366 nobis
3613 1309 3800 1367 laboris

2229 1397 2529 1458 intentlonc
2549 1399 2878 1470 sudandum,
2907 1409 3016 1456 tam
3043 1402 3095 1456 in
3118 1397 3454 1472 expellendis
3481 1401 3628 1457 vitiis
3653 1417 3800 1473 quam

2226 1493 2280 1548 in
2303 1493 2591 1550 virtutibus
2613 1493 2973 1562 acquirendis.
3006 1493 3076 1548 Et
3097 1493 3200 1549 hoc
3226 1508 3336 1550 non
3360 1503 3542 1549 nostra
3567 1494 3800 1563 capimus

2225 1590 2559 1657 conjectura,
2585 1589 2682 1644 sed
2705 1587 2849 1642 illius
2873 1587 3147 1644 sententia
3190 1588 3569 1658 pet-docemur,
3609 1588 3802 1657 quiso-

2226 1683 2306 1737 lus
2331 1681 2496 1737 ofﬁcii
2522 1679 2689 1754 [Lips.
2720 1683 2774 1736 in
2799 1697 2966 1754 marg.
2990 1680 3218 1754 opiﬁcii]
3244 1681 3328 1737 sui
3348 1684 3488 1736 vires
3517 1682 3801 1736 rationem-

533 1771 600 1828 ad
627 1790 786 1843 quam
809 1777 1019 1832 sublato
1041 1778 1216 1847 primo
1244 1779 1413 1849 gradu
1437 1796 1541 1834 non
1568 1791 1747 1852 potest
1770 1761 2112 1840 transvolari.
2144 1779 2192 1840 B
2221 1791 2324 1847 Que
2351 1761 2629 1847 cognoscit
2655 1794 2669 1830 :
2706 1775 2866 1844 Ecce,
2895 1777 3098 1848 inquit,
3131 1777 3371 1832 constitui
3402 1787 3450 1831 te
3475 1776 3636 1832 hodie
3662 1793 3799 1848 super

533 1868 753 1925 Frustra
786 1872 948 1942 igitur
977 1873 1043 1928 ad
1073 1885 1426 1944 conspectum
1458 1875 1553 1931 Dei
1585 1876 1777 1944 tendit,
1825 1878 1915 1948 qui
1957 1879 2113 1934 vitio-

531 1978 648 2018 rum
697 1966 943 2037 contagia
974 1982 1080 2023 non
1118 1968 1388 2024 declinat:
1423 1979 1447 2008 ε
1479 1971 1712 2039 Spiritus
1757 1988 1973 2042 namque
2018 1971 2116 2026 Dei

529 2057 738 2128 effugiet
759 2059 958 2128 ﬁctum,
982 2077 1073 2116 nec
1102 2059 1355 2117 habitabit
1382 2063 1438 2116 in
1468 2071 1682 2135 corpore
1709 2064 1914 2119 subdito
1933 2079 2115 2137 pecca-

529 2152 592 2205 tis
620 2151 776 2224 (Sap.
801 2153 872 2225 ι).

1146 2245 1374 2305 CAPUT
1410 2247 1500 2306 III.

603 2337 759 2404 Quod
785 2336 1010 2394 actualis
1039 2342 1285 2411 perfectio
1314 2341 1518 2414 duplici
1545 2344 1748 2399 ratione
1778 2346 2040 2400 subsistat.

601 2431 725 2485 llaec
771 2443 951 2487 autem
995 2429 1022 2469 ἀ
1069 2434 1298 2490 actualis
1352 2437 1612 2505 perfectio
1661 2437 1857 2509 duplici
1910 2439 2116 2494 ratione

527 2520 788 2578 subsistit.
822 2515 955 2579 Nam
988 2525 1194 2595 primus
1226 2525 1344 2597 ejus
1387 2529 1576 2586 modus
1610 2542 1722 2594 est,
1775 2541 1830 2586 ut
1874 2533 2114 2586 omnium

529 2623 720 2668 natura
751 2615 1003 2670 vitiorum
1034 2619 1089 2670 et
1109 2617 1404 2674 curationis
1442 2621 1580 2675 ratio
1610 2632 1983 2691 cegnoscatur.
2017 2619 2108 2678 Se-

525 2701 734 2762 cundus
765 2718 823 2763 ut
867 2709 938 2764 ita
978 2709 1318 2770 discernatur
1346 2714 1480 2768 ordo
1508 2715 1792 2780 virtutum,
1821 2725 2115 2784 earumque

527 2797 860 2868 perfectione
905 2820 1058 2860 mens
1086 2816 1270 2864 nostra
1315 2806 1600 2874 formetur,
1642 2817 1700 2863 ut
1728 2809 1832 2863 illis
1871 2823 1974 2864 non
2002 2809 2110 2878 jam

527 2893 677 2950 velut
731 2907 915 2952 coacta
975 2909 1029 2954 et
1083 2901 1236 2970 quasi
1292 2902 1532 2958 violento
1588 2899 1817 2973 imperio
1871 2902 2111 2971 subjecta

527 2983 844 3054 famuletur,
887 2990 982 3045 sed
1029 2999 1305 3064 tamquam
1348 2993 1582 3050 naturali
1626 2995 1769 3050 bono
1815 2992 2115 3050 delectetur

526 3085 692 3150 atque
721 3089 993 3152 pascatur,
1046 3090 1102 3140 et
1146 3084 1371 3141 arduam
1423 3087 1569 3142 illam
1616 3099 1779 3159 atque
1828 3095 2114 3159 angustam

2219 1881 2393 1943 gentes
2417 1880 2467 1925 et
2489 1887 2645 1940 super
2663 1887 2845 1942 regna,
2871 1881 2926 1925 ut
2955 1881 2978 1909 ο
2997 1871 3182 1926 evellas
3203 1879 3251 1926 et
3273 1873 3504 1926 destruas
3526 1879 3574 1924 et
3608 1871 3801 1939 disper-

2220 1968 2316 2022 das
2346 1973 2393 2021 et
2417 1967 2635 2035 dissipes
2661 1973 2712 2025 el
2739 1965 2964 2034 aediﬁces
2983 1975 3032 2020 et
3064 1965 3264 2035 plantes
3286 1965 3500 2039 (Jerem.
3535 1967 3605 2036 1).
3641 1965 3696 2021 In
3717 1980 3803 2020 ex-

2221 2057 2468 2129 pulsione
2499 2059 2644 2115 enim
2673 2061 2958 2114 noxiarum
2988 2065 3170 2113 rerum
3204 2065 3434 2128 quatuor
3461 2073 3584 2114 esse
3619 2073 3800 2113 neces-

2219 2151 2360 2206 saria
2389 2151 2724 2221 designavit,
2759 2151 2810 2206 id
2840 2159 2944 2215 est,
2974 2150 3231 2217 evellere,
3262 2151 3564 2217 destruere,
3601 2150 3803 2220 disper-

2221 2243 2371 2312 dere,
2405 2245 2696 2316 dissiparc.
2729 2245 2784 2299 In
2834 2244 3181 2314 perﬁciendis
3231 2260 3364 2300 vero
3414 2245 3712 2300 virtutibus
3753 2253 3802 2300 et

2220 2338 2304 2392 his
2325 2355 2447 2408 qua:
2467 2338 2532 2394 ad
2555 2340 2817 2405 justitiam
2847 2340 3124 2408 pertinent
3149 2339 3510 2410 acquirendis,
3539 2340 3803 2395 aediﬁcare

2221 2431 2598 2485 tantummodo
2631 2441 2791 2502 atque
2822 2430 3087 2501 plantare.
3117 2431 3269 2488 Unde
3301 2432 3506 2502 liquido
3533 2441 3685 2503 patet
3709 2432 3804 2487 dif-

2221 2521 2417 2578 ﬁcilius
2470 2522 2702 2579 convelli
2748 2533 2910 2594 atque
2964 2523 3230 2579 eradicari
3289 2523 3507 2579 inolitas
3562 2526 3803 2594 corporis

2217 2623 2381 2685 atque
2398 2617 2591 2672 anima:
2613 2617 3088 2688 passiones,quam
3109 2617 3380 2688 spiritales
3402 2619 3620 2674 exstrui
3649 2619 3796 2690 plan-

2225 2707 2431 2781 tarique
2457 2711 2706 2767 virtutes.

2831 2803 3061 2862 CAPUT
3106 2805 3195 2862 IV.

2225 2895 2378 2964 Quod
2408 2895 2628 2951 actualis
2655 2897 2760 2950 vita
2787 2911 2912 3021 erg;
2951 2898 3136 3022 mul‘tas
3179 2897 3525 2968 professiones
3551 2913 3617 2952 ac
3642 2898 3806 2953 studia

2911 2984 3044 3022 erres
3067 2984 3152 3022 ur.

2911 2984 3152 3024 πίσσαν.

2294 3081 2420 3138 Haec
2453 3079 2473 3120 ³
2509 3081 2667 3153 igitur
2699 3082 2936 3151 practice
2958 3096 3082 3153 quas
3112 3079 3353 3148 duobus,
3385 3090 3447 3138 ut
3471 3083 3680 3139 dictum
3702 3091 3804 3149 est,

1620 3200 1878 3258 ALARDI
1917 3196 2151 3264 GAZfEI
2185 3193 2750 3256 COMMENTARIUS.

524 3313 634 3385 gis,
652 3315 722 3385 _ut
751 3323 818 3366 ex
839 3314 1195 3381 sequentibus
1238 3315 1442 3385 patebit
1492 3333 1505 3369 :
1533 3331 1669 3385 quae
1697 3326 1755 3375 et
1799 3320 1940 3374 inter
1974 3318 2114 3374 dona
2141 3317 2186 3378 (ἶ
2220 3315 2434 3385 patitur.
2485 3311 2610 3366 Post
2639 3311 2747 3366 Line
2765 3328 2895 3385 ergo
2919 3313 3190 3380 amplexus
3219 3313 3288 3367 ad
3337 3313 3615 3368 Rachelem
3646 3313 3806 3368 Iacob

523 3377 753 3448 Spiritus
797 3377 966 3439 sancti
1012 3377 1436 3442 connum'eratur
1469 3403 1482 3439 :
1511 3377 1579 3441 Et
1631 3389 1738 3444 hwc
1796 3400 1867 3444 est
1902 3392 2118 3444 scientia
2220 3377 2625 3455 pervenit;quia
2653 3377 2907 3453 perfectus
2948 3377 3161 3454 quisque
3207 3393 3322 3439 ante
3367 3387 3541 3438 acum
3587 3386 3708 3440 vita:
3742 3385 3806 3439 ad

522 3462 848 3530 sanctorum,
879 3457 960 3530 ait
988 3456 1053 3530 _S.
1092 3457 1328 3530 Thomas
1367 3458 1516 3527 (2-2,
1560 3477 1612 3530 q.
1657 3461 1762 3530 i0!
1786 3469 1886 3514 art.
1923 3463 2012 3529 ii),
2055 3463 2119 3514 de

522 3538 628 3600 qua
651 3524 838 3578 dicitur
867 3524 1103 3598 Sapient.
1124 3539 1168 3584 'x
1198 3548 1210 3582 :
1236 3524 1449 3584 Iustum
1489 3524 1699 3586 deduxit
1731 3524 2005 3587 Dominus
2027 3549 2118 3600 per

524 3596 636 3647 vias
667 3604 855 3665 rectas,
890 3596 950 3653 et
969 3601 1110 3654 dedit
1137 3600 1218 3655 illi
1239 3603 1511 3656 scientiam
1534 3610 1849 3656 sanctorum.

596 3674 622 3702 ⁸
664 3667 982 3744 Tit-eoricam
1032 3683 1191 3744 vocat
1238 3673 1297 3728 D.
1354 3672 1715 3744 l‘Iieronymus
1757 3671 1812 3727 in
1863 3671 2110 3730 Lament.

524 3734 1018 3813 Hieremianflna,
1051 3743 1255 3813 inquit,
1286 3754 1331 3798 et
1361 3743 1474 3799 sola
1500 3734 1576 3799 esi
1619 3743 1868 3806 theorica.
1914 3744 1969 3798 id
2013 3754 2110 3810 est,

525 3811 886 3885 contemplatio
931 3813 1055 3880 Dei,
1107 3811 1190 3866 cui
1237 3816 1420 3869 merito
1468 3816 1639 3869 omnia
1680 3817 2113 3885 justi/icationum

527 3881 729 3958 merita,
758 3883 994 3958 uniuersa
1018 3885 1263 3958 virtutum
1291 3889 1457 3958 media
1479 3881 1876 3958 postponuntur.
1905 3889 1968 3942 Et
1987 3888 2114 3944 Dio-

530 3951 715 4027 nysius
738 3952 990 4008 similiter
1014 3956 1305 4010 theoricam
1330 3951 1489 4027 legit,
1517 3951 1622 4012 non
1647 3959 2024 4013 theoreticam.
2048 3961 2113 4014 Et

533 4020 830 4100 iheoricam
851 4026 1015 4100 etiam
1031 4020 1598 4100 Lsub§tantivfe§ccipit
1639 4029 2021 4100 Hieronymus,
2054 4040 2112 4087 ut

534 4089 621 4146 hic
649 4091 990 4171 theoreticen
1020 4096 1312 4171 Caesianus
1333 4099 1473 4171 (Col.
1498 4089 1540 4159 ιξ
1563 4115 1610 4153 c.
1641 4095 1730 4171 2).
1758 4099 1825 4156 At
1844 4089 1978 4155 'vide
2007 4089 2112 4158 cte-

534 4171 645 4233 tera
670 4179 792 4233 quae
821 4167 890 4220 de
922 4169 1162 4225 theorica
1190 4181 1242 4224 et
1278 4167 1572 4225 théoretica
1601 4167 1742 4227 alias
1781 4172 2108 4229 notavimus.

597 4232 624 4271 δ
651 4232 948 4314 Gregorius
969 4241 1248 4314 ubi‘supra.
1267 4245 1341 4309 (γι
1366 4241 1554 4296 Moral.
1582 4257 1696 4313 cap.
1716 4242 1810 4312 28)
1832 4260 2110 4314 exponens

525 4303 617 4386 illa
645 4303 844 4386 verba:
879 4303 1196 4386 Ingredieris
1225 4303 1282 4365 in.
1299 4313 1619 4386 abundantia
1643 4303 1934 4383 'sepulcrnm
1962 4313 2106 4386 (Job.

525 4375 611 4454 γ).
652 4375 763 4454 Vir,
806 4375 1008 4454 inquit,
1053 4384 1312 4454 perfectus
1349 4385 1403 4437 in
1450 4375 1771 4438 abundantia
1813 4375 2108 4453 sepulcrum

523 4446 846 4530 ingreditur;
869 4446 993 4517 quia
1014 4446 1162 4530 ipl'ius'
1189 4455 1370 4510 activae
1404 4456 1520 4509 vitae
1548 4471 1706 4530 Opera
1736 4446 2030 4530 congregat,
2060 4469 2109 4513 et

525 4521 853 4596 postmodum
878 4521 1049 4578 carnis
1072 4540 1281 4578 sensum
1316 4542 1405 4596 per
1442 4521 1945 4596 contemplationem'
1963 4521 2106 4583 mor-

525 4596 669 4642 tuum
691 4591 810 4665 huic
832 4595 1024 4648 mundo
1043 4597 1278 4664 funditus
1296 4591 1540 4652 occultat.
1561 4591 1708 4653 Unde
1730 4611 1777 4652 et
1798 4609 1914 4665 apte
1938 4601 2106 4656 subdi-

521 4669 607 4712 tur
635 4675 654 4714 :
684 4661 832 4718 Sicut
876 4661 1099 4734 infertur
1134 4683 1344 4722 acervus
1379 4669 1434 4722 in
1475 4678 1697 4737 tempore
1726 4661 1842 4724 suo.
1874 4669 2105 4727 Actionis

522 4746 744 4810 namque
758 4745 958 4804 tempus
974 4738 1199 4808 primum
1214 4749 1308 4806 est,
1329 4740 1770 4810 contemplationis
1787 4751 2071 4797 eztremum
2084 4761 2105 4800 :

522 4802 660 4856 unde
687 4802 893 4861 necesse
920 4802 994 4862 est
1021 4820 1078 4862 ut
1106 4802 1363 4878 perfect-ua
1405 4802 1616 4881 quisque
1655 4813 1800 4881 prius
1831 4814 2105 4869 virtutibus

521 4884 739 4952 mentem
768 4891 1032 4952 exerceat,
1051 4891 1201 4952 atque
1228 4881 1381 4952 hanc
1425 4881 1750 4952 postmodum
1775 4883 1830 4936 in
1856 4884 2102 4938 horreum

521 4946 703 5022 quietis
721 4950 921 5022 condat.
943 4946 1160 5008 Etinl‘t‘a
1178 4969 1192 5006 :
1215 4951 1352 5008 Hinc
1373 4946 1448 5007 est
1465 4953 1602 5022 quod
1613 4950 1776 5006 Iacob
1794 4971 1888 5022 pro
1905 4953 2102 5010 Rachel

521 5019 742 5094 servivit,
771 5031 818 5094 et
848 5020 998 5076 Liam
1019 5025 1236 5092 accepit,
1281 5025 1426 5094 eique
1470 5019 1660 5077 dicitur
1682 5039 1700 5076 :
1733 5022 1781 5076 Ν
1789 5019 1855 5078 on
1882 5035 1953 5079 est
1977 5043 2101 5080 con-

519 5089 812 5145 suetudinis
851 5094 905 5146 in
935 5105 1073 5148 terra
1102 5089 1310 5161 nostra,
1343 5089 1405 5150 ut
1433 5097 1650 5150 minores
1678 5105 1797 5150 ante
1834 5096 2098 5152 tradamus

515 5162 585 5238 ad
609 5163 816 5238 nuptias
835 5180 988 5238 quam
1017 5165 1236 5238 majores
1260 5165 1615 5238 (Gen._xxttt).
1652 5166 1846 5238 Rachel
1879 5185 2096 5238 namque

517 5231 680 5307 uisum
701 5231 1152 5307 principium.
1170 5231 1340 5291 autem
1368 5231 1620 5290 laboriosa
1645 5237 1853 5293 dicitur.
1879 5237 1948 5292 Et
1969 5231 2095 5307 quid

515 5317 617 5378 per
640 5303 937 5378 Rachelem,
960 5307 1060 5360 nisi
1078 5309 1497 5378 contemplativa;
1527 5309 1648 5368 quid
1679 5324 1772 5378 per
1799 5303 2097 5378 Liant,'nisi

516 5373 686 5451 activa
715 5375 817 5429 vita
840 5377 1120 5451 signatur?
1142 5377 1209 5432 In
1229 5373 1656 5451 contemplatione
1679 5373 1874 5451 quippe
1898 5373 2093 5450 princi-

515 5445 681 5521 pium,
712 5448 848 5521 quod
877 5445 1019 5521 Deus
1059 5457 1156 5518 est,
1201 5445 1479 5518 queritur;
1502 5450 1554 5502 in
1600 5445 2091 5521 Operatione'autem

514 5513 609 5590 sub
634 5513 780 5590 gravi
801 5513 1165 5576 necessitatum
1185 5513 1322 5590 fasce
1349 5513 1642 5575 laboratur;
1658 5520 1806 5577 Unde
1825 5533 1872 5577 et
1897 5524 2093 5580 Rachel

515 5585 759 5666 puichra,
778 5591 868 5666 sed
890 5593 1114 5659 sterilis;
1137 5585 1237 5646 Litt
1255 5601 1420 5646 autem
1442 5591 1588 5666 lippa
1600 5603 1697 5666 est,
1727 5595 1816 5648 sed
1844 5596 2085 5666 fecunda,

514 5659 638 5736 quia
664 5661 905 5736 nimirum
934 5678 1077 5736 mens
1105 5680 1221 5718 cum
1245 5659 1639 5733 contemplanda
1672 5659 2090 5736 otium'appetit,

516 5730 635 5805 plus
664 5734 825 5796 uidet,
853 5734 944 5805 sed
985 5736 1155 5790 minus
1188 5736 1291 5791 Deo
1321 5730 1456 5804 ﬁlios
1475 5746 1677 5805 generat
1708 5753 1720 5766 ·
1745 5753 1862 5792 cum
1887 5730 2003 5792 uero
2031 5730 2098 5794 ad

517 5801 743 5858 laborem
755 5803 1138 5872 praedicationis
1149 5824 1200 5861 se
1218 5801 1415 5878 dirigit,
1429 5801 1594 5862 minus
1606 5808 1762 5878 videt,
1775 5811 1865 5865 sed
1881 5811 2103 5881 amplius

2219 3455 2591 3528 fecunditatem
2595 3457 2623 3526 j
2630 3458 2858 3528 ungitur,
2875 3463 2920 3507 et
2937 3465 3050 3528 post
3073 3457 3477 3528 contemplativa:
3497 3458 3564 3508 ad
3581 3458 3807 3528 requiem

2218 3529 2510 3597 capulalur.
2531 3525 2738 3581 Similia
2765 3527 2926 3581 habet
2943 3525 3080 3579 idem
3105 3526 3212 3582 Gre
3252 3525 3400 3581 crius
3423 3525 3730 3584 homilia’H
3757 3530 3805 3583 in

2221 3597 2489 3652 Ezechiel.
2518 3609 2571 3651 et
2600 3597 2835 3652 Isidorus
2867 3597 2959 3650 lib.
3009 3612 3066 3651 nt
3099 3597 3166 3653 de
3210 3543 3432 3656 gummo
3477 3598 3635 3654 Bono
3685 3615 3803 3656 can.

2221 3597 2489 3652 Ezechiel.
2518 3609 2571 3651 et
2600 3597 2835 3652 Isidorus
2867 3597 2959 3650 lib.
3009 3612 3066 3651 nt
3099 3597 3166 3653 de
3210 3597 3432 3666 Summo
3477 3598 3635 3654 Bono
3685 3615 3803 3666 cap.

2221 3666 2307 3740 iii.
2337 3668 2473 3723 Vide
2525 3670 2686 3723 etiam
2735 3669 2793 3725 S.
2824 3667 3088 3723 Thomam
3114 3666 3237 3737 2-2,
3271 3686 3325 3740 q.
3369 3661 3491 3740 182,
3530 3681 3641 3725 art.
3676 3671 3724 3737 i,
3756 3661 3808 3728 et

2223 3739 2539 3805 Cajctanum
2574 3740 2792 3794 ibidem.

2291 3821 2319 3886 °_
2342 3811 2561 3886 Invertit
2590 3810 2830 3886 ordinem
2863 3820 3042 3886 textus
3069 3811 3230 3886 sacri,
3261 3813 3354 3883 qui
3381 3811 3459 3886 sic
3502 3813 3670 3886 habet
3689 3831 3708 3886 ς
3743 3813 3806 3867 In

2216 3882 2518 3952 malevolam
2550 3882 2779 3936 animam
2801 3899 2902 3937 non
2926 3882 3159 3937 introibit
3180 3882 3458 3952 sapientia,
3482 3899 3573 3937 nec
3602 3884 3807 3938 habita-

2215 3951 2285 4027 bit
2317 3953 2607 4027 incorpore
2641 3955 2848 4027 subdito
2888 3955 3128 4023 peccatis.
3163 3951 3394 4027 Spiritus
3427 3955 3560 4008 enim
3594 3966 3804 4010 sanctus

2214 4023 2505 4097 disciplima
2534 4024 2739 4096 e/fugiet
2788 4025 2987 4097 ﬁctum,
3022 4034 3067 4078 et
3095 4023 3294 4097 auferet
3323 4042 3375 4080 se
3402 4041 3433 4079 α
3465 4028 3802 4097 cogitationi-

2212 4093 2306 4177 bus
2331 4111 2444 4177 qui:
2487 4106 2624 4177 sunt
2641 4093 2776 4177 sine.
2798 4096 3110 4177 in_tei_lectu_(
3126 4093 3254 4177 S_ap.
3272 4098 3357 4177 _t)_.
3393 4093 3548 4151 LXX
3567 4097 3802 4177 Interpr.

2213 4165 2444 4252 Spiritus
2479 4175 2696 4252 sanctus
2726 4167 3028 4252 disciplinae
3058 4165 3226 4240 fugiet
3254 4165 3460 4235 dolum,
3486 4179 3541 4224 et
3581 4165 3804 4225 recede:

2211 4251 2241 4291 a
2273 4240 2692 4308 cogitationibus
2721 4240 2916 4294 stultis.

2232 4377 2240 4378 ί
2281 4305 2308 4344 ἀ
2341 4309 2538 4365 Αριῑνω
2567 4310 2692 4364 vine
2720 4309 2826 4364 duo
2855 4319 2984 4366 sunt
3018 4310 3215 4378 ofllcia,
3250 4310 3363 4367 sive
3392 4309 3570 4366 activa
3610 4313 3722 4368 vita
3752 4312 3803 4367 in

2210 4377 2420 4435 duobus
2466 4380 2740 4453 consisnt,
2776 4397 2970 4452 nempe
3007 4383 3058 4437 in
3093 4383 3482 4453 expurgatintre
3539 4384 3801 4438 vitiorum

2209 4453 2643 4524 etacqnlsitio’ne
2694 4452 2954 4508 virtutum
2996 4471 3010 4507 :
3057 4453 3198 4524 quod
3245 4455 3365 4508 aliis
3422 4455 3612 4511 verbis
3665 4456 3804 4510 dixit

2208 4519 2524 4608 Psalmista:
2551 4523 2763 4608 D‘ecliita
2784 4540 2814 4576 a
2837 4523 2993 4591 malo,
3013 4534 3061 4608 ei
3076 4519 3164 4597 Tac
3186 4525 3372 4608 bonum
3389 4524 3563 4608 {Psah
3586 4528 3801 4608 xxxvi).

2208 4585 2339 4676 Quae
2369 4604 2492 4650 sunt
2525 4589 2694 4667 prima
2724 4585 2992 4666 praecepta
3018 4585 3132 4652 sive
3169 4591 3353 4652 ofﬁcia
3383 4585 3614 4667 iustitiae
3644 4585 3802 4654 Chri-

2207 4673 2415 4721 stiante.

2285 4735 2633 4809 ﬁ_Notat_div.
2667 4737 3028 4809 Hieronymus
3057 4737 3217 4801 illud.
3247 4738 3390 4809 quod
3420 4753 3485 4793 ex
3520 4737 3800 4795 Hebraico

2209 4805 2433 4882 addidit,
2466 4805 2718 4882 Dissipes,
2743 4805 3132 4882 sivc'deponas,
3159 4810 3213 4865 in
3248 4805 3391 4864 LXX
3424 4824 3526 4882 non
3561 4810 3758 4882 haberi
3786 4833 3799 4867 :

2208 4872 2275 4952 Et
2303 4872 2751 4944 considerandum,
2783 4872 2973 4949 inquit,
3002 4872 3140 4952 quod
3165 4889 3384 4950 quatuor
3427 4881 3666 4935 tristibus
3695 4885 3802 4937 duo

2207 4947 2324 5024 (tela
2352 4953 2668 5024 succedunt:
2698 4947 2869 5021 neque
2889 4947 3023 5006 enim
3065 4947 3321 5021 adiﬁcari
3365 4962 3606 5024 poterant
3636 4953 3797 5016 bona,

2205 5019 2306 5072 nisi
2321 5021 2592 5095 destructa
2632 5019 2797 5077 essent
2839 5024 2977 5077 mala
3003 5041 3021 5078 :
3049 5040 3142 5079 nec
3169 5019 3400 5094 plantari
3431 5024 3666 5095 optima,
3701 5027 3803 5078 nisi

2204 5092 2591 5166 eradicaren_tur
2616 5098 2835 5166 pessima
2853 5137 2867 5159 ,
2894 5106 3002 5151 etc.
3034 5094 3144 5166 Huc
3171 5092 3382 5166 Spectat
3410 5092 3539 5166 illud
3572 5093 3798 5152 Boetliii

2204 5173 2419 5218 carmen
2448 5163 2688 5234 (Lib.in
2709 5165 2771 5220 de
2792 5165 3000 5222 Consol.
3034 5163 3374 5222 Philosomet.
3411 5163 3494 5239 I):

2448 5275 2542 5345 Qui
2568 5290 2744 5329 serere
2768 5280 3038 5345 ingenuum
3064 5279 3197 5345 volet
3213 5292 3404 5345 agrum,

2448 5338 2650 5406 gibt-rat
2673 5338 2948 5406 arvaprins
2969 5338 3246 5406 fruticibus,

2448 5356 2650 5389 mperat
2673 5356 2786 5390 arva
2848 5356 2948 5392 rms
2969 5356 3246 5406 truttctnus,

2446 5399 2594 5470 Falce
2617 5403 2765 5470 rubos
2783 5356 3060 5470 (ilicem‘que
3085 5411 3301 5470 resecat,

2450 5462 2514 5527 Ut.
2530 5476 2653 5514 nova
2677 5464 2816 5527 fruge
2836 5462 2998 5527 gravis
3019 5466 3176 5518 Ceres
3191 5462 3290 5524 eat.

2452 5478 2514 5513 υι
2530 5478 2653 5514 nova
2677 5478 2816 5574 mage
2836 5478 2998 5527 gravis
3019 5478 3176 5518 Ceres
3191 5478 3290 5524 eat.

2442 5524 2734 5595 '_l‘u_quoqu_e
2778 5527 2879 5595 _alsa
2906 5529 3216 5595 tuens_bona,
3241 5529 3373 5595 prius

2440 5587 2616 5653 yicipe
2632 5587 2753 5637 colla
2770 5588 2891 5653 jngo
2914 5591 3174 5640 retrahere
3191 5587 3206 5640 ἐ

2441 5650 2572 5700 Vera
2591 5651 2770 5701 dehinc
2795 5650 3004 5703 animum
3025 5653 3281 5708 subierint.

2273 5738 2293 5780 ί
2324 5741 2526 5822 ᾼςιῑνω
2548 5743 2670 5798 vitae
2696 5747 3152 5822 opera,_quamvis
3181 5749 3518 5821 multiplic.a,
3540 5763 3800 5822 possunt

2201 5811 2268 5867 ad
2302 5815 2398 5868 tria
2429 5829 2627 5885 genera
2665 5811 2908 5874 revocari
2925 5811 2950 5874 ἐ
2980 5833 3211 5888 quorum
3253 5811 3482 5890 primum
3503 5811 3571 5878 ei.
3607 5840 3795 5896 opera
