4078 6332
495 287 602 346 959

497 491 803 549 solitudinis
830 501 1037 550 secreta
1068 496 1262 548 sectati
1288 499 1444 560 sunt,
1477 489 1704 547 inferior
1731 489 1803 545 sit
1840 487 2070 544 creden-

495 585 618 641 dus.
680 584 910 654 Quidam
968 585 1231 656 eligentes
1280 586 1654 656 aegrotantium
1710 596 1928 649 curam,
1983 578 2077 636 alii

498 677 943 734 intercessionem
972 693 1093 749 quas
1119 693 1217 748 pro
1254 678 1468 734 miseris
1489 687 1651 748 atque
1673 675 1950 747 oppressis
1973 673 2076 728 im-

501 769 772 838 penditur,
802 777 1193 841 exsequentes,‘
1226 779 1321 825 aut
1360 769 1622 826 doctrina:
1655 769 1940 832 instantes,
1983 773 2076 820 aut

497 864 900 934 eleemosynam
947 863 1276 934 pauperibus
1320 863 1635 935 largientes,
1681 862 1824 918 inter
1851 873 2076 931 magnos

497 969 562 1010 ac
590 969 832 1012 summos
857 956 1033 1026 viros,
1066 971 1164 1028 pro
1191 955 1389 1014 alfectu
1416 971 1518 1014 suo
1554 969 1620 1012 ac
1656 954 1854 1028 pietate
1893 955 2076 1025 vigue-

497 1055 645 1103 runt.

1107 1137 1336 1196 CAPUT
1392 1139 1458 1194 γ.

736 1230 816 1287 De
842 1231 1174 1303 professionis
1202 1243 1419 1302 arreptte
1443 1232 1841 1301 perseverantia.

567 1324 912 1396 Quapropter
944 1326 1045 1380 hoc
1083 1324 1370 1395 unicuique
1392 1324 1523 1380 utile
1548 1333 1708 1394 atque
1744 1325 2074 1382 conveniens

495 1428 618 1484 est,
661 1427 720 1474 ut
781 1419 1077 1474 secundum
1128 1418 1461 1490 propositum
1507 1418 1653 1488 quod
1709 1419 1906 1490 elegit,
1963 1419 2079 1475 sive

497 1513 723 1582 gratiam
749 1528 910 1584 quam
938 1511 1180 1584 accepit,
1212 1527 1425 1568 summo
1465 1512 1644 1568 studio
1691 1528 1755 1569 ac
1801 1513 2076 1585 diligentia

496 1605 564 1660 ad
595 1606 775 1675 operis
803 1606 1003 1676 arrepti
1031 1604 1418 1675 perfectionem
1446 1608 1733 1677 pervenire
1753 1606 2001 1672 festinet;
2023 1615 2080 1663 et

495 1699 726 1754 aliorum
753 1698 971 1769 quidem
999 1697 1223 1756 laudans
1253 1698 1636 1769 admiransque
1663 1699 1911 1766 virtutes,
1930 1709 1956 1736 ι
1980 1714 2078 1756 ne-

495 1806 764 1861 quaquam
794 1806 826 1846 a
855 1805 955 1846 sua
982 1807 1139 1862 quam
1164 1792 1332 1848 semel
1358 1792 1520 1862 elegit
1539 1792 1881 1863 professione
1903 1791 2078 1849 disce-
2106 1791 2155 1853 Β

495 1883 610 1949 dat,
630 1884 830 1952 sciens,
850 1883 1144 1940 secundum
1160 1884 1499 1954 Apostolum,
1522 1900 1689 1940 unum
1712 1884 1928 1956 quidem
1956 1899 2078 1942 esse

495 1988 696 2044 corpus
727 1975 982 2032 Ecclesiae
1001 2017 1018 2045 ,
1048 1977 1216 2032 multa
1243 1985 1422 2033 autem
1455 1977 1693 2034 membra
1717 2023 1731 2047 ,
1778 1986 1834 2034 et
1877 1976 2078 2034 habere

498 2080 617 2121 eam
646 2066 967 2125 donationes
995 2069 1289 2126 secundum
1318 2071 1548 2141 gratiam
1597 2086 1718 2140 quae
1765 2071 1923 2126 nobis
1952 2071 2078 2128 data

498 2167 584 2212 est
603 2157 938 2224 differentes,
970 2161 1085 2217 sive
1117 2163 1453 2232 prophetiam
1480 2161 1779 2219 secundum
1808 2161 2077 2218 rationem

498 2246 660 2317 fidei,
694 2249 809 2304 sive
853 2249 1212 2306 ministerium
1269 2251 1324 2307 in
1380 2251 1756 2320 ministrando,
1817 2253 1935 2307 sive
1985 2252 2078 2322 qui

493 2337 656 2394 docet
681 2340 736 2394 in
764 2338 1044 2408 doctrina,
1099 2343 1214 2398 sive
1255 2344 1350 2414 qui
1399 2345 1722 2401 exhortatur
1775 2345 1830 2400 in
1875 2344 2077 2402 exhor-

495 2432 660 2488 tando
683 2472 699 2498 ,
729 2432 820 2503 qui
845 2433 1032 2490 tribuit
1061 2436 1114 2490 in
1140 2434 1523 2506 simplicitate,
1551 2439 1640 2508 qui
1665 2444 1862 2507 prmest
1883 2436 1937 2492 in
1966 2437 2079 2493 sol-

494 2524 805 2593 licitudine,
839 2529 930 2596 qui
976 2527 1260 2584 miseretur
1307 2529 1363 2584 in
1402 2529 1676 2585 hilaritate
1706 2529 1897 2601 (Rom.
1929 2545 2008 2585 xtt
2031 2530 2074 2601 ).

495 2619 605 2675 Nec
631 2621 774 2676 enim
799 2621 909 2677 ulla
928 2621 1169 2678 membra
1184 2622 1414 2679 aliorum
1435 2623 1537 2679 sibi
1561 2627 1928 2679 membrorum
1955 2638 2078 2692 pos-

495 2723 620 2767 sunt
653 2715 951 2770 ministeria
979 2716 1287 2785 vindicare,
1315 2717 1438 2788 quia
1467 2733 1568 2773 nec
1596 2717 1740 2773 oculi
1774 2733 2033 2773 manuum
2057 2757 2074 2784 ,

496 2821 596 2862 nec
627 2821 783 2863 nares
829 2808 1042 2864 aurium
1090 2817 1313 2864 utuntur
1355 2809 1536 2866 ofﬁcio
1567 2829 1580 2864 :
1613 2818 1670 2866 et
1710 2811 1915 2867 idcirco
1966 2827 2076 2866 non

498 2912 686 2954 omnes
737 2901 1000 2971 apostoli,
1049 2918 1157 2958 non
1187 2917 1378 2959 omnes
1409 2905 1690 2974 propheta:
1712 2949 1726 2975 ,
1753 2919 1860 2960 non
1886 2918 2078 2960 omnes

498 2989 782 3058 doctores,
810 3009 919 3048 non
960 3008 1150 3050 omnes
1195 2995 1400 3066 gratias
1443 2995 1645 3052 habent
1689 2996 2032 3051 curationum
2056 3035 2074 3063 ,

500 3098 610 3139 non
643 3099 836 3142 omnes
863 3085 1060 3158 linguis
1087 3087 1414 3157 loquuntur,
1455 3102 1562 3144 non
1591 3101 1785 3144 omnes
1812 3089 2079 3158 interpre-

499 3184 704 3234 tantur.

1550 283 1828 343 JOANNIS
1865 278 2178 340 CASSIANI
2215 280 2708 350 COLLATIONES.

496 398 568 456 ita
597 399 739 472 apud
767 400 1146 458 Alexandriam
1192 399 1424 472 praefuit,
1453 406 1514 456 ut
1559 397 1698 454 nulli
1742 411 1930 454 eorum
1979 397 2071 467 qui
2094 399 2151 461 Α

3654 283 3764 343 κο

2776 394 3005 453 CAPUT
3040 396 3110 452 Vl

2585 508 2664 565 De
2690 507 3010 578 infirmorum
3035 507 3339 564 mobilitate.

2245 644 2436 702 Solent
2459 644 2603 700 enim
2645 643 2700 700 hi
2752 643 2845 716 qui
2892 643 3125 700 necdum
3157 651 3286 699 sunt
3309 643 3400 700 illa
3425 659 3585 716 quam
3619 647 3762 704 arri-

2182 744 2414 806 puerunt
2438 734 2774 807 professione
2801 735 3030 802 fundati,
3055 750 3180 792 cum
3200 736 3472 792 audierint
3495 738 3767 809 quosdam

2167 827 2229 911 .in
2259 827 2496 884 diversis
2514 830 2704 885 studiis
2724 844 2790 884 ac
2811 830 3107 886 virtutibus
3127 829 3444 901 praedicari,
3472 830 3547 887 ita
3573 847 3768 889 eorum

2175 921 2335 978 laude
2357 922 2647 989 succendi,
2682 930 2742 977 ut
2784 922 2986 978 imitari
3035 937 3221 979 eorum
3255 923 3499 995 protinus
3529 925 3769 994 gestiant

2174 1013 2538 1086 disciplinam,
2566 1014 2620 1070 in
2641 1029 2750 1084 quo
2770 1014 2956 1070 irritos
2982 1029 3294 1071 necessario
3316 1015 3581 1086 impendit
3599 1031 3768 1072 cona-

2177 1116 2262 1161 tus
2283 1106 2516 1161 humana
2538 1105 2818 1176 fragilitas.
2851 1105 3191 1176 lmpossibile
3219 1121 3451 1178 namque
3477 1115 3565 1164 est
3597 1123 3767 1163 unum

2175 1197 2531 1269 eamdemque
2559 1198 2832 1254 hominem
2859 1196 3020 1253 simul
3049 1197 3313 1254 universis
3344 1214 3477 1270 quas
3512 1199 3767 1270 superius

2176 1292 2581 1363 comprehendi,
2601 1292 2809 1362 fulgere
2829 1292 3122 1348 virtutibus
3139 1291 3190 1347 ι’.
3214 1292 3358 1360 Quas
3375 1292 3423 1349 si
3438 1293 3561 1365 quis
3577 1295 3765 1351 volue-

2178 1383 2249 1439 rit
2277 1386 2483 1454 pariter
2505 1384 2762 1441 affectare
2780 1428 2796 1452 ,
2831 1385 2886 1440 in
2915 1383 2971 1440 id
2993 1399 3118 1440 cum
3141 1385 3380 1441 incidere
3401 1400 3632 1443 necesse
3660 1397 3763 1455 est,

2177 1485 2236 1532 ut
2261 1477 2386 1532 dum
2418 1491 2609 1532 omnes
2629 1478 2909 1548 sequitur,
2937 1476 3141 1533 nullam
3173 1477 3433 1549 integram
3459 1492 3767 1550 consequa-

2175 1579 2305 1635 tur;
2380 1570 2657 1640 magisque
2712 1584 2782 1626 ex
2843 1571 2946 1626 hac
3003 1569 3302 1626 mutatione
3368 1584 3432 1626 ac
3495 1570 3768 1627 varietate

2177 1660 2519 1730 dispendium
2547 1663 2724 1732 capiat
2747 1675 2909 1732 quam
2933 1661 3258 1732 profectum.
3280 1661 3461 1718 Multis
3489 1663 3641 1718 enim
3666 1662 3768 1718 viis

2179 1757 2245 1810 ad
2279 1755 2446 1811 Deum
2478 1757 2713 1811 tenditur
2739 1797 2756 1824 ,
2787 1765 2842 1812 et
2869 1757 2991 1813 ideo
3030 1757 3394 1828 unusquisque
3424 1755 3577 1812 illam
3605 1772 3768 1827 quam

2179 1849 2352 1904 semel
2391 1849 2715 1918 arripuerit,
2753 1849 3092 1906 irrevocabili
3118 1863 3308 1905 cursus
3337 1849 3421 1905 sui
3461 1848 3768 1905 intentione

2177 1941 2460 2009 conficiat,
2501 1954 2562 2000 ut
2587 1944 2661 2000 sit
2688 1945 2742 2000 in
2765 1943 3009 2015 qualibet
3034 1943 3372 2016 professione
3397 1942 3698 2013 perfectus.

2779 2097 3008 2155 CAPUT
3047 2096 3157 2154 VII.

2250 2233 2559 2308 Exemplum
2599 2235 2853 2308 castitatis
2882 2249 2982 2304 quo
3027 2233 3239 2308 docetur
3266 2248 3370 2287 non
3400 2233 3579 2286 omnia
3631 2232 3698 2286 ab

2677 2303 2910 2361 omnibus
2947 2303 3263 2360 temulanda.

2246 2442 2465 2512 Absque
2494 2442 2586 2498 illo
2611 2441 2896 2513 dispendio
2923 2454 3031 2512 quo
3067 2438 3214 2495 feriri
3251 2438 3576 2494 monachum
3627 2437 3765 2495 dixi-

2179 2550 2321 2602 mus,
2343 2535 2437 2606 qui
2463 2533 2760 2591 mobilitate
2806 2532 3003 2588 mentis
3029 2530 3097 2585 ad
3123 2529 3304 2586 studia
3355 2527 3507 2599 cupit
3529 2529 3767 2584 transire

2177 2628 2615 2692 diversa,etiam
2664 2624 2790 2680 hinc
2831 2622 3127 2694 periculum
3176 2621 3370 2677 mortis
3419 2621 3721 2676 incurritur
3747 2661 3764 2686 ,

2177 2720 2320 2790 quod
2342 2731 2740 2787 nonnumquam
2761 2724 2909 2771 recte
2926 2713 3174 2785 quaedam
3197 2713 3267 2768 ab
3285 2712 3406 2768 aliis
3426 2719 3602 2782 gesta,
3627 2713 3768 2768 malo

2179 2811 2248 2865 ab
2276 2809 2403 2864 aliis
2431 2814 2830 2878 praesumuntur
2851 2805 3140 2875 exemplo;
3169 2815 3223 2860 et
3244 2819 3306 2860 ca
3334 2819 3456 2875 quat
3485 2804 3766 2861 nonnullis

2179 2903 2319 2958 bene
2362 2907 2659 2965 cesserant,
2692 2898 2994 2968 perniciosa
3017 2897 3086 2952 ab
3116 2896 3238 2952 aliis
3264 2898 3594 2952 sentiuntur.
3630 2895 3762 2950 Nam

2179 3003 2241 3051 ut
2261 2994 2514 3068 quiddam
2545 2992 2782 3062 exempli
2810 2991 2981 3062 gratia
3013 2989 3374 3060 proferamus,
3405 2989 3555 3045 velut
3572 2989 3624 3044 si
3645 2990 3764 3060 quis

2180 3089 2324 3146 illam
2355 3088 2456 3144 viri
2498 3086 2644 3143 illius
2684 3085 2884 3141 imitari
2926 3084 3181 3140 virtutem
3229 3084 3390 3150 velit,
3432 3098 3592 3153 quam
3626 3083 3767 3139 solet

2105 3174 2152 3238 C
2185 3194 2208 3224 ο
2239 3183 2406 3240 abbas
2441 3182 2698 3250 Joannes,
2729 3194 2839 3236 non
2869 3179 2937 3235 ad
2971 3177 3288 3234 imitationis
3316 3175 3639 3246 formulam,
3671 3178 3765 3234 sed

1569 3291 1825 3348 ALARDI
1857 3291 2091 3351 GAZIEI
2127 3291 2692 3351 COMMENTARIUS.

499 3386 606 3455 ipse
643 3385 846 3456 quidem
889 3402 952 3441 ea:
995 3386 1059 3440 iis
1104 3386 1312 3440 tandem
1354 3387 1590 3442 comedit.
1640 3386 1766 3442 Haec
1794 3385 1894 3441 ibi.
1935 3385 2082 3442 Idem

504 3456 663 3510 etiam
695 3455 819 3510 aliis
841 3457 1021 3511 verbis
1047 3457 1281 3514 refertur
1311 3459 1363 3512 in
1398 3457 1532 3512 Vitis
1564 3459 1805 3513 Patrum.

576 3533 603 3562 ι
643 3526 814 3581 Locus
842 3527 1088 3597 egregius
1139 3529 1207 3583 de
1251 3530 1477 3584 transitu
1504 3529 1572 3583 ab
1599 3545 1698 3582 una
1732 3527 1994 3599 religione
2015 3528 2082 3582 ad

508 3596 702 3670 aliam,
722 3606 776 3651 et
804 3596 1102 3654 stabilitate
1130 3599 1258 3666 loci,
1291 3614 1450 3669 quam
1479 3599 1748 3662 monachi,
1779 3596 2082 3670 praesertim

502 3667 860 3732 Benedictini,
895 3685 962 3724 ex
1014 3672 1257 3725 instituto
1299 3667 1410 3726 sua:
1439 3670 1658 3740 Regula:
1687 3667 1836 3740 (Cap.
1867 3670 1956 3739 10)
1985 3686 2082 3726 ex-

507 3752 691 3809 presse
719 3740 1075 3805 proﬁtentur:
1133 3741 1202 3794 de
1230 3756 1333 3809 qua
1380 3741 1497 3796 Div.
1543 3742 1845 3797 Bernartius
1872 3740 1966 3794 lib.
2017 3742 2087 3795 de

504 3806 779 3875 Praecepto
796 3820 850 3862 et
863 3806 1274 3878 Dispensatione
1289 3812 1404 3866 haec
1423 3814 1564 3866 inter
1578 3813 1682 3865 alia
1706 3811 1920 3866 scribit:
1938 3811 2087 3866 Prte-

505 3877 695 3952 scribat
722 3877 1015 3952 stabilitatis
1037 3891 1237 3950 pactum
1261 3881 1279 3949 (
1301 3883 1336 3936 i.
1365 3898 1415 3935 e.
1449 3884 1663 3949 votum)
1690 3881 1828 3934 omni
1849 3882 2085 3952 deinceps

505 3949 1034 4024 remissadescensui,
1066 3954 1379 4024 contentiosa
1406 3952 1674 4013 discessui,
1726 3968 1854 4024 vago
1905 3961 1952 4005 et
1998 3949 2086 4024 cu-

509 4017 647 4070 rioso
677 4017 956 4087 discursui,
995 4024 1148 4076 totius
1193 4023 1409 4092 denique
1448 4017 1811 4077 inconstantia?
1852 4023 2084 4086 levitati;

509 4101 611 4140 non
648 4097 814 4163 tamen
837 4092 916 4146 his
942 4108 1055 4161 qua:
1074 4093 1125 4145 in
1147 4093 1476 4163 professionis
1499 4095 1629 4147 serie
1645 4103 1946 4160 sequuntur,
1977 4108 2087 4163 ma-

509 4173 623 4231 r_um
651 4158 882 4216 videlicet
906 4158 1216 4217 conversioni
1242 4158 1292 4217 et
1318 4164 1642 4227 obedientiat,
1674 4158 1789 4231 qua:
1807 4162 2086 4216 secundum

511 4227 760 4298 Regulam
781 4232 873 4298 ﬁt;
895 4250 1013 4304 nam
1038 4235 1082 4287 si
1105 4233 1215 4288 hwc
1236 4234 1445 4304 ibidem,
1469 4250 1561 4304 pro
1583 4227 2086 4304 improbitatenimi-

507 4315 620 4351 rum
645 4311 798 4374 atque
824 4303 1212 4374 irreligiositate
1245 4302 1673 4361 cohabitantium.
1710 4302 1925 4374 obtineri
1957 4306 2088 4372 forte

509 4372 844 4435 nequiverint.
870 4372 996 4428 duce
1015 4376 1202 4442 spiritu
1218 4376 1486 4440 libertatis,
1511 4375 1727 4427 transire
1743 4373 2086 4426 indubitanter

508 4441 700 4514 suadeo
730 4446 797 4497 ad
824 4445 994 4498 locum
1014 4441 1193 4512 alium,
1218 4447 1306 4501 ubi
1327 4463 1427 4500 non
1452 4445 1759 4514 impediatur
1791 4443 1946 4498 homo
1970 4444 2086 4498 red-

511 4511 630 4585 dere
648 4512 766 4585 Deo
789 4524 904 4569 vota
921 4532 1034 4576 sua,
1062 4511 1537 4585 qute’distinxerunt
1559 4516 1696 4570 labia
1711 4531 1827 4585 sua.
1862 4513 2004 4569 Sane
2021 4515 2086 4568 de

508 4580 761 4653 religiosis
784 4601 846 4639 ac
868 4587 992 4640 bene
1011 4580 1256 4642 ordinatis
1285 4587 1600 4642 monasteriis
1626 4584 1801 4640 nullus
1801 4585 2084 4709 (professo-

508 4668 642 4709 rum.
683 4671 794 4709 meo
815 4657 1052 4709 consilio.
1081 4674 1143 4709 ne
1172 4659 1404 4709 arctioris
1429 4658 1632 4709 auidem
1658 4658 1774 4709 vita
1839 4658 2076 4709 esiderio.

506 4668 642 4728 rum,
662 4671 794 4728 _meo
815 4657 1053 4728 consilio,
1081 4674 1143 4711 ne
1172 4659 1404 4712 arctioris
1429 4658 1632 4728 quidem
1658 4658 1774 4728 vitta
1801 4657 2076 4723 desiderio,

506 4722 612 4797 sive
652 4725 859 4780 licentia
898 4728 981 4781 sui
1023 4722 1236 4782 senioris
1289 4729 1349 4796 (i.
1398 4722 1452 4783 εξ
1495 4727 1726 4796 praelati)
1772 4722 2076 4797 egredietur.

509 4790 759 4867 Egressus
788 4805 953 4850 tamen
990 4800 1035 4852 si
1064 4799 1248 4852 melius
1297 4790 1542 4852 invenerit
1595 4806 1643 4852 et
1699 4790 1924 4867 elegerit,
1968 4814 2081 4853 meo

507 4863 843 4938 nihilominus
865 4869 977 4938 jam
1010 4866 1225 4922 consilio
1269 4884 1368 4922 non
1411 4869 1728 4938 regrediatur
1770 4863 1837 4920 ad
1865 4869 2082 4937 inferius

508 4933 701 4987 bonum
727 4933 1182 5009 quod'reliquerat
1221 4947 1271 4992 et
1298 4933 1668 5008 conteriipserat
1708 4954 1814 5009 pra:
1842 4933 2082 5004 meliori;

507 5006 788 5082 praesertim
807 5007 858 5082 si
878 5006 1013 5061 illud
1035 5011 1215 5082 melius
1235 5009 1353 5082 qtale
1381 5006 1556 5082 fuerit,
1584 5006 1719 5082 quod
1747 5011 1861 5079 ejus
1902 5011 2084 5082 prima:

508 5075 818 5149 professioni
859 5094 1136 5149 congruere
1161 5075 1412 5134 videatur.
1445 5080 1511 5134 Et
1538 5075 1696 5149 paulo
1736 5075 1859 5148 post
1881 5075 2081 5134 {Forte

505 5146 615 5217 vult
649 5145 838 5217 aliquis
866 5149 930 5203 de
959 5145 1379 5206 Cluniacensibus
1416 5145 1660 5206 institutis
1687 5145 1755 5205 ad
1781 5150 2081 5205 Cistercienq-

505 5215 640 5269 siam
667 5215 775 5272 sese
801 5219 1050 5294 stringere
1077 5231 1446 5294 paupertatem,
1461 5221 1651 5288 eligens
1679 5237 1787 5290 prae
1805 5221 1911 5275 illis
1930 5218 2084 5294 nimi;

506 5301 620 5340 rum
670 5291 1115 5366 consuetudinibus
1143 5291 1306 5366 magis
1339 5293 1566 5366 Κερκίῳ-
1591 5295 1861 5366 puritatem
1875 5335 1902 5366 ,Α
1920 5291 1981 5348 Si
2008 5309 2086 5346 me

507 5359 749 5425 consulit,
781 5376 885 5414 non
910 5365 1141 5425 consula.
1170 5359 1340 5417 sinon
1366 5359 1488 5418 sane
1512 5363 1566 5417 id
1588 5359 1784 5418 abbatis
1819 5363 1903 5415 sui
1930 5380 2083 5417 usur-

506 5431 642 5507 parit
661 5447 894 5486 assensu.
927 5433 1301 5507 Quamobrem?
1325 5433 1504 5507 Primo
1535 5443 1740 5504 propter
1778 5434 2081 5507 scandalum

507 5503 758 5574 ipsorum,
789 5519 915 5571 quos
941 5503 1156 5558 deserat.
1200 5503 1398 5574 Deinde
1449 5503 1569 5574 quia
1611 5513 1748 5559 certa
1776 5521 1868 5574 pro
1917 5505 2084 5560 dubiis

508 5571 796 5640 relinquere
839 5583 1002 5628 tutum
1027 5591 1130 5631 non
1171 5584 1264 5630 est.
1300 5571 1547 5630 Forsitan
1595 5577 1726 5629 enim
1772 5571 1868 5629 hoc
1916 5586 2082 5631 tenere

510 5650 693 5710 potest,
717 5643 979 5716 illudrnon
1003 5647 1205 5716 poterit.
1230 5646 1406 5702 Tertio
1429 5655 1716 5713 suspectam
1739 5648 1898 5702 habeo
1944 5647 2070 5701 levi-

512 5720 693 5790 tatem,
722 5730 826 5783 qua
851 5714 907 5768 id
935 5714 1088 5790 stepe,
1124 5717 1462 5790 quodfacere
1502 5720 1734 5772 volumus
1759 5760 1774 5786 ,
1797 5727 2069 5790 antequam

515 5787 810 5855 probemus,
840 5787 1034 5856 experti
1064 5787 1171 5855 iam
1195 5787 1454 5859 nolumus,
1487 5806 1587 5846 uno
1609 5806 1767 5862 prope
1813 5787 2067 5846 momento

2183 3386 2410 3458 idipsum
2437 3396 2485 3440 et
2508 3385 2808 3458 cupientes
2833 3390 2884 3436 et
2923 3391 3216 3458 respuentes
3245 3392 3349 3437 tam
3397 3383 3572 3458 leviter
3615 3399 3767 3453 quant

2185 3455 2634 3512 irrationabiliter.
2672 3455 2863 3521 Quales
2885 3456 3057 3522 utique
3095 3471 3197 3508 non
3242 3470 3437 3525 paucos
3484 3457 3768 3523 frequenter

2187 3529 2492 3599 experimur,
2521 3527 2608 3596 qui
2641 3542 2744 3599 una
2775 3525 2871 3599 vix,
2891 3525 3019 3599 liora
3049 3527 3104 3599 in
3125 3541 3232 3599 una
3267 3526 3526 3599 voluntate
3573 3526 3768 3599 duran-

2188 3595 2281 3662 tei,
2305 3615 2437 3652 aura
2463 3595 2680 3652 levitatis
2707 3596 2936 3666 impulsi,
2961 3597 3079 3664 vagi
3104 3605 3153 3649 et
3175 3595 3434 3650 instabiles
3456 3597 3550 3648 hac
3572 3606 3623 3648 et
3647 3595 3770 3648 illac

2184 3668 2320 3722 velut
2345 3670 2493 3732 ebrii,
2547 3675 2748 3731 nutant,
2793 3675 3082 3740 mutantque
3123 3681 3218 3736 pro
3262 3667 3769 3740 experimentojadi-

2185 3740 2354 3801 cium;
2379 3741 2533 3793 immo
2579 3740 2688 3791 sine
2723 3737 2926 3806 judicio
2951 3739 3257 3807 ﬂuctuantes
3278 3745 3326 3790 et
3357 3737 3726 3791 tumultuantes
3749 3777 3764 3804 ,

2187 3818 2259 3862 tot
2285 3810 2348 3865 de
2377 3826 2429 3863 se
2452 3809 2668 3863 consilia
2685 3819 3022 3876 prtesumunt,
3053 3816 3175 3877 quot
3203 3808 3317 3862 loca
3338 3808 3598 3872 revisunt;
3629 3825 3763 3862 sem-

2184 3895 2274 3949 per
2300 3881 2439 3950 quod
2469 3896 2573 3933 non
2595 3879 2804 3950 habent.
2835 3878 3116 3950 cupientes,
3144 3886 3192 3950 et
3218 3878 3357 3950 quod
3379 3879 3585 3950 habent,
3617 3879 3767 3950 fasti-

2185 3948 2398 4004 dientes.
2444 3950 2567 4003 Hrcc
2610 3951 2720 4004 div.
2768 3948 3091 4003 Bernartlus.
3137 3948 3241 4003 Sed
3281 3949 3348 4002 de
3396 3949 3498 4004 hoc
3539 3949 3767 4004 transitu

2186 4020 2337 4090 plura
2355 4022 2398 4074 si
2420 4021 2719 4082 desideras,
2739 4019 2825 4073 adi
2844 4019 2903 4090 S.
2926 4018 3436 4090 Thomant(2-2,7q.
3455 4019 3579 4084 £89,
3605 4037 3659 4074 a.
3684 4021 3763 4090 8).

2258 4089 2284 4128 δ
2323 4091 2404 4145 0b
2432 4091 2570 4145 hanc
2598 4105 2816 4145 causam
2843 4089 3137 4144 Cassianus
3175 4089 3271 4143 lib.
3301 4105 3334 4142 v
3361 4089 3762 4145 lnstitntionutn

2185 4175 2304 4230 cap.
2333 4162 2368 4216 4
2394 4178 2460 4216 ex
2488 4163 2760 4216 sententia
2780 4160 2844 4214 B.
2867 4161 3095 4232 Antonii
3116 4159 3276 4215 docet
3300 4163 3648 4232 monachum,
3676 4163 3765 4232 qui

2184 4229 2309 4300 post
2335 4232 2640 4288 emnobiale
2663 4231 2995 4300 pr0positum
3033 4230 3106 4300 (i.
3135 4244 3186 4300 e.
3220 4229 3614 4300 professionem
3653 4229 3766 4286 nio—

2185 4299 2446 4359 nasticam
2468 4303 2554 4358 vel
2581 4299 2997 4370 cmnohiticam)
3029 4299 3238 4370 fastigia
3275 4301 3462 4354 nititur
3482 4302 3765 4356 sublimio-

2184 4373 2258 4428 ris
2284 4373 2632 4444 perfectionis
2661 4373 2945 4444 attingere,
2975 4382 3135 4444 atque
3163 4371 3229 4424 ad
3251 4385 3433 4425 arcam
3460 4372 3763 4444 anachore-

2184 4441 2308 4499 seos
2346 4445 2645 4513 pervenire,
2670 4460 2778 4499 non
2802 4441 2998 4497 debere
3024 4441 3094 4496 ab
3118 4456 3247 4508 uno,
3270 4443 3513 4512 quamvis
3527 4457 3759 4510 summo,

2184 4517 2433 4572 universa
2481 4531 2678 4585 genera
2728 4515 2984 4585 virtutum
3037 4523 3337 4581 expetere:
3378 4513 3524 4585 Alius
3585 4515 3759 4579 enim,

2187 4586 2390 4656 inquit,
2456 4583 2703 4656 scientiae
2739 4583 2952 4656 ﬂoribus
3009 4592 3327 4648 exornatur,
3379 4583 3512 4656 alter
3566 4584 3762 4656 discre-

2183 4655 2340 4713 tionis
2385 4661 2581 4710 ratione
2626 4655 2878 4709 robustius
2920 4656 3284 4722 communitur,
3331 4655 3461 4708 alter
3507 4655 3763 4722 patientia

2183 4730 2434 4800 gravitate
2468 4727 2803 4800 fundaturp
2829 4726 2961 4778 alius
3012 4723 3350 4800 humilitatis,
3383 4725 3554 4800 Aulius
3592 4728 3760 4779 conti-

2183 4795 2368 4855 nentiae
2427 4799 2613 4852 virtute
2668 4798 2978 4867 praefertur;
3033 4795 3205 4867 alius
3236 4795 3580 4867 simplicitatis
3640 4813 3761 4867 gra-

2181 4871 2254 4924 tia
2305 4872 2596 4924 decoratur.
2647 4866 2754 4921 Hic
2777 4865 3267 4932 magnanimitatis,
3325 4866 3413 4921 ille
3473 4865 3759 4921 misericor-

2185 4941 2304 5006 diae,
2355 4941 2447 4993 iste
2489 4940 2808 5008 vigiliarum,
2861 4936 2946 4988 Itic
2993 4937 3386 5008 tgciturnitatt’s,
3437 4937 3528 4992 ille
3571 4939 3760 4992 laboris

2182 5004 2355 5064 studio
2381 5004 2589 5063 crateras
2615 5010 2972 5073 supereminet.
3001 5004 3070 5059 Et
3098 5008 3293 5061 idcirco
3314 5009 3620 5063 monachum
3650 5010 3759 5073 spi-

2184 5083 2359 5135 ritalia
2380 5077 2533 5133 mella
2559 5077 2776 5132 condere
2813 5078 3116 5144 cupientem,
3163 5079 3301 5132 velut
3345 5095 3495 5147 apem
3532 5077 3762 5150 prudeno

2185 5152 2470 5219 tissimam,
2501 5150 2678 5204 debere
2711 5164 3120 5219 unamquamque
3165 5150 3399 5203 virtutem
3435 5151 3498 5202 ab
3534 5148 3623 5203 bis
3670 5150 3758 5219 qui

2186 5237 2301 5277 eam
2326 5218 2637 5292 familiarius
2674 5220 2931 5292 possident
2963 5218 3238 5292 deflorare,
3271 5230 3321 5275 et
3347 5221 3401 5274 in
3428 5220 3511 5275 sui
3538 5218 3755 5292 pectoris

2185 5308 2302 5346 vase
2326 5289 2601 5361 diligenter
2627 5290 2921 5363 recondere,
2954 5305 3048 5342 nec
3081 5290 3206 5358 quid
3236 5293 3405 5345 minus
3443 5289 3628 5363 aliquis
3665 5291 3756 5343 ha-

2185 5363 2320 5429 beat,
2361 5360 2646 5427 discutere;
2673 5360 2762 5415 sed
2791 5361 2886 5412 hoc
2928 5369 3127 5414 tantum
3169 5363 3296 5430 quid
3321 5360 3752 5423 virtutis’ltabeat,

2184 5433 2542 5504 contemplari,
2571 5430 2890 5501 studioseque
2913 5431 3199 5504 decerpere.
3223 5431 3448 5504 Cunctas
3476 5448 3694 5503 namque
3712 5434 3756 5486 si

2181 5507 2246 5559 ab
2274 5503 2391 5559 uno
2410 5505 2644 5558 volumus
2671 5504 2930 5566 mutuari,
2968 5511 3057 5555 aut
3086 5503 3292 5573 difficile
3322 5513 3409 5558 aut
3449 5513 3582 5559 certe
3607 5519 3757 5556 num-

2180 5593 2330 5646 quam
2374 5576 2560 5630 idonea
2598 5574 2665 5627 ad
2708 5574 3016 5627 imitandum
3059 5579 3203 5629 nobis
3243 5575 3474 5645 exempla
3519 5584 3756 5647 poterunt

2173 5657 2340 5702 reneri
2347 5657 2389 5700 ri
2396 5685 2409 5700 .
2975 5657 2981 5664 ’
3331 5685 3334 5690 -

2230 5665 2518 5788 ξεᾝὲίιιιο
2540 5731 2699 5786 supra
2722 5715 2874 5786 (Cap.
2905 5715 2964 5787 6)
2989 5733 3002 5770 :
3033 5717 3080 5771 si
3105 5717 3248 5772 enim
3278 5685 3442 5774 alium
3480 5715 3747 5788 intellige-

2174 5800 2278 5858 ret,
2313 5797 2461 5861 puto,
2491 5788 2670 5860 aliqua
2699 5796 2823 5844 nota
2849 5788 3299 5845 discriminasset.
