4078 6332
323 311 421 372 961

1216 300 1554 361 COLLATIO
1590 298 1731 358 XIV.
1760 325 1835 342 ι·-
1859 297 1949 355 DE
1986 294 2327 355 SPlRlTALl
2364 294 2703 354 SCIENTIA.

3488 301 3596 360 962

323 424 697 487 tantummodo
724 437 829 496 pro
860 417 1218 476 admiratione
1242 416 1506 489 proferre.
1529 415 1662 471 Nam
1694 413 1911 485 quidam
1938 420 1997 480 Α
2018 421 2244 478 taretur,
2298 411 2390 467 ille
2416 410 2717 468 reverentia
2767 415 2877 465 tam
2931 409 3185 468 sollicitat
3233 411 3595 483 inquisitionis

323 523 547 581 veniens
578 519 649 575 ad
677 517 993 589 praedictum
1034 527 1221 569 senem
1252 511 1438 567 habitu
1484 509 1754 572 simulari,
1782 522 1905 562 cum

324 614 375 670 ei
395 610 656 683 quasdam
679 608 892 678 frugum
917 619 1135 661 suarum
1158 602 1425 674 primitias
1444 601 1745 669 detulisset,
1768 598 1908 655 fero-

322 705 543 761 cissimo
573 699 857 773 quemdam
894 698 1165 754 daemonio
1200 702 1473 765 arreptum
1523 693 1723 749 ibidem
1755 706 1910 761 repe-

330 799 419 854 rit.
452 795 556 863 Qui
586 810 709 851 cum
731 791 942 848 abbatis
964 789 1188 847 Joannis
1209 788 1596 845 obtestationes
1616 801 1680 842 ac
1706 799 1907 858 prace-

328 899 418 961 pta
476 886 811 957 despiciens,
864 890 1155 939 testaretur
1206 893 1267 935 se
1317 892 1608 949 numquam
1654 876 1720 931 ad
1765 875 1908 931 illius

332 980 616 1052 imperium
636 978 705 1034 de
731 991 980 1045 corpore,
1012 972 1156 1045 quod
1176 973 1486 1037 obsederat,
1508 972 1859 1041 migraturum
1888 1008 1905 1035 ,

330 1076 491 1144 hujus
515 1073 751 1129 adventu
781 1068 1131 1141 perterritus,
1177 1080 1299 1122 cum
1346 1063 1787 1121 reverentissima
1813 1076 1912 1117 no-

324 1170 483 1226 minis
528 1167 673 1223 illius
711 1163 1091 1221 inclamatione
1119 1159 1397 1216 discessit.
1441 1156 1614 1227 Cujus
1644 1166 1751 1211 tam
1799 1155 1910 1211 evi-

325 1263 546 1318 dentem
572 1268 600 1297 ι
627 1258 853 1328 gratiam
884 1269 1052 1317 senex
1082 1266 1189 1308 non
1216 1250 1565 1307 mediocriter
1589 1248 1907 1315 admiratus,

324 1366 498 1419 eoque
518 1347 753 1417 amplius
780 1347 1172 1415 obstupescens
1192 1340 1335 1413 quod
1366 1355 1488 1397 eum
1513 1338 1758 1395 saeculari
1785 1352 1908 1393 cer-

324 1450 480 1498 neret
505 1440 718 1507 habitu,
750 1438 919 1509 cmpit
942 1436 1012 1492 ab
1041 1450 1110 1491 eo
1150 1435 1274 1490 vita:
1303 1448 1367 1489 ac
1398 1431 1752 1503 professionis
1792 1429 1911 1501 ejus

325 1532 571 1589 ordinem
604 1531 893 1601 diligenter
942 1528 1236 1599 inquirere.
1295 1524 1537 1597 Cumque
1566 1525 1657 1580 ille
1684 1524 1909 1579 saecula-

248 1622 251 1625 ’
324 1641 439 1682 rem
468 1640 531 1681 se
550 1633 714 1695 atque
734 1622 926 1678 uxorio
946 1621 1166 1677 vinculo
1185 1619 1481 1690 obligatum
1510 1632 1634 1674 esse
1658 1615 1907 1682 dixisset,

326 1719 515 1775 beatus
540 1716 779 1772 Joannes
804 1712 1183 1770 excellentiam
1226 1711 1441 1766 virtutis
1493 1710 1611 1780 ejus
1644 1718 1700 1764 et
1723 1707 1909 1779 gratiae

2008 505 2290 571 astrictus,
2320 517 2541 559 uxorem
2570 517 2630 559 se
2673 510 2955 573 parentum
2984 504 3035 558 vi
3062 505 3397 576 imperioque
3443 520 3593 561 com-

2007 596 2241 667 pulsum,
2272 610 2393 650 cum
2426 596 2667 665 prollteri
2697 594 3023 651 monachum
3044 597 3230 663 vellet,
3263 606 3388 654 ante
3420 599 3593 654 unde-

2008 687 2113 742 cim
2156 700 2328 741 annos
2377 685 2654 757 accepisse
2706 686 2989 742 confessus
3013 696 3127 756 est,
3157 704 3349 760 quam,
3382 693 3597 747 nemine

2007 778 2170 833 etiam
2216 794 2359 833 nunc
2404 780 2645 846 conscio,
2695 787 2718 816 °
2751 781 2959 835 sororis
2988 780 3110 835 loco
3147 796 3178 836 a
3224 797 3284 837 se
3334 783 3595 853 virginem

2008 868 2269 924 custodiri
2328 869 2647 925 testabatur.
2716 870 2873 936 Quod
2931 871 3129 927 factum
3180 888 3303 928 cum
3359 876 3597 931 audisset

2009 977 2197 1026 senex.
2222 970 2368 1016 tanta
2392 971 2473 1017 est
2493 962 2855 1019 admiratione
2878 975 3171 1033 permotus,
3196 975 3254 1021 ut
3274 982 3455 1023 coram
3477 970 3595 1039 ipso

2010 1054 2222 1125 publice
2272 1053 2674 1123 proclamaret:
2704 1053 2823 1108 Non
2869 1054 3141 1112 immerito
3168 1056 3474 1115 daemonem
3504 1062 3596 1131 qui

2009 1160 2069 1201 se
2091 1147 2429 1215 despexerat,
2457 1146 2601 1201 illius
2629 1160 2734 1201 non
2760 1146 3029 1203 tolerasse
3052 1151 3418 1219 praesentiam,
3439 1153 3595 1222 cujus

2011 1244 2127 1313 ipse
2156 1245 2413 1301 virtutem
2440 1260 2547 1300 non
2574 1246 2749 1301 solum
2771 1246 2825 1300 in
2846 1246 3146 1317 juventutis
3166 1251 3385 1319 ardore,
3407 1255 3501 1308 sed
3530 1270 3598 1310 ne

2012 1350 2154 1391 nunc
2173 1336 2391 1407 quidem
2415 1338 2537 1392 sine
2558 1336 2876 1393 discrimine
2902 1341 3164 1396 castitatis
3192 1343 3416 1400 auderet
3436 1360 3598 1414 appe-

2011 1439 2145 1484 tere.
2175 1430 2330 1495 Ouod
2361 1430 2556 1486 factum
2588 1430 2755 1486 abbas
2784 1431 3022 1488 Joannes
3044 1434 3175 1491 licet
3198 1452 3405 1492 summa
3428 1440 3598 1494 admi-

2010 1522 2218 1575 ratione
2246 1521 2549 1591 praetulerit
2570 1519 2756 1593 [Lips.
2780 1522 2835 1575 in
2858 1539 3023 1596 marg.
3052 1526 3395 1601 protulerit],
3417 1537 3595 1585 tamen

2014 1612 2283 1669 neminem
2314 1615 2730 1680 monachorum,
2757 1622 2815 1668 ut
2837 1617 3198 1685 experiretur,
3226 1620 3467 1675 hortatus
3488 1632 3593 1688 est,

2011 1708 2189 1760 sciens
2216 1706 2383 1760 multa
2414 1716 2562 1761 recte
2591 1705 2660 1761 ab
2689 1708 2809 1761 aliis
2833 1716 3009 1776 gesta,
3040 1725 3287 1781 magnam
3331 1714 3452 1769 aliis
3481 1716 3599 1770 imi-

328 1820 508 1867 mente
555 1818 919 1881 pertractans,
949 1822 1198 1879 quaenam
1252 1806 1331 1862 illi
1376 1815 1524 1861 esset
1568 1804 1911 1860 conversatio
1939 1803 1988 1864 B
2015 1803 2253 1858 tantibus
2269 1803 2515 1858 intulisse
2538 1802 2854 1873 perniciem,
2878 1819 2978 1860 nec
2995 1808 3241 1876 usurpari
3266 1808 3332 1863 ab
3350 1808 3600 1865 omnibus

326 1902 584 1959 attentius
614 1900 969 1971 explorabat;
992 1898 1021 1937 ιι
1045 1898 1136 1954 ille
1150 1913 1211 1954 se
1235 1897 1494 1953 rusticum
1521 1903 1578 1952 et
1593 1896 1909 1967 quotidiano

328 2012 582 2053 manuum
609 2009 778 2065 opere
804 1996 1005 2049 victum
1032 2006 1298 2062 quaerere,
1326 2005 1426 2046 nec
1454 1990 1616 2045 ullius
1636 1989 1766 2045 boni
1790 2004 1911 2045 esse

327 2104 385 2144 se
413 2088 696 2144 conscium
733 2087 1055 2151 testabatur,
1112 2084 1216 2139 nisi
1263 2083 1411 2155 quod
1467 2098 1757 2154 numquam
1785 2094 1911 2139 ante

327 2178 392 2233 ad
432 2177 578 2233 ruris
607 2191 770 2247 opera
816 2190 973 2230 mane
1024 2173 1323 2230 exercenda
1369 2174 1708 2245 procederet,
1738 2190 1913 2244 neque

329 2284 555 2339 vespere
582 2268 804 2323 domum
850 2276 1239 2332 reverteretur,
1295 2267 1399 2321 nisi
1446 2268 1499 2321 in
1551 2267 1787 2324 Ecclesia
1814 2283 1913 2339 pro

330 2360 653 2430 quotidianae
685 2360 813 2415 vitae
835 2365 1141 2414 commeatu
1165 2358 1408 2429 largitori
1437 2358 1555 2428 ejus
1578 2360 1688 2414 Deo
1717 2361 1913 2430 gratias

331 2453 628 2518 retulisset,
659 2466 837 2521 neque
866 2467 928 2506 se
955 2466 1211 2520 umquam
1255 2450 1325 2506 de
1352 2450 1616 2507 fructibus
1665 2453 1777 2508 suis
1818 2453 1915 2507 ali-

330 2544 456 2615 quid
490 2542 817 2614 usurpasse,
856 2543 957 2598 nisi
1008 2544 1155 2614 prius
1187 2543 1297 2599 Deo
1324 2544 1590 2613 primitias
1617 2559 1805 2600 eorum
1852 2561 1916 2601 ac

333 2636 575 2691 decimas
609 2637 914 2701 obtulisset,
970 2643 1025 2689 et
1069 2650 1357 2706 numquam
1386 2651 1445 2692 se
1474 2636 1638 2692 boves
1665 2652 1793 2693 suos
1821 2653 1917 2709 per

337 2729 531 2786 alienae
579 2730 777 2785 messis
830 2728 1136 2785 traduxisse
1185 2730 1475 2785 confinium
1503 2773 1518 2800 ,
1575 2731 1678 2787 nisi
1728 2746 1914 2787 eorum

336 2823 484 2893 prius
505 2838 601 2877 ora
633 2822 937 2888 clausisset,
966 2837 1035 2877 ne
1065 2820 1150 2877 vel
1199 2836 1387 2893 parum
1430 2822 1611 2879 damni
1640 2840 1737 2894 per
1765 2826 1919 2881 incu-

336 2916 470 2970 riam
499 2915 618 2983 ejus
645 2916 923 2985 proximus
947 2913 1259 2970 sustineret.
1300 2914 1368 2969 Et
1395 2928 1517 2969 cum
1548 2914 1665 2971 haec
1703 2932 1918 2987 quoque

337 3007 514 3063 abbati
539 3006 757 3075 Joanni,
794 3007 1020 3063 necdum
1046 3007 1114 3061 ad
1135 3007 1593 3077 comparationem
1616 3017 1777 3065 tanta:
1797 3008 1921 3081 graé

340 3102 446 3167 tiae,
474 3115 579 3171 qua
604 3115 727 3156 eum
759 3099 1040 3170 praelatum
1088 3098 1192 3154 sibi
1224 3113 1345 3155 esse
1396 3100 1672 3168 cernebat,
1720 3102 1912 3157 idonea

2014 1911 2195 1967 posse,
2225 1896 2368 1968 quod
2391 1897 2575 1969 paucis
2602 1897 2865 1953 Dominus
2892 1899 3115 1968 speciali
3145 1916 3370 1958 munere
3407 1912 3601 1958 contu-

2014 1988 2186 2044 lisset.

2597 2101 2825 2160 CAPUT
2864 2103 3000 2160 Vill.

2514 2214 2594 2269 De
2618 2216 2847 2287 spiritali
2868 2219 3097 2273 scientia.

2088 2368 2195 2424 Sed
2224 2368 2289 2423 ad
2315 2370 2709 2441 expositionem
2740 2372 2983 2427 scientiae
3008 2372 3076 2429 de
3098 2388 3200 2443 qua
3225 2382 3497 2441 sumptum
3522 2384 3606 2431 est

2017 2461 2285 2517 sermonis
2314 2461 2595 2517 exordium
2640 2474 2999 2518 revertamur.
3030 2464 3235 2534 Itaque,
3278 2467 3417 2521 sicut
3443 2481 3605 2537 supe-

2016 2554 2134 2608 rius
2168 2544 2425 2621 diximus,
2483 2557 2720 2625 practice
2762 2572 2891 2627 erga
2922 2559 3120 2613 multas
3154 2560 3519 2629 professiones
3545 2577 3608 2616 ac

2016 2648 2189 2701 studia
2220 2647 2516 2703 derivatur.
2549 2645 2577 2685 ἀ
2605 2648 2928 2705 Theoretice
2950 2666 3079 2705 vero
3110 2652 3163 2705 in
3193 2652 3329 2707 duas
3352 2654 3607 2708 dividitur

2016 2748 2218 2808 partes,
2268 2738 2321 2793 id
2366 2747 2471 2804 est,
2506 2742 2559 2794 in
2606 2740 2917 2795 historicam
2968 2742 3473 2811 interpretationem
3500 2785 3515 2809 ,
3552 2753 3609 2799 et

2018 2830 2430 2900 intelligentiam
2458 2830 2783 2900 spiritalem.
2820 2833 2973 2889 Unde
2995 2835 3163 2889 etiam
3192 2836 3445 2890 Salomon
3483 2853 3603 2890 cum

2019 2920 2279 2976 Ecclesia:
2302 2921 2692 2977 multiformem
2716 2923 2943 2993 gratiam
2963 2937 3361 2995 enumerasset,
3383 2928 3604 2997 adjecit:

2024 3024 2047 3051 θ
2080 3013 2269 3069 Omnes
2299 3016 2432 3069 cnim
2457 3016 2544 3086 qui
2571 3017 2714 3085 apud
2754 3033 2867 3071 eam
2914 3029 3054 3084 sunt,
3094 3020 3262 3073 vestiti
3291 3030 3411 3074 sunt
3436 3022 3611 3090 dupli-

2022 3105 2145 3159 citer
2175 3103 2357 3176 (Prov.
2385 3105 2564 3177 xxxi).
2601 3106 2621 3144 ί
2652 3106 2924 3177 Spiritalis
2948 3118 3129 3164 autem
3154 3110 3395 3166 scientiae
3416 3128 3611 3181 genera

340 3191 682 3258 viderentur,
732 3200 893 3261 atque
919 3190 990 3245 ab
1039 3205 1107 3246 eo
1151 3190 1405 3261 quidnam
1433 3200 1577 3248 esset
1609 3194 1739 3249 illud
1778 3196 1918 3265 quod
1950 3177 1997 3243 (ἶ
2027 3207 2171 3265 sunt,
2204 3200 2523 3269 tropologia,
2575 3202 2863 3272 allegoria,
2916 3216 3186 3274 anagoge;
3220 3202 3289 3259 de
3318 3177 3513 3274 quibus
3559 3206 3611 3259 in

342 3294 504 3342 tantas
527 3287 717 3356 gratias
747 3286 952 3341 meritis
975 3283 1211 3341 conferri
1233 3295 1437 3354 posset,
1464 3286 1748 3343 sciscitans
1772 3306 1921 3344 scru-

2028 3290 2338 3347 Proverbiis
2367 3293 2439 3348 ita
2469 3292 2688 3359 dicitur,
2713 3302 2738 3341 8
2772 3293 2850 3348 Tu
2872 3304 3041 3349 autem
3064 3295 3291 3351 describe
3317 3298 3408 3351 tibi
3440 3315 3498 3353 ea
3521 3300 3614 3351 tri-

1415 3399 1674 3456 ALARDI
1711 3400 1945 3458 ΟΑΖᾸΞΙ
1979 3402 2545 3460 COMMENTARIUS.

415 3529 442 3558 ιι
479 3517 615 3575 Vide
644 3528 839 3590 quanta
865 3520 936 3576 sit
962 3519 1132 3576 virtus
1162 3529 1217 3574 et
1243 3517 1411 3588 gratia
1431 3517 1694 3590 castitatis
1717 3526 1770 3572 et
1790 3532 1922 3573 con-

341 3592 581 3662 liuentia:
606 3588 918 3661 virginalis:
948 3595 1129 3662 (quam
1160 3590 1321 3662 etiam
1377 3590 1431 3643 in
1472 3588 1611 3643 laico
1640 3597 1698 3644 et
1722 3590 1922 3645 rustico

341 3660 562 3717 homine
592 3660 734 3717 ferre
758 3663 970 3718 daemon
989 3660 1108 3718 'non
1159 3661 1352 3729 potuit.

412 3732 439 3771 ι)
483 3734 695 3802 Insigne
715 3743 771 3788 et
796 3749 978 3788 rarum
1028 3728 1241 3803 pietatis
1269 3730 1572 3803 exemplum
1620 3728 1675 3803 in
1704 3728 1925 3803 homine

342 3803 571 3859 rustico.
597 3799 812 3859 Similia
851 3799 1326 3860 narrat'Palladius
1369 3801 1424 3856 in
1468 3800 1583 3855 Vita
1637 3799 1925 3871 Paphnutii

341 3875 573 3929 abbatis.
614 3874 682 3931 Et
708 3875 776 3930 de
803 3874 863 3931 S.
918 3876 1158 3931 Antonio
1195 3872 1375 3927 simile
1426 3872 1697 3942 quippiam
1756 3872 1926 3927 refert

343 3957 534 3999 auctor
556 3960 858 4017 anonymus
902 3945 958 4001 in
1006 3946 1138 4001 Vitis
1174 3944 1394 3999 Patrum
1446 3943 1543 3998 lib.
1592 3957 1666 3997 vu
1712 3945 1927 4013 εει).ιῦ

344 4031 499 4071 novae
526 4016 802 4071 editionis.

418 4098 454 4168 C_
484 4086 599 4141 Hoc
624 4087 874 4156 exemplo
903 4091 1101 4168 docent
1120 4084 1308 4168 Patres
1338 4086 1501 4141 licere
1520 4085 1818 4168 conjugatis
1861 4100 1928 4140 ex

345 4166 535 4212 mutuo
593 4172 864 4213 consensu
909 4165 1294 4212 continentiam
1351 4172 1549 4212 vovere
1594 4165 1649 4212 ει
1689 4171 1928 4211 servare.

344 4228 518 4298 Cujus
554 4230 637 4284 rei
666 4238 841 4285 exstat
884 4229 1022 4297 apud
1065 4227 1360 4281 Palladium
1410 4228 1585 4282 simile
1624 4229 1929 4297 exemplum

346 4300 637 4354 Ammonis
668 4299 935 4363 monachi,
961 4298 1195 4368 quicum
1238 4299 1437 4352 invitus
1477 4313 1699 4352 uxorem
1746 4298 1932 4351 duxis-

344 4378 451 4435 set,
476 4371 665 4424 decem
695 4378 751 4425 et
777 4378 898 4425 octo
929 4382 1100 4423 annos
1129 4370 1176 4423 ei
1207 4368 1550 4433 cohabitans,
1579 4368 1783 4423 sororis
1812 4368 1932 4422 loco

346 4456 467 4494 eam
502 4438 728 4505 habuit;
760 4452 813 4495 et
839 4456 898 4495 se
922 4442 1123 4509 puriter
1163 4454 1227 4493 ac
1275 4440 1419 4493 illam
1462 4439 1727 4505 virginem
1759 4449 1932 4509 custo-

347 4512 506 4568 divit.
551 4512 704 4578 Quod
741 4508 997 4576 quantum
1032 4510 1141 4564 Deo
1166 4510 1447 4579 placuerit,
1496 4509 1622 4563 inde
1649 4508 1933 4563 manifeste

347 4581 607 4643 innotuit,
636 4582 778 4650 quod
820 4582 938 4651 ejus
964 4583 1196 4634 animum
1244 4582 1306 4635 S.
1357 4579 1624 4651 Antonius
1652 4582 1702 4632 in
1735 4580 1931 4633 caelum

348 4654 421 4706 ab
445 4654 651 4718 angelis
674 4650 869 4706 deferri
899 4667 1019 4705 cum
1042 4667 1250 4705 summa
1272 4652 1439 4719 gloria
1465 4650 1678 4715 viderit,
1705 4651 1936 4703 utrel’ert

347 4722 686 4778 Athanasius
716 4726 769 4777 in
794 4723 912 4776 Vita
934 4722 994 4777 S.
1012 4720 1253 4776 Antonii.
1280 4721 1523 4775 Alterum
1550 4721 1735 4775 itidem
1758 4720 1935 4774 simile

348 4795 492 4861 apud
518 4793 1233 4863 Gregoriumr'l‘nronensem
1263 4792 1329 4847 de
1353 4792 1532 4847 Glaria
1561 4792 1932 4845 confessorum

348 4880 473 4932 cap.
519 4864 610 4929 52,
638 4862 729 4918 ubi
779 4862 963 4928 refert,
992 4862 1133 4931 quod
1165 4877 1286 4916 cum
1317 4879 1381 4918 ex
1429 4863 1639 4917 duobus
1684 4862 1929 4930 conjugi-

350 4936 478 5001 bus',
508 4936 599 5001 qui
623 4944 935 5003 perpetuam
961 4934 1347 4987 continentiam
1376 4949 1443 4987 ex
1464 4948 1729 4988 consensu
1753 4946 1935 4986 serva-

349 5014 570 5071 verant,
605 5007 769 5059 altera
798 5016 1006 5059 mortua
1036 5016 1202 5071 esset,
1233 5004 1369 5058 alter
1394 5006 1445 5057 in
1473 5005 1588 5058 haec
1616 5006 1776 5057 verba
1806 5018 1933 5072 pro-

350 5074 776 5143 rttpitzGratias
827 5075 916 5128 tibi
962 5092 1080 5145 ago,
1130 5074 1446 5141 omnipotens
1494 5072 1759 5145 Conditor,
1802 5074 1939 5145 quod

349 5147 494 5199 hanc
520 5146 769 5218 puellam,
798 5150 924 5199 sicut
955 5146 1215 5199 tradidisti
1256 5145 1382 5218 milii
1428 5144 1754 5218 impollutam
1787 5144 1933 5218 etab

350 5218 499 5270 omni
522 5214 799 5285 coluptatis
819 5220 1049 5285 contagio
1094 5217 1397 5287 puramyita
1423 5216 1507 5287 tibi
1553 5216 1800 5287 restituo;
1829 5214 1939 5287 illa

350 5303 499 5351 vero,
530 5283 728 5341 etiamsi
754 5283 1126 5349 mortua—esset,
1151 5285 1418 5340 subridens
1438 5286 1507 5339 ait
1525 5300 1543 5338 :
1560 5284 1693 5350 Sile,
1719 5285 1791 5336 vir
1818 5283 1935 5350 Dei,

350 5359 479 5428 quia
509 5373 613 5410 non
644 5369 714 5411 est
748 5373 943 5411 necesse
970 5357 1203 5428 praloqui
1222 5367 1471 5420 nostrum,
1502 5358 1697 5410 neruine
1721 5356 1939 5407 interro-

388 5437 533 5489 ante,
566 5441 833 5482 secretum.

350 5446 533 5501 gante,
566 5446 833 5482 secretum.

431 5497 458 5533 ά
484 5498 864 5565 Theoreticeu,
889 5500 1004 5553 sive
1026 5498 1319 5552 theoricam
1344 5498 1643 5563 scientiam,
1664 5496 1835 5549 refert
1857 5494 1943 5549 hic

350 5569 527 5625 abbas
555 5571 895 5638 potissimum
924 5570 988 5624 ad
1018 5569 1373 5638 cognitionem
1402 5583 1494 5623 seu
1536 5565 1941 5635 intelligentiam

353 5649 423 5695 et
446 5640 947 5710 interpretationem
993 5655 1265 5695 sacrarum
1314 5640 1709 5705 Scripturarum
1737 5678 1752 5710 ,
1784 5651 1942 5704 quam

352 5712 521 5766 docet
540 5709 679 5767 "esse
700 5712 1001 5780 duplicem,
1046 5726 1237 5779 nempe
1268 5710 1572 5763 historicam
1600 5711 1712 5761 sive
1745 5709 1947 5780 littera-

2024 3520 2227 3590 gentia,
2256 3520 2372 3592 sive
2402 3519 2794 3592 interpretatio,
2832 3528 2914 3575 est
2945 3535 3101 3589 quam
3124 3521 3287 3576 verba
3320 3523 3612 3592 Scriptum

2023 3592 2200 3662 primo
2220 3590 2602 3662 etrimmediate
2635 3606 2744 3662 pra:
2765 3608 2824 3645 se
2851 3593 3059 3662 ferunt;
3090 3593 3310 3662 mystica
3342 3590 3467 3648 vero
3493 3610 3613 3662 qua:

2023 3661 2132 3733 alio
2155 3661 2554 3733 respicitquam
2585 3661 2650 3715 ad
2680 3662 2732 3716 id
2759 3661 2898 3729 quod
2926 3662 3085 3733 verba
3114 3661 3419 3733 immediate
3444 3661 3613 3733 signi-

2025 3732 2209 3785 ficant.
2258 3730 2323 3785 Et
2367 3730 2465 3785 hos
2512 3730 2647 3785 duos
2694 3745 2890 3786 sensus
2936 3731 3097 3787 docet
3144 3732 3205 3786 D.
3257 3730 3615 3791 l‘lieronvmus

2026 3801 2353 3871 signiticatos
2382 3815 2503 3856 esse
2535 3816 2629 3871 per
2667 3802 2859 3857 librum
2890 3805 3147 3871 scriptum
3189 3804 3331 3858 intus
3370 3816 3428 3859 et
3455 3801 3611 3861 foris.

2028 3872 2231 3997 liaechl.
2260 3888 2301 3997 :1
2329 3880 2383 3926 et
2409 3872 2578 3941 Apoc.
2605 3889 2657 3927 v.
2702 3872 2836 3928 Vide
2865 3872 3048 3928 collat.
3096 3874 3129 3928 8
3161 3888 3279 3943 cap.
3312 3876 3377 3940 5,
3410 3886 3466 3931 et
3493 3891 3615 3946 quas

2028 3960 2043 3997 ι
2086 3960 2101 3997 ι
2129 3958 2198 3997 no
2223 3958 2253 3997 a
2282 3958 2330 3996 a.

2027 3944 2101 3998 ibi
2129 3954 2330 3998 nntata.

2104 4024 2127 4052 ο
2172 4014 2354 4085 Variat
2398 4013 2645 4068 nonnihil
2674 4028 2703 4067 a
2744 4011 2950 4071 (ἔπραξε
2977 4015 3252 4070 codicibus
3280 4056 3293 4079 ,
3326 4015 3377 4069 in
3424 4017 3618 4085 quibus

2030 4099 2171 4163 nunc
2200 4086 2267 4163 ita
2298 4084 2492 4163 legitur
2524 4103 2538 4163 :_
2569 4087 2752 4163 Πάντες
2771 4088 2878 4163 ’γὰρ
2908 4087 2959 4163 οξ
2980 4089 3105 4163 παρ’
3137 4088 3262 4163 αὐτῇ
3300 4084 3617 4163 ἔνδεδίυμὲνοι

2031 4159 2148 4211 εἰσὶ.
2185 4159 2382 4219 Δίσσας
2413 4157 2628 4229 χλαίνας
2668 4156 2993 4230 iit-aliaat.“
3025 4156 3135 4221 est,
3166 4156 3337 4211 omnes
3364 4160 3450 4230 qui
3468 4156 3619 4230 apud

2030 4243 2143 4280 eam
2176 4237 2333 4290 sunt,
2373 4227 2537 4281 vestiti
2579 4239 2721 4282 sunt.
2756 4227 3015 4297 ,Duplices
3058 4236 3218 4282 uestes
3263 4230 3377 4295 fecit
3430 4227 3613 4297 (Prov.

2031 4300 2201 4369 xxxi).
2256 4298 2479 4369 Videtur
2521 4309 2703 4353 autem
2735 4296 3025 4354 Cassianus
3070 4300 3262 4369 legisse
3291 4298 3488 4359 δίσσως
3519 4316 3618 4368 pro

2032 4367 2239 4433 δὶσσας,
2272 4368 2323 4423 id
2348 4381 2450 4434 est,
2484 4370 2758 4433 dupliciter
2790 4385 2884 4438 pro
2914 4367 3164 4438 duplices.
3195 4369 3363 4424 Porro
3394 4367 3617 4439 Vulgata

2032 4445 2210 4494 versio
2240 4439 2445 4509 habet:
2482 4438 2669 4492 Omnes
2699 4442 2834 4491 enim
2872 4441 3136 4493 domestici
3170 4442 3280 4509 ejus
3314 4442 3475 4494 vestiti
3500 4450 3620 4495 sunt

2033 4511 2343 4579 duplicibus.
2390 4506 2556 4576 Cujus
2594 4511 2875 4581 sententia“:
2920 4510 2984 4563 Ι).
3039 4506 3397 4581 llieronymus
3457 4512 3617 4566 aliam

2033 4581 2191 4634 affert
2212 4582 2707 4647 interpretationem
2731 4579 2798 4633 ab
2818 4593 2880 4632 ea
2900 4594 3019 4648 quas
3040 4579 3127 4634 hic
3149 4579 3374 4635 traditur
3392 4581 3619 4635 multum

2033 4650 2334 4713 diVersam;
2362 4664 2456 4716 per
2480 4649 2759 4703 mulierem
2781 4650 2926 4704 illam
2957 4649 3180 4718 fortem,
3201 4651 3497 4707 Ecclesiam
3527 4667 3619 4705 ca—

2035 4720 2289 4775 tholicam
2319 4720 2644 4788 intelligens.

2114 4790 2133 4827 (
2179 4791 2315 4845 Aliis
2348 4791 2529 4844 verbis
2560 4790 2756 4859 triplex
2782 4790 3177 4858 Scripturarum
3208 4805 3398 4846 sensus
3429 4792 3621 4860 mysti-

2038 4876 2134 4916 cus
2164 4877 2192 4914 a
2219 4860 2483 4930 theologis
2510 4861 2769 4929 assignari
2797 4862 2966 4926 solet,
2996 4861 3316 4929 allegoricus
3337 4902 3350 4922 ,
3380 4864 3622 4929 tropolo-

2035 4934 2222 4999 gicus,
2273 4934 2595 5000 anagogicus
2658 4933 2752 4988 lS.
2801 4930 3029 4985 Thom.t
3072 4940 3208 4995 part.
3255 4948 3307 5000 q.
3336 4934 3395 4996 i;
3440 4934 3621 4986 Sixtus

2039 5004 2231 5058 Senen.
2264 5001 2354 5056 lib.
2387 5017 2443 5055 tn
2478 5000 2762 5065 Biblioth.;
2803 5002 2998 5056 Betlar.
3031 5000 3121 5055 lib.
3148 5019 3202 5057 ιιι
3234 5004 3297 5056 de
3334 5001 3492 5056 Verbo
3522 5001 3623 5056 Dei

2039 5090 2154 5142 cap.
2191 5074 2271 5142 '5).
2298 5073 2630 5140 Allegoricus
2655 5073 2851 5127 dicitur
2880 5073 2972 5143 qui
3000 5073 3063 5126 ad
3094 5073 3366 5143 Cbrismm
3400 5074 3485 5127 vel
3520 5074 3625 5127 Ec-

2038 5143 2260 5198 clesiam
2291 5154 2530 5213 spectat;
2584 5144 2942 5213 tropologicus
2971 5144 3061 5211 qui
3090 5142 3157 5196 ad
3185 5158 3383 5208 mores,
3418 5158 3619 5211 anagn—

2037 5215 2190 5285 gicus
2237 5216 2326 5283 qui
2374 5214 2441 5267 ad
2472 5215 2703 5268 futuram
2750 5215 2911 5268 vitam
2956 5226 3049 5285 seu
3096 5213 3391 5285 Ecclesiam
3435 5214 3624 5268 trium-

2043 5284 2319 5355 phantem.
2393 5285 2467 5337 Ita
2514 5294 2742 5353 quatuor
2794 5286 2847 5355 in
2918 5284 3223 5355 universum
3282 5284 3622 5354 assignantur

2044 5353 2239 5481 sepsus
2259 5355 2573 5423 Scripturae,
2603 5355 2672 5409 de
2705 5354 2899 5424 quibus
2926 5353 3177 5423 vulgares
3206 5353 3420 5409 exstant
3445 5355 3627 5410 versi-

2044 5441 2149 5481 cut
2184 5442 2199 5479 :

2043 5441 2149 5481 Cllll
2184 5442 2199 5479 ε

2168 5516 2358 5581 Littera
2381 5525 2520 5581 gesta
2537 5517 2703 5579 docet,
2723 5517 2838 5580 quid
2860 5517 3033 5567 credas
3056 5517 3310 5581 allegoria,

2170 5580 2363 5630 Muralis
2383 5580 2498 5643 quid
2522 5593 2655 5642 agas,
2678 5593 2775 5643 quo
2808 5580 2981 5630 lendas
3002 5581 3255 5643 anagogia.

2122 5715 2146 5753 8
2170 5706 2356 5776 Magna
2384 5707 2690 5776 versionum
2712 5708 2939 5760 varietas
2960 5706 3098 5761 circa
3127 5705 3264 5760 hanc
3284 5702 3621 5776 sententiam.

352 5780 492 5852 lem,
524 5791 581 5839 et
610 5773 892 5852 tnySticam
922 5773 1035 5837 sive
1062 5773 1413 5837 soiritualem.
1463 5781 1723 5833 llistorica
1752 5777 1950 5833 intelli-
2048 5773 2279 5832 Vuluata
2304 5778 2481 5830 versio
2507 5793 2521 5827 :
2560 5774 2687 5829 Ecce
2718 5778 2966 5832 descripsi
3005 5778 3095 5830 tibi
3135 5794 3249 5831 eam
3288 5773 3628 5835 tripliciterin
