4078 6332
1519 299 1801 365 ιοΑΝΝιδ
1837 299 2149 366 CASSIANI
2183 298 2684 363 COLLATIONES.

3618 317 3725 376 961

451 427 675 500 pum",
728 438 888 494 ευμεν
936 419 1265 476 latitudinem
1305 417 1478 472 cordis
1525 417 1600 471 tui
1650 413 1837 489 (Prov.
1881 414 2038 491 uti).
2066 423 2118 482 Α
2143 419 2192 471 si
2218 416 2466 471 volumus
2488 416 2767 472 conﬂuunt
2788 455 2806 484 ,
2832 425 2892 472 ut
2913 415 2946 457 δ
2972 431 3079 474 una
3111 428 3269 491 atque
3296 423 3483 480 eadem
3508 425 3729 484 Jerusa-

453 520 640 589 itaque
671 515 894 572 historia
922 511 1324 584 praeteritarum
1364 525 1428 565 ac
1458 509 1754 564 visibilium
1804 509 2040 579 agnitio-

463 627 589 668 nem
621 609 998 680 complectitur
1025 619 1204 660 rerum
1233 619 1353 671 quas
1380 601 1450 657 ita
1477 602 1546 656 ab
1571 601 1830 672 Apostnlo
1877 600 2044 670 repli-

453 715 610 759 catur
640 720 655 755 :
689 712 716 740 ι
747 699 1012 769 Scriptum
1030 704 1106 752 est
1123 696 1294 759 enim,
1318 695 1439 767 quia
1463 693 1725 748 Abraham
1751 692 1880 747 duos
1902 692 2043 763 ﬁlios

457 795 668 859 habuit,
701 807 861 845 unum
890 787 956 842 de
982 785 1194 854 ancilla,
1223 795 1271 841 et
1311 785 1473 840 alium
1496 784 1560 838 de
1601 783 1796 848 libera;
1827 785 1915 837 sed
1951 782 2043 854 qui

455 889 519 941 de
538 883 752 944 ant-illa,
789 880 1071 937 secundum
1099 893 1307 932 carnem
1336 883 1489 931 natus
1528 885 1638 942 est;
1665 876 1754 946 qui
1779 882 1948 928 autent
1977 874 2044 928 de

455 981 636 1044 libera,
671 993 761 1048 per
788 972 1237 1046 npromissioum
1262 967 1466 1042 (Gattit.
1489 969 1591 1038 tv).
1615 967 1698 1023 Ad
1727 965 2041 1036 allegoriam

454 1085 633 1131 autem
666 1072 944 1144 pertinent
959 1082 1078 1140 quae
1102 1074 1422 1138 sequuntur,
1449 1065 1575 1134 quia
1593 1077 1656 1118 ea
1677 1076 1795 1132 qua:
1824 1062 1875 1115 in
1897 1060 2042 1116 veri-

454 1178 566 1224 tate
594 1175 747 1238 gesta
777 1171 925 1229 sunt,
974 1161 1202 1216 alterius
1247 1156 1572 1213 sacramenti
1603 1156 1828 1210 iormam
1859 1150 2042 1223 praeli-

453 1275 680 1334 gurasse
706 1258 992 1313 dicuntur:
1022 1253 1152 1309 Haec
1179 1253 1337 1319 enim,
1373 1251 1568 1319 inquit,
1597 1257 1718 1302 sunt
1759 1247 1863 1302 duo
1888 1253 2043 1301 testa-

453 1362 665 1407 menta:
691 1364 850 1402 unum
877 1345 1083 1418 quidem
1129 1343 1194 1396 de
1233 1351 1402 1396 monte
1451 1339 1602 1406 Sina,
1641 1339 1696 1393 in
1751 1337 2044 1392 servitutem

455 1460 724 1518 generatis,
753 1442 889 1513 quod
919 1437 1101 1516 (Lips.
1129 1439 1185 1491 in
1217 1451 1384 1508 marg.
1408 1430 1570 1506 quae]
1596 1443 1669 1490 est
1696 1433 1834 1505 Agar
1860 1446 1881 1487 :
1911 1430 2044 1488 Sina

456 1539 592 1594 enim
618 1551 764 1590 mons
786 1544 859 1588 est
891 1533 948 1586 in
992 1530 1206 1596 Arabia,
1252 1533 1340 1600 qui
1369 1535 1697 1598 comparatur
1742 1526 1860 1580 huic
1883 1567 1898 1590 ,
1927 1537 2045 1596 quo

459 1645 593 1685 nunc
617 1635 690 1684 est
716 1623 1032 1690 Jerusalem,
1065 1631 1114 1678 et
1134 1622 1286 1677 seruit
1311 1634 1430 1675 cum
1454 1618 1581 1690 filiis
1625 1618 1749 1673 suis.
1791 1621 2043 1688 Anagoge

458 1737 588 1780 vero
618 1722 687 1777 de
709 1718 1047 1791 spiritalibus
1068 1714 1341 1788 mysteriis
1370 1713 1435 1769 ad
1464 1712 1774 1772 sublimiora
1797 1711 2040 1780 quadam

2141 509 2308 566 salem
2338 509 2720 580 quadrifariam
2747 512 2919 581 possit
2945 513 3169 584 intelligi
3193 529 3206 567 :
3232 519 3528 573 secundum
3553 520 3729 575 histo-

2141 602 2276 660 riam
2303 602 2494 658 civitas
2525 601 3158 671 Judaeurum,secundum
3186 608 3497 678 allegoriam
3531 611 3728 668 Eccle-

2141 696 2222 750 sia
2249 694 2444 750 Christi
2469 737 2484 764 ,
2517 696 2815 752 secundum
2855 711 3128 770 anagogen
3156 702 3345 757 civitas
3373 703 3466 759 Dei
3495 705 3582 759 illa
3615 720 3730 762 cte-

2141 785 2296 843 iestis
2321 801 2442 857 quin
2470 797 2556 844 est
2597 798 2769 844 mater
2807 792 3046 846 omnium
3091 801 3379 862 nostrum;
3425 799 3727 854 secundum

2141 880 2496 949 tropologiam
2525 881 2700 935 anima
2731 880 2988 950 hominis,
3015 897 3138 954 qute
3163 883 3474 956 frequenter
3495 891 3597 944 hoc
3629 905 3728 945 no-

2144 969 2291 1025 mine
2320 979 2411 1025 aut
2431 971 2760 1041 increpatur,
2791 983 2883 1028 aut
2911 974 3160 1030 laudatur
3185 993 3216 1030 a
3245 977 3492 1034 Domino.
3538 981 3614 1037 De
3644 981 3728 1037 bis

2139 1071 2370 1132 quatuor
2416 1062 2918 1132 interpretationum
2978 1066 3268 1136 generibus
3314 1068 3608 1139 Apostolus
3652 1071 3728 1125 ita

2141 1154 2276 1210 dicit
2305 1173 2317 1208 :
2351 1154 2403 1209 Ν
2408 1169 2508 1210 unc
2542 1166 2714 1212 autem
2735 1200 2748 1223 ,
2787 1157 3005 1229 fratres,
3041 1160 3087 1214 si
3111 1175 3295 1215 reuere
3323 1161 3392 1215 ad
3419 1177 3506 1217 eos
3537 1165 3732 1234 linguis

2141 1249 2350 1322 loquens
2376 1290 2389 1313 ,
2419 1251 2546 1320 quid
2566 1252 2706 1305 vobis
2733 1253 2950 1316 prodere
2974 1294 2988 1316 ,
3019 1254 3118 1307 nisi
3140 1254 3279 1308 vobis
3307 1255 3518 1322 loquar,
3561 1267 3652 1310 aut
3677 1259 3732 1311 in

2139 1341 2450 1395 reuelatione
2471 1382 2485 1405 ,
2534 1351 2622 1395 aut
2653 1343 2707 1395 in
2728 1343 2942 1397 scientia
2965 1383 2980 1408 ,
3022 1353 3113 1396 aut
3140 1345 3192 1397 in
3218 1347 3485 1415 prophetia
3510 1386 3525 1409 ,
3557 1357 3649 1400 aut
3678 1348 3733 1402 in

2141 1429 2378 1485 doctrina
2405 1429 2475 1501 (li
2495 1429 2618 1486 Cor.
2648 1433 2807 1501 xxv)?
2853 1442 2876 1473 α
2933 1434 3212 1489 Βενειιιιίο
3239 1448 3473 1505 namque
3500 1437 3566 1491 ad
3598 1438 3736 1490 alle-

2140 1525 2348 1594 goriam
2391 1525 2625 1594 pertinet
2649 1565 2666 1591 ,
2711 1539 2809 1596 per
2848 1541 3008 1594 quam
3049 1541 3112 1582 ea
3143 1543 3259 1597 qum
3299 1529 3425 1599 tegit
3471 1528 3732 1584 historica

2143 1617 2383 1670 narratio
2424 1617 2686 1685 spirituali
2729 1629 2888 1671 sensu
2920 1627 2972 1671 ot
3011 1619 3352 1687 expositione
3391 1629 3731 1686 reserantur,

2143 1715 2238 1776 ut,
2265 1707 2416 1763 verbi
2445 1709 2613 1778 gratia
2637 1746 2651 1774 ,
2695 1709 2737 1763 si
2770 1709 2898 1763 illud
2935 1714 3145 1778 aperire
3200 1717 3464 1766 tentemns
3487 1757 3502 1780 ,
3535 1723 3732 1780 quem-

459 1823 512 1870 ιι
538 1814 834 1870 sacratiora
862 1811 1124 1868 caelorum
1151 1814 1361 1863 secreta
1387 1803 1783 1870 conscendens,
1814 1805 1880 1859 ab
1904 1803 2041 1873 Apo-
2069 1813 2116 1876 Β
2143 1799 2434 1854 admodum
2474 1808 2644 1868 patres
2686 1801 2850 1853 nostri
2896 1816 3070 1856 omnes
3109 1803 3200 1855 sub
3237 1804 3369 1856 nube
3409 1805 3601 1872 fuerint
3629 1849 3642 1871 ,
3688 1811 3737 1856 et

459 1906 599 1961 stolo
628 1905 701 1960 ita
726 1904 1042 1974 subjicitur:
1067 1901 1195 1968 Quin
1219 1908 1387 1954 autem
1413 1914 1620 1953 sursum
1635 1905 1710 1953 est
1729 1897 2039 1963 Jerusalem,

461 1997 621 2051 libera
651 2005 748 2062 est,
770 2010 887 2066 quw
917 2001 990 2046 est
1030 2001 1192 2045 mater
1232 1998 1419 2044 nostra.
1471 1988 1733 2059 Scriptum
1768 1999 1839 2043 est
1867 1989 1998 2042 enim
2022 2003 2042 2042 :

459 2087 660 2142 Ltetare
688 2085 899 2152 sterilis,
929 2100 1044 2154 qua:
1066 2099 1169 2136 non
1198 2083 1371 2154 paris;
1399 2098 1604 2151 erumpe
1633 2092 1680 2135 et
1706 2080 1898 2148 clama,
1927 2096 2044 2150 qute

462 2199 562 2237 non
593 2181 856 2251 parturis;
883 2179 1001 2250 quia
1025 2176 1175 2230 multi
1205 2177 1305 2245 ﬁlii
1331 2177 1543 2232 deserta
1569 2175 1729 2246 magis
1747 2191 1902 2246 quam
1928 2179 2044 2246 ejus

458 2289 573 2342 quis
600 2272 749 2328 habet
775 2274 937 2326 uirum
983 2269 1189 2340 (Ibid).
1237 2268 1556 2339 Tropologia
1587 2278 1669 2324 est
1698 2269 1917 2324 moralis
1941 2284 2042 2324 ex-

461 2367 735 2438 planatio,
784 2364 850 2420 ad
888 2361 1320 2421 emendationem
1366 2361 1493 2416 vitae
1535 2368 1592 2415 et
1632 2360 2040 2416 instructionem

460 2458 739 2528 pertinens
767 2455 1032 2510 actualem
1053 2497 1068 2521 ,
1099 2452 1248 2508 velut
1278 2451 1328 2506 si
1355 2451 1473 2508 btec
1497 2451 1684 2507 eadem
1718 2451 1824 2507 duo
1854 2451 2047 2506 Testa-

460 2558 638 2604 menta
680 2547 1040 2617 intelligamus
1081 2544 1356 2615 practicen
1403 2553 1461 2599 et
1500 2544 1833 2600 theoreticen
1879 2544 2043 2599 disci-

460 2643 660 2712 plinam
682 2657 698 2706 ;
724 2639 808 2696 vel
834 2647 983 2695 certe
1005 2639 1052 2693 si
1075 2637 1375 2694 Jerusalem
1404 2643 1499 2691 aut
1523 2636 1652 2691 Sion
1679 2636 1910 2691 animam
1939 2635 2043 2690 ho-

460 2735 623 2790 minis
649 2733 876 2788 velimus
901 2731 1168 2800 accipere,
1201 2728 1495 2784 secundum
1526 2728 1679 2796 illud,
1711 2727 1923 2798 Lauda,
1953 2725 2043 2781 Je-

461 2827 704 2891 rusalem,
729 2825 1041 2889 Dominum;
1086 2821 1244 2877 lauda
1275 2820 1442 2876 Deum
1472 2830 1637 2888 tuum,
1663 2821 1792 2876 Sion
1815 2819 2044 2890 (Psalm.

461 2916 688 2978 cauti).
730 2915 896 2988 igitur
923 2914 1194 2986 praedicta:
1222 2923 1454 2985 quatuor
1482 2914 1666 2985 ﬁgurae
1694 2914 1747 2969 in
1774 2929 1941 2969 unum
1968 2914 2042 2968 ita

2144 1911 2319 1950 omnes
2345 1895 2404 1949 iu
2444 1894 2587 1950 Moss
2625 1894 2872 1965 baptisati
2907 1896 3012 1948 sint
3051 1895 3104 1949 in
3151 1897 3280 1949 nube
3318 1903 3364 1949 et
3402 1897 3457 1948 in
3497 1895 3654 1956 mari,
3687 1905 3737 1948 et

2143 1987 2598 2057 quemadmodum
2622 2001 2798 2044 omnes
2820 1988 3049 2044 eamdem
3078 2003 3244 2045 escam
3275 1987 3562 2061 spiritalem
3588 2003 3739 2043 nian-

2143 2083 2463 2150 ducaucrint,
2492 2092 2540 2136 et
2566 2083 2800 2136 eumdem
2829 2083 3112 2154 spiritalem
3141 2083 3206 2136 de
3231 2084 3558 2154 consequenti
3590 2093 3738 2151 petra

2147 2173 2358 2230 biberint
2390 2183 2601 2247 potum;
2647 2183 2795 2242 petra
2821 2184 2990 2227 autem
3016 2182 3123 2226 erat
3149 2171 3384 2228 Christus
3423 2173 3469 2245 (l
3493 2172 3616 2227 Cor.
3642 2172 3734 2240 x);

2147 2281 2269 2337 quas
2297 2268 2566 2336 expositio
2610 2265 3028 2336 praeiigurationi
3077 2266 3322 2336 corporis
3360 2275 3414 2320 et
3455 2265 3738 2333 sanguinis

2152 2357 2376 2422 Christi,
2409 2371 2569 2426 quem
2595 2355 2830 2426 quatidie
2857 2357 3114 2411 sumimus
3131 2396 3144 2418 .
3172 2364 3498 2425 comparata,
3533 2354 3741 2424 allego-

2146 2449 2244 2504 rias
2270 2449 2516 2505 continet
2559 2449 2844 2503 rationem.
2892 2446 3131 2503 Scientia
3168 2461 3298 2502 vero
3327 2461 3447 2516 quae
3485 2445 3741 2501 similiter

2147 2540 2217 2595 ab
2238 2540 2498 2609 Apostoln
2518 2547 2871 2603 memoratur,
2899 2538 3191 2610 tropologia
3219 2549 3323 2607 est,
3350 2552 3453 2608 qua
3480 2537 3738 2591 universa

2148 2649 2268 2704 qua:
2294 2633 2362 2687 ad
2389 2633 2774 2688 discretionem
2806 2634 3070 2703 pertinent
3099 2634 3385 2696 actualem,
3417 2641 3599 2685 utrum
3630 2631 3742 2683 uti-

2149 2728 2218 2782 lia
2248 2727 2333 2782 vel
2357 2727 2582 2781 honesta
2609 2728 2736 2792 sint,
2767 2725 3016 2796 prudenti
3049 2725 3446 2782 examinatione
3468 2724 3742 2779 discerni-

2151 2836 2274 2876 mus
2296 2863 2310 2887 ,
2356 2830 2411 2875 ut
2437 2830 2518 2875 est
2548 2820 2677 2875 illud
2708 2836 2724 2874 :
2753 2821 2886 2876 Cum
2923 2819 3065 2888 apud
3105 2819 3464 2889 nosmetipsos
3491 2817 3741 2888 judicare

2152 2916 2492 2986 praecipimur
2510 2954 2524 2980 ,
2558 2921 2738 2968 utrum
2765 2913 2941 2974 deceat
2960 2913 3225 2969 mulierem
3246 2928 3350 2968 non
3375 2912 3542 2966 velato
3569 2909 3741 2979 capite

1522 3067 1779 3124 ALARDl
1815 3067 2060 3145 GAZAEI‘
2091 3067 2658 3127 COMMENTARIUS.

463 3189 851 3259 cogitationibus
878 3229 892 3250 ,
931 3195 982 3243 et
1014 3186 1231 3259 scientia
1275 3184 1454 3259 (Proo.
1484 3183 1637 3259 uti).
1687 3183 1875 3259 LXX“;
1899 3185 1964 3239 Et
1990 3195 2047 3239 tu
2073 3187 2118 3249 C

464 3256 630 3316 autem
677 3259 902 3330 exscribe
920 3275 1000 3330 ea
1030 3258 1141 3330 tibi
1186 3258 1284 3330 ipsi
1311 3256 1576 3324 tripliciter
1614 3257 1667 3330 in
1696 3256 1968 3330 consilium
1998 3267 2048 3311 et

463 3333 842 3404 cogitationem.
872 3328 1121 3404 Chaldafa
1158 3346 1169 3382 :
1205 3327 1268 3381 Et
1294 3345 1435 3404 ecce,
1464 3327 1851 3404 ea_scrip_s_i_tibi
1881 3328 1931 3380 in
1956 3330 2049 3380 tri-

465 3397 556 3458 bus
585 3402 797 3468 vicibus,
829 3403 881 3454 in
908 3400 1137 3453 consiliis
1177 3409 1224 3454 et
1247 3399 1480 3453 scientia.
1502 3399 1644 3468 iDivﬁ.
1685 3397 2047 3468 Hieronymus

465 3475 518 3530 in
551 3467 862 3544 epistolaad
891 3471 1169 3544 Hedibiam
1195 3479 1432 3544 ,_qu:est.
1461 3467 1527 3523 12
1544 3487 1567 3544 _:
1603 3467 1938 3544 Prteripitur,
1965 3469 2049 3544 in-

462 3541 599 3615 quit,
634 3544 910 3598 Salomone
940 3541 1136 3615 dicente
1168 3557 1182 3591 :
1215 3541 1292 3615 Tu
1323 3547 1491 3594 autem
1519 3541 1745 3615 describe
1777 3555 1837 3592 ea
1877 3542 2048 3608 tripli-

465 3611 588 3671 citer
617 3617 671 3667 in
695 3615 908 3668 consitio
929 3655 943 3678 ,
984 3623 1031 3666 et
1060 3613 1273 3666 scientia
1299 3653 1313 3674 ,
1353 3620 1408 3664 ut
1445 3611 1758 3678 respondeas
1787 3626 2049 3666 sermones

464 3687 692 3743 ueritatis
733 3687 818 3757 iis
827 3686 912 3757 qui
941 3693 1233 3757 proponunt
1267 3683 1375 3736 tibi.
1420 3682 1548 3757 Quae
1579 3683 1740 3757 verba
1775 3683 1850 3735 sic
1882 3683 2048 3757 inter-

466 3769 706 3827 pretatur
735 3773 748 3810 :
779 3753 990 3825 Triplex
1015 3753 1069 3807 in
1099 3755 1252 3809 corde
1291 3763 1465 3827 nostro
1491 3753 1766 3827 descriptio
1793 3763 1838 3806 et
1867 3754 2046 3827 regula

465 3824 852 3895 Scripturarum
876 3824 971 3881 est
1013 3842 1030 3879 :
1073 3827 1240 3892 prima
1278 3834 1333 3877 ut
1368 3824 1729 3895 intelligamus
1767 3837 1850 3875 eos
1887 3826 2046 3894 juxta

464 3893 752 3963 historiam,
778 3897 1000 3951 secunda
1029 3897 1185 3966 juxta
1206 3893 1551 3966 trapologiam
1572 3934 1586 3957 ,
1616 3893 1764 3946 tertia
1779 3893 2047 3966 juxtarin-

466 3970 796 4038 telligontiam
826 3964 1163 4038 spiritualem.
1194 3964 1258 4017 In
1282 3964 1493 4038 historia
1520 3980 1694 4038 eorum
1723 3964 1838 4038 quae
1857 3965 2048 4036 scripta

464 4034 742 4092 sunt'ordo
772 4046 1021 4090 servatur.
1056 4034 1119 4088 In
1148 4035 1437 4107 tropologia
1458 4035 1522 4087 de
1552 4034 1816 4107 littera—ad
1844 4034 2046 4107 majora

465 4110 818 4174 musarqimus
841 4149 853 4166 ,
885 4117 931 4160 et
962 4106 1211 4177 quidquid
1257 4107 1310 4158 in
1349 4107 1510 4173 priori
1549 4106 1740 4177 papulo
1768 4105 2049 4160 carnaliter

466 4184 660 4250 factum
686 4187 786 4240 est,
807 4182 961 4250 juxta
994 4175 1235 4250 moralem
1259 4175 1656 4250 interpretamur
1682 4175 1874 4250 locum,
1907 4186 1951 4250 et
1977 4177 2046 4250 ad

468 4246 656 4302 anima:
687 4246 883 4328 nostrai.
908 4247 1627 4328 emolumenta.convertimus.
1662 4246 1764 4328 “In.
1791 4248 2046 4328 spirituali

465 4323 648 4394 impio;
677 4322 745 4373 ad
770 4319 1066 4394 sublimiora
1097 4321 1390 4394 transimus,
1410 4327 1617 4394 terrena
1640 4318 1962 4384 dimittimus,
1984 4319 2048 4372 de

491 4380 758 4444 ’uturorum
807 4388 1114 4442 beatitudine
1157 4397 1203 4440 et
1231 4388 1514 4442 caelestibus
1556 4388 1906 4457 disputantus,
1937 4380 2042 4443 etc.

513 4464 612 4516 tin
644 4475 762 4528 cap.
800 4475 888 4514 ut
936 4458 1273 4514 Ezechielis:
1308 4459 1528 4512 Jubetar
1567 4458 1710 4511 nobis
1751 4468 1806 4511 ut
1843 4461 2045 4527 eloquia

464 4533 696 4587 veritatis
715 4577 728 4594 ,
761 4533 814 4584 id
841 4538 933 4594 est,
970 4530 1264 4602 Scripturas
1284 4538 1485 4584 sanctas
1509 4528 1858 4602 intelligamus
1880 4531 2042 4602 tripli-

463 4604 587 4658 eiter
610 4619 627 4656 :
651 4589 868 4670 primum
879 4589 1034 4671 juxta
1058 4589 1300 4662 litteram,
1325 4599 1549 4653 secundo
1575 4589 1739 4653 medie
1760 4615 1850 4671 per
1871 4589 2041 4671 tropo-

465 4673 690 4744 logiam;
717 4673 864 4744 tertio
883 4671 1181 4744 sublimius,
1203 4683 1256 4724 at
1288 4673 1499 4744 mystica
1526 4686 1739 4744 quisque
1768 4685 2047 4744 cognosca-

463 4740 597 4798 mus.
625 4745 828 4797 Rursus
853 4743 902 4795 in
931 4756 1051 4810 cap.
1074 4757 1128 4794 ιν
1156 4741 1320 4796 Amos
1343 4740 1360 4793 7:
1390 4740 1661 4800 Debemus,
1686 4742 1780 4806 ait,
1809 4742 2044 4811 Scriptu-

462 4829 575 4868 ram
621 4827 821 4867 sacrant
858 4813 1075 4882 primum
1107 4813 1400 4882 secundum
1448 4812 1670 4866 litteram
1736 4812 2040 4882 intelligere,

461 4886 707 4956 facientes
746 4887 802 4937 in
841 4882 1005 4956 ethice
1037 4881 1118 4954 [id
1144 4885 1328 4956 est,_in
1357 4882 1527 4956 praxi]
1551 4881 2043 4956 quiscumquepraz-

462 4952 608 5027 cepta
627 4963 782 5022 sunt;
807 4954 1029 5008 secundo
1041 4952 1196 5027 3dr"!
1215 4952 1537 5027 allegoriam,
1563 4952 1615 5006 id
1636 4963 1728 5009 est.
1754 4952 2046 5027 intelligen-

463 5023 586 5081 tiam
614 5027 962 5097 spiritualem;
987 5023 1158 5097 tertio
1187 5023 1459 5077 secundum
1487 5026 1775 5097 futurorum
1822 5023 2042 5097 beatitu-

463 5093 652 5151 dinem.
694 5097 958 5150 Hactenus
986 5093 1049 5147 D.
1082 5094 1461 5164 Hieronymus.
1488 5093 1586 5148 ’Ex
1616 5095 1810 5164 quibus
1841 5095 2040 5149 intelli-

462 5172 636 5238 gimus
657 5167 1050 5238 distinctionem
1081 5164 1228 5218 illam
1259 5164 1618 5238 spiritualium
1647 5177 1901 5217 sensuum
1922 5181 2037 5238 Anon

459 5235 674 5305 semper
706 5252 733 5288 a
765 5235 1015 5290 Patribus
1038 5246 1288 5290 accurate
1318 5235 1615 5305 observari,
1639 5243 1736 5305 aut
1769 5235 2038 5304 prauiictis

462 5303 743 5363 vocabulis
770 5305 1028 5376 exprimi,
1053 5317 1113 5359 ut
1145 5303 1523 5376 notavitﬂcard.
1557 5303 1908 5360 Bellarminns
1939 5306 2033 5359 lib.

458 5395 516 5437 ιιι
542 5379 610 5434 de
638 5378 804 5432 verba
831 5374 924 5430 Dei
955 5391 1074 5446 cap.
1104 5378 1156 5430 5.
1188 5376 1317 5430 Nam
1347 5374 1702 5448 Hieronymus
1725 5377 1842 5430 loco
1868 5376 2035 5431 citato

458 5451 526 5503 ad
560 5450 835 5504 iiedibiam
863 5450 1077 5502 nomine
1100 5447 1412 5518 tmpologici
1440 5446 1846 5515 comprehendit
1871 5448 2033 5500 etiam

459 5521 833 5588 allegoricum,
865 5528 920 5574 et
948 5534 980 5573 e
1007 5522 1283 5588 contrario
1314 5522 1366 5571 in
1389 5532 1507 5583 cap.
1537 5532 1592 5570 iv
1620 5519 2036 5588 Antosinnmine

457 5587 727 5657 allegorici
751 5587 1159 5658 comprehendit
1185 5589 1592 5658 tropologicum.
1615 5587 1680 5642 At
1707 5589 1757 5641 in
1782 5587 2040 5642 Ezechie-

458 5659 565 5716 iem
594 5661 700 5729 sub
720 5660 873 5712 tertia
904 5660 1106 5728 specie,
1137 5675 1296 5729 quam
1325 5666 1481 5710 vocat
1505 5659 1766 5712 sublimem
1803 5675 2037 5713 sat-ram-

457 5728 999 5810 qaeinteltigeutiam,
1020 5728 1428 5799 comprehendit
1456 5732 1795 5802 allegoricum
1826 5739 1879 5784 et
1903 5746 2033 5785 ana-

458 5812 729 5870 gogicum.

2071 4575 2126 4636 D

2223 3195 2249 3224 ι
2288 3187 2531 3255 Quatuor
2560 3201 2753 3241 sensus
2784 3187 2835 3240 in
2868 3187 2969 3241 hac
2999 3185 3240 3255 Apostoli
3277 3185 3546 3239 sententia
3580 3201 3742 3252 repe-

2152 3259 2391 3323 riuntur;
2423 3259 2708 3312 historicus
2737 3259 2790 3314 in
2813 3259 2896 3312 his
2915 3258 3095 3314 verbis
3122 3273 3140 3312 :
3165 3256 3425 3310 Abraham
3447 3257 3578 3311 duos
3598 3259 3743 3326 ﬁlios

2150 3331 2362 3392 habuit;
2391 3331 2709 3397 allegoricus
2738 3331 2792 3384 in
2819 3328 2902 3383 his
2929 3347 2940 3380 :
2969 3329 3094 3393 Quae
3115 3337 3234 3381 sunt
3255 3329 3357 3382 duo
3385 3327 3735 3395 Testamenta,

2147 3408 2287 3465 etc.;
2337 3401 2697 3469 tropohgicus
2730 3418 2743 3452 :
2777 3399 3048 3464 Quomodo
3093 3410 3210 3452 tunc
3245 3400 3288 3452 is
3327 3405 3432 3469 qui
3455 3403 3742 3454 secundum

2149 3488 2372 3533 carnem,
2398 3483 2501 3525 etc.
2521 3486 2536 3535 ;
2555 3468 2879 3540 anagogicns
2906 3471 3137 3538 denique
3163 3471 3216 3524 in
3241 3468 3380 3525 illis:
3407 3468 3514 3526 Illa
3538 3482 3738 3537 autem,

2147 3557 2262 3614 quae
2287 3558 2488 3614 sursum
2520 3550 2592 3594 est
2630 3539 2938 3614 Jerusalem,
2969 3551 3074 3595 etc.

2219 3611 2246 3651 ι’
2288 3613 2444 3667 Aliud
2487 3612 2792 3681 eretnplum
2843 3619 3074 3681 quatuor
3115 3609 3345 3666 istorum
3387 3625 3646 3666 sensuum
3685 3613 3742 3670 in

2149 3699 2255 3736 uno
2285 3685 2584 3739 Jerusalem
2619 3684 2898 3737 vocabulo.
2940 3683 3181 3751 Quatuor
3212 3683 3353 3737 enim
3387 3682 3557 3736 modis
3587 3689 3738 3738 acci-

2148 3754 2292 3824 pitur
2318 3755 2612 3809 Jorusalem
2665 3756 2715 3808 in
2755 3753 3046 3824 Scriptnris
3079 3769 3092 3807 :
3132 3753 3189 3807 1ο
3223 3751 3476 3808 historice
3514 3769 3612 3821 pro
3643 3755 3743 3811 illa

2149 3823 2282 3880 urbe
2308 3827 2614 3880 indecorum
2646 3824 2945 3891 notissima,
2969 3823 3029 3878 2⁸
3052 3825 3337 3893 allegorice
3369 3839 3466 3891 pro
3488 3825 3739 3881 Ecclesia

2149 3897 2432 3964 catholica,
2467 3896 2522 3954 3°
2555 3897 2884 3965 Irnpolngice
2913 3912 3007 3965 pro
3035 3896 3208 3950 anima
3241 3895 3404 3967 fideli,
3438 3893 3496 3947 4°
3527 3910 3740 3967 alligo-

2147 3971 2265 4034 gice
2299 3985 2392 4036 pro
2422 3967 2674 4022 felicitate
2705 3979 2904 4021 aeterna
2943 3979 3036 4021 seu
3071 3966 3303 4020 Ecclesia
3337 3965 3737 4036 triumphante.

2147 4033 2223 4093 lita
2252 4033 2359 4092 div.
2392 4040 2744 4110 Hieronymus
2772 4037 2863 4106 (In
2887 4053 3150 4110 captsux
3183 4036 3356 4101 Isaiae,
3389 4039 3508 4091 etin
3537 4033 3737 4093 Ezech.

2148 4125 2266 4179 cap.
2296 4113 2412 4175 ινι)
2442 4125 2556 4164 eam
2594 4107 2786 4162 'vocem
2821 4107 3198 4178 quadrifariam
3245 4110 3650 4176 interpretatur.
3680 4119 3742 4165 et

2143 4181 2296 4251 juxta
2368 4183 2509 4234 hunc
2557 4179 2959 4251 quadruplicem
3021 4179 3487 4251 sensnm_exponi
3553 4188 3743 4248 potest

2153 4247 2388 4321 psalmus
2416 4247 2595 4306 curti
2629 4270 2638 4303 :
2674 4247 2878 4318 Lauda,
2911 4247 3221 4321 Jerusalem,
3251 4248 3544 4321 Dominum.

2226 4332 2247 4360 ε
2295 4324 2458 4376 Aliter
2503 4321 2610 4373 div.
2656 4321 2892 4374 Thomas
2939 4320 3049 4374 Ιιιιιε
3096 4330 3322 4390 quatuor
3365 4319 3641 4389 distinguit
3681 4333 3741 4376 et

2149 4393 2388 4461 eXplicat
2415 4390 2502 4460 (In
2524 4389 2926 4461 Commentario)
2954 4410 2965 4444 :
2994 4391 3281 4445 lllustratio
3310 4392 3508 4461 mentis.
3535 4392 3737 4458 inquit,

2149 4466 2216 4517 ad
2230 4459 2646 4536 coquos-crudum
2687 4460 2763 4514 vel
2791 4471 2862 4516 est
2894 4459 2959 4536 de
2993 4462 3177 4536 diuinis
3203 4507 3218 4531 ,
3251 4471 3295 4514 et
3323 4461 3433 4536 haec
3454 4459 3739 4517 illustratio

2154 4532 2360 4603 pertinet
2384 4535 2448 4587 ad
2475 4533 2667 4587 donum
2687 4534 2968 4604 sapientiai.
3003 4532 3297 4604 Divinarum
3329 4533 3461 4604 enim
3491 4545 3562 4585 est
3592 4549 3741 4604 reve-

2149 4601 2294 4676 latio,
2323 4607 2442 4676 quia
2470 4620 2580 4672 qmz
2604 4614 2722 4659 sunt
2748 4601 2849 4656 'Dci
2869 4620 3012 4676 nemo
3045 4605 3202 4676 novit,
3226 4603 3325 4655 nisi
3349 4601 3575 4671 Spiritus
3606 4601 3734 4670 Dei,

2147 4676 2166 4731 Ι
2195 4672 2422 4730 Corinth.
2452 4690 2523 4740 ii;
2559 4685 2603 4727 et
2630 4676 2744 4729 ideo
2774 4676 2896 4728 dicit
2920 4691 2936 4727 :
2971 4672 3035 4729 In
3056 4673 3380 4738 reuelatione,
3408 4691 3509 4742 qua
3537 4675 3740 4731 scilicet

2148 4763 2286 4799 meus
2316 4747 2635 4799 illuminatur
2661 4746 2732 4816 ad
2765 4747 3172 4816 cognoscendum
3200 4745 3392 4816 divina.
3440 4744 3532 4816 γει
3555 4755 3632 4799 est
3665 4748 3739 4801 de

2147 4819 2356 4869 terrenis
2381 4858 2394 4878 ,
2429 4827 2474 4870 et
2508 4830 2610 4886 non
2636 4813 2699 4868 de
2729 4813 3159 4886 quibuscumque.
3187 4817 3276 4870 sed
3305 4815 3368 4869 de
3397 4815 3501 4868 illis
3529 4826 3738 4871 tantum

2145 4902 2259 4956 quae
2280 4898 2396 4968 sunt
2423 4887 2490 4968 ad
2516 4885 2906 4968 a’di/icatitineiii
2929 4887 3079 4968 (idet,
3097 4887 3253 4968 ethoc
3282 4886 3496 4968 pertinet
3523 4888 3591 4939 ad
3623 4886 3734 4940 do-

2148 4954 2270 5008 num
2306 4958 2569 5018 scientiw;
2614 4963 2663 5009 et
2700 4958 2814 5012 ideo
2841 4954 2964 5010 dicit
2999 4974 3017 5011 :
3047 4954 3113 5011 In
3141 4954 3370 5017 scientia,
3403 4975 3500 5010 non
3526 4973 3737 5018 geome-

2150 5027 2280 5092 triw,
2311 5044 2398 5079 nec
2420 5027 2748 5097 astrologiae,
2780 5029 2899 5096 quia
2930 5026 3037 5082 haec
3069 5043 3169 5080 non
3197 5029 3446 5096 pertinent
3471 5026 3539 5080 ad
3556 5029 3736 5095 acditi-

2147 5098 2389 5169 rationem
2414 5099 2552 5168 ﬁdei,
2576 5098 2664 5151 sed
2686 5098 2736 5150 in
2761 5097 2969 5152 scientia
2994 5111 3113 5169 qua:
3138 5109 3212 5169 est
3238 5109 3548 5169 sanctorum.
3586 5097 3730 5169 sap.

2145 5181 2176 5220 ι
2209 5184 2222 5219 :
2257 5165 2506 5222 Deditilli
2531 5169 2797 5222 scientiam
2820 5165 3129 5222 sanctorum.
3171 5165 3266 5224 Vel
3288 5178 3359 5222 est
3381 5168 3443 5221 de
3464 5168 3733 5222 eventibus

2143 5239 2439 5308 futurorum
2461 5285 2475 5307 ,
2502 5250 2549 5295 et
2583 5241 2677 5293 hoc
2717 5240 2928 5308 pertinet
2967 5239 3038 5292 ad
3068 5238 3263 5294 donum
3309 5239 3625 5308 prophetae,
3672 5249 3732 5293 et

2141 5307 2261 5382 ideo
2281 5310 2426 5382 dicit,
2453 5312 2549 5362 Aut
2571 5313 2622 5363 in
2650 5307 2948 5382 prophetia;
2970 5325 3081 5379 qua?
3105 5313 3179 5365 sic
3199 5311 3442 5382 deﬁnitur
3461 5307 3732 5382 a_Ctsssio-

2143 5379 2270 5452 doro
2301 5377 2354 5446 (Ι
2360 5397 2389 5431 η
2413 5383 2620 5450 prologo
2643 5377 2792 5451 super
2817 5377 3058 5444 Psalmis,
3083 5397 3197 5452 cap.
3224 5385 3277 5446 l)
3307 5398 3320 5430 ε
3346 5379 3622 5452 Prophetia
3647 5390 3731 5434 est

2143 5449 2623 5522 divinainspiratio
2671 5449 2842 5504 rerum
2887 5449 3465 5522 futurarumimmobili
3511 5452 3734 5522 ueritate

2141 5521 2467 5574 denuntians.
2505 5520 2593 5574 Vel
2612 5533 2684 5574 est
2712 5522 2775 5574 de
2805 5520 3014 5592 agendis
3036 5521 3331 5592 moralibus,
3361 5533 3407 5573 et
3434 5520 3530 5592 hoc
3559 5521 3728 5592 perti-

2141 5599 2224 5645 net
2245 5592 2313 5643 ad
2340 5592 2658 5656 doctrinam;
2691 5599 2736 5645 et
2766 5590 2878 5646 ideo
2907 5595 3048 5656 dicit,
3075 5595 3170 5646 Aut
3193 5594 3247 5646 in
3277 5591 3529 5645 doctrina.
3561 5590 3730 5648 Rom.

2142 5636 2214 5731 κῖι
2250 5659 2394 5727 τρυε
2415 5661 2559 5714 dm.
2581 5636 3744 5731 tracta}.sinistris};{sum};

2141 5729 2275 5786 bona
2301 5731 2442 5784 dabit
2466 5732 2704 5801 gratiam.
