4078 6332
260 314 371 381 ωε
1156 308 1495 368 COLLATIO
1532 308 1670 367 XIV.
1703 339 1774 353 --
1801 309 1892 367 DE
1930 308 2264 369 SPIRITALI
2303 309 2636 369 SCIENTIA.
3427 312 3537 379 966

260 444 409 493 mare
441 424 616 485 Deum
649 424 695 496 (I
720 420 839 479 Cor.
869 421 974 491 ιι).
1016 420 1149 491 Quae
1192 422 1333 478 ratio
1352 463 1370 491 ,
1410 429 1469 477 ut
1505 422 1707 478 dictum
1742 429 1849 488 est,
1875 427 1931 488 Α
1955 422 2115 479 etiam
2146 422 2212 478 ad
2240 422 2386 478 illam
2411 422 2479 479 de
2504 438 2609 493 qua
2640 393 2865 495 angelus
2891 425 2960 483 ad
3000 424 3273 482 Danielem
3302 427 3376 482 ait
3410 443 3542 497 per-

260 520 520 582 monlem
545 517 791 575 continet
817 514 1172 571 intellectum.
1197 513 1328 570 Item
1358 513 1663 585 prophetia,
1689 528 1851 584 quam
1954 514 2138 570 venire
2175 515 2391 585 possitis
2431 534 2447 569 :
2498 515 2601 582 Qui
2639 525 2811 572 autem
2837 516 2976 573 docti
3000 518 3233 589 fuerint,
3271 518 3540 589 fulgebunt

261 614 423 673 tertio
472 609 766 682 Apostolus
814 607 996 667 intulit
1041 607 1165 663 loco
1190 648 1205 674 ,
1236 622 1517 678 anagogen
1549 616 1726 674 sonat,
1758 621 1853 677 per
1952 607 2084 665 sicut
2103 607 2343 676 splendor
2372 608 2719 676 ﬁrmamenti;
2749 618 2795 665 et
2823 609 2909 679 qui
2928 608 2995 665 ad
3014 609 3273 681 justitiam
3294 610 3539 675 erudiunt

259 722 419 779 quam
454 705 521 761 ad
552 703 848 763 invisibilia
876 717 943 759 ac
969 700 1149 759 futura
1195 714 1376 765 sermo
1415 701 1767 769 transfertur,
1797 710 1855 755 ut

260 810 341 858 est
372 799 506 856 illud
540 816 555 859 ς
587 797 848 853 Nolumus
886 804 1061 852 autem
1098 812 1186 851 uos
1211 796 1453 865 ignorare
1476 837 1491 862 ,
1538 799 1724 865 fratres
1746 834 1763 862 ,
1790 794 1856 849 de

259 894 662 956 dormientibus,
696 900 751 946 ut
779 908 882 947 non
905 890 1311 958 contristemini,
1338 890 1470 944 sicut
1498 899 1544 943 et
1569 892 1740 947 ceteri
1765 899 1857 964 qui

258 1002 401 1057 spem
425 1001 527 1040 non
551 982 757 1039 habent.
782 981 844 1039 Si
865 982 1003 1036 enim
1023 982 1274 1037 credimus
1297 980 1437 1051 quod
1460 976 1697 1035 Christus
1721 997 1857 1039 moro

256 1086 378 1131 tuus
410 1086 487 1131 est
516 1084 563 1130 et
586 1073 888 1138 resurrexit,
922 1072 999 1131 ita
1032 1084 1079 1126 et
1109 1070 1250 1126 Deus
1279 1088 1363 1127 eos
1395 1072 1485 1140 qui
1519 1072 1856 1139 dormierunt,

260 1184 352 1240 per
376 1165 557 1229 Iesum
578 1166 796 1221 adducet
825 1181 942 1219 cum
973 1180 1055 1219 eo.
1103 1162 1217 1220 Hoc
1247 1165 1381 1218 enim
1402 1164 1541 1221 nobis
1563 1164 1781 1221 dicimus
1806 1166 1860 1219 in

262 1261 411 1316 uerbo
438 1258 669 1323 Domini,
690 1258 813 1326 quia
841 1271 934 1313 nos
954 1256 1045 1325 qui
1073 1257 1309 1322 uiuimus,
1328 1257 1416 1326 qui
1438 1256 1633 1311 residui
1659 1272 1857 1322 sumus,

263 1354 317 1408 in
335 1352 561 1407 aduentu
576 1350 789 1405 Domini
805 1364 908 1405 non
927 1349 1288 1419 prmiemus
1319 1364 1407 1403 eos
1432 1349 1519 1418 qui
1540 1348 1861 1403 dormierunt

263 1447 510 1511 quoniam
539 1444 649 1512 ipse
673 1438 928 1497 Dominus
965 1442 1021 1495 in
1049 1444 1205 1513 jussu
1234 1452 1282 1497 et
1307 1442 1361 1496 in
1392 1458 1512 1499 noce
1539 1441 1857 1512 archangeli,

263 1549 311 1593 et
344 1540 399 1593 in
430 1536 553 1592 tuba
587 1535 682 1590 Dei
723 1535 989 1589 descendet
1035 1535 1099 1588 de
1131 1534 1295 1598 calo;
1345 1542 1392 1588 et
1448 1535 1637 1588 mortui
1674 1533 1762 1603 qui
1806 1535 1860 1588 in

264 1630 468 1689 Christo
496 1638 637 1693 sunt,
656 1638 923 1699 resurgent
950 1628 1104 1699 primi
1128 1628 1174 1700 (ι
1194 1627 1375 1683 Thess.
1400 1626 1498 1699 tv).
1527 1628 1641 1696 Qua
1662 1627 1858 1683 exhor-

266 1722 482 1778 tationis
508 1721 689 1792 specie
725 1734 996 1791 anagoges
1037 1720 1204 1789 ﬁgura
1248 1720 1550 1790 pruiertur.
1600 1720 1856 1777 Doctrina

1952 698 2162 767 multos,
2193 700 2339 769 quasi
2372 698 2536 761 stellis
2564 702 2617 757 in
2648 710 2918 771 perpetuas
2953 703 3261 761 aeternitates
3305 702 3541 774 (Daniel.

1955 788 2087 861 xu);
2129 799 2176 846 et
2221 791 2271 845 in
2302 793 2408 846 alio
2436 792 2697 863 propheta
2732 809 2746 848 :
2785 801 2813 831 ι
2853 792 3160 849 Illuminate
3191 795 3328 851 vobis
3369 796 3542 851 lumen

1955 885 2183 938 scientiis
2230 884 2353 937 dum
2393 894 2589 955 temmts
2628 894 2699 943 est
2744 885 2890 959 (Ose.
2920 886 2999 953 ι).
3050 887 3319 947 Tenentes
3364 888 3543 957 itaque

1955 975 2101 1035 illam
2148 990 2305 1045 quam
2336 975 2530 1032 habere
2558 992 2652 1033 vos
2679 979 2855 1035 sentio
2892 978 3225 1048 diligentiam
3267 979 3539 1053 lectionis,

1958 1068 2106 1123 omni
2128 1066 2305 1122 studio
2324 1068 2575 1124 festinate
2598 1071 2888 1138 actualem,
2907 1070 2958 1126 id
2980 1078 3085 1139 est,
3106 1070 3359 1141 ethicam,
3379 1088 3540 1142 quam

1961 1158 2190 1229 primum
2230 1160 2297 1215 ad
2341 1160 2606 1229 integrum
2660 1165 3127 1232 comprehendere
3175 1165 3539 1236 disciplinam.

1959 1249 2177 1320 Absque
2216 1251 2316 1306 hac
2361 1267 2593 1323 namque
2641 1254 2733 1308 illa
2779 1269 2941 1323 quam
2986 1256 3219 1315 diximus
3247 1258 3540 1323 tbeoretica

1963 1346 2168 1415 puritas
2195 1361 2302 1402 non
2332 1354 2508 1417 potest
2533 1346 2887 1417 apprehendi,
2917 1364 3077 1419 quam
3107 1349 3163 1405 bi
3193 1360 3417 1418 tantum,
3450 1352 3543 1423 qui

1960 1452 2069 1492 non
2080 1437 2310 1493 aliorum
2322 1438 2631 1494 docentium
2646 1439 2842 1509 verbis,
2856 1440 2953 1497 sed
2976 1442 3310 1513 propriorum
3328 1451 3542 1501 actuum

1959 1530 2154 1585 virtute
2183 1530 2405 1600 perfecti
2435 1541 2584 1597 sunt,
2617 1542 2738 1602 post
2765 1533 2930 1589 multa
2959 1549 3181 1604 Operum
3208 1551 3272 1591 ac
3297 1537 3541 1593 laborum

1960 1621 2258 1691 stipendia,
2296 1622 2407 1692 jam
2437 1625 2589 1691 quasi
2620 1624 2671 1678 in
2710 1625 2931 1692 pramio
2955 1637 3380 1697 consequuntur.
3427 1629 3543 1701 Non

1960 1716 2101 1772 enim
2124 1730 2154 1770 a
2175 1716 2522 1773 meditatione
2547 1718 2682 1787 legis
2714 1717 3141 1788 intelligentiam,
3163 1721 3257 1776 sed
3279 1720 3346 1777 de
3374 1722 3544 1777 fructu

268 1828 392 1871 vero
413 1812 711 1882 simplicem
732 1811 982 1869 historias
1002 1813 1362 1883 expositionis
1382 1812 1628 1869 ordinem
1651 1812 1855 1883 pandit,
1886 1806 1936 1869 B
1960 1810 2141 1879 Operis
2168 1809 2541 1879 acquirentes,
2571 1824 2693 1864 cum
2737 1810 3160 1881 Psalmograpbo
3207 1824 3407 1867 canunt
3452 1830 3464 1866 :
3499 1813 3545 1867 Α

263 1908 317 1965 in
344 1922 449 1976 qua
480 1905 666 1965 nullus
696 1906 958 1963 occultior
1008 1905 1315 1963 intellectus
1338 1944 1355 1972 ,
1410 1906 1514 1966 nisi
1544 1907 1635 1977 qui
1679 1907 1860 1965 verbis

269 2008 487 2054 resonat
510 2041 525 2065 ,
567 1997 880 2053 continetur
906 2039 922 2064 ,
953 1998 1093 2053 sicut
1121 2006 1203 2053 est
1232 1997 1361 2052 illud
1403 2015 1416 2051 :
1462 1995 1683 2052 Tradidi
1726 1999 1861 2053 enim

265 2091 401 2145 vobis
428 2092 480 2144 in
508 2090 689 2161 primis
714 2090 854 2160 quod
884 2098 930 2143 et
959 2090 1134 2163 accepi
1152 2130 1168 2157 ,
1193 2090 1435 2160 quoniam
1460 2088 1696 2145 Christus
1722 2107 1861 2144 mor-

266 2192 382 2240 tuus
411 2193 487 2239 est
514 2199 609 2255 pro
640 2182 859 2253 peccatis
886 2183 1079 2239 nostris
1099 2223 1117 2248 ,
1147 2182 1430 2239 secundum
1461 2181 1781 2255 Scripturas,
1812 2192 1861 2238 et

264 2277 383 2347 quia
411 2277 645 2344 sepultus
668 2284 769 2342 est,
796 2285 845 2330 et
873 2276 995 2346 quia
1026 2276 1311 2331 resurrexit
1338 2277 1488 2331 tertia
1511 2277 1623 2343 die,
1665 2286 1714 2329 et
1741 2276 1862 2345 quia

268 2370 404 2423 risus
430 2378 502 2424 est
529 2367 715 2440 Cephea
756 2369 800 2441 (1
830 2366 954 2425 Cor.
986 2367 1099 2438 xv).
1147 2368 1215 2423 Et
1244 2384 1260 2425 :
1295 2368 1441 2424 Misit
1486 2369 1624 2424 Deus
1662 2367 1861 2423 Filium

266 2478 415 2517 suum
442 2465 639 2531 factum
666 2477 729 2518 ea:
765 2460 1011 2528 muliere,
1051 2460 1243 2527 factum
1268 2461 1359 2516 sub
1387 2460 1499 2535 lege
1523 2503 1537 2527 ,
1576 2471 1631 2515 ut
1660 2478 1742 2515 eos
1774 2462 1861 2531 qui

266 2554 356 2611 sub
384 2555 498 2625 lege
519 2564 667 2609 erant
702 2556 972 2609 redimeret
1003 2552 1202 2625 (Colat.
1230 2555 1327 2624 tv).
1354 2554 1481 2611 Sive
1504 2555 1636 2610 illud
1663 2556 1858 2621 :Audi,

268 2643 458 2715 Israel,
493 2644 747 2701 Dominus
774 2653 892 2701 tuus
922 2645 1065 2701 Deus
1087 2662 1219 2701 unus
1240 2656 1310 2702 est
1351 2646 1533 2720 (Deut.
1563 2646 1658 2719 vi).

877 2737 1107 2795 CAPUT
1147 2737 1239 2795 IX.

339 2834 494 2899 Quod
522 2834 586 2889 de
614 2832 806 2887 actuali
833 2832 1045 2887 scientia
1071 2832 1372 2903 proﬁciatur
1394 2831 1463 2885 ad
1484 2830 1785 2902 spiritalem.

336 2926 684 2995 Quapropter
712 2923 759 2979 si
784 2924 938 2979 vobis
968 2938 1099 2979 cura
1125 2932 1212 2979 est
1238 2924 1303 2978 ad
1330 2924 1591 2993 spiritalis
1619 2924 1863 2979 scientiae

268 3016 471 3093 lumen,
498 3033 605 3073 non
636 3017 810 3072 inanis
833 3016 1111 3087 jactantia:
1143 3016 1297 3086 vitio,
1333 3016 1428 3072 sed
1458 3017 1859 3072 emundationis

268 3096 439 3183 gratia
469 3112 758 3180 pervenire
780 3152 797 3175 ,
829 3110 976 3167 illius
1000 3109 1234 3180 primum
1274 3109 1628 3167 beatitudinis
1655 3109 1863 3179 cupidi-

1962 1902 2224 1971 utandatis
2269 1902 2369 1957 tuis
2398 1901 2632 1957 intellexi
2674 1902 2904 1973 (Psalm.
2937 1906 3149 1975 cxvut).
3198 1905 3266 1961 Et
3312 1907 3547 1963 excoctis

1962 1994 2306 2064 passionibus
2335 1994 2599 2050 universis
2624 2039 2638 2063 ,
2692 1996 3012 2052 ﬁducialiter
3048 1998 3235 2053 dicunt
3267 2017 3278 2052 :
3313 1999 3547 2055 Psallam

1962 2100 2008 2143 et
2034 2091 2321 2162 intelligant
2342 2090 2395 2143 in
2422 2091 2502 2143 nia
2533 2092 2864 2145 immaculata
2906 2091 3132 2159 (Psalm.
3161 2092 3236 2164 (ι).
3284 2092 3375 2148 Ille
3404 2095 3546 2149 enim

1962 2184 2195 2256 psallens
2224 2184 2469 2254 intelligit
2496 2200 2615 2256 quae
2638 2192 2937 2249 canuntur,
2966 2188 3055 2256 qui
3098 2186 3150 2241 in
3178 2186 3262 2242 via
3289 2187 3548 2243 immacu-

1963 2277 2070 2331 lata
2089 2290 2277 2346 gressu
2300 2276 2418 2343 puri
2439 2275 2617 2331 cordis
2640 2275 2903 2330 innititur.
2931 2276 2997 2332 Et
3021 2276 3222 2333 idcirco
3244 2278 3287 2333 si
3310 2278 3549 2335 scientiae

1963 2369 2189 2438 spiritali
2220 2380 2435 2423 sacrum
2465 2367 2522 2423 in
2548 2368 2711 2423 corde
2740 2379 2921 2423 vestro
2950 2369 3115 2424 vultis
3142 2370 3545 2425 tabernaculum

1962 2475 2287 2532 praeparare,
2318 2460 2386 2515 ab
2413 2461 2647 2516 omnium
2676 2475 2772 2516 vos
2798 2462 3048 2518 vitiorum
3075 2465 3394 2535 contagione
3424 2481 3550 2535 pur-

1959 2562 2112 2623 gate,
2145 2562 2203 2609 et
2237 2553 2385 2608 curis
2423 2553 2608 2608 saeculi
2643 2553 2921 2623 praesentis
2958 2556 3163 2611 exuite.
3212 2556 3550 2627 lmpossibile

1960 2660 2191 2716 namque
2220 2656 2303 2701 est
2333 2644 2569 2699 animam
2604 2660 2724 2715 qua:
2752 2646 3038 2701 mundanis
3071 2648 3156 2702 vel
3190 2650 3415 2704 tenuiter
3440 2649 3550 2705 dis-

1962 2739 2288 2794 tentionibus
2330 2748 2656 2808 occupatur,
2694 2738 2894 2796 donum
2939 2741 3184 2796 scientiae
3225 2744 3546 2813 promereri,

1963 2830 2052 2886 vel
2072 2830 2462 2901 generatricem
2493 2831 2847 2901 spiritualium
2876 2846 3153 2899 sensuum,
3183 2843 3277 2893 aut
3305 2845 3546 2891 tenacem

1961 2936 2238 2979 sacrarum
2287 2924 2575 2980 lectionum
2623 2924 2766 2979 ﬁeri.
2816 2924 3117 2980 Observato
3149 2925 3308 2994 igitur
3344 2927 3398 2981 in
3445 2928 3551 2996 pri-

1964 3017 2087 3086 mis,
2122 3026 2177 3073 et
2201 3017 2442 3073 maxime
2473 3025 2550 3084 tu,
2580 3014 2611 3056 ι’
2653 3016 2890 3073 Joannes
2915 3059 2929 3085 ,
2971 3018 3054 3073 cui
3083 3019 3251 3088 magis
3281 3019 3345 3074 ad
3374 3029 3553 3075 custo-

1963 3109 2156 3166 dienda
2199 3109 2314 3167 haec
2353 3127 2474 3181 quae
2513 3109 2757 3167 dicturus
2784 3124 2942 3178 sum,
2989 3118 3119 3167 aetas
3157 3110 3330 3169 adhuc
3368 3112 3553 3169 adule-

270 3182 381 3259 tate
408 3202 762 3257 ﬂammamini
789 3242 805 3268 ,
842 3202 913 3257 de
945 3216 1051 3271 qua
1096 3202 1298 3256 dictum
1331 3212 1415 3257 est
1447 3218 1462 3258 :
1490 3200 1636 3256 Beati
1665 3202 1859 3256 mundo
1885 3182 1932 3245 (ἶ
1963 3204 2204 3259 scentior
2230 3202 2581 3273 sun‘ragatnr,
2618 3218 2687 3259 ne
2716 3202 2952 3259 studium
2986 3204 3233 3260 lectionis
3255 3220 3319 3260 ac
3342 3204 3554 3261 deside-

270 3296 454 3363 corde,
497 3294 742 3365 quoniam
782 3294 883 3365 ipsi
911 3291 1081 3350 Deum
1126 3294 1369 3349 ridebunt
1414 3292 1625 3367 (Matth.
1654 3293 1755 3368 v);
1804 3305 1863 3351 ut

1963 3295 2032 3351 rii
2077 3295 2154 3350 tui
2201 3295 2356 3350 labor
2398 3310 2536 3350 vana
2581 3294 2815 3351 elatione
2859 3304 3131 3363 cassetur,
3173 3307 3197 3335 °
3239 3306 3297 3351 ut
3341 3298 3551 3353 indicas

1332 3432 1590 3489 ALARDI
1629 3432 1861 3490 GAZA‘II
1898 3431 2467 3489 COMMENTARIUS.

342 3557 374 3589 ⁸
401 3550 625 3621 Vulgata
650 3548 860 3621 versit);
886 3546 1146 3621 Sentinate
1168 3544 1327 3621 nobis
1344 3546 1397 3621 in
1415 3546 1651 3621 justitia,
1679 3555 1725 3599 et
1756 3562 1864 3599 nte-

273 3626 360 3678 tite
374 3626 432 3677 in
457 3616 545 3676 ore
563 3619 959 3684 misericordia;
984 3619 1218 3672 innovate
1248 3616 1388 3669 uobis
1416 3616 1596 3669 navale
1620 3632 1638 3669 .'
1665 3626 1864 3683 tempus

272 3704 442 3749 mem
483 3690 777 3761 requirendi
818 3689 1130 3754 Dominum,
1167 3705 1283 3741 cum
1311 3687 1521 3761 uenerit,
1549 3688 1865 3761 quidocebit

270 3782 358 3822 uos
374 3757 634 3835 justitiam
661 3763 779 3816 Dei.
809 3761 929 3835 Di_v_.
960 3761 1353 3835 Hieronymus:
1382 3757 1490 3835 Pro
1523 3774 1582 3835 eo
1603 3798 1618 3821 ,
1655 3760 1860 3835 inquit;

269 3828 407 3907 quod
438 3853 531 3890 nos
559 3835 826 3907 diximus;
854 3831 1029 3907 Melite
1055 3832 1109 3907 in
1139 3828 1227 3884 ore
1264 3830 1630 3907 misericordia
1649 3872 1666 3907 ε
1714 3828 1864 3883 LXX

273 3899 661 3972 transtulerunt,
696 3904 1012 3958 Vindemiete
1042 3905 1266 3971 frustum
1296 3902 1409 3955 nisis:
1438 3899 1587 3972 (Uss.
1619 3901 1695 3970 ι).

344 3980 375 4023 δ
392 3971 659 4034 Joannem
682 3975 993 4029 Cassianum
1017 3973 1325 4042 alloquitur,
1349 3974 1435 4026 cui
1458 3971 1634 4026 adhuc
1654 3972 1863 4041 juveni,

272 4058 332 4107 et
358 4050 412 4103 in
442 4049 581 4103 sacri
610 4046 772 4101 studii
798 4056 853 4100 et
878 4045 1139 4099 doctrinas
1181 4044 1444 4099 tirociniis
1472 4043 1671 4112 agenti,
1703 4054 1865 4112 atque

272 4121 341 4176 ad
372 4135 556 4175 rerum
584 4118 889 4173 divinarum
919 4115 1281 4183 cognitionem
1316 4114 1614 4179 anhelanti,
1646 4115 1866 4169 tacitur-

273 4193 498 4248 nitatem
528 4199 584 4244 et
604 4190 899 4250 silentium,
927 4196 982 4240 ut
1022 4186 1256 4240 maxime
1292 4186 1626 4240 conveniens
1664 4200 1730 4239 ac
1774 4201 1866 4241 ne-

272 4262 602 4327 ccssarium,
630 4259 872 4314 studiose
901 4258 1264 4311 commendat.
1298 4258 1431 4321 Quis
1459 4270 1590 4309 vero
1616 4257 1866 4312 crederet

270 4334 593 4390 Cassianum
622 4330 677 4384 id
702 4330 768 4384 de
794 4331 977 4395 seipso
1010 4328 1346 4397 proditurum
1376 4337 1429 4381 et
1462 4328 1676 4394 scriptis
1715 4342 1867 4382 man-

274 4406 531 4460 daturum
558 4401 745 4465 iuisse,
769 4399 875 4457 nisi
901 4399 968 4454 ad
993 4398 1404 4453 aediﬁcationem
1432 4398 1866 4452 instructionem-

273 4491 385 4547 que
447 4474 722 4547 iuniorum
774 4470 1159 4547 monachorum
1209 4469 1508 4547 judicasset
1561 4468 1865 4547 expedire?

275 4540 728 4618 dueniadmodum
760 4543 876 4618 diu.
908 4541 1263 4618 Augustinum
1296 4540 1550 4618 Ecclesia:
1586 4540 1864 4618 doctorem

274 4612 536 4673 eximium
567 4615 760 4669 delicta
789 4614 1083 4682 iuventutis
1116 4628 1229 4666 suae
1269 4621 1322 4665 et
1364 4612 1700 4681 ignorantiae
1742 4625 1867 4665 suas

274 4690 331 4745 in
360 4689 513 4743 libris
536 4684 975 4749 Conlessionum,
1005 4685 1068 4737 ad
1103 4684 1193 4739 Dei
1224 4684 1470 4753 gloriam,
1503 4683 1585 4735 sui
1614 4682 1863 4736 humilia-

277 4761 484 4815 !iostem
530 4766 587 4812 et
628 4756 854 4810 aliorum
903 4756 1185 4809 utilitatem
1212 4793 1228 4817 ,
1278 4768 1537 4808 enarrare
1583 4756 1865 4822 patentque

1968 3560 2173 3599 murum
2198 3544 2261 3598 ab
2289 3546 2429 3597 omni
2457 3543 2692 3613 periculo
2720 3544 2937 3598 liberum
2960 3559 3162 3599 scrvare
3187 3544 3331 3611 cupis
3350 3584 3364 3605 ,
3402 3555 3553 3614 atque

1965 3615 2196 3669 hostibus
2222 3624 2267 3667 te
2296 3614 2501 3681 ﬁrmum
2525 3631 2585 3668 ac
2626 3614 2895 3669 robustum
2937 3615 3196 3669 ostendere
3218 3654 3234 3675 ,
3280 3614 3507 3685 linguam
3532 3659 3548 3685 ,

1963 3702 2121 3754 quam
2147 3687 2369 3739 maxime
2400 3687 2614 3754 poteris,
2642 3688 2694 3737 in
2736 3696 2979 3752 potestate
3005 3694 3131 3748 tene,
3168 3702 3197 3737 a
3222 3700 3321 3754 qua
3345 3698 3389 3738 et
3426 3689 3553 3741 cele-

1966 3774 2048 3811 res
2078 3767 2124 3812 et
2150 3759 2379 3826 ingentes
2404 3759 2569 3810 ruina:
2595 3756 2918 3826 contingunt.
2952 3754 3077 3826 Haec
3103 3755 3358 3809 Isidorus.
3385 3760 3550 3824 Cuius

1965 3829 2181 3884 salutari
2208 3825 2502 3883 inooitioae
2521 3825 2837 3883 Cassianum
2858 3825 2999 3881 haud
3024 3839 3208 3894 parum
3235 3826 3551 3897 proiecisse,

1966 3914 2030 3954 ac
2071 3900 2305 3967 linguam
2349 3899 2607 3966 deinceps
2651 3900 2705 3952 in
2730 3914 2826 3953 sua
2855 3908 3121 3966 potestate
3150 3902 3410 3963 tenuisse,
3440 3916 3552 3955 ma-

1965 3986 2235 4096 gnumque
2262 3970 2345 4024 ori
2376 3985 2474 4026 suo
2504 3971 2775 4026 silentium
2808 3969 3086 4034 indixisse,
3118 3970 3201 4024 vel
3228 3984 3292 4023 ex
3322 3968 3422 4025 hoc
3443 3971 3554 4026 col-

1990 4044 2215 4096 iaimus.
2260 4041 2401 4096 auod
2450 4042 2581 4096 alias
2629 4046 2789 4096 etiam
2817 4042 3147 4096 notavimus.
3179 4041 3320 4096 ouod
3353 4043 3464 4096 iere
3496 4042 3548 4096 in

1990 4044 2215 4112 timus,
2260 4041 2401 4110 quod
2450 4042 2581 4098 alias
2629 4046 2789 4097 etiam
2817 4042 3147 4104 notavimus,
3179 4041 3320 4109 quod
3353 4043 3464 4096 fere
3496 4042 3548 4096 in

1967 4111 2217 4169 omnibus
2248 4113 2330 4166 his
2359 4113 2753 4168 Collationibus
2776 4113 2951 4168 solum
2982 4111 3313 4166 Germanum
3343 4114 3552 4168 socium

1964 4198 2123 4240 suum
2153 4198 2272 4239 cum
2307 4185 2411 4239 illis
2461 4184 2711 4240 Patribus
2754 4183 3085 4238 collocutum
3135 4194 3553 4252 commemorat,

1964 4270 2086 4311 cum
2121 4256 2235 4325 ipse
2268 4256 2469 4311 interea
2498 4270 2731 4323 praesens
2758 4263 2810 4309 et
2838 4256 3134 4309 taciturnus
3166 4268 3264 4307 eos
3300 4253 3551 4319 audiret,
3590 4268 3615 4289 η

1964 4340 2267 4396 eorumque
2292 4327 2437 4382 dicta
2466 4338 2521 4381 et
2546 4339 2800 4394 responsa
2826 4325 3101 4379 memoria)
3127 4325 3553 4393 commendaret,

1967 4410 2087 4468 qua:
2114 4410 2301 4466 postea
2332 4398 2628 4452 litterarum
2657 4400 3023 4468 monumentis
3048 4397 3405 4468 consignavit.

2044 4480 2066 4507 ο
2097 4465 2272 4523 Locus
2303 4468 2612 4535 peculiaris,
2635 4467 2703 4520 de
2732 4467 2985 4535 religioso
3013 4465 3250 4528 silentio,
3275 4466 3554 4523 monachis

1965 4540 2239 4602 omnibus,
2271 4541 2507 4593 maxime
2532 4536 2837 4604 junioribus
2863 4545 2917 4590 et
2943 4551 3114 4590 sacrae
3150 4538 3407 4591 doctrinm
3436 4553 3554 4591 can—

1966 4610 2185 4670 didatis,
2217 4608 2513 4663 excolendo
2544 4616 2600 4660 et
2625 4607 2963 4661 observando
2983 4645 2999 4671 ,
3032 4606 3224 4674 dignus
3266 4618 3411 4661 certe
3461 4608 3553 4676 qui

1967 4680 2243 4735 nonnullis
2270 4681 2366 4732 SS.
2400 4680 2615 4734 Patrum
2655 4677 2934 4730 sententiis
2976 4684 3030 4729 et
3067 4678 3330 4745 exemplis
3364 4678 3553 4733 eodem

1964 4752 2333 4819 spectantibus
2358 4748 2714 4819 amplilicetur
2738 4758 2791 4801 et
2820 4747 3146 4812 illustretur;
3181 4762 3301 4801 cum
3328 4763 3554 4814 praeser-

273 4829 612 4902 duploraudo
638 4826 874 4897 proﬁteri
913 4842 1017 4879 non
1055 4825 1265 4915 puduit.
1303 4825 1474 4879 Porro
1508 4818 1865 4911 eamdem‘si-
1889 4856 1945 4915 Β
1969 4818 2066 4903 tim
2113 4823 2244 4875 alias
2278 4828 2597 4899 occurrente
2635 4818 2752 4898 ejus
2790 4820 3067 4915 mentique
3109 4830 3163 4871 et
3204 4819 3552 4915 commenda-

276 4897 430 4959 Ιώιῆ
458 4902 629 4969 legem
650 4898 911 4952 Cassiano
935 4897 1202 4969 monacho
1223 4897 1451 4969 (nostro,
1478 4905 1537 4950 ut
1566 4910 1712 4963 reor,
1736 4897 1864 4948 Cas-

274 4971 488 5037 siano),
514 4967 723 5039 utpote
776 4983 875 5023 suo
919 4967 1186 5039 quondam
1234 4967 1375 5034 apud
1419 4968 1862 5039 Chrysostomum

274 5042 538 5100 familiari
580 5037 799 5107 collega
845 5050 900 5095 et
946 5038 1347 5107 condiscipulo,
1393 5037 1751 5107 gravissimus
1778 5037 1869 5092 ille

272 5118 533 5186 idemne
565 5110 938 5186 sanctissimus
965 5110 1212 5186 Isidorus
1223 5108 1539 5186 Pelusiotes‘
1551 5110 1695 5186 serio
1716 5122 1871 5186 com—

270 5179 555 5242 mendavit
580 5181 721 5252 (Lib.
742 5197 793 5242 ι,
820 5183 966 5253 epist.
998 5180 1254 5253 509Aedit.
1284 5179 1577 5253 Billienus),
1618 5180 1746 5253 dum
1784 5179 1870 5234 ni-

273 5259 444 5313 miam
489 5250 607 5324 eius
644 5250 980 5308 dicacitatem
1015 5258 1073 5306 et
1116 5250 1309 5320 lingua
1357 5251 1864 5324 intemperantiam,

274 5330 333 5384 in
369 5330 486 5398 ipso
517 5323 819 5394 prasertim
847 5324 974 5380 vita
1001 5324 1311 5378 monastica
1343 5323 1589 5376 tirocinio
1608 5364 1623 5387 ,
1662 5323 1869 5376 notavit

274 5408 334 5457 et
374 5397 615 5454 coercuit
650 5395 732 5450 his
767 5396 835 5448 ad
863 5410 987 5449 eum
1016 5393 1270 5461 scriptis:
1301 5391 1375 5445 Te
1398 5392 1651 5445 caducam
1676 5400 1724 5445 et
1751 5408 1868 5445 cor-

274 5470 515 5545 ruptioni
544 5466 815 5521 obnoxiam
840 5467 993 5545 vitam
1020 5466 1210 5545 fugisse
1241 5473 1392 5531 atque
1428 5466 1496 5545 ad
1525 5464 1867 5545 monasticam

276 5536 508 5600 studium
533 5554 686 5593 cursu
712 5537 1032 5592 contendisse
1055 5536 1232 5596 audio,
1267 5546 1417 5606 atque
1456 5537 1663 5588 interim
1701 5544 1867 5588 tamen

441 5625 552 5667 cent
597 5624 661 5663 ac
709 5610 1020 5677 petulantem
1067 5606 1299 5675 linguam
1352 5605 1533 5660 habere
1576 5623 1637 5659 ac
1686 5613 1870 5659 temere

299 5689 447 5757 oqul.
475 5680 630 5749 Quod
656 5680 865 5757 quidem
890 5677 1021 5757 nihil
1050 5678 1196 5732 aliud
1219 5684 1294 5730 est
1332 5691 1487 5757 quam
1527 5693 1741 5757 murum.
1776 5677 1867 5744 ﬁr-

276 5695 447 5757 loqul.
475 5695 629 5749 quod
656 5695 865 5804 ﬁdem
890 5695 1021 5733 num
1050 5695 1195 5732 auua
1219 5695 1294 5730 est
1332 5695 1487 5747 quam
1527 5695 1741 5757 murum.
1776 5695 1867 5744 pr.

273 5768 423 5813 usum
463 5763 631 5824 atque-
731 5748 893 5805 stilos
930 5750 1244 5804 inaccessum
1283 5755 1589 5824 exstruere,
1643 5748 1871 5824 ipsisque

273 5837 484 5896 portant
512 5819 583 5879 ea
612 5820 897 5897 ingressum
925 5830 1156 5893 apertam
1199 5819 1503 5890 relinquere.
1544 5819 1695 5885 Quod
1736 5822 1780 5875 si
1820 5823 1869 5873 et

1970 4894 2140 4957 tione,
2167 4908 2284 4946 eam
2319 4891 2693 4945 tractationem
2725 4889 2778 4942 in
2806 4886 2949 4941 hunc
2979 4887 3150 4941 locum
3191 4889 3551 4943 retttlcrlmus.

1970 4964 2123 5031 Quod
2152 4963 2315 5031 igitur
2341 4962 2408 5014 ad
2446 4959 2742 5015 sententias
2774 4958 3004 5031 Patrum
3056 4958 3243 5011 attinet
3267 4997 3307 5031 ,Α
3331 4974 3452 5012 cum
3504 4961 3555 5014 in

1972 5028 2075 5088 line
2122 5028 2320 5099 genere
2370 5034 2664 5088 innumera
2708 5030 2886 5086 allerri
2917 5038 3171 5099 possent,
3200 5028 3342 5081 nulla
3378 5038 3555 5084 tamen

1975 5050 2075 5088 nnc
2157 5050 2320 5088 enere
2370 5050 2664 5088 mnumerzn
2708 5050 2886 5086 auerrl
2917 5050 3171 5099 possunt,
3200 5050 3342 5081 "una
3378 5050 3555 5084 tanien

1975 5104 2098 5179 huic
2122 5050 2244 5160 loco
2284 5101 2737 5179 accommodatior
2784 5110 2840 5179 et_
2871 5099 3203 5179 gumulatior
3248 5115 3409 5179 quam
3460 5099 3557 5179 du.

1973 5176 2144 5231 ctrina
2190 5176 2438 5229 sanctiss.
2472 5173 2642 5227 Patris
2674 5172 2844 5227 nostri
2871 5170 3167 5234 Benedicti,
3193 5170 3305 5238 qui,
3345 5170 3553 5226 descri-

1974 5257 2061 5317 pta
2086 5256 2138 5299 et
2169 5245 2477 5314 praescripta
2502 5243 2812 5317 monasticae
2838 5241 3397 5317 obedientimlnornta,
3424 5242 3556 5297 nihil

1978 5311 2121 5387 prius
2149 5311 2335 5371 habuit
2360 5311 2518 5385 quam
2552 5324 2610 5368 ut
2632 5313 3103 5387 discipulos‘suos,
3134 5311 3185 5366 id
3214 5322 3332 5376 est,
3374 5326 3557 5368 emno-

1973 5383 2130 5453 hitas,
2162 5388 2227 5441 ad
2258 5383 2633 5442 taciturnitatis
2658 5394 2711 5438 et
2737 5383 2936 5453 silentii
2966 5383 3199 5453 studium
3233 5392 3551 5453 et_aniorem

1975 5450 2249 5523 invitaret,
2276 5459 2345 5512 ita
2390 5457 2683 5511 exhortans
2715 5452 2869 5523 (Cap.
2906 5456 2938 5508 6
2968 5451 3203 5524 Regulae)
3232 5471 3243 5507 :
3279 5450 3557 5509 Faciamus

1971 5531 2109 5601 quod
2136 5530 2205 5583 ait
2236 5532 2483 5601 propheta
2511 5543 2528 5581 :
2558 5527 2705 5589 Dixi,
2732 5525 3019 5601 custodiam
3045 5526 3153 5601 uias
3178 5540 3339 5585 meas,
3370 5536 3436 5601 ut
3455 5543 3557 5580 non

1972 5594 2267 5671 delinquant
2315 5594 2369 5653 in
2413 5600 2589 5666 lingua
2628 5612 2757 5651 mea.
2800 5594 3071 5671 Posuiori
3099 5612 3209 5671 meo
3238 5598 3555 5671 custodiam;

1972 5664 2199 5727 obmutui
2213 5716 2228 5734 .
2256 5679 2303 5732 et
2341 5664 2638 5724 humiliatus
2677 5683 2821 5729 sum,
2863 5676 2911 5718 et
2949 5664 3071 5720 silui
3113 5682 3144 5717 a
3190 5664 3331 5719 bonis
3379 5667 3553 5735 (Psal.

1972 5745 2213 5811 xxxvtu).
2266 5743 2365 5796 Hic
2413 5738 2630 5794 ostendit
2674 5736 2936 5811 Propheta
2962 5780 2979 5811 ,Α
3003 5736 3047 5790 si
3077 5753 3109 5789 a
3150 5735 3294 5789 bonis
3340 5735 3560 5806 eloquiis

1971 5807 2228 5871 interdum
2246 5822 2457 5886 propter
2476 5810 2877 5867 taciturnitatem
2898 5807 3040 5864 debet
3069 5817 3233 5863 tacere
3253 5811 3559 5872 monachus,
