4078 6332
481 303 587 365 967

1541 306 1814 369 IOANNIS
1848 308 2164 372 CASSIANI
2201 313 2677 372 COLLATIONES

3655 315 3761 377 968

482 438 754 480 summum
802 422 884 481 ori
928 431 1021 481 tuo
1060 423 1355 482 silentium.
1401 423 1501 480 Hic
1550 434 1634 481 est
1672 427 1817 482 enim
1863 428 2069 498 primus
2093 432 2146 494 Α
2173 443 2326 485 cesse
2353 437 2438 484 est
2466 438 2524 484 ut
2549 429 2669 484 aliis
2693 443 2906 499 quoque
2931 435 2986 485 et
3020 429 3254 485 maxime
3299 427 3572 501 superbiae
3617 433 3764 490 vitiis

481 517 782 589 disciplinae
827 518 1050 574 actualis
1097 519 1370 588 ingressus
1405 534 1419 572 :
1470 517 1652 573 Omnis
1689 519 1889 590 quippe
1919 520 2066 575 labor

484 611 706 666 hominis
743 613 798 666 in
827 627 914 666 ore
940 611 1104 681 ipsius
1142 609 1367 683 (Eccles.
1393 609 1504 681 vt),
1549 621 1603 666 et
1629 620 1687 667 ut
1712 614 1950 669 omnium
1980 629 2067 670 se-

480 707 693 763 niorum
736 706 976 762 instituta
1027 716 1187 776 atque
1232 707 1530 763 sententias
1570 707 1778 762 intento
1822 707 1987 763 corde
2013 717 2068 763 et

480 801 630 871 quasi
677 807 826 855 muto
871 815 967 855 ore
1011 799 1308 869 suscipias;
1357 814 1421 855 ac
1449 799 1737 870 diligenter
1764 801 1820 855 in
1851 808 2067 870 pectore

480 906 576 952 tuo
603 895 872 962 condens,
916 893 983 950 sd
1015 893 1347 964 perﬁcienda
1395 909 1455 949 ea
1485 895 1661 965 potius
1687 910 1845 965 quam
1874 894 1941 949 ad
1973 893 2068 947 do-

477 990 654 1046 cenda
681 990 920 1046 festines.
977 988 1062 1043 Ex
1103 989 1206 1044 hoc
1234 988 1376 1044 enim
1405 987 1719 1043 cenodoxiae
1770 986 2067 1057 perniciosa

474 1082 848 1151 praesumptio,
879 1095 945 1134 ex
970 1079 1061 1133 illo
1091 1086 1267 1133 autem
1299 1078 1502 1132 fructus
1533 1077 1794 1147 spiritalis
1825 1075 2068 1131 scientiae

475 1173 838 1244 pullulabunt.
868 1171 1010 1227 Nihil
1039 1171 1218 1240 itaque
1241 1171 1294 1224 in
1322 1169 1611 1224 collatione
1640 1169 1912 1222 seniorum
1944 1182 2069 1238 pro-

475 1265 622 1322 ferre
650 1265 880 1330 audeas,
911 1263 1012 1318 nisi
1043 1261 1188 1333 quod
1220 1262 1553 1330 interrogare
1585 1268 1637 1314 te
1671 1269 1762 1313 aut
1803 1259 2068 1328 ignoratio

477 1360 721 1414 nocitura
739 1398 756 1423 ,
785 1365 876 1411 aut
896 1355 1038 1410 ratio
1067 1353 1389 1409 necessaria:
1414 1351 1741 1422 cognitionis
1771 1351 2066 1421 impulerit,

476 1457 538 1504 ut
561 1449 774 1519 quidam
801 1462 954 1502 vanm
979 1446 1164 1517 gloriae
1191 1459 1377 1500 amore
1406 1444 1659 1510 distenti,
1694 1458 1797 1514 pro
1827 1453 2071 1500 ostenta-

478 1540 626 1596 tione
655 1539 917 1595 doctrinte
943 1583 958 1608 ,
1000 1552 1062 1593 ea
1092 1552 1212 1607 quae
1241 1536 1445 1605 optime
1487 1545 1686 1590 norunt
1735 1535 2071 1604 interrogare

477 1647 537 1688 se
561 1632 831 1688 simulant.
862 1629 1201 1700 lmpossibile
1230 1629 1374 1682 enim
1401 1635 1484 1682 est
1507 1642 1629 1682 eum
1661 1627 1751 1696 qui
1789 1625 2069 1697 proposito

477 1724 817 1796 acquirendae
845 1723 1020 1778 laudis
1059 1721 1329 1785 humanae,
1353 1719 1531 1774 studio
1569 1719 1820 1774 lectionis
1846 1718 2067 1783 insistit,

2167 522 2453 592 obligetur,
2481 531 2535 578 et
2562 521 2634 576 ita
2663 521 2718 576 in
2751 521 2946 576 actuali
2977 531 3138 592 atque
3169 521 3344 577 ethica
3371 523 3760 594 congressione

2166 624 2483 685 prostratus,
2517 613 2798 669 scientiam
2833 613 3128 683 spiritalem
3156 630 3276 685 quae
3305 630 3372 670 ex
3417 631 3478 671 ea
3523 623 3764 674 nascitur

2168 704 2390 761 minime
2419 713 2804 775 consequetur.
2849 705 2980 762 Esto
3013 720 3143 776 ergo
3181 721 3279 778 per
3316 708 3498 762 omnia
3530 710 3660 764 citus
3691 710 3764 764 ad

2169 797 2508 862 audiendum,
2544 799 2722 853 tardus
2749 807 2920 853 autem
2955 800 3024 853 ad
3061 801 3374 868 loquendum
3416 801 3554 872 (Jac.
3587 803 3627 873 ι)
3648 850 3662 874 ,
3695 820 3766 861 ne

2172 890 2332 944 cadat
2357 891 2410 945 in
2441 901 2492 946 te
2516 891 2647 946 illud
2678 892 2822 961 quod
2853 901 3071 947 notatur
3106 907 3134 946 a
3170 893 3458 950 Salomone
3486 912 3501 949 :
3535 904 3562 933 ⁸
3596 895 3657 952 Si
3690 899 3766 950 vi-

2171 981 2308 1036 deris
2336 982 2500 1035 virum
2536 982 2755 1036 velocem
2797 984 2852 1037 in
2881 984 3043 1038 verbis
3065 1025 3082 1051 ,
3113 987 3242 1039 scito
3282 987 3404 1055 quia
3429 1003 3575 1056 spem
3613 987 3768 1042 habet

2168 1073 2416 1143 insipiens
2472 1075 2635 1147 magis
2672 1092 2827 1146 quam
2863 1076 2954 1130 ille
3001 1075 3178 1148 (Prov.
3213 1078 3392 1148 uix).
3438 1079 3549 1136 Nec
3577 1095 3770 1151 quern-

2171 1179 2330 1234 quam
2361 1165 2539 1221 verbis
2565 1169 2766 1223 docere
2797 1183 3113 1236 prmsumas,
3143 1171 3284 1239 quod
3311 1186 3475 1239 opere
3501 1183 3630 1227 ante
3656 1187 3765 1228 non

2171 1259 2382 1315 feceris.
2411 1259 2562 1316 Hunc
2580 1261 2722 1316 enim
2752 1276 2849 1317 nos
2869 1262 3112 1317 ordinem
3139 1273 3323 1319 tenere
3343 1263 3564 1330 debere,
3592 1268 3754 1320 etiam

2170 1351 2432 1420 exemplis
2468 1352 2581 1407 suis
2618 1353 2878 1409 Dominus
2917 1363 3101 1410 noster
3140 1354 3401 1421 instituit,
3434 1357 3502 1410 de
3544 1374 3653 1428 quo
3681 1358 3755 1413 ita

2171 1441 2366 1500 dicitur
2400 1461 2412 1494 :
2453 1443 2580 1510 Quae
2613 1445 2762 1516 coepit
2792 1443 2945 1500 Iesus
2972 1447 3141 1517 facere
3170 1457 3216 1500 et
3257 1446 3436 1501 docere
3469 1449 3670 1519 (Actor.
3700 1449 3764 1520 t).

2171 1532 2313 1590 Cave
2337 1549 2467 1604 ergo
2493 1549 2560 1590 ne
2588 1543 2714 1589 ante
2739 1545 2918 1590 actum
2943 1537 3226 1605 prosiliens
3252 1538 3316 1591 ad
3347 1539 3683 1604 docendum,
3712 1541 3769 1597 in

2171 1627 2386 1681 illorum
2436 1641 2658 1682 numero
2705 1627 3016 1698 deputeris,
3057 1627 3126 1683 de
3153 1629 3356 1700 quibus
3385 1631 3438 1684 in
3473 1630 3771 1702 Evatigulio

2173 1717 2429 1773 Dominus
2459 1719 2524 1773 ad
2562 1719 2856 1788 discipulos
2907 1735 3034 1775 suos
3068 1720 3308 1791 loquitur
3357 1738 3371 1775 :
3421 1722 3550 1786 Qua:
3587 1723 3772 1778 dicunt

478 1819 686 1873 donum
714 1831 856 1871 verte
891 1815 1131 1870 scientia:
1173 1813 1490 1883 promereri.
1536 1811 1670 1866 Nam
1700 1811 1791 1882 qui
1819 1810 1920 1866 hac
1946 1825 2067 1876 pas-
2097 1821 2146 1883 Β
2173 1812 2310 1866 vobis
2334 1821 2524 1866 servate
2552 1820 2598 1866 et
2630 1813 2800 1884 facite,
2829 1814 3111 1867 secundum
3139 1829 3296 1882 opera
3325 1830 3440 1868 vero
3468 1831 3642 1868 eorum
3669 1832 3770 1869 no-

478 1909 630 1964 sione
679 1908 918 1964 devictus
965 1905 1130 1979 [Lips.
1163 1904 1218 1958 in
1245 1919 1415 1977 marg.
1444 1900 1748 1975 devinctus]
1799 1912 1918 1972 est,
1967 1917 2064 1959 ne-

2169 1901 2258 1958 lite
2285 1904 2451 1974 facere
2476 1920 2496 1960 :
2523 1903 2702 1959 dicunt
2719 1905 2856 1959 enim
2878 1913 2926 1959 et
2954 1921 3057 1960 non
3086 1907 3304 1976 faciunt.
3337 1905 3571 1977 Alligant
3593 1915 3771 1962 autem

1533 2061 1790 2119 ALARDI
1832 2062 2066 2120 GAZEI
2098 2061 2671 2120 COMMENTARIUS.

480 2216 671 2278 quanto
698 2203 938 2278 magis_a
971 2200 1122 2256 malis
1161 2198 1324 2278 verbis
1373 2205 1580 2268 prapter
1627 2213 1826 2278 plenam
1876 2197 2071 2267 peccati

482 2267 624 2332 debet
651 2267 886 2331 cessare!
919 2273 974 2327 In
1005 2287 1124 2341 quae
1169 2269 1332 2341 verba
1369 2267 1740 2341 commentans
1776 2267 2070 2341 Tittrrecre-

482 2359 678 2408 matus,
706 2346 891 2401 decem
920 2339 1156 2398 rationes
1185 2339 1342 2394 affert
1369 2339 1438 2393 ob
1463 2354 1596 2408 quas
1631 2339 1830 2393 silentii
1855 2347 1911 2393 et
1944 2341 2070 2393 taci-

480 2418 751 2473 turnitatis
776 2415 1010 2482 gravitas
1039 2411 1310 2480 religiosis
1343 2411 1613 2482 praecipue
1639 2410 1869 2482 amanda
1911 2410 2008 2475 sit,
2038 2425 2069 2465 e

480 2491 675 2558 quibus
726 2480 954 2556 quatuor
1001 2484 1280 2558 dumtaxat
1326 2480 1626 2549 praecipuas
1677 2488 1733 2535 et
1776 2481 1902 2535 huic
1947 2482 2068 2535 loco

479 2555 640 2629 quem
694 2555 988 2629 tractamus
1042 2555 1274 2629 maxime
1325 2562 1747 2629 consentaneas
1780 2559 2070 2629 annotasse

479 2620 754 2685 suffecerit
778 2647 791 2682 :
829 2627 1028 2692 Primo,
1063 2625 1259 2693 inquit,
1288 2623 1408 2691 quia
1435 2638 1524 2690 per
1551 2623 1698 2675 illam
1727 2620 1894 2693 homo
1917 2625 2070 2675 evitat

478 2701 642 2755 multa
668 2708 896 2767 peccata,
921 2711 1037 2767 quia
1062 2711 1124 2767 es:
1142 2691 1609 2767 iloqua_citate__oriri
1635 2691 1916 2767 solentsEt
1939 2693 2070 2767 [satis

480 2762 691 2826 causam
736 2762 945 2823 inducit
983 2767 1046 2823 S.
1091 2762 1248 2818 Pater
1292 2762 1616 2830 Benedictus,
1648 2780 1764 2816 cum
1792 2765 1905 2817 ait:
1935 2764 2070 2829 Quia

478 2844 880 2916 scriptumests
923 2837 992 2892 In
1038 2835 1365 2916 multiloquio
1403 2851 1524 2916 [non-
1553 2833 1766 2916 eiugies
1810 2846 2072 2916 peccatum

481 2903 668 2984 (Prov.
697 2913 776 2982 ι).
800 2909 1054 2984 Climacus
1079 2909 1134 2984 in
1162 2906 1292 2984 librq
1309 2904 1372 2960 de
1399 2904 1558 2984 Scala
1584 2903 1880 2984 Spirituali,
1906 2905 2071 2984 gradu

479 2973 571 3052 ii,
601 2984 688 3056 qui
711 2973 784 3037 est
814 2983 879 3035 de
899 2979 1238 3050 loquacitate:
1260 2973 1587 3056 Loquacitas,
1622 2973 1811 3056 inquit,
1832 2986 1902 3030 est
1925 2976 2074 3045 igno-

477 3046 660 3109 rantiae
688 3064 881 3106 certum
909 3046 1297 3120 argumentum,
1340 3046 1668 3120 detractionis
1695 3048 1892 3120 ianua,
1924 3063 2072 3120 scur-

478 3126 688 3180 rilitatis
708 3123 837 3185 dum,
860 3112 1111 3176 mendacii
1137 3112 1334 3188 apiféx,
1365 3117 1771 3183 compunctionis
1801 3115 2070 3182 desolatio,

481 3197 675 3250 decdite
702 3203 882 3248 auctor
910 3208 1015 3246 sive
1035 3191 1309 3255 evocatrim,
1335 3189 1499 3242 somni
1530 3201 1842 3258 praecursor,
1863 3189 2074 3242 intenta:

480 3269 700 3338 ﬁxitque
723 3263 1044 3338 cegitationis
1071 3261 1361 3338 dissipatio,
1393 3259 1640 3338 custodiat:
1673 3259 2035 3338 exterminatio
2056 3299 2070 3324 ,

480 3284 602 3337 ιιπω
638 3284 700 3320 ue
723 3284 1044 3338 Cogitatum”
1071 3284 1361 3332 atutputw,
1394 3284 1640 3312 σιιδιυαιω
1675 3284 2035 3312 exterminant)
2056 3299 2070 3324 ,

480 3348 531 3392 et
567 3284 682 3392 ityeo
719 3337 844 3390 bene
881 3335 1069 3388 dicitur
1104 3329 1454 3385 Ecclesiastici
1478 3345 1550 3384 x:
1582 3327 1685 3393 Qui
1709 3329 1885 3384 multis
1914 3330 2076 3383 utitur

482 3409 670 3475 verbis,
699 3408 840 3462 laedit
875 3405 1101 3458 animam
1126 3417 1296 3475 suam.
1329 3400 1570 3475 Secunda
1587 3415 1765 3475 causa,
1797 3402 1918 3475 quia
1947 3402 2076 3475 taci-

481 3471 700 3532 turnitas
727 3479 941 3531 multum
964 3473 1195 3528 convenit
1219 3471 1376 3525 statui
1403 3481 1449 3524 et
1469 3471 1750 3524 conditioni
1790 3472 2068 3540 discipulo-

480 3566 636 3616 rum;
662 3546 951 3616 cujusmodi
972 3553 1090 3599 sunt
1111 3544 1209 3598 viri
1231 3542 1479 3616 religiosi,
1512 3542 1676 3616 quiin
1705 3540 1881 3616 scitula
1906 3543 2073 3616 virtu-

483 3629 592 3674 tum
616 3611 865 3674 'eon'tinue
905 3632 960 3670 se
997 3623 1250 3670 exercent.
1295 3611 1434 3667 Nam
1471 3622 1526 3664 ut
1564 3612 1688 3665 dicit
1731 3611 1981 3667 Sidonius
2019 3614 2073 3666 in

481 3691 632 3757 epist.
676 3691 767 3752 21,
815 3685 1144 3758 Pythagoras
1190 3683 1573 3758 advenientibus
1618 3681 1887 3758 discipulis
1932 3684 2076 3754 prius

483 3753 672 3832 legitur
710 3753 909 3832 tacendi
939 3753 1238 3832 patientiam
1279 3770 1431 3826 quam
1475 3753 1723 3832 loqusndi
1769 3753 2075 3832 monstrasse

483 3823 792 3886 d5ctrinam.
825 3829 893 3884 Et
916 3823 970 3880 tit
997 3829 1067 3880 ait
1099 3823 1443 3896 Hieronymus
1468 3824 1522 3877 in
1542 3823 1694 3896 epist.
1727 3823 1796 3876 ad
1825 3823 2076 3894 Nepotia-

484 3918 648 3956 num:
676 3901 1018 3972 Hippocrates
1043 3894 1632 3972 adjuravit‘discipulos,
1673 3903 1950 3972 antequam
1991 3912 2076 3972 eos

483 3973 707 4037 doceret,
738 3965 866 4025 etin
893 3969 1041 4023 verba
1068 3965 1163 4021 sua
1185 3969 1366 4036 jurare
1394 3965 1675 4037 compulit,
1713 3972 1761 4037 et
1791 3967 2076 4037 iuramenti

483 4035 701 4096 extorsit
724 4040 1002 4094 silentium.
1036 4038 1101 4092 Et
1130 4035 1264 4091 hanc
1285 4037 1536 4090 rationem
1563 4035 1758 4088 inducit
1782 4035 1848 4089 Β.
1880 4035 1947 4089 P.
1975 4035 2075 4089 Be-

482 4113 712 4166 nedictus
736 4111 947 4164 dicens:
979 4108 1118 4163 Nam
1149 4109 1290 4178 loqui
1319 4118 1364 4161 et
1391 4107 1573 4160 docere
1611 4106 1911 4178 magistrum
1948 4121 2076 4160 con-

483 4182 649 4250 decet,
681 4192 848 4235 tacere
876 4189 922 4233 et
952 4180 1133 4234 audire
1154 4175 1409 4249 discipulo
1431 4178 1687 4250 convenit.
1699 4175 1892 4230 ’Tertia
1917 4179 2072 4250 ratio,

485 4254 609 4323 quia
637 4247 737 4306 hoc
756 4267 1026 4323 exposcere
1047 4249 1246 4323 videtur
1271 4247 1442 4317 ipsum
1459 4247 1689 4323 religiosi
1708 4262 1913 4323 nomen,
1938 4249 2075 4323 quod

482 4316 515 4376 ἀ
545 4316 1081 4393 γειὶθαηιέόρνίρὶηειη
1107 4319 1284 4393 traaiit,
1310 4316 1909 4393 teste_beat'o_Augustino
1931 4316 2071 4393 (Lib.

484 4395 548 4446 de
584 4388 719 4447 VEra
750 4388 1017 4462 Religione
1047 4408 1160 4462 cap.
1195 4390 1291 4455 55,
1319 4390 1497 4462 etlib.
1537 4400 1558 4444 ι
1595 4389 1824 4462 Retract.
1871 4406 1917 4442 c.
1965 4388 2073 4462 iis),

483 4474 539 4517 ut
567 4464 701 4518 illud
725 4464 779 4516 in
802 4461 983 4534 primis
1007 4461 1289 4534 membrum
1315 4461 1762 4534 religarestudeas
1788 4462 1927 4534 quod
1954 4461 2078 4534 rgli-

485 4537 691 4605 gationc
718 4529 941 4605 mairime
957 4549 1084 4605 opus
1105 4533 1275 4605 habet,
1305 4529 1487 4598 nempe
1514 4531 1764 4601 linguam.
1804 4529 1953 4584 Unde
1975 4530 2077 4605 Sa_-

484 4602 628 4676 piens
657 4611 866 4676 monet__:
900 4602 1076 4676 Verbis
1106 4604 1204 4676 tuis
1236 4604 1391 4676 facito
1419 4611 1683 4676 stateram,
1707 4605 1948 4676 et‘frenos
1971 4603 2076 4676 oris

487 4669 564 4728 tui
592 4684 776 4730 rectos.
805 4673 875 4728 Et
904 4669 1321 4744 religiosissimus
1350 4672 1517 4744 David
1547 4683 1656 4726 orat
1681 4689 1699 4726 :
1737 4669 1887 4744 Pone
1905 4717 1919 4741 ,
1965 4671 2074 4725 Do-

483 4747 640 4808 mine,
673 4747 960 4799 custodiam
989 4741 1065 4798 ori
1085 4759 1197 4796 meo
1233 4742 1405 4812 (Psal.
1436 4743 1549 4812 cs),
1581 4753 1684 4798 etc.
1729 4741 1919 4796 Beatus
1959 4757 2075 4797 vers

483 4815 710 4870 Iacobus
756 4818 1145 4886 peremptorium
1182 4814 1278 4884 fert
1314 4812 1740 4886 sen_tentiam:__Si
1767 4815 1882 4883 quis
1908 4823 2076 4866 autem

2173 2198 2277 2270 div.
2311 2197 2658 2269 Hieronymus
2687 2197 2740 2270 in
2765 2197 2915 2267 epist.
2944 2199 3016 2270 ad
3044 2197 3385 2270 Eustochium
3415 2197 3609 2270 (Epist.
3646 2201 3770 2270 ἓξ).

2173 2269 2441 2342 Hactenus
2466 2269 2748 2342 sententiae
2774 2278 2830 2323 et
2857 2269 3089 2342 rationes
3118 2269 3598 2342 aﬂTurrecremato
3642 2289 3775 2342 pro-

2173 2339 2350 2413 dun-tm
2375 2339 2443 2394 de
2467 2340 2682 2413 silentio
2714 2339 3120 2413 monachorum.
3150 2341 3267 2396 Jam
3300 2351 3357 2394 ut
3397 2343 3465 2413 ad
3511 2339 3765 2413 exempla

2175 2410 2390 2464 Patrum
2423 2411 2720 2476 veniamus,
2749 2412 2842 2480 qui
2883 2411 3152 2478 silentium
3200 2412 3497 2467 arctissime
3541 2415 3592 2467 in
3642 2410 3774 2469 reli-

2171 2483 2324 2550 giosa
2355 2485 2458 2534 vita
2484 2484 2760 2537 eremitica
2786 2481 2871 2534 vel
2900 2481 3216 2535 cmnohitica
3257 2484 3557 2546 coluerunt,
3598 2483 3773 2540 babes

2174 2552 2439 2618 imprimis
2461 2552 2512 2606 in
2539 2551 2677 2608 Vitis
2700 2552 2915 2607 Patrum
2939 2551 3259 2616 discipulum
3287 2554 3346 2607 S.
3381 2553 3598 2609 Antonii
3629 2555 3774 2610 Paue

2174 2624 2282 2676 lum
2315 2621 2653 2695 Simplicem,
2679 2624 2768 2692 qui
2793 2622 2864 2676 ob
2891 2623 3082 2695 linguas
3109 2624 3342 2695 lapsum,
3377 2625 3502 2692 quia
3532 2628 3767 2695 quaesie-

2175 2703 2256 2747 rat
2285 2707 2407 2763 num
2439 2692 2686 2748 Christus
2726 2702 2850 2747 ante
2895 2694 3185 2762 prophetas
3234 2694 3495 2763 vixisset,
3547 2692 3772 2752 triennii

2174 2762 2444 2817 silentium
2473 2766 2550 2817 ori
2583 2777 2682 2817 suo
2723 2763 2941 2826 indixit;
2987 2773 3042 2818 et
3086 2763 3421 2833 Agathonem
3467 2766 3716 2821 abbatem
3751 2811 3769 2833 ,

2175 2834 2265 2904 qui
2308 2835 2489 2903 lapillo
2530 2835 2608 2888 ori
2662 2836 2913 2903 imposito
2957 2843 3133 2889 tacere
3176 2835 3383 2900 didicit,
3415 2846 3468 2890 et
3497 2839 3562 2890 ad
3591 2853 3773 2894 annos

2176 2915 2286 2959 tres
2306 2906 2475 2960 siluit.
2502 2904 2700 2958 Pambo
2720 2904 2799 2958 vel
2826 2905 3051 2958 Pambus
3071 2905 3250 2968 abbas,
3275 2916 3334 2960 ut
3355 2916 3440 2960 est
3461 2909 3509 2961 in
3531 2908 3772 2964 Historia

2175 2975 2460 3044 Tripartitu
2486 2975 2625 3046 (Lib.
2651 2992 2742 3030 vm
2765 2990 2809 3028 c.
2836 2975 2914 3045 l),
2944 2992 3059 3029 cum
3080 2977 3190 3028 sine
3219 2977 3398 3029 litteris
3424 2988 3568 3039 esset,
3596 2995 3775 3033 acces-

2173 3047 2238 3100 sit
2264 3047 2332 3098 ad
2363 3048 2631 3117 quemdam
2662 3056 2717 3100 ut
2747 3047 3016 3099 doceretur
3041 3047 3316 3116 psalmum.
3352 3046 3418 3100 Et
3449 3065 3559 3102 cum
3586 3052 3774 3104 audis-

2175 3126 2251 3170 set
2279 3119 2502 3188 primum
2530 3133 2726 3171 versum
2754 3118 2939 3186 psalmi
2963 3118 3211 3188 trigesimi
3248 3121 3410 3171 octavi
3433 3135 3450 3172 :
3481 3118 3634 3186 Dixi,
3671 3138 3777 3175 cu-

2174 3188 2393 3261 stodiant
2436 3189 2543 3242 vias
2585 3204 2722 3242 meas
2745 3231 2760 3253 ,
2808 3197 2864 3241 ut
2891 3204 2991 3241 non
3023 3188 3319 3258 delinquam
3347 3191 3401 3242 in
3426 3189 3602 3260 lingua
3629 3209 3772 3261 mea,

2175 3259 2453 3312 secundum
2482 3275 2679 3313 versum
2708 3275 2810 3312 non
2847 3275 3029 3329 passus
3069 3268 3142 3312 est
3187 3260 3398 3328 audire,
3445 3260 3615 3315 dicens
3642 3279 3661 3316 :
3704 3259 3776 3318 Si

2178 3339 2388 3397 potuero
2413 3346 2562 3397 opere
2581 3333 2676 3383 hoc
2702 3329 2935 3397 implere,
2959 3331 3040 3382 hic
3062 3346 3236 3383 versus
3261 3334 3614 3386 tantummodo
3641 3333 3777 3388 mihi

2177 3401 2404 3469 sufﬁciet.
2433 3399 2600 3454 Multo
2620 3400 2804 3473 deinde
2825 3410 3172 3473 temporepost
3196 3416 3444 3466 reversus,
3469 3419 3586 3455 cum
3607 3405 3778 3458 inter-

2176 3481 2464 3543 rogaretur,
2493 3488 2584 3543 cur
2607 3472 2803 3543 tamdiu
2829 3471 2897 3543 ad
2907 3471 3228 3543 magistrum
3253 3473 3423 3525 redire
3456 3473 3770 3543 distulisset,

2179 3541 2403 3595 nondum
2425 3558 2478 3594 se
2495 3542 2626 3595 illud
2644 3541 2782 3612 quod
2804 3542 3054 3594 didicerat
3076 3545 3347 3612 perfecisse
3367 3544 3517 3596 dixit.
3544 3541 3774 3599 Ammo-

2179 3612 2474 3677 nius,teste
2500 3611 2736 3684 Palladio
2763 3611 3341 3684 (Lausiac.48),’pater
3372 3623 3452 3667 ter
3483 3614 3631 3670 mille
3654 3633 3774 3669 ino-

2179 3685 2471 3737 nachorum
2497 3682 2947 3749 Tabennensium,
2979 3692 3184 3737 tantum
3217 3698 3335 3736 cum
3370 3685 3475 3738 illis
3513 3689 3774 3742 exercuit

2176 3752 2469 3827 silentium,
2500 3761 2559 3807 ut
2587 3753 2898 3808 viderentur
2928 3755 3132 3827 essein
3163 3754 3482 3827 solitudine,
3518 3772 3774 3827 unoquo-

2175 3838 2280 3891 que
2300 3825 2507 3879 occulte
2527 3833 2814 3893 peragente
2835 3837 2992 3878 suum
3019 3825 3145 3878 vitae
3169 3824 3490 3880 institutum.
3515 3824 3772 3882 Theonas

2175 3909 2388 3965 quoque
2413 3894 2597 3960 abbas,
2626 3903 2763 3949 teste
2793 3894 2983 3950 eodem
3017 3893 3280 3964 (Lausiac.
3311 3897 3425 3965 50),
3444 3898 3527 3951 vir
3547 3909 3774 3954 sanctus

2175 3963 2238 4037 in
2281 3965 2600 4037 domuncula
2648 3965 2888 4037 inclusus
2933 3963 3175 4037 tempore
3233 3963 3448 4037 triginta
3497 3983 3770 4024 annorum

2177 4034 2449 4109 silentium
2482 4039 2744 4109 exercuit:
2771 4035 3005 4109 Joannes
3034 4033 3374 4109 Silentiarius
3407 4054 3472 4092 es
3501 4042 3765 4109 episcopo

2176 4106 2484 4179 solitarius,
2527 4117 2662 4162 teste
2709 4106 2910 4177 Cyrillo
2959 4106 3224 4179 monacho
3267 4108 3382 4176 ejus
3427 4106 3768 4179 syncbrono,

2179 4185 2320 4247 totos
2367 4175 2454 4247 47,
2488 4191 2658 4232 annos
2699 4175 2870 4247 usque
2918 4178 2982 4231 ad
3029 4193 3226 4231 annum
3258 4175 3432 4234 aetatis
3457 4175 3566 4234 104
3596 4183 3769 4235 siluit.

2178 4245 2411 4321 §everus
2441 4246 2720 4314 Sulpitius,
2751 4245 2968 4321 auctore
2990 4248 3051 4302 Β.
3077 4248 3404 4321 Hieronymo
3426 4251 3478 4303 in
3507 4251 3774 4321 Catalogo

2175 4317 2753 4392 illustriumvirorum,
2781 4317 3138 4392 aPelagianis
3179 4317 3448 4391 deceptus,
3485 4317 3774 4392 agnoscens

2178 4389 2503 4457 loquacitatis
2531 4391 2756 4460 culpam,
2783 4389 3042 4443 silentium
3070 4396 3226 4460 usque
3242 4389 3308 4444 ad
3333 4389 3547 4444 mortem
3579 4396 3770 4459 tenuit,

2177 4473 2232 4512 ut
2264 4468 2525 4529 peccatunt
2554 4459 2689 4532 quod
2719 4461 2968 4532 lgquendo
3009 4459 3332 4514 contraxerat
3367 4463 3582 4515 tacendo
3621 4467 3776 4532 peni-

2179 4538 2259 4584 tus
2288 4531 2596 4585 emendaret.
2629 4531 2688 4586 S.
2718 4530 2954 4584 Thomas
2981 4532 3216 4601 Aquinas
3246 4532 3438 4586 doctor
3475 4530 3775 4601 Angelicus

2180 4601 2233 4654 in
2281 4601 2641 4656 adolescentia
2683 4602 2957 4656 silentium
3008 4612 3287 4671 tantopere
3329 4603 3519 4667 coluit,
3548 4615 3604 4657 ut
3633 4605 3775 4659 alias

2179 4674 2506 4736 notavimus,
2535 4683 2588 4726 ut
2619 4671 2759 4740 apud
2787 4672 3180 4743 condiscipulos
3216 4673 3371 4729 bovis
3401 4675 3534 4728 muti
3566 4690 3771 4730 nomen

2179 4743 2494 4814 obtinuerit.
2527 4743 2780 4798 Albertus
2807 4758 2934 4797 vero
2961 4744 3184 4812 Magnus
3208 4758 3330 4799 cum
3363 4745 3413 4799 in
3443 4744 3774 4814 disputatio-

2180 4813 2338 4886 nibus
2363 4814 2618 4868 eximium
2646 4813 2762 4882 ejus
2781 4815 3115 4886 explorasset
3137 4815 3434 4886 ingenium,
3464 4815 3776 4886 deprehen-

487 4895 633 4954 putat
660 4903 713 4940 se
739 4883 1036 4956 religiosum
1063 4883 1299 4958 essenon
1327 4884 1596 4951 refrenans
1637 4883 2066 4958 linguam_suam,
2095 4893 2149 4953 ι)
2171 4884 2428 4958 deretque
2474 4883 3028 4958 quorsum__tenderet
3062 4885 3212 4958 istud
3258 4883 3586 4958 silentiam}
3639 4887 3775 4958 Bos,

487 4952 577 5009 sed
605 4952 854 5011 seducens
875 4971 964 5009 cor
986 4971 1158 5024 suum,
1191 4955 1346 5025 hujus
1371 4970 1502 5007 vana
1528 4963 1599 5008 est
1626 4953 1810 5023 religio
1835 4952 1970 5021 (Jac.
2005 4953 2068 5023 t).

488 5025 632 5081 Hinc
652 5027 866 5081 Arsenio
888 5026 956 5078 ad
984 5026 1346 5096 perfectionem
1371 5034 1417 5078 et
1441 5025 1731 5096 religiosam
1769 5025 1924 5084 vitam
1966 5034 2078 5079 ten-

489 5097 630 5150 denti
649 5113 747 5152 voa:
771 5099 834 5150 de
853 5097 980 5151 caelo
1003 5095 1139 5165 facta
1158 5106 1228 5148 est
1249 5096 1419 5148 dicens
1439 5111 1458 5148 :
1482 5095 1684 5162 Arseni,
1710 5097 1849 5164 fuge,
1874 5108 1920 5150 et
1941 5105 2073 5163 tace,

487 5177 537 5220 et
563 5170 764 5238 quiesce
789 5165 882 5240 (In
922 5164 1334 5240 VitisPatrum).
1370 5166 1586 5234 Quarta,
1610 5170 1732 5240 quia
1756 5168 2078 5240 taciturnitas

490 5237 710 5312 maxime
729 5237 903 5312 juvat,
934 5238 1230 5312 et_disponit
1257 5237 1326 5290 ad
1365 5237 2077 5312 contemplationemeteol-

487 5306 794 5380 locutionem
820 5324 940 5380 cum
969 5306 1101 5362 Deo.
1129 5307 1498 5380 (limucusAubi
1521 5326 1673 5380 supra
1701 5307 1917 5380 (Gradu
1940 5306 2033 5379 Η)
2062 5324 2077 5361 :

490 5379 772 5434 Studiosus
819 5378 1009 5434 silentii
1059 5379 1334 5450 appropiat
1382 5377 1524 5442 Deo,
1565 5377 1764 5450 ipsique
1786 5449 1795 5450 ί
1802 5377 2083 5450 λαρὶιειίίη

490 5451 785 5508 abscondito
811 5450 980 5504 cordis
1005 5449 1246 5504 assistens
1263 5449 1558 5504 illustratur
1585 5449 1649 5503 ab
1671 5467 1747 5504 eo.
1773 5449 1968 5504 Thren.
1994 5465 2082 5504 m:

490 5521 695 5576 Bonum
719 5531 791 5584 est
821 5521 1112 5590 prastolari
1135 5538 1252 5575 cum
1277 5522 1480 5575 silentio
1509 5523 1732 5575 salutare
1761 5520 1876 5574 Dei.
1909 5519 1976 5573 Et
2005 5536 2084 5574 se-

492 5593 671 5659 quitur
692 5609 711 5648 :
743 5593 949 5648 Sedebit
979 5593 1264 5656 solitarius,
1296 5603 1346 5646 et
1376 5593 1593 5656 tacebit,
1641 5593 1760 5661 quia
1802 5592 1983 5644 levabit
2030 5607 2084 5645 se

491 5679 654 5736 supra
677 5681 749 5729 se,
783 5665 836 5718 id
867 5674 962 5729 est,
993 5681 1150 5736 supra
1177 5665 1521 5718 conditionem
1548 5662 1847 5736 humanam.
1887 5661 2082 5736 Quibus

489 5735 655 5807 verbis
682 5737 746 5788 ad
785 5737 950 5789 vivum
992 5733 1197 5807 depingi
1244 5737 1442 5788 videtur
1478 5750 1624 5807 verus
1671 5735 1924 5807 religiosa!
1970 5733 2084 5807 vita:

489 5803 678 5873 Cultor,
709 5822 954 5877 uerusque
979 5803 1276 5872 monachus,
1305 5807 1361 5858 id
1385 5814 1482 5872 est,
1507 5805 1787 5872 solitarius,
1813 5814 1868 5858 ut
1890 5805 2085 5860 notavit

2177 4955 2367 5023 inquit,
2394 4956 2489 5010 iste
2518 4954 2670 5008 talem
2700 4956 2980 5026 aliquando
3008 4957 3120 5009 edet
3156 4957 3406 5026 mugitum
3429 4997 3445 5021 ,
3488 4966 3545 5010 ut
3589 4954 3777 5012 sonum

2177 5027 2287 5091 eius
2317 5035 2450 5080 totus
2479 5028 2615 5080 orbis
2641 5028 2902 5080 exaudiat.
2936 5026 3061 5081 Hmc
3089 5026 3156 5080 de
3185 5028 3404 5082 silentio
3433 5029 3632 5082 cursim
3677 5046 3778 5083 an-

2174 5105 2359 5180 notat'a
2375 5097 2664 5180 sufficiant,
2691 5097 3027 5180 nam‘sdalia
3042 5098 3368 5180 explicanda
3393 5113 3776 5180 properamus.

2254 5176 2281 5203 λ
2313 5167 2537 5235 Vulgata
2567 5169 2781 5222 versio:
2819 5167 3008 5222 Vidisti
3033 5166 3294 5222 hominem
3329 5166 3549 5223 velocem
3585 5170 3657 5222 ad
3694 5171 3781 5222 lo-

2180 5239 2471 5309 quendum?
2492 5239 2717 5310 stultitia
2751 5241 2921 5310 magis
2960 5241 3214 5310 speranda
3260 5249 3374 5306 est,
3423 5257 3581 5310 quam
3626 5241 3781 5293 illius

2199 5310 2428 5363 .orrectio
2459 5308 2642 5375 (Prov.
2672 5308 2854 5380 ιδιι)ζ
2885 5309 2982 5365 Ubi
3006 5309 3115 5363 div.
3135 5308 3495 5380 Hieronymus
3525 5313 3783 5380 apposite

2191 5382 2256 5433 ad
2287 5381 2430 5451 hunc
2459 5383 2632 5434 locum
2661 5398 2672 5433 :
2703 5379 2872 5434 Grave
2905 5380 3114 5451 quidem
3143 5380 3324 5434 vitium
3346 5379 3625 5445 stultitiae,
3681 5385 3781 5434 sed

2193 5465 2296 5524 non
2319 5450 2480 5504 levius
2497 5460 2570 5524 est
2591 5450 2930 5505 verbositatis.
2946 5450 3088 5504 Nam
3109 5467 3243 5521 sirpe
3261 5453 3508 5524 contingit
3529 5463 3586 5506 ut
3606 5453 3782 5507 idiota

2191 5521 2377 5593 aliquis
2403 5565 2417 5589 ,
2439 5592 2443 5593 ν
2467 5532 2513 5575 et
2538 5523 2769 5593 ipsarum
2797 5537 2996 5593 quoque
3025 5524 3219 5576 inscius
3246 5521 3530 5576 litterarum
3559 5565 3574 5590 ,
3617 5524 3784 5577 citius

2186 5591 2334 5664 verba
2358 5591 2648 5664 (salutifera:
2681 5591 3011 5647 correctionis
3045 5594 3268 5664 accipiat
3302 5610 3455 5662 quam
3484 5596 3529 5647 is
3569 5595 3662 5664 qui
3689 5594 3785 5663 of—

2186 5663 2398 5730 ﬂuentia
2425 5663 2672 5732 prazditus
2712 5667 2958 5717 sermonis
2980 5706 2996 5731 ,
3029 5665 3192 5735 magis
3218 5681 3313 5718 sua
3341 5681 3456 5733 quia
3484 5663 3627 5721 navit
3647 5706 3664 5728 ,
3696 5667 3784 5720 vel

2185 5749 2300 5809 quas
2333 5749 2404 5809 se_
2432 5749 2579 5786 nosse
2604 5743 2860 5809 autumat,
2883 5737 3147 5809 jactanter
3187 5739 3420 5807 proferre
3444 5752 3602 5809 quam
3631 5737 3786 5796 dicta

2185 5805 2495 5876 sapientium
2512 5805 2693 5862 audire
2711 5805 2995 5866 contendit.
