4072 6324
438 313 547 374 985

1502 312 1781 371 JOANNIS
1817 311 2126 370 CASSIANI
2167 311 2662 372 COLLAT|0NES.

3607 317 3724 377 9M

436 429 760 499 spiritalium
811 442 1071 486 sensuum
1129 427 1334 484 intrare
1373 442 1481 484 non
1527 442 1704 499 posse.
1738 438 1763 465 ι
1816 427 2029 484 Etenim
2063 431 2112 492 Α
2139 428 2270 494 tltee,
2301 426 2592 497 depositum
2638 427 2859 492 custodi,
2884 428 3112 482 devitans
3142 430 3393 500 profanas
3418 445 3598 486 vocum
3628 447 3727 486 no-

437 537 562 577 vera
593 523 820 578 scientia
847 538 953 576 non
984 522 1086 576 nisi
1111 536 1141 576 a
1171 521 1313 576 veris
1340 521 1436 577 Dei
1459 521 1760 578 cultoribus
1790 521 2028 592 posside-

439 623 543 680 tur,
579 630 738 684 quam
772 615 817 669 is
849 615 1036 684 utique
1056 629 1161 668 non
1194 612 1358 669 habet
1385 615 1634 684 p0pulns,
1669 615 1754 670 cui
1786 615 2024 671 dicitur:

437 705 598 772 Audi,
630 705 824 778 papule
863 707 1034 771 stulte,
1091 707 1180 775 qui
1221 721 1322 759 non
1367 705 1522 760 habes
1561 722 1668 772 cor,
1716 707 1804 777 qui
1831 706 2027 761 habetis

436 799 611 852 oculos
633 809 678 851 et
700 815 801 851 non
828 799 1031 865 videtis,
1055 808 1102 852 et
1128 816 1280 852 aures
1306 811 1351 852 et
1375 817 1474 853 non
1505 800 1696 853 auditis
1720 797 1932 870 (Jerem.
1951 798 2024 868 ν).

437 891 505 945 Ει
537 894 725 945 iterurn
763 908 774 942 :
817 891 951 958 Quia
980 901 1034 943 tu
1064 892 1336 945 scientiam
1367 892 1625 963 repulisti,
1667 902 1713 945 et
1735 907 1828 962 ego
1859 889 2029 960 repel-

436 981 542 1034 lam
572 993 653 1046 te,
684 999 747 1036 ne
772 982 895 1036 mihi
919 983 1210 1036 sacerdotio
1255 983 1494 1053 fungaris
1539 983 1556 1053 (
1584 981 1706 1037 Ose.
1734 983 1851 1052 tv).
1894 980 2030 1036 Cum

435 1074 584 1128 enim
632 1074 684 1126 in
712 1073 920 1128 Christo
951 1092 1123 1129 onmes
1156 1075 1383 1130 thesauri
1409 1077 1676 1147 sapientiae
1723 1084 1768 1129 et
1808 1076 2032 1130 scientia:

434 1167 721 1219 absconditi
752 1182 872 1221 esse
901 1166 1151 1220 dicantur
1177 1166 1400 1241 (Coloss.
1428 1169 1530 1239 ut),
1562 1167 1835 1238 quomodo
1863 1167 1908 1221 is
1937 1168 2030 1237 qui

436 1259 714 1317 Christum
739 1261 986 1316 invi-nire
1013 1263 1350 1332 contempsit
1377 1307 1390 1331 ,
1424 1271 1517 1316 aut
1544 1265 1822 1317 inventum
1854 1260 2029 1316 sacri-

436 1353 559 1425 lego
587 1369 681 1408 ore
717 1354 1110 1421 blasphemavit
1137 1396 1151 1417 ,
1200 1364 1291 1410 aut
1319 1367 1468 1410 certe
1494 1355 1820 1410 catholicam
1871 1355 2030 1409 [idem

437 1449 730 1503 immundis
758 1451 1016 1520 operibus
1060 1450 1282 1520 polluit,
1314 1465 1501 1504 veram
1549 1451 1833 1505 scientiam
1881 1465 2032 1505 asse-

437 1549 592 1596 cutus
624 1556 746 1596 esse
776 1541 1081 1596 credendus
1111 1541 1228 1596 est?
1252 1541 1480 1613 Spiritus
1500 1541 1638 1595 enim
1668 1539 1766 1595 Dei
1801 1541 2028 1609 discipli-

433 1652 516 1690 na:
531 1635 742 1706 effugiet
765 1637 960 1706 ﬁctum,
985 1652 1076 1692 nec
1107 1635 1356 1690 habitabit
1378 1637 1430 1690 in
1461 1651 1673 1706 corpore
1697 1635 2028 1706 subditapec-

434 1731 564 1784 catis
589 1729 853 1801 (Sapient.
885 1729 946 1798 ι).
992 1729 1110 1784 Non
1140 1744 1272 1800 ergo
1302 1729 1435 1784 alias
1460 1729 1526 1783 ad
1555 1729 1835 1784 scientiam
1874 1728 2035 1800 spiri-

2132 520 2329 585 vitales,
2367 528 2414 574 et
2453 519 2799 592 oppositiones
2843 520 2966 589 falsi
2991 520 3722 594 nominisscientiaUTim.

2131 611 2226 682 vt),
2260 610 2404 681 quod
2437 613 2487 665 in
2515 610 2704 668 Graeco
2747 612 2945 668 dicitur
2995 631 3008 668 :
3054 614 3420 690 ἕκτρσπὸμινος
3448 617 3542 678 τὰς
3568 617 3726 689 βεϐή-

2131 705 2250 766 λους
2278 714 2300 743 ο
2332 707 2629 780 κενοφωνίας
2655 708 2741 760 καὶ
2767 704 3064 768 ἀντιδόσεις
3097 715 3190 768 τῆς
3215 705 3555 780 ψευδωνύμου
3597 713 3724 784 716-

2133 819 2288 859 σεως.
2326 797 2400 852 De
2423 797 2546 853 istis
2577 813 2707 868 ergo
2737 799 2826 868 qui
2851 799 3137 868 imaginem
3161 799 3452 869 quamdam
3478 801 3722 856 scientia:

2133 891 2385 946 videntur
2427 891 2732 961 acquirere,
2773 892 2858 947 vel
2889 890 2957 946 de
2997 891 3080 946 his
3118 893 3208 962 qui
3262 907 3383 946 cum
3440 907 3722 949 sacrorum

2135 983 2476 1038 voluminum
2510 983 2734 1040 lectioni
2764 999 2826 1038 ac
2858 983 3132 1040 memoriae
3163 984 3562 1052 Scripturarum
3603 984 3729 1040 dili-

2132 1089 2323 1147 genter
2352 1077 2624 1145 insistant,
2641 1077 2875 1132 carnalia
2899 1086 3078 1132 tamen
3101 1076 3231 1132 vitia
3252 1093 3358 1131 non
3384 1078 3724 1147 relinquunt,

2135 1171 2189 1227 in
2216 1171 2525 1226 Proverbiis
2555 1171 2835 1241 eleganter
2859 1170 3184 1240 exprimitur
3214 1185 3230 1223 :
3261 1166 3288 1206 ἀ
3327 1168 3482 1224 Sicut
3526 1171 3729 1224 inauris

2133 1279 2290 1316 aurea
2318 1264 2371 1317 in
2401 1263 2612 1316 naribus
2641 1264 2769 1328 suis,
2802 1263 2876 1316 ita
2912 1262 3118 1316 mulieri
3141 1261 3275 1316 male
3299 1272 3511 1316 moratae
3534 1264 3731 1328 species

2137 1355 2318 1427 (Prov.
2346 1354 2442 1424 xt).
2491 1355 2630 1422 Quid
2663 1355 2806 1409 enim
2853 1354 3077 1423 prodest
3103 1354 3408 1423 quempiam
3439 1369 3731 1409 ornameno

2137 1458 2246 1502 tum
2269 1449 2609 1518 eloquiorum
2642 1447 2944 1502 ctelestium
2976 1456 3032 1502 et
3076 1447 3227 1501 illam
3275 1447 3730 1516 pretiosissimam

2135 1539 2540 1608 Scripturarum
2573 1540 2812 1610 speciem
2839 1539 3135 1609 consequi,
3179 1541 3224 1594 si
3255 1555 3374 1594 eam
3400 1582 3417 1608 ,
3449 1539 3734 1595 lutulentis

2136 1635 2389 1705 operibus
2416 1634 2501 1690 vel
2533 1635 2785 1690 sensibus
2811 1633 3130 1689 inhaerendo
3156 1674 3170 1695 .
3223 1633 3377 1703 quasi
3411 1632 3735 1688 immundis-

2139 1732 2328 1786 simam
2360 1741 2563 1787 terram
2591 1731 2890 1800 subigendo
2911 1730 3246 1801 confringet,
3275 1737 3369 1784 aut
3394 1731 3638 1786 ctenosis
3666 1731 3737 1785 li-

434 1824 599 1878 talem
645 1823 747 1904 nisi
799 1823 901 1878 ltoc
929 1823 1124 1879 ordine
1166 1824 1502 1894 pervenitur,
1533 1837 1696 1894 quem
1729 1837 1865 1878 unus
1907 1837 2032 1892 pro-
2066 1821 2113 1881 Β
2142 1823 2382 1880 bidinum
2410 1840 2630 1879 suarum
2659 1824 2864 1893 polluat
2894 1823 3239 1880 volutabris?
3269 1822 3387 1878 Fiet
3413 1823 3557 1878 enim
3590 1832 3649 1877 ut
3680 1823 3736 1878 id

437 1914 725 1986 phetarum
753 1917 1033 1986 eleganter
1063 1917 1360 1987 expressit,
1395 1917 1580 1972 dicens
1607 1935 1619 1971 :
1655 1915 1916 1973 Seminate
1942 1933 2032 1970 vo-

435 2009 512 2064 bis
540 2010 610 2063 ad
620 2011 906 2082 justitiam,
938 2013 1109 2066 metite
1133 2028 1274 2083 spem
1303 2013 1439 2078 vitw,
1467 2011 1761 2065 illuminate
1785 2010 1928 2064 vobis
1950 2010 2031 2064 lu~

435 2119 554 2158 men
581 2104 1126 2176 scientiw(0se.x).
1184 2105 1426 2160 Primum
1475 2121 1604 2174 ergo
1652 2105 2029 2160 seminandum

437 2195 595 2251 nobis
625 2207 705 2250 est
735 2197 802 2251 ad
843 2197 1112 2266 justitiam
1141 2241 1155 2265 ,
1188 2197 1290 2254 hoc
1319 2205 1434 2264 est,
1465 2206 1524 2252 ut
1553 2197 1821 2252 actualetn
1857 2196 2032 2267 perfe-

434 2290 672 2346 ctionem
705 2289 962 2357 Operibus
988 2289 1213 2360 iustitiae
1244 2305 1606 2360 prapagemus
1634 2305 1648 2355 ;
1689 2290 1886 2344 deinde
1915 2304 2032 2344 me-

434 2382 600 2436 tenda
626 2391 712 2436 est
740 2381 896 2436 nobis
918 2395 1044 2450 spes
1075 2382 1219 2447 vitae,
1253 2381 1302 2435 id
1333 2389 1444 2446 est,
1474 2381 1737 2436 virtutum
1781 2380 2035 2450 spiritua-

431 2472 563 2530 lium
594 2474 823 2540 l'ructus,
845 2474 1164 2544 expulsione
1192 2474 1445 2530 vitiorum
1475 2476 1776 2530 carnalium
1808 2489 2033 2545 congre-

435 2566 621 2637 gandi,
650 2576 705 2622 et
732 2568 804 2621 ita
837 2567 1146 2622 illuminare
1181 2568 1337 2622 nobis
1369 2568 1557 2623 lumen
1588 2569 1835 2623 scientiae
1879 2576 2033 2638 pote-

435 2663 628 2718 rimus.
661 2662 836 2730 Quem
867 2663 1114 2718 ordinem
1147 2663 1313 2718 etiam
1351 2662 1810 2734 Psalmographus
1860 2664 2034 2718 teneri

433 2753 636 2809 debere
661 2755 930 2821 decernit,
965 2755 1158 2811 dicens
1185 2774 1196 2808 :
1231 2755 1376 2808 Beati
1393 2756 1711 2810 immaculati
1741 2757 1796 2809 in
1821 2757 1920 2820 via,
1945 2757 2034 2826 qui

433 2847 704 2902 ambulant
725 2849 776 2902 in
799 2850 911 2920 lege
937 2849 1168 2911 Domini.
1202 2850 1335 2904 beati
1357 2851 1446 2921 qui
1475 2859 1773 2904 scrutantur
1803 2852 2033 2904 testimo-

434 2942 522 2995 nia
542 2945 658 3015 ejus
680 2941 853 3013 (Psal.
869 2941 1078 3013 cxvnt).
1113 2942 1230 2996 Non
1249 2945 1396 2998 enim
1420 2944 1572 3012 prius
1591 2941 1756 2997 dixit:
1782 2941 1932 2996 Beati
1947 2944 2034 3013 qui

435 3047 736 3091 scrutantur
758 3037 1048 3092 testimonia
1078 3038 1212 3108 ejus,
1245 3045 1302 3092 et
1338 3045 1458 3106 post
1488 3037 1672 3092 intulit
1702 3055 1716 3092 :
1746 3035 1892 3090 Beati
1938 3038 2034 3089 im-

437 3127 680 3180 maculati
707 3128 761 3181 in
789 3127 908 3193 via;
931 3127 1026 3182 sed
1057 3128 1227 3196 prius,
1254 3127 1447 3197 inquit,
1472 3127 1608 3183 beati
1635 3127 1953 3181 immaculati
1981 3127 2034 3181 in

2132 1917 2275 1989 quod
2303 1925 2452 1973 recte
2478 1917 2755 1972 utentibus
2783 1915 2973 1971 decori
3005 1931 3130 1972 esse
3157 1913 3471 1982 consuevit,
3507 1930 3614 1970 non
3641 1930 3734 1970 so-

2135 2010 2242 2064 lum
2275 2009 2407 2064 istos
2446 2025 2640 2063 ornare
2676 2023 2780 2064 non
2814 2008 3012 2078 possit.
3057 2022 3248 2064 verum
3300 2007 3461 2062 etiam
3509 2007 3740 2076 majoris

2135 2103 2276 2158 omni
2307 2101 2618 2156 colluvione
2636 2099 2935 2155 sordescat.
2958 2098 3042 2154 Ea:
3070 2115 3158 2154 ore
3179 2098 3321 2154 enim
3345 2109 3612 2170 peccatore
3632 2115 3742 2153 non

2134 2206 2209 2250 est
2233 2194 2454 2266 pulchra
2478 2194 2714 2247 laudatio
2743 2191 2934 2265 (Eccli.
2962 2193 3053 2251 xv}
3087 2208 3102 2244 :
3125 2191 3225 2246 Cui
3253 2191 3453 2245 dicitur
3478 2206 3573 2260 per
3603 2189 3742 2245 Pro-

2136 2287 2376 2358 pltetam,
2431 2287 2604 2353 Quare
2648 2295 2702 2339 tu
2731 2301 2945 2338 enarras
2962 2285 3201 2358 justitias
3245 2299 3406 2346 meas,
3437 2293 3486 2336 et
3515 2283 3742 2337 assumis

2135 2387 2495 2434 testamentum
2524 2393 2700 2431 meum
2729 2393 2906 2463 per’os
2933 2386 3075 2430 tuum
3108 2373 3285 2448 (Psal.
3307 2375 3500 2445 xux)?
3532 2375 3609 2430 De
3635 2375 3740 2429 ltu-

2133 2473 2367 2544 jusmodi
2399 2471 2707 2537 animabus,
2741 2486 2860 2540 qua:
2893 2484 3228 2540 nequaquam
3262 2470 3527 2524 stabiliter
3571 2470 3742 2524 timo-

2137 2579 2251 2619 rem
2284 2563 2498 2619 Domini
2547 2562 2887 2631 possidentes
2921 2561 3028 2632 (de
3080 2577 3187 2631 quo
3217 2561 3448 2630 dicitur,
3485 2572 3508 2598 ε
3559 2561 3743 2616 Timor

2136 2659 2350 2713 Domini
2377 2657 2653 2728 disciplina
2683 2666 2730 2710 et
2765 2657 3026 2728 sapientia
3063 2655 3158 2726 est)
3206 2655 3607 2724 Scripturarum
3637 2673 3740 2712 ac-

2137 2755 2357 2826 quirere
2387 2768 2606 2808 sensum
2630 2753 2697 2807 de
2713 2752 2826 2822 jugi
2850 2768 3035 2807 earum
3061 2752 3416 2809 meditatione
3441 2761 3737 2822 conantur,

2136 2851 2268 2905 satis
2303 2847 2518 2918 proprie
2573 2848 2624 2901 itt
2663 2847 2971 2902 Proverbiis
3018 2857 3396 2900 memoratur:
3432 2844 3448 2884 τ
3496 2846 3562 2901 Ut
3605 2847 3741 2917 quid

2137 2943 2325 3014 fuerint
2347 2939 2517 3014 [Lips.
2549 2940 2604 2994 in
2633 2956 2802 3011 marg.
2833 2940 2902 2993 ad
2919 2940 3044 3010 quid
3063 2939 3202 3010 sunt]
3225 2940 3418 2994 divitia:
3436 2939 3747 3010 insipienti?

2138 3033 2412 3090 Possidere
2441 3035 2575 3087 enim
2612 3033 2915 3100 sapientiam
2963 3048 3144 3086 excors
3187 3049 3289 3085 non
3327 3032 3510 3102 poterit
3547 3031 3740 3102 (Prov.

2141 3143 2232 3195 xv,
2262 3143 2364 3182 sec.
2397 3125 2582 3196 LXX).
2610 3125 2666 3180 In
2696 3134 2904 3180 tantum
2936 3139 3065 3180 vero
3093 3124 3160 3179 ab
3184 3124 3274 3179 illa
3301 3124 3607 3179 eruditione
3629 3141 3744 3179 sae-

437 3219 520 3274 via
548 3235 584 3299 ε.
609 3235 708 3290 per
744 3218 848 3274 hoc
873 3219 1159 3276 evidenter
1183 3221 1503 3286 ostendens,
1554 3221 1827 3276 nemiuem
1883 3232 2031 3277 recte
2058 3216 2102 3278 C
2136 3222 2307 3277 culari
2339 3238 2458 3288 quae
2485 3220 2782 3276 carnalium
2814 3219 3064 3274 vitiorum
3095 3218 3251 3273 sorde
3285 3219 3572 3289 polluitur,
3602 3235 3742 3274 vera

437 3325 600 3385 posse
628 3310 696 3364 ad
728 3313 1123 3381 perscrutanda
1155 3313 1243 3366 Dei
1269 3311 1574 3367 testimOnia
1601 3313 1909 3383 pervenire,
1929 3313 2030 3366 nisi

442 3405 590 3474 prius
621 3421 717 3474 per
760 3405 1024 3460 actualem
1077 3408 1546 3463 conversationem
1597 3408 1649 3462 in
1701 3408 1786 3463 via
1835 3406 2036 3463 Christi

442 3497 820 3553 immaculatus
870 3497 1106 3553 incedat.
1164 3499 1229 3554 lli
1275 3515 1426 3570 ergo,
1479 3515 1618 3571 quos
1663 3499 1869 3567 dixisti,
1928 3516 2035 3556 non

443 3591 600 3645 istam
652 3606 813 3662 quam
861 3592 1122 3647 immundi
1173 3593 1374 3649 habere
1405 3608 1512 3648 non
1546 3605 1798 3664 possunt,
1824 3595 1918 3649 sed
1944 3605 2036 3655 τῆς

442 3681 468 3719 δ
495 3681 854 3756 ψευδωνύμου,
888 3683 990 3739 hoc
1013 3694 1117 3752 est,
1147 3685 1267 3741 falsi
1315 3687 1554 3741 nominis
1594 3687 1873 3742 scientiam
1914 3703 2035 3757 pos-

439 3777 640 3844 sident,
685 3777 754 3834 de
783 3794 887 3847 qua
915 3779 1105 3835 beatus
1133 3781 1428 3850 Apostolus
1458 3799 1470 3834 :
1505 3781 1571 3847 Ο,
1601 3782 1807 3852 inquit,
1863 3781 2034 3836 Timo-

2142 3316 2257 3371 haec
2286 3327 2341 3371 et
2369 3316 2629 3386 spiritalis
2677 3315 2902 3370 scientia
2961 3315 3311 3369 submovetur
3334 3355 3352 3380 ,
3393 3324 3447 3369 ttt
3470 3324 3494 3362 ε
3525 3330 3646 3368 eam
3685 3317 3741 3370 in

2141 3410 2416 3464 nonnullis
2439 3407 2743 3479 elinguibus
2771 3423 2833 3462 ac
2857 3423 2994 3477 pene
3015 3407 3307 3463 illitteratis
3336 3408 3567 3462 sciamus
3597 3422 3748 3462 non-

2145 3518 2433 3572 numquam
2489 3500 2812 3556 mirabiliter
2859 3499 3119 3570 viguisse.
3169 3499 3321 3567 Quod
3373 3499 3424 3553 in
3473 3499 3746 3566 apostolis

2144 3596 2438 3666 multisque
2460 3595 2624 3650 etiam
2655 3593 2855 3648 sanctis
2882 3592 3012 3647 viris
3051 3591 3454 3648 evidentissime
3484 3606 3746 3660 compro-

2143 3691 2302 3744 batur
2326 3734 2340 3758 ,
2375 3690 2464 3760 qui
2507 3703 2614 3743 non
2646 3687 2793 3742 inani
2836 3685 3282 3757 phiIOSOphorum
3323 3684 3746 3740 delectabantur

2143 3782 2376 3850 luxnria,
2409 3781 2504 3837 sed
2554 3779 2694 3836 veris
2723 3779 2978 3849 spiritalis
3021 3777 3260 3834 scientia:
3300 3775 3562 3832 fructibus
3610 3792 3746 3831 cur-

1532 3934 1788 3991 ALARDI
1827 3936 2064 3993 GAZ/El
2105 3936 2671 3994 COMMENTARIUS.

515 4079 541 4107 ι
573 4069 766 4144 Veram
792 4068 886 4144 hic
913 4071 1194 4125 scientiam
1220 4071 1314 4126 Dei
1338 4079 1515 4139 vocat,
1542 4088 1700 4144 quam
1731 4089 1893 4142 supra
1925 4075 2035 4140 spi-

442 4141 713 4215 ritualem,
750 4141 802 4215 id
840 4151 941 4204 est,
974 4156 1095 4196 cum
1127 4158 1256 4198 vera
1291 4144 1491 4211 pietate
1521 4141 1574 4199 ei
1601 4145 1773 4214 gratia
1802 4141 2036 4215 Spiritus

442 4213 614 4268 saneti
652 4212 1026 4280 coniunctam;
1058 4228 1181 4280 quae
1212 4225 1360 4268 certe.
1391 4231 1512 4269 cum
1551 4212 1887 4270 inimunditia
1919 4232 2037 4270 car-

445 4285 546 4350 nis,
577 4283 660 4338 vel
701 4283 972 4353 spurcitiis
1001 4284 1226 4354 aliisque
1261 4286 1529 4340 similibus
1566 4289 1710 4340 vitiis
1739 4288 2039 4342 consistere

443 4357 651 4424 nequit,
675 4364 732 4407 et
754 4371 858 4407 non
890 4353 993 4408 nisi
1024 4371 1053 4409 a
1081 4353 1222 4410 veris
1255 4357 1343 4410 Dei
1371 4358 1675 4414 cultoribus
1708 4359 2032 4423 possidetur.

446 4424 557 4480 Huc
587 4435 794 4500 spectat
815 4425 1061 4500 doctrina
1089 4426 1147 4500 S.
1182 4427 1404 4500 Thomze
1436 4426 1581 4499 (2-2,
1614 4446 1664 4497 q.
1697 4432 1782 4492 to,
1819 4442 1922 4484 art.
1951 4431 2034 4500 5),

445 4511 545 4566 qua
588 4497 1068 4568 donutniscientize
1110 4499 1274 4568 (quod
1305 4499 1392 4554 hic
1433 4497 1636 4554 Auctor
1666 4513 1823 4554 vocat
1856 4497 2033 4556 scien-

447 4569 575 4622 tiam
607 4567 905 4634 spiritalem
930 4571 946 4634 )
976 4567 1188 4623 confert
1223 4585 1342 4623 cum
1381 4572 1527 4625 dono
1558 4572 1884 4639 intellectus,
1914 4588 2034 4626 cum

445 4640 516 4692 sit
556 4647 842 4707 utrumque
881 4639 1080 4694 donum
1121 4641 1356 4704 Spiritus
1399 4641 1570 4696 sancti
1611 4644 1752 4707 apud
1796 4643 1984 4698 Isaiam
2022 4661 2034 4695 :

448 4708 597 4765 Sicut
643 4710 836 4762 dictum
877 4723 967 4773 est,
1022 4713 1213 4780 inquit,
1265 4713 1326 4765 de
1369 4714 1506 4766 dono
1547 4713 1858 4782 intellectus,
1903 4714 2038 4781 quod

447 4797 546 4854 non
575 4787 883 4854 quicumque
912 4782 1177 4854 intelligit,
1207 4783 1352 4836 habet
1381 4785 1574 4838 donum
1599 4785 1919 4850 intellectus;
1953 4786 2039 4837 sed

447 4852 533 4916 qui
565 4853 822 4923 intelligit.
850 4854 997 4923 quasi
1027 4852 1292 4907 ex’hubitn
1324 4857 1504 4923 gratia:
1535 4872 1554 4909 :
1581 4857 1653 4908 ita
1681 4867 1834 4909 etiam
1856 4857 1918 4909 de
1947 4856 2039 4907 do-

448 4901 518 4994 no
539 4901 767 4976 scienti;
789 4901 1198 4992 indelligenrlttm,
1222 4901 1358 4994 quod
1382 4901 1582 4981 illisa-li
1601 4901 1790 4980 donum
1816 4901 2044 4980 scientia:
2074 4901 2120 4959 θ

450 4993 695 5070 habeant,
723 4997 809 5060 qui
853 5011 914 5070 ea:
945 4997 1204 5070 infusionc
1230 4999 1412 5070 gratia:
1438 5007 1632 5052 rectum
1660 4999 1920 5070 judicium
1950 4997 2046 5050 ha-

450 5063 565 5115 bent
594 5064 738 5137 circa
752 5063 1014 5137 credenda
1036 5079 1080 5119 et
1106 5067 1324 5137 agenda,
1355 5071 1424 5120 ita
1445 5071 1582 5137 quod
1603 5063 1824 5123 in'nullo
1847 5069 2045 5123 devicnt

449 5150 484 5207 tt
519 5136 827 5187 rectitudine
856 5139 1092 5207 justitiaz.
1137 5136 1345 5207 Ethazc
1385 5136 1463 5190 est
1490 5141 1701 5193 scientia
1728 5150 2041 5200 sanctorum,

450 5204 514 5282 de
541 5221 643 5273 qua
677 5204 868 5260 dicitur
904 5206 1152 5282 Sarus:
1191 5206 1399 5282 lustum
1427 5209 1644 5263 deduxit
1672 5210 1926 5266 Dominus
1958 5229 2048 5282 per

449 5277 558 5328 vias
586 5287 770 5338 rectas,
799 5278 1020 5333 etodedit
1041 5276 1118 5330 illi
1149 5280 1414 5334 scientiam
1442 5291 1758 5336 sanctorum.

526 5344 917 5422 ιζγευδὼνυμᾳς
945 5366 973 5402 a
1004 5349 1217 5421 ψευδής.
1254 5353 1303 5405 id
1331 5362 1435 5419 est,
1465 5351 1637 5408 falsus
1663 5363 1757 5407 attt
1783 5352 2046 5417 mendax;

452 5423 509 5470 et
531 5414 689 5490 ὅνρμα
744 5414 884 5485 quin!
915 5433 997 5472 est
1017 5414 1246 5476 "nomen.

529 5497 550 5525 ε
587 5489 639 5542 Id
665 5501 768 5550 νει,
799 5506 992 5565 vitatth
1019 5493 1324 5565 inanitates.
1354 5509 1451 5551 seu
1472 5497 1762 5562 vanitates,
1787 5504 1846 5549 ut
1867 5493 2044 5565 Chny-

455 5567 750 5634 sostomns,
793 5573 846 5614 et
889 5561 1251 5618 (Ecumenius
1294 5567 1493 5634 legunt.
1541 5573 1609 5622 At
1651 5561 1836 5621 noster
1880 5561 2047 5620 inte-r-

453 5641 582 5711 Ρΐϐξ
608 5630 735 5711 legit
763 5637 1110 5711 autvoqowiqc.
1154 5635 1203 5711 id
1233 5630 1564 5711 estivocnm
1599 5640 1882 5701 novitates,
1913 5652 2047 5711 quo-

458 5701 629 5774 modo
655 5704 817 5757 etiam
855 5701 981 5774 legit
1021 5707 1132 5760 div.
1164 5701 1504 5764 Ambro~ius.
1550 5710 1718 5764 Porro
1762 5701 2046 5762 Iliaconius

458 5780 512 5824 et
546 5771 633 5847 alii
683 5771 950 5847 postrema
998 5785 1205 5831 tantum
1251 5780 1412 5834 verba
1459 5782 1718 5847 referunt,
1771 5782 2046 5840 ἀντιθέσεις

455 5847 554 5905 τῆς
575 5842 916 5917 ψευδωνύμου
945 5851 1202 5919 γνώσεως.
1240 5851 1524 5920 Dionysius
1553 5842 1713 5908 more
1731 5867 1828 5907 suo
1855 5852 2043 5907 Graeca

2139 4075 2357 4130 omittit.

2211 4145 2236 4183 ἀ
2271 4145 2343 4200 Ita
2376 4161 2443 4200 ex
2475 4146 2659 4200 Graeca
2685 4144 3039 4201 translatione
3069 4165 3081 4199 :
3112 4145 3334 4214 Vulgata
3359 4157 3537 4200 autem
3571 4165 3581 4197 :
3617 4147 3740 4201 Cir-

2141 4219 2284 4271 culus
2311 4233 2493 4270 aureus
2523 4219 2574 4269 in
2605 4218 2814 4269 naribus
2843 4217 2972 4281 suis,
3007 4217 3192 4271 mulier
3229 4216 3443 4286 pulchra
3474 4227 3521 4271 et
3558 4217 3738 4287 fatua.

2139 4289 2310 4352 Hujus
2340 4289 2621 4343 sententiae
2655 4298 2762 4341 tres
2795 4303 2990 4342 sensus
3019 4288 3172 4342 allert
3197 4291 3304 4342 div.
3338 4289 3735 4360 Hieronymus;

2144 4361 2410 4414 secundus
2435 4360 2554 4415 huic
2585 4361 2701 4411 loco
2729 4361 2962 4413 maxime
2997 4367 3242 4428 proprius
3267 4369 3320 4413 et
3348 4363 3734 4414 accommoda-

2145 4441 2231 4485 tus
2268 4442 2349 4483 est
2393 4432 2477 4485 hic
2517 4449 2527 4482 :
2565 4431 2666 4496 Qui
2695 4431 3050 4485 ornamentum
3092 4433 3377 4484 divinorum
3407 4431 3739 4496 eloquiorum

2145 4502 2438 4555 meditando
2481 4504 2827 4571 consequitur,
2864 4504 2954 4554 sed
2992 4501 3125 4555 male
3167 4502 3373 4556 vivendo
3417 4503 3739 4568 insequitur,

2145 4573 2391 4627 circulum
2419 4590 2629 4628 aureum
2666 4573 2812 4626 habet
2837 4573 2889 4625 in
2921 4574 3163 4638 naribus;
3193 4575 3280 4628 sed
3311 4589 3444 4626 more
3483 4576 3590 4626 suis
3630 4585 3744 4628 ter—

2146 4661 2258 4697 ram
2291 4644 2530 4716 subigere
2565 4661 2670 4716 non
2713 4645 2932 4709 desistit,
2976 4645 3098 4714 quia
3143 4646 3277 4712 quod
3324 4645 3476 4716 o_dore
3505 4647 3745 4716 justititr

2147 4713 2705 4786 percepitfimmunda
2746 4718 2943 4770 actione
2988 4713 3290 4770 sordidavit.
3337 4713 3562 4786 Ideoque
3611 4718 3748 4770 talis

2147 4785 2320 4838 anima
2363 4785 2576 4849 pulchra
2604 4796 2650 4839 et
2683 4788 2830 4854 fama
2857 4803 2967 4843 esse
2999 4799 3252 4848 censetur,
3285 4789 3403 4855 quia
3431 4786 3747 4841 carnalibus

2149 4857 2322 4908 dedita
2360 4857 2613 4910 illecebris
2652 4859 2870 4927 pulchra
2915 4870 2989 4914 est
3033 4876 3124 4928 per
3165 4859 3448 4924 scientiam,
3500 4859 3587 4911 sed
3644 4877 3746 4928 per

2147 4928 2400 4981 actionem
2436 4931 2598 4990 fatua.

2223 5010 2245 5036 °
2293 4999 2512 5070 Vulgata
2538 4998 2705 5054 editio
2736 5019 2748 5054 :
2779 4997 2954 5053 Timor
2982 4997 3191 5053 Domini
3221 4999 3500 5067 disciplina
3527 5000 3750 5067 sapien-

2147 5071 2254 5125 tiaz.

2228 5139 2244 5178 ῐ
2284 5141 2533 5209 Vulgata,
2569 5141 2707 5205 Quid
2735 5142 2941 5210 prodest
2963 5141 3117 5196 stulto
3147 5142 3338 5196 habere
3362 5142 3587 5206 divitias,
3621 5157 3754 5195 cum

2150 5213 2456 5279 sapientiam
2483 5229 2644 5266 emere
2673 5229 2776 5266 non
2809 5213 3004 5281 possit?

2226 5293 2251 5331 ε
2287 5284 2360 5337 De
2400 5285 2593 5338 talibus
2631 5286 2752 5338 vide
2787 5285 3194 5354 annotationcm
3227 5285 3358 5340 satis
3401 5284 3634 5354 amplam
3683 5288 3752 5338 ad

2153 5354 2250 5408 lib.
2284 5370 2315 5406 v
2345 5355 2745 5409 Institutionum
2776 5371 2898 5424 cap.
2927 5355 3070 5410 M'et
3108 5353 3425 5410 Cassianum
3456 5353 3581 5409 ibid.
3611 5371 3746 5422 cap.

2153 5424 2221 5478 35
2272 5444 2282 5477 :
2342 5426 2598 5489 Vidimus,
2648 5427 2839 5496 inquit.
2886 5430 3115 5481 abbatem
3163 5426 3488 5480 Theodorum
3532 5443 3749 5479 suntm.-

2154 5500 2422 5550 sanctitate
2454 5508 2502 5551 et
2536 5498 2760 5566 perfecta
2790 5499 3002 5552 scientia
3035 5499 3309 5563 pra’ditum
3344 5515 3445 5552 non
3487 5499 3654 5552 solum
3696 5503 3751 5551 in

2152 5571 2349 5621 actuali
2380 5572 2501 5632 vita,
2533 5570 2622 5622 sed
2652 5571 2806 5622 etiam
2843 5571 3022 5622 notitia
3053 5569 3475 5640 Scriptttrarum;
3514 5587 3669 5636 qtmm
3705 5572 3757 5623 ei

2154 5655 2255 5692 non
2283 5651 2384 5691 tam
2412 5639 2640 5693 studium
2672 5641 2900 5694 lectionis
2929 5641 3006 5694 vel
3033 5639 3322 5694 litteratura
3349 5641 3524 5692 mundi
3556 5651 3750 5692 contu-

2151 5709 2284 5762 lerat
2333 5727 2483 5780 quam
2525 5713 2634 5763 sola
2683 5711 2882 5777 put-itas
2921 5713 3111 5780 cordis,
3156 5713 3404 5780 siquidem
3446 5715 3530 5764 via:
3577 5712 3754 5780 ipsius

2151 5797 2349 5850 quoque
2383 5779 2809 5854 ercw‘lingute
2845 5779 3106 5854 perpauca
3144 5779 3293 5837 verba
3333 5790 3426 5835 aut
3457 5781 3756 5851 intelligere

2152 5861 2345 5920 posset,
2372 5865 2459 5907 aut
2488 5851 2738 5923 proloqui.
