4072 6324
1195 385 1532 444 (τοιιιτιο
1569 387 1713 446 XIV.
1743 415 1812 430 --
1843 387 1933 444 DE
1971 387 2306 447 SPIRITALI
2345 389 2684 450 SCIENTIA.

3467 391 3579 452 986

291 493 586 552 Vabantur.
617 489 696 552 De
717 495 914 570 quibus
941 507 994 554 et
1020 499 1072 554 in
1101 499 1324 556 Actibus
1347 501 1730 572 Apostolorum
1753 504 1889 558 scri-
1913 507 1968 570 Α
1992 505 2156 560 fuerit
2203 505 2542 562 audientium
2585 507 2844 564 cordibus
2885 509 3356 579 commendatum,
3386 510 3580 568 subse-

291 599 444 662 ptum
472 599 596 648 est:
635 591 878 649 Videntes
921 605 1092 649 autem
1115 595 1255 651 Petri
1285 601 1626 653 constantiam
1655 607 1699 654 et
1723 599 1888 654 Joan-

289 685 408 750 nis,
457 692 510 740 et
550 697 810 759 comperto
852 690 987 759 quod
1017 689 1250 745 homines
1287 703 1448 748 essent
1495 695 1605 747 sine
1637 693 1820 748 litteris
1841 704 1889 749 et
1919 682 1936 702 ⁸

291 775 474 832 idiottz
499 818 516 844 ,
545 779 938 834 admirabantur
967 779 1166 853 (Actor.
1201 781 1298 854 tv).
1335 785 1402 840 Et
1451 786 1656 842 idcirco
1699 788 1742 840 si
1795 787 1886 842 tibi

289 883 440 924 cura:
472 881 556 924 est
586 870 652 924 ad
693 869 816 940 ejus
845 873 1350 930 immarcescibilem
1385 875 1732 948 lragrantiam
1761 893 1888 948 per-

291 960 510 1026 venire,
535 965 744 1018 cunctis
785 966 1018 1034 primum
1051 968 1336 1024 conatibus
1363 969 1582 1026 elabora
1607 1011 1622 1038 ,
1653 981 1762 1026 uta
1787 971 1893 1026 Do-

289 1055 448 1110 mino
478 1055 768 1125 puritatem
801 1059 1064 1114 castitatis
1102 1061 1372 1118 obtineas.
1413 1061 1606 1118 Nullus
1647 1065 1790 1119 enim
1837 1066 1888 1120 in

288 1163 400 1219 quo
447 1151 628 1206 adhuc
673 1154 970 1208 carnalium
1019 1157 1326 1225 passionum
1359 1168 1414 1213 et
1453 1160 1684 1214 maxime
1719 1159 1890 1214 forni-

287 1242 530 1297 cationis
557 1242 869 1300 dominatur
897 1245 1145 1312 allectus,
1168 1249 1464 1318 spiritalem
1489 1251 1684 1322 poterit
1717 1252 1892 1306 scien-

287 1333 426 1386 tiam
462 1334 767 1402 possidere.
821 1334 888 1390 In
933 1341 1084 1393 corde
1126 1341 1272 1395 enim
1323 1343 1454 1397 bono
1491 1344 1771 1412 requiescet
1807 1361 1890 1398 sa-

287 1425 526 1494 pientia;
577 1433 622 1479 et
663 1429 752 1496 qui
779 1429 920 1482 timet
953 1428 1118 1484 Deum
1143 1471 1158 1496 ,
1205 1433 1421 1488 inveniet
1469 1435 1736 1488 scientiam
1773 1451 1891 1490 cum

291 1519 500 1594 iustitia
531 1517 713 1587 (Prov.
741 1519 879 1593 xiv).
910 1521 1022 1577 Hoc
1063 1531 1242 1579 autem
1287 1541 1395 1596 quo
1421 1526 1774 1596 pra'diximus
1802 1543 1891 1584 or-

289 1610 422 1666 dine
448 1610 514 1664 ad
543 1613 842 1680 spiritalem
867 1615 1156 1670 scientiam
1182 1617 1474 1686 perveniri,
1508 1623 1670 1676 etiam
1699 1619 1888 1676 beatus

291 1701 596 1768 Apostolus
635 1703 816 1758 docet.
861 1703 996 1760 Nam
1042 1721 1164 1762 cum
1207 1709 1580 1766 universarum
1631 1715 1887 1767 virtutum

291 1807 522 1848 auarum
561 1809 670 1848 non
704 1797 880 1850 solum
907 1799 1206 1870 catalogum
1251 1811 1457 1870 texere,
1491 1820 1680 1860 verum
1724 1807 1886 1862 etiam

1987 613 2156 670 quens
2181 599 2416 668 Spiritus
2445 601 2621 656 sancti
2659 599 2836 656 imber
2865 601 3199 673 largissimus
3227 603 3533 659 fecundabit
3556 644 3572 670 ,

1989 706 2052 747 ac
2074 693 2368 747 secundum
2395 693 2448 748 id
2475 694 2618 764 quod
2651 694 2924 762 pollicitus
2945 704 3031 751 est
3053 695 3342 766 propheta,
3367 695 3576 750 dabitur

1991 787 2165 857 pluvia
2195 787 2376 842 semini
2405 799 2515 856 tuo,
2549 789 2855 860 ubicumque
2897 791 3226 845 seminaveris
3254 790 3308 843 in
3337 797 3496 854 terra,
3528 797 3576 843 et

1987 887 2139 956 panis
2192 889 2404 959 frugum
2446 895 2596 942 terra:
2647 897 2750 940 tua:
2798 889 2894 940 erit
2948 887 3232 942 uberrimus
3277 898 3323 941 et
3367 887 3574 958 pinguis

1992 979 2174 1052 (Isaia:
2202 983 2358 1050 xxx).

2559 1076 2788 1133 CAPUT
2841 1077 3007 1132 XVII.

2003 1239 2008 1243 η
2199 1169 2394 1234 Quibus
2424 1169 2557 1224 ratio
2591 1170 2925 1240 perfectionis
2953 1173 3130 1227 debeat
3161 1173 3375 1238 aperiri.

2064 1262 2207 1320 Cave
2234 1263 2260 1302 ι’
2291 1267 2452 1320 etiam
2487 1283 2554 1322 ne
2583 1266 2698 1322 haec
2731 1283 2850 1338 qua:
2887 1277 2996 1321 tam
3030 1267 3264 1321 lectione
3291 1281 3450 1338 quam
3480 1280 3578 1322 ex-

1993 1357 2272 1426 perientize
2323 1359 2520 1414 sudore
2567 1359 2842 1425 didiceris,
2885 1375 3006 1414 cum
3051 1369 3102 1414 te
3144 1371 3278 1413 setas
3321 1358 3582 1412 maturior

1993 1451 2312 1520 provexerit
2367 1451 2430 1505 ad
2485 1451 2815 1518 ducendum,
2877 1466 3028 1505 vanae
3078 1451 3266 1522 gloria:
3319 1449 3580 1506 seductus

1991 1558 2194 1609 amore,
2228 1544 2524 1599 immundis
2563 1544 2869 1599 hominibus
2909 1543 3104 1613 passim
3148 1543 3382 1614 ingeras,
3423 1541 3582 1597 illud-

1991 1653 2096 1708 que
2122 1639 2266 1707 quod
2297 1638 2729 1705 sapientissimus
2763 1637 3020 1694 Salomon
3059 1639 3364 1702 interdixit,
3397 1635 3580 1693 incur-

1991 1745 2080 1785 ras
2107 1749 2119 1784 :
2155 1743 2177 1770 ⁶
2211 1729 2339 1785 Noli
2368 1731 2638 1802 applicare
2663 1731 2881 1803 impium
2915 1733 2984 1784 ad
3021 1747 3214 1802 pascua
3234 1731 3391 1802 justi,
3419 1746 3582 1801 neque

1992 1823 2256 1878 seducaris
2308 1825 2577 1877 saturitate
2615 1825 2840 1890 ventris;
2896 1822 2922 1860 ά
2969 1839 3074 1877 non
3127 1825 3258 1878 enim
3307 1823 3584 1894 expediunt

289 1887 546 1943 ordinem
577 1905 764 1986 earum
795 1891 960 1947 vellet
1007 1907 1284 1964 exponere
1305 1942 1318 1964 ,
1355 1905 1413 1952 ut
1456 1915 1576 1970 qua:
1606 1915 1762 1970 quam
1803 1917 1888 1958 se-
1919 1898 1967 1960 Β
1993 1915 2150 1968 stulto
2177 1913 2394 1978 deliciae,
2437 1924 2470 1951 ο·
2497 1931 2590 1968 nec
2620 1931 2750 1986 opus
2791 1887 2861 1970 est
2900 1915 3152 1986 sapientia
3183 1914 3270 1967 ubi
3298 1887 3434 1968 deest
3461 1931 3584 1969 sen-

289 1989 554 2049 queretur
581 1983 664 2037 vel
693 1999 816 2053 qua:
857 2001 1020 2055 quam
1057 1990 1351 2058 parturiret
1393 1993 1744 2064 exprimeret,
1775 2008 1893 2066 post

293 2072 580 2144 aliquanta
603 2075 810 2142 intulit,
834 2079 1020 2134 dicens
1043 2099 1056 2134 :
1093 2091 1119 2118 ι
1143 2080 1210 2136 In
1237 2085 1450 2154 vigiliis,
1481 2089 1536 2140 in
1561 2089 1812 2153 castitate,
1837 2090 1891 2144 in

287 2167 540 2234 scientia,
583 2167 638 2222 in
685 2169 1121 2241 longanimitate,
1164 2176 1218 2230 in
1264 2179 1513 2234 suavitate
1541 2223 1554 2246 ,
1599 2183 1651 2234 in
1691 2179 1892 2250 Spiritu

289 2273 502 2328 sancto,
533 2263 586 2316 in
618 2265 870 2318 charitate
897 2283 998 2320 non
1030 2269 1152 2336 ﬁcta
1181 2270 1222 2338 (l
1245 2271 1366 2324 Cor.
1411 2277 1509 2342 Vl).
1539 2275 1594 2328 In
1621 2291 1722 2345 qua
1756 2289 1892 2330 con-

289 2355 572 2426 jugalione
599 2359 858 2414 virtutum
890 2361 1298 2420 evidentissime
1329 2381 1427 2421 nos
1453 2367 1623 2422 voluit
1652 2369 1890 2437 erudire,

289 2451 372 2506 de
401 2451 600 2520 vigiliis
625 2463 786 2524 atque
813 2455 1040 2524 jejuniis
1071 2457 1136 2512 ad
1167 2459 1468 2514 castitatem
1496 2503 1510 2526 ,
1545 2461 1613 2518 de
1642 2465 1895 2520 casntate

293 2545 372 2598 ad
403 2545 685 2600 scientiam
711 2589 727 2614 ,
771 2547 841 2603 de
887 2551 1113 2604 scientia
1159 2551 1224 2604 ad
1275 2551 1782 2624 longanimitatem,
1825 2556 1894 2612 de

293 2637 711 2708 longanimitate
734 2641 800 2694 ad
831 2641 1176 2708 suavitatem,
1201 2644 1268 2698 de
1295 2645 1564 2702 suavitate
1613 2647 1678 2702 ad
1722 2647 1893 2716 Spiri-

299 2739 421 2784 tum
449 2745 716 2798 sanctum,
749 2733 818 2787 de
863 2733 1072 2802 Spiritu
1104 2744 1294 2792 sancto
1341 2737 1406 2793 ad
1458 2738 1742 2795 eharitatis
1787 2756 1893 2796 non

299 2825 450 2880 ﬁctae
475 2829 700 2896 praemia
743 2830 1048 2898 pervenire.
1081 2829 1214 2886 Cum
1247 2833 1407 2903 igitur
1457 2833 1558 2890 hac
1607 2835 1892 2906 disciplina

295 2927 470 2988 atque
493 2918 596 2974 hoc
617 2919 810 2976 ordine
839 2931 894 2975 tu
923 2938 1134 2993 quoque
1177 2927 1490 2994 perveneris
1514 2927 1580 2981 ad
1613 2928 1894 2984 scientiam

297 3013 626 3080 spiritalem,
656 3013 883 3068 habebis
911 3016 1300 3085 proculdubio,
1331 3019 1472 3074 sicut
1496 3020 1760 3090 diximus,
1793 3037 1894 3077 nec

297 3105 569 3172 sterilem,
598 3121 700 3162 nec
728 3107 980 3174 inertem,
1008 3109 1102 3164 sed
1129 3111 1304 3166 vivam
1337 3111 1774 3184 fruetuosanque
1795 3117 1892 3168 do-

297 3198 534 3254 ctrinatn
557 3241 572 3265 ,
603 3216 900 3272 semenque
951 3204 1205 3260 salutaris
1255 3207 1431 3272 verbi,
1472 3209 1614 3278 quod
1637 3224 1760 3262 cum
1789 3225 1816 3262 a
1845 3220 1894 3264 te

1993 2025 2082 2062 sus
2105 2007 2285 2079 (Prov.
2317 2013 2450 2078 tux).
2482 2009 2649 2078 Magis
2671 2009 2813 2064 enim
2840 2009 3052 2063 ducitur
3075 2007 3412 2078 insipientia;
3435 2009 3584 2080 quia,

1999 2099 2018 2138 ί
2051 2117 2222 2154 servus
2253 2101 2414 2154 durus
2439 2119 2540 2154 non
2569 2103 2924 2156 emendabitur
2952 2103 3133 2156 verbis.
3176 2101 3237 2157 Si
3266 2103 3401 2155 enim
3431 2101 3586 2155 intel-

1994 2195 2197 2260 lexerit,
2229 2213 2330 2248 non
2365 2195 2561 2250 obediet
2595 2195 2777 2264 (Prov.
2817 2193 3001 2266 xxix).
3033 2195 3122 2262 Et,
3157 2205 3180 2242 κ
3211 2193 3276 2249 In
3308 2211 3458 2249 aures
3483 2195 3586 2248 int-

1993 2289 2264 2358 prudentis
2305 2287 2412 2340 noli
2449 2288 2728 2358 quidquam
2769 2287 2957 2351 dicere,
3000 2304 3062 2340 ne
3100 2289 3230 2354 forte
3259 2286 3471 2338 irrideat
3499 2302 3588 2338 sa-

1993 2379 2186 2450 pientes
2211 2395 2462 2433 sermones
2498 2387 2613 2432 tuos
2649 2376 2831 2448 (Prov.
2867 2375 3040 2448 xxm).
3089 2377 3177 2443 Et,
3213 2375 3240 2414 ιι
3271 2377 3354 2431 Νι
3381 2377 3586 2431 dederi-

1997 2471 2064 2524 tis
2089 2481 2323 2525 sanctum
2351 2471 2580 2532 canibus,
2609 2488 2770 2542 neque
2797 2471 3034 2524 miseritis
3059 2471 3373 2542 margaritas
3397 2480 3588 2523 vestras

1994 2573 2116 2617 ante
2155 2579 2355 2634 porcos,
2405 2581 2468 2617 ne
2507 2569 2642 2632 forte
2673 2565 2970 2618 coliculcent
3012 2581 3096 2618 eas
3130 2563 3347 2634 pedibus
3383 2563 3507 2628 suis,
3538 2571 3590 2615 et

1995 2658 2222 2710 conversi
2249 2657 2576 2724 disrumpunt
2609 2673 2696 2710 vos
2739 2655 2953 2726 (Matth.
2984 2657 3114 2728 vn).
3147 2657 3375 2725 Oportet
3407 2653 3588 2722 itaque

1997 2761 2054 2806 ut
2092 2749 2398 2818 hujnsmodi
2441 2749 2755 2804 hominibus
2797 2751 3118 2819 spiritalium
3160 2763 3418 2802 sensuum
3459 2760 3589 2800 con-

1999 2851 2186 2912 tegens
2221 2853 2558 2896 sacrumenta
2591 2841 2887 2896 efﬁcaciter
2923 2855 3086 2896 ranas
3128 2858 3144 2897 :
3185 2839 3254 2894 In
3291 2839 3443 2894 corde
3477 2855 3589 2892 meo

1995 2933 2239 2988 abscondi
2269 2933 2472 3004 eloquia
2499 2943 2588 2988 tua
2613 2945 2666 2987 ut
2697 2951 2799 2988 non
2829 2951 3032 3005 peccem
3061 2933 3151 2988 tibi
3177 2931 3332 3002 (Psal
3375 2929 3588 3001 cxvnt).

1997 3025 2104 3082 Sed
2127 3027 2262 3081 diris
2287 3027 2504 3080 forsitan
2525 3045 2536 3078 :
2558 3026 2625 3081 Et
2644 3027 2840 3097 quibus
2863 3027 3163 3080 divinarum
3189 3025 3592 3093 Scripturarum

1997 3119 2358 3188 dispensanda
2391 3130 2520 3175 sunt
2551 3121 2930 3174 sacramenta?
2974 3121 3140 3174 Docet
3175 3127 3226 3172 te
3256 3117 3594 3186 sapientissi-

1997 3227 2120 3267 mus
2149 3213 2407 3268 Salomon
2449 3231 2460 3264 :
2502 3211 2518 3250 ί
2564 3210 2720 3278 Date,
2752 3211 2947 3282 inquit,
2979 3210 3272 3265 ebrietatem
3311 3209 3391 3262 his
3425 3211 3512 3276 qui
3541 3209 3592 3262 in

1381 3321 1640 3378 ALARI)!
1682 3323 1918 3380 GAZEI
1955 3325 2520 3384 COMMENTARIUS.

381 3423 406 3452 ι
441 3413 682 3491 Quatuor
717 3416 1150 3491 combinationes
1189 3417 1302 3471 sive
1333 3418 1762 3491 coniugationes
1791 3421 1892 3474 t-ir-
1923 3422 1970 3485 C
1999 3421 2054 3476 in
2085 3421 2470 3476 tabernaculum
2493 3423 2778 3491 juttorum.
2811 3421 2916 3476 Sed
2952 3437 3052 3476 vox
3087 3421 3310 3474 Hebraea
3343 3421 3590 3491 ambigua

303 3495 480 3559 tutum
525 3486 608 3540 his
649 3488 824 3559 verbis
853 3489 1172 3552 complexus
1214 3499 1296 3543 est
1337 3487 1650 3556 Apostolus,
1690 3490 1894 3559 jejunis

301 3557 828 3626 vigiliis.scientiam
849 3561 1108 3622 castitati,
1133 3562 1452 3616 suavitatem
1477 3557 1895 3628 longanintitati,

301 3628 628 3702 cbaritaﬁtem
695 3631 918 3702 Spiritui
983 3633 1240 3701 copulatis
1293 3641 1452 3700 alque
1517 3634 1893 3702 conjungens,

301 3715 434 3768 quia
459 3701 724 3770 (nimirum
757 3700 996 3756 Charitas
1025 3700 1336 3770 diffunditur
1361 3705 1414 3756 in
1441 3700 1679 3758 cordibus
1711 3706 1900 3759 nostris

303 3787 402 3846 per
441 3769 691 3838 Spiritum
732 3781 968 3828 sanctum
1010 3769 1187 3846 illam.
1232 3774 1306 3844 v),
1349 3775 1502 3844 cujus
1541 3789 1623 3830 est
1662 3777 1898 3846 speciale

303 3844 508 3914 donum
537 3859 586 3897 et
618 3847 854 3900 maxime
877 3845 1172 3914 proprium.

383 3913 410 3990 β
467 3913 634 3990 pacet
696 3913 888 3990 arcana
953 3913 1120 3990 sacrit:
1173 3915 1454 3990 doctrinae,
1494 3929 1548 3973 et
1607 3921 1903 3990 spiritualis

303 3986 554 4042 scientiae
582 4005 688 4041 non
718 4003 844 4042 esse
876 3987 1185 4042 hominibus
1216 3988 1532 4056 immundis,
1565 3993 1614 4046 id
1639 3986 1750 4054 't-st,
1783 4009 1902 4048 car-

305 4059 546 4122 nalibus,
571 4071 664 4112 aut
695 4057 985 4112 luxuriosis
1009 4059 1374 4126 propalatula;
1405 4061 1497 4114 sed
1525 4065 1899 4130 spiritualibus

303 4140 368 4206 et
401 4130 587 4206 caslis.
631 4130 884 4206 animalis
928 4133 1060 4206 enim
1098 4129 1248 4206 homo
1289 4129 1650 4206 nonpercipit
1689 4152 1748 4188 ea
1787 4152 1902 4206 qua:

307 4199 412 4253 Dei
453 4212 590 4256 sunt.
645 4203 780 4257 llinc
839 4202 1131 4265 Apostolus
1184 4202 1250 4254 ad
1299 4199 1610 4259 Corinthios
1657 4199 1900 4262 scribens

305 4271 358 4342 (l
385 4271 502 4344 Cor.
531 4273 590 4338 ιι)
623 4290 634 4324 :
677 4271 722 4325 Ν
729 4289 792 4344 an
816 4271 1127 4344 potui_vobis
1155 4271 1315 4342 loqui,
1346 4278 1494 4342 quasi
1519 4277 1898 4344 spiritualibus,

303 4341 402 4416 sed
427 4345 576 4412 quasi
606 4343 916 4398 carnalibus.
954 4341 1234 4413 Tamquam
1264 4341 1494 4416 parvulis
1515 4341 1570 4401 in
1600 4347 1803 4402 Christo
1820 4341 1902 4404 lac

305 4413 450 4490 vobis
478 4425 654 4482 potum
685 4417 960 4490 detli,it_ton
987 4413 1438 4490 escant,rnondum
1465 4419 1598 4471 enim
1627 4421 1902 4490 poteratis;

305 4487 402 4538 scd
449 4503 541 4539 nec
585 4503 722 4539 nunc
758 4488 960 4554 quidem
1013 4489 1242 4552 potestis,
1287 4489 1456 4540 adhuc
1497 4487 1635 4542 enim
1667 4493 1902 4546 carnales

303 4557 454 4611 estis.
507 4557 573 4610 Et
608 4557 674 4610 ad
723 4558 980 4611 Hebrteos
1009 4573 1039 4610 v
1073 4575 1084 4608 :
1122 4557 1304 4610 Omnis
1337 4559 1426 4628 qui
1455 4558 1604 4612 lactis
1632 4569 1704 4612 est
1740 4564 1901 4628 parti-

305 4643 448 4698 ceps,
481 4644 660 4693 expers
695 4639 768 4684 est
798 4629 1042 4682 sermonis
1071 4629 1328 4700 justitite;
1361 4631 1698 4700 perfectorum
1729 4645 1902 4686 autem

304 4711 385 4753 est
432 4701 632 4754 solidus
677 4702 852 4764 cibus;
899 4716 1072 4752 eorum
1111 4701 1200 4767 qui
1245 4717 1338 4771 pro
1381 4705 1495 4767 ipsa
1538 4703 1905 4756 consuetudine

305 4772 616 4824 exercitatos
644 4772 828 4824 habent
856 4787 1036 4825 sensus
1061 4776 1126 4824 ad
1150 4773 1506 4826 discretionem
1533 4773 1650 4826 boni
1679 4784 1725 4827 et
1753 4777 1895 4829 mali.

305 4842 482 4907 Quam
513 4842 813 4896 dovtrinam
847 4841 908 4898 Β.
967 4843 1252 4912 Dionysius
1279 4843 1606 4912 Areottagita
1638 4845 1782 4900 Pauli
1813 4847 1900 4900 di-

307 4913 554 4976 scipulus
602 4913 888 4968 Timotheo
944 4913 1072 4968 item
1105 4915 1370 4980 discipulo
1415 4917 1558 4972 serio
1615 4915 1904 4972 inculcavit

303 4983 467 5040 initio
489 4984 885 5040 Ecclesiasticm
912 4983 1260 5050 Hierarchite,
1296 4986 1380 5038 Itis
1410 4988 1594 5041 verbis
1626 5003 1642 5040 :
1679 4987 1904 5042 Observa

305 5055 612 5130 diligentius
653 5065 928 5130 nesancta
958 5065 1252 5130 sanctorum
1279 5057 1488 5125 efferas,
1517 5073 1638 5112 neve
1667 5062 1904 5130 profanis

303 5127 594 5180 luminibus
635 5127 876 5180 violanda
919 5127 1220 5198 permittas;
1255 5143 1430 5181 verum
1459 5127 1774 5183 revereberis
1796 5149 1906 5183 ma-

303 5213 412 5268 gis,
441 5215 766 5266 nequaquam
792 5215 852 5252 ea
883 5199 1074 5264 passim
1101 5199 1313 5252 rudibus
1341 5200 1570 5264 tradens,
1603 5203 1694 5254 sed
1715 5205 1906 5256 sanctis

301 5269 436 5323 solis
457 5281 749 5323 sanctarum
775 5286 944 5322 rerum
969 5269 1358 5342 intelligentiam
1381 5273 1624 5324 secretius
1649 5275 1900 5342 pandens.

388 5347 516 5418 ius
535 5343 868 5418 upwuyayp;
884 5343 979 5418 tias
988 5341 1049 5400 ϐῆ
1064 5349 1188 5415 νομῇ
1205 5340 1399 5418 δικαίου
1425 5342 1608 5418 (Prov:
1629 5340 1696 5418 xx
1705 5359 1775 5418 I_v,
1797 5361 1900 5398 sec.

305 5409 502 5480 LXX).
539 5409 610 5466 lt'a
639 5409 857 5480 quidem
877 5409 1285 5482 itabrntv'uigati
1314 5421 1368 5466 et
1395 5409 1524 5467 nias.
1557 5413 1672 5466 libri
1698 5409 1901 5470 Gre-ci:

299 5491 364 5536 et
413 5485 635 5537 totidem
679 5484 860 5536 vt-rbis
911 5487 1012 5536 hoc
1057 5486 1422 5538 testimonium
1477 5487 1642 5538 relert
1687 5485 1903 5540 Lucifer

299 5551 654 5608 Calaritanus
679 5553 816 5608 libro
839 5554 914 5608 De
937 5569 1042 5608 non
1061 5555 1436 5608 conveniendo
1463 5571 1582 5608 cum
1607 5554 1900 5610 haereticis.

298 5623 476 5696 AtS.
521 5627 824 5696 Cyprianus
853 5625 946 5680 lib.
989 5639 1048 5680 nt
1085 5627 1150 5680 ad
1194 5626 1472 5693 Quirinum
1519 5641 1638 5696 cap.
1794 5644 1900 5681 non

277 5693 526 5751 .visletur
557 5693 773 5766 legisse,
805 5701 976 5768 νομήν,
1023 5698 1125 5770 hoc
1169 5708 1274 5770 est,
1321 5711 1544 5766 pascua,
1587 5693 1682 5770 sed
1723 5699 1898 5770 μόνην,

301 5771 418 5823 hoc
452 5780 558 5834 est,
605 5771 964 5821 habitaculum
1003 5768 1116 5822 sive
1158 5769 1582 5823 tabernaculum.
1625 5768 1898 5824 Sict-nini

295 5839 440 5910 citat
467 5855 484 5894 :
517 5839 600 5894 Ne
623 5837 903 5910 adduxeris
922 5838 1140 5910 impium
1163 5839 1219 5891 in
1239 5837 1591 5910 habitaculum
1609 5841 1895 5910 justorum.

297 5909 382 5972 Et
405 5909 461 5967 S.
497 5911 856 5978 Hieronymus
880 5909 936 5964 in
969 5907 1248 5964 Michaaam
1281 5927 1293 5963 :
1325 5908 1408 5963 Νι
1433 5907 1652 5964 inducas
1682 5911 1898 5978 impium

2000 3501 2086 3548 est
2131 3493 2198 3546 ad
2253 3490 2560 3560 utrumque.
2619 3495 2744 3548 ilice
2791 3493 3098 3546 Ciaconius.
3153 3491 3321 3544 Porro
3373 3490 3590 3560 Vulgata

1999 3563 2162 3618 lectio
2204 3572 2288 3618 est
2331 3581 2342 3615 :
2389 3563 2472 3616 Ne
2510 3565 2794 3626 insidieris.
2839 3573 2884 3617 et
2925 3579 3128 3633 quteras
3179 3561 3490 3633 impietatem
3539 3563 3591 3614 in

1999 3635 2150 3688 domo
2193 3635 2346 3703 justi,
2387 3651 2546 3700 neque
2580 3645 2740 3689 vastes
2771 3631 2994 3698 requiem
3035 3637 3148 3704 ejus
3178 3631 3197 3702 (
3219 3631 3388 3704 Prov.
3427 3633 3589 3704 xix);

1999 3706 2084 3759 cui
2113 3701 2362 3760 Cltaltlteu
2400 3705 2532 3758 satis
2571 3706 2782 3760 acet-dit
2814 3723 2826 3758 :
2869 3707 2944 3757 Ne
2978 3701 3233 3758 insidieris
3264 3703 3418 3770 impie
3445 3701 3592 3756 habi-

1999 3779 2167 3848 tacqu
2188 3777 2346 3847 justi,
2379 3791 2538 3845 neque
2567 3779 2808 3848 projicias
2847 3777 3052 3830 domum
3083 3774 3415 3827 habitationis
3456 3775 3584 3838 eius.

2071 3845 2100 3886 εἰ
2135 3845 2286 3916 νιιΙς.
2324 3867 2334 3900 :
2374 3848 2494 3901 Non
2525 3845 2700 3902 decent
2733 3849 2948 3900 stultum
2979 3847 3196 3902 delicia.

2075 3929 2098 3955 ε
2127 3917 2366 3994 μ”ΛσγιτιιιΣ
2411 3920 2666 3994 ducitur;
2699 3935 2829 3984 non,
2869 3919 3176 3994 _c_licitur,‘u_t
3209 3918 3402 3994 vitiose
3427 3925 3588 3994 attica

2001 3985 2298 4060 legeltal'ur.
2325 3989 2583 4058 Vulgatus
2609 3999 2785 4045 textus
2813 4009 2826 4042 :
2861 3989 2980 4043 Non
3010 3989 3189 4056 recipit
3220 3989 3411 4060 stultus
3439 3985 3594 4060 verba

2001 4059 2308 4131 prudentiae,
2337 4063 2440 4116 nisi
2468 4077 2530 4115 ea
2556 4063 2746 4116 dixeris
2768 4076 2884 4130 quae
2905 4071 3171 4114 versantur
3193 4063 3245 4112 in
3273 4059 3428 4112 σοι-ἀι
3455 4059 3587 4128 ejus.

2083 4131 2100 4172 ῐ
2139 4133 2362 4198 Vulgata
2410 4152 2420 4185 :
2458 4133 2646 4187 Servus
2685 4133 2849 4187 verbis
2889 4148 2990 4184 non
3021 4139 3186 4200 potest
3217 4132 3442 4196 erudiri;
3473 4131 3596 4199 quia

2001 4205 2138 4275 quod
2189 4205 2315 4258 dicis
2347 4205 2607 4274 intelligit,
2656 4213 2704 4259 et
2747 4204 3051 4262 respondere
3092 4203 3363 4255 contemnit
3401 4200 3592 4268 (Prov.

2005 4277 2178 4345 xxix).
2213 4276 2332 4328 Div.
2369 4276 2761 4346 Hieronymus:
2795 4275 2982 4330 Servus
3008 4284 3078 4328 est
3107 4275 3316 4342 quilibet
3341 4281 3592 4346 peccator,

2003 4343 2143 4400 recte
2168 4347 2374 4412 quidem
2413 4343 2720 4416 intelligens,
2761 4347 2848 4399 sed
2889 4349 2942 4398 in
2980 4362 3130 4416 opere
3161 4345 3383 4398 veritatis
3413 4343 3599 4416 absque

2002 4415 2204 4490 ﬂagelli
2236 4419 2509 4490 disciplina
2551 4414 2853 4490 respondere
2894 4414 3240 4490 contkmnens.
3298 4417 3373 4490 l)e_
3412 4414 3596 4490 talibus

2005 4483 2316 4542 ait'Veritas
2357 4483 2376 4541 Ξ
2414 4487 2608 4543 Servus
2633 4483 2800 4542 sciens
2831 4489 3144 4540 voluntatem
3176 4486 3368 4538 domini
3401 4483 3501 4548 sui,
3551 4493 3596 4536 et

2005 4577 2108 4614 non
2137 4561 2354 4630 faciens.
2383 4561 2534 4630 digne
2565 4560 2731 4626 plagis
2761 4556 3024 4624 vapulabit
3057 4559 3231 4610 multis
3254 4555 3441 4630 (Lucra
3475 4553 3593 4624 stt).

2079 4641 2102 4676 Β
2139 4628 2358 4692 Vulgata
2408 4628 2532 4682 εἸη
2559 4631 2772 4682 auribus
2803 4629 3158 4692 insipientium
3187 4629 3316 4680 nihil
3342 4629 3592 4692 loquaris,

2005 4703 2128 4772 quia
2155 4701 2436 4764 despicient
2463 4699 2750 4772 doctrinam
2777 4699 2966 4767 eloquii
2995 4701 3089 4750 tui.

2079 4770 2106 4808 ¹ι
2129 4773 2359 4824 Mattlturt
2387 4787 2454 4824 vn
2478 4789 2490 4824 :
2513 4771 2688 4824 Nilne
2709 4772 2833 4823 dare
2855 4766 3086 4823 sanctum
3102 4769 3332 4822 canibus.
3359 4766 3598 4821 Isidorus

2009 4843 2305 4898 Pelusiolcs
2337 4841 2476 4912 (Lib.
2511 4841 2548 4912 ι)
2575 4841 2730 4910 epist.
2756 4839 2861 4896 145
2896 4858 2908 4891 :
2945 4837 3280 4912 Ματθία-ἓως,
3307 4837 3500 4912 inquit,
3535 4853 3598 4889 ne

2005 4927 2124 4968 ante
2151 4907 2720 4982 porcos'pro_jiciamus,
2749 4914 2922 4964 divino
2945 4907 3213 4982 interdicto
3245 4907 3593 4982 prohibemur.

2007 4987 2102 5038 hoc
2130 4981 2224 5046 est,
2254 4995 2370 5037 ante
2393 5001 2475 5036 eos
2499 4988 2582 5053 qui
2606 4985 2658 5036 in
2679 4985 2871 5036 vitiosis
2893 4981 3250 5048 affectionibus
3277 4981 3594 5053 volutantur,

2005 5073 2068 5110 ac
2093 5057 2361 5124 porcinum
2391 5049 2688 5127 vitte'gentts
2715 5065 3028 5124 sequuntur;
3061 5069 3120 5106 tte
3141 5053 3280 5127 forte
3301 5049 3596 5127 conculcet"

2005 5121 2099 5182 eas
2131 5127 2366 5196 pedibus,
2399 5121 2644 5178 nimirum
2690 5127 2742 5180 in
2781 5121 3044 5179 sceleratis
3071 5123 3178 5176 suis
3209 5121 3392 5174 studiis
3423 5121 3597 5173 divino

2005 5199 2206 5253 numini
2234 5197 2602 5251 contumeliam
2632 5199 2928 5268 inferentes.

2091 5272 2104 5306 ι
2143 5269 2362 5336 Vulgata
2394 5287 2406 5322 τ
2441 5269 2566 5322 Date
2591 5263 2806 5323 siceram
2847 5265 3194 5332 pratentibus,
3237 5273 3284 5317 et
3319 5263 3492 5316 vinum
3523 5263 3600 5316 his

2007 5341 2096 5412 qui
2123 5357 2303 5394 amaro
2329 5351 2450 5394 sunt
2481 5341 2650 5412 corde.
2687 5339 2900 5398 Bibant,
2933 5347 2982 5412 et
3007 5337 3368 5412 obliviscantur
3398 5341 3594 5412 egestu-

2010 5403 2074 5466 lis
2105 5427 2232 5478 suat,
2265 5419 2312 5464 et
2342 5411 2536 5464 doloris
2564 5412 2644 5465 sui
2673 5427 2774 5464 non
2803 5409 3136 5463 recordentur
3158 5405 3404 5478 antplius.
3428 5403 3597 5478 Cujus

2009 5473 2294 5536 sententia,-
2323 5485 2797 5546 eounnentarinm,
2842 5497 3000 5549 quem
3045 5479 3130 5532 hic
3160 5477 3512 5549 all'ert,pene_
3529 5473 3595 5528 ad

2009 5557 2232 5607 vet-bunt
2279 5569 2308 5608 η
2359 5555 2420 5608 D.
2479 5553 2810 5622 lliermtynto
2861 5547 3596 5622 mutuatusiest_ltic_tt_bbas

2009 5625 2287 5688 Nt-steros,
2322 5626 2406 5678 vel
2447 5625 2562 5692 ipse
2604 5617 2919 5676 CaSsianus.
2965 5621 3055 5676 Sic
3085 5621 3228 5674 enim
3261 5619 3371 5692 div.
3409 5617 3600 5672 Hiero-

2011 5697 2262 5769 nymus':
2317 5691 2790 5769 Siceram,_iuquil,
2833 5703 2880 5769 et
2906 5691 3247 5769 _vinurn,__h_oc
3275 5691 3600 5769 loco_s_uper-f

2005 5759 2125 5820 nam
2153 5769 2342 5820 divina:
2369 5767 2638 5834 sapientia:
2665 5764 3066 5817 consolationem
3090 5762 3232 5824 dicit,
3256 5777 3368 5828 qua:
3394 5759 3498 5834 illis
3521 5767 3600 5813 est

2002 5839 2288 5893 exhibenda
2319 5833 2561 5890 cordibus
2583 5851 2698 5905 qua:
2723 5837 2779 5888 in
2801 5835 2993 5897 inﬁmis
3023 5834 3277 5886 consolari
3307 5833 3590 5905 refugiunt,

2000 5919 2046 5962 et
2073 5909 2324 5978 quidquid
2355 5909 2572 5960 occurrit
2596 5903 2654 5960 in
2695 5905 2932 5976 praesenti
2958 5919 3138 5956 amaro
3170 5906 3456 5972 suscipiunt
3479 5903 3590 5953 ani-
