4072 6324
506 357 609 418 ιρι

1563 349 1846 409 JOANNIS
1884 346 2200 408 CASSIANI
2238 345 2733 404 COLLATIONES.

3676 338 3784 413 ειθέ

507 472 684 540 citate,
714 468 947 539 leprosos
1003 467 1263 534 mundule,
1291 466 1549 523 diemones
1580 466 1783 541 ejicite;
1811 465 1977 539 gratis
2005 480 2093 518 ac-
2118 464 2169 526 Α
2198 460 2486 532 obligatus,
2509 471 2727 532 propter
2749 461 3161 520 admirationem
3187 465 3461 537 signorum
3480 477 3701 523 sanctus
3721 484 3789 527 ac

507 566 731 638 cepistis,
780 563 942 636 gratis
990 562 1106 617 date
1159 560 1374 633 (Matth.
1413 559 1497 631 ι).
1532 557 1811 623 Secunda,
1842 572 1987 626 cum,
2021 556 2092 611 ob

507 660 920 717 aediﬁcationem
956 656 1203 713 ecclesia:
1243 656 1330 711 vel
1352 670 1541 710 eorum
1572 654 1663 726 qui
1694 652 1939 709 inﬁmos
1964 664 2092 708 suos

507 757 778 826 ingerunt,
808 751 892 808 vel
924 766 1113 808 eorum
1141 750 1234 822 qui
1258 749 1480 806 curandi
1508 759 1656 814 sunt,
1686 746 1871 815 ﬁdem,
1891 745 2094 801 sanita-

508 858 621 904 tum
652 847 824 901 virtus
849 844 1011 900 etiam
1043 858 1073 898 a
1127 843 1505 913 peccatoribus
1530 842 1873 913 indignisque
1904 854 2095 910 proce-

506 941 604 995 dit.
636 939 708 994 De
736 938 934 1008 quibus
957 937 1206 994 Salvator
1233 938 1286 992 in
1312 936 1609 1006 Evangelia
1643 952 1656 988 :
1689 932 1868 997 Multi,
1893 933 2088 1003 inquit,

504 1030 676 1085 dicent
701 1030 827 1084 mihi
864 1031 917 1085 in
945 1030 1039 1085 illa
1065 1029 1149 1084 die
1179 1045 1199 1085 :
1227 1029 1468 1095 Domine,
1521 1026 1765 1092 Domine,
1792 1033 1821 1062 ιι
1845 1041 2013 1080 nonne
2036 1026 2092 1078 in

505 1126 713 1179 nomine
738 1135 826 1178 tuo
849 1124 1288 1196 praphetavinius,
1320 1133 1368 1177 et
1397 1124 1450 1176 in
1477 1122 1682 1176 nomine
1724 1130 1811 1175 tuo
1838 1118 2093 1174 daemonia

506 1219 772 1288 ejecimus,
808 1227 855 1272 et
884 1218 937 1271 in
967 1227 1057 1271 tuo
1084 1217 1287 1271 nomine
1343 1215 1554 1270 virtutes
1601 1212 1791 1267 multas
1834 1212 2048 1282 fecimus
2072 1226 2092 1266 :

503 1320 554 1364 et
585 1322 708 1363 tunc
725 1310 1007 1379 conﬁtebor
1036 1309 1144 1363 illis
1167 1308 1290 1379 quia
1310 1323 1590 1378 numquam
1620 1307 1735 1359 novi
1762 1321 1849 1359 vos
1874 1320 1893 1360 :
1916 1304 2094 1358 Disce-

507 1403 612 1457 dite
640 1421 670 1456 a
698 1419 799 1468 me,
827 1403 1054 1474 operarii
1083 1402 1368 1472 iniquitatis
1409 1397 1626 1471 (Matth.
1656 1402 1775 1469 vii).
1808 1399 1874 1454 Et
1927 1412 2091 1454 econ-

510 1500 699 1566 trario,
747 1503 793 1552 si
854 1498 1196 1554 oll'erentium
1247 1496 1331 1553 vel
1381 1495 1716 1551 inﬁrmorum
1746 1495 1887 1549 desit
1933 1493 2090 1561 ﬁdes,

508 1593 671 1647 etiam
701 1592 822 1647 illos
847 1592 1042 1663 quibus
1071 1590 1416 1647 curationum
1440 1588 1582 1645 dona
1610 1589 1807 1644 collata
1834 1598 1955 1642 sunt
1987 1601 2093 1641 non

507 1683 637 1739 sinit
658 1685 946 1739 sanitatum
980 1699 1239 1739 exercere
1270 1685 1549 1738 virtutem.
1585 1681 1663 1738 De
1702 1696 1804 1753 qua
1836 1695 1895 1736 re
1924 1680 2093 1736 Lucas

509 1777 833 1847 evangelista
863 1794 877 1832 ε
904 1776 1130 1831 Ειδηοη
1157 1786 1386 1849 poterat,
1413 1775 1610 1845 inquit,
1638 1774 1790 1829 Iesus
1819 1776 1985 1844 facere
2012 1774 2095 1827 in-

509 1878 587 1925 ter
610 1888 695 1925 eos
735 1873 964 1937 virtutes,
1004 1881 1212 1944 propter
1239 1871 1651 1926 incredulitatem
1695 1868 1903 1924 illorum
1932 1868 2086 1940 (Luc.
2124 1858 2171 1919 Β

505 1965 604 2034 iv).
638 1963 791 2020 Unde
819 1964 957 2018 idem
983 1963 1242 2019 Dominus
1266 1981 1281 2018 :
1308 1963 1484 2029 Multi,
1519 1963 1708 2033 inquit,
1737 1963 1925 2034 leprosi
1944 1970 2091 2016 erant

506 2059 559 2113 in
585 2055 755 2113 Israel
783 2061 876 2115 sub
904 2058 1077 2114 Eliseo
1106 2058 1379 2131 propheta,
1404 2066 1452 2114 et
1499 2075 1645 2113 nemo
1668 2073 1847 2112 eorum
1871 2055 2092 2109 munda-

507 2161 587 2205 tus
615 2162 687 2205 est
713 2153 814 2206 nisi
842 2150 1084 2207 Naaman
1110 2152 1277 2223 Syriis
1305 2150 1526 2225 (Matth.
1556 2149 1729 2222 xiii).c
1759 2150 1970 2206 Tertius
1997 2164 2091 2204 cu-

505 2244 776 2298 rationum
819 2244 1011 2299 modus
1054 2248 1213 2300 etiam
1254 2245 1493 2300 colludio
1542 2243 1848 2299 daemonum
1896 2257 1959 2298 ac
2004 2242 2087 2296 fa-

410 2339 417 2345 ’
505 2338 684 2393 ctione
709 2339 1016 2404 simulatur,
1041 2349 1097 2396 ut
1123 2340 1248 2396 dum
1270 2340 1432 2395 homo
1446 2340 1745 2396 manifestis
1767 2337 2086 2394 criminibus

2193 553 2289 610 Dei
2317 554 2546 610 famulus
2571 554 2831 624 creditur,
2858 557 3017 612 etiam
3048 557 3300 615 vitiorum
3344 560 3463 629 ejus
3507 561 3788 619 amulatio

2194 649 2507 717 suadeatur,
2530 659 2586 706 et
2639 667 2736 723 per
2766 652 2867 708 hoc
2899 653 3318 709 obtrectationis
3348 654 3498 709 aditu
3532 652 3702 728 [Lips.
3729 657 3788 713 in

2195 761 2361 816 marg.
2412 743 2622 816 auditu]
2686 755 2953 815 reserato,
3008 746 3172 803 etiam
3217 748 3496 818 religionis
3521 750 3787 805 sanctitas

2194 838 2505 902 infametur,
2523 841 2606 895 vel
2619 851 2768 896 certe
2794 851 2851 896 ut
2873 842 2919 895 is
2936 842 3025 910 qui
3052 841 3391 898 curationum
3412 842 3555 896 dona
3585 842 3788 899 habere

2193 945 2254 985 se
2276 931 2469 996 credit,
2490 946 2587 1002 per
2614 934 2923 1001 superbiam
2946 933 3128 989 cordis
3156 934 3334 989 elatus
3363 935 3583 1005 gravius
3612 935 3783 991 elida-

2193 1030 2299 1078 tur.
2328 1022 2459 1080 Inde
2508 1037 2593 1081 est
2634 1026 2774 1096 quod
2818 1027 3134 1083 invocantes
3158 1042 3349 1083 eorum
3380 1029 3613 1089 nomina
3652 1043 3791 1100 quos

2193 1118 2340 1173 nulla
2365 1119 2556 1175 merita
2583 1120 2888 1176 sanctitatis
2941 1135 3042 1176 nec
3090 1121 3232 1177 ullos
3277 1122 3551 1191 spiritales
3579 1122 3789 1177 fructus

2194 1209 2397 1266 habere
2424 1208 2916 1279 cognoscuntﬁ‘uri
2947 1227 3007 1267 se
3034 1227 3222 1268 eorum
3241 1212 3474 1277 meritis,
3502 1228 3568 1268 ac
3590 1213 3663 1268 de
3688 1214 3793 1269 ob-

2194 1303 2359 1358 sessis
2385 1304 2642 1359 simulant
2695 1304 3021 1374 corporibus
3067 1303 3309 1375 effugari.
3373 1304 3450 1360 De
3497 1304 3701 1376 quibus
3729 1304 3788 1360 iii

2195 1404 2615 1461 Denteronomio
2649 1422 2662 1460 :
2693 1404 2756 1462 Si
2780 1405 3025 1473 surrexit,
3058 1406 3251 1475 inquit,
3278 1407 3330 1459 in
3354 1406 3525 1460 medio
3555 1406 3635 1459 tui
3659 1423 3787 1478 pro-

2195 1508 2370 1579 pheta,
2401 1518 2491 1564 aut
2518 1509 2607 1581 qui
2634 1511 2893 1564 somnium
2921 1526 2976 1564 se
2999 1510 3187 1564 vidisse
3216 1510 3377 1576 dicat,
3402 1520 3451 1564 et
3476 1510 3787 1579 prirdiazerit

2193 1614 2398 1684 signum
2419 1623 2571 1686 atque
2601 1623 2915 1682 portentum,
2957 1623 3005 1669 et
3031 1615 3251 1669 evenerit
3278 1616 3418 1687 quod
3448 1616 3651 1670 locutus
3681 1625 3781 1680 est,

2195 1726 2244 1772 et
2266 1718 2454 1773 dixerit
2483 1719 2577 1773 tibi
2604 1734 2622 1772 :
2657 1717 2851 1774 Eamus
2873 1728 2923 1773 et
2954 1735 3229 1790 sequamur
3252 1719 3372 1774 deos
3397 1720 3622 1784 alienos,
3653 1736 3788 1789 quos

2196 1823 2428 1893 ignoras,
2473 1831 2521 1877 et
2558 1822 2838 1877 serviamus
2876 1822 2982 1884 eis;
3010 1839 3113 1878 non
3140 1823 3324 1877 audias
3350 1823 3501 1877 verba
3527 1822 3798 1897 praphettc

2197 1922 2346 1978 illius
2371 1932 2462 1978 aut
2487 1925 2840 1988 somniatoris,
2898 1925 3021 1995 quia
3059 1933 3221 1979 tentat
3247 1940 3335 1979 vos
3355 1923 3618 1979 Dominus
3646 1924 3794 1979 Deus

2193 2036 2359 2081 vester
2376 2037 2429 2081 ut
2455 2028 2627 2099 palam
2643 2027 2735 2096 ﬁat
2759 2035 2931 2081 utrum
2955 2026 3185 2097 diligatis
3208 2043 3345 2095 eum,
3362 2042 3429 2081 an
3459 2027 3657 2091 non,in
3685 2036 3797 2081 toto

2195 2131 2347 2185 corde
2375 2139 2424 2186 et
2446 2132 2501 2185 in
2526 2138 2632 2185 tota
2660 2130 2837 2185 anima
2856 2144 3021 2185 vestra
3050 2129 3233 2200 (Deut.
3265 2126 3404 2199 XIV).
3437 2128 3501 2184 Et
3522 2128 3575 2184 in
3606 2130 3797 2185 Evan-

2195 2234 2341 2305 gelio
2385 2234 2751 2308 :Exsurgent,
2801 2235 2993 2304 inquit,
3038 2234 3419 2306 pseudochristi
3474 2244 3522 2289 et
3565 2236 3798 2307 pseudo-

2198 2338 2482 2407 prophetm,
2518 2345 2543 2375 ο
2567 2348 2614 2392 et
2636 2336 2831 2392 dabunt
2858 2338 3007 2409 signa
3032 2353 3223 2410 magna
3252 2347 3300 2392 et
3323 2337 3588 2409 prodigia,
3623 2338 3700 2391 ita
3737 2347 3797 2392 ut

1595 2448 1851 2505 ALAHDI
1890 2444 2127 2503 GAZEI
2162 2443 2734 2504 COMMENTARIUS.

578 2552 605 2581 ⁸
631 2543 696 2598 Ι).
727 2543 1083 2618 Hieronymus
1111 2547 1162 2601 iu
1187 2547 1329 2601 hunc
1352 2546 1531 2602 locum
1580 2563 1593 2599 :
1641 2542 1987 2618 Prophetare,
2020 2554 2092 2618 _et

509 2615 719 2697 virtutes
749 2615 942 2697 facere,
964 2628 1009 2671 et
1035 2619 1288 2671 dwmonia
1318 2619 1525 2697 ejicere,
1549 2616 1807 2697 interdum
1849 2632 1950 2669 non
1983 2615 2094 2697 ejus

510 2687 679 2739 meriti
707 2696 782 2741 est
811 2690 898 2756 qui
926 2701 1203 2756 operatur;
1247 2687 1347 2744 sedi
1377 2691 1453 2744 vel
1507 2688 1828 2742 invocatione
1873 2687 2095 2739 nominis

510 2757 701 2811 Christi
722 2758 816 2811 hoc
842 2761 968 2827 agit,
995 2758 1069 2813 vel
1100 2760 1160 2813 ob
1193 2760 1670 2814 condemnationem
1700 2773 1876 2812 eorum
1903 2758 1990 2825 qui
2013 2758 2095 2810 in-

506 2839 706 2903 vocant,
738 2840 784 2883 et
811 2831 1080 2903 utilitatem
1111 2848 1284 2884 eorum
1314 2831 1404 2903 qui
1434 2831 1605 2884 vident
1632 2841 1686 2903 et
1704 2830 1943 2893 audiunt,
1971 2845 2095 2881 cori-

509 2899 726 2972 ceditur,
783 2912 836 2954 ut
891 2901 1010 2955 licet
1056 2902 1283 2956 homines
1328 2899 1617 2972 despiciant
1645 2902 2088 2972 signafucientes,

508 2979 677 3043 tamen
698 2970 859 3043 Deum
880 2974 1128 3026 honorent
1146 2974 1214 3025 ad
1228 2974 1378 3043 cujus
1399 2970 1763 3043 invocationem
1781 2971 1911 3043 fiunt
1934 2970 2095 3023 multa

509 3042 778 3112 miracula.
811 3042 948 3095 Nam
973 3053 1018 3096 et
1048 3043 1201 3106 Saul,
1231 3040 1544 3107 et’Balaam,
1597 3051 1645 3097 et
1675 3040 2096 3112 Caiphastpro-

510 3110 863 3185 phetaverunt,
890 3114 1167 3185 nescientes
1190 3116 1317 3185 quid
1344 3115 1569 3185 dicerent
1612 3113 1656 3185 (l
1692 3111 1814 3185 Reg.
1844 3127 1898 3180 ι,
1924 3110 2092 3169 Nunt.

510 3180 660 3249 XXIII,
693 3180 849 3237 Joan.
877 3196 990 3246 at);
1022 3194 1070 3238 et
1104 3180 1336 3249 Pharao,
1369 3196 1416 3239 et
1450 3180 1932 3238 Nabuchodonosor
1962 3199 2096 3236 som-

508 3251 609 3305 niis
633 3248 810 3320 latura
834 3267 1147 3324 cognoscunt
1176 3248 1386 3316 (Cenes.
1418 3270 1528 3317 xu,
1563 3252 1769 3308 Daniel.
1802 3254 1899 3321 ii);
1944 3264 1991 3306 et
2043 3256 2096 3308 in

511 3323 718 3377 Actibus
746 3323 1130 3394 Apostolorum,
1159 3328 1257 3393 ﬁlii
1288 3327 1460 3382 Sceva:
1478 3324 1654 3379 ,Ιααωὶ
1680 3324 1979 3378 videbantur
2003 3326 2098 3393 eji-

507 3410 618 3468 cere
643 3395 895 3450 dtemonia
925 3398 943 3465 (
973 3399 1085 3451 Act.
1116 3397 1259 3468 XIX).
1295 3397 1399 3454 Sed
1427 3409 1473 3452 et
1504 3397 1670 3450 ludas
1692 3399 1951 3465 apostolus
1980 3413 2096 3449 cum

507 3466 681 3519 animo
738 3468 1014 3539 proditoris
1063 3466 1227 3522 multa
1262 3471 1409 3539 signa
1450 3470 1589 3539 inter
1618 3470 1875 3532 anastolos
1917 3469 2096 3534 fecisse

508 3548 771 3610 narratur.
792 3539 917 3594 Haec
939 3538 997 3595 S.
1028 3538 1381 3609 Hieronymus
1409 3538 1572 3610 (Vide
1599 3541 1737 3606 infra
1765 3555 1877 3609 cap.
1906 3539 1983 3606 6).

580 3604 609 3645 δ
639 3607 855 3664 Duobus
870 3610 1046 3665 modis
1058 3604 1345 3677 exponitur
1365 3630 1377 3663 :
1399 3604 1507 3663 ΡΝ
1513 3627 1577 3663 οη
1597 3604 1888 3680 ρόιετηε.ἰ‹1
1904 3604 1978 3662 (εει
1999 3624 2093 3663 no-

509 3674 675 3750 lebat,
695 3690 916 3750 propter
938 3674 1616 3745 eoruiu'incredulitateui';
1641 3679 2091 3746 quemadmodum

509 3744 709 3805 fratres
726 3744 927 3821 loseph
965 3753 1218 3807 dicuntur
1245 3769 1346 3808 non
1376 3744 1609 3824 potuisse
1632 3744 1782 3824 frgiri
1819 3768 1911 3804 suo
1939 3753 2087 3821 quid.

506 3834 665 3893 quam
690 3819 904 3889 paciﬁce
928 3824 1091 3893 loqui,
1118 3824 1239 3893 quia
1268 3819 1483 3878 oderant
1506 3819 1796 3892 eum-(Gen.
1861 3819 2086 3893 μήνιε),

507 3889 562 3944 id
584 3903 687 3955 est,
713 3894 951 3948 noluisse
970 3889 1002 3960 ;’
1019 3904 1074 3949 et
1097 3889 1413 3949 iitCtiri~tiis
1430 3897 1507 3947 ait
1532 3889 1691 3948 Joan.
1724 3908 1794 3946 vti
1817 3911 1827 3945 :
1850 3890 1970 3945 Non
2000 3910 2090 3961 po-

508 3969 602 4014 test
634 3965 858 4019 mundus
881 3967 1048 4018 odisse
1078 3982 1164 4019 vos
1187 3982 1206 4019 :
1237 3965 1289 4020 1⁶
1319 3980 1423 4019 non
1449 3966 1563 4018 vult
1585 3964 1784 4022 odisse.
1817 3980 1937 4017 cum
1995 3978 2091 4017 vos

508 4032 753 4105 inundati
780 4034 935 4103 sitis;
974 4036 1034 4092 2°
1060 4035 1181 4090 Non
1205 4046 1423 4105 poterat,
1449 4037 1499 4090 id
1523 4049 1623 4100 est,
1658 4051 1761 4087 non
1793 4036 2087 4089 convenie-

509 4101 605 4177 bat
654 4120 753 4161 uec
803 4101 1031 4162 decebat
1076 4117 1136 4163 ut
1188 4101 1424 4163 faceret:
1481 4105 2090 4177 quiemadmoilninliliis

509 4171 756 4230 Zelieilmi
793 4177 924 4232 disit
957 4196 969 4231 :
1006 4177 1125 4231 Non
1156 4188 1229 4233 est
1283 4171 1647 4232 mecum'dare
1698 4177 1837 4230 vobis
1869 4175 2083 4244 (Matth.

506 4246 637 4320 xx).
658 4245 793 4304 Nolo
820 4249 949 4304 dare
984 4250 1163 4315 vobis,
1189 4252 1312 4319 quia
1344 4264 1448 4306 non
1481 4248 1730 4320 congruit
1764 4247 1936 4301 adhuc
1963 4262 2085 4302 car-

507 4316 724 4373 nalibus
744 4330 799 4375 et
821 4321 1125 4376 mundanis.

580 4398 604 4426 ο
650 4389 723 4445 De
780 4392 882 4447 bac
927 4393 1229 4448 dasiiionum
1280 4391 1579 4447 collusione
1606 4404 1671 4444 ac
1711 4388 2082 4456 simulatione,

505 4472 607 4525 qua
627 4460 848 4535 lingunt
877 4478 981 4518 sea
1011 4464 1183 4533 magis
1206 4466 1323 4535 cogi
1352 4474 1406 4519 et
1433 4479 1621 4517 eorum
1648 4460 1878 4532 imperio
1906 4461 1973 4515 de
1991 4464 2084 4514 ob-

504 4530 670 4605 sessis
696 4530 1015 4605 corporibus
1049 4530 1315 4589 viiileiite'i-
1343 4535 1569 4605 expelli,
1602 4530 1779 4586 actum
1810 4540 1893 4585 est
1919 4548 2081 4598 supra

505 4599 721 4671 (Collat.
754 4605 787 4661 8
816 4622 862 4660 c.
895 4604 1008 4676 20).
1046 4606 1198 4661 llunc
1224 4618 1401 4662 autem
1421 4599 1651 4660 'modum
1680 4605 1950 4660 recensuit
1974 4607 2084 4659 Au-

502 4682 638 4737 Clor,
678 4693 782 4731 non
806 4679 945 4745 qiiotl
978 4677 1044 4732 ad
1074 4678 1400 4732 charismata
1432 4677 1611 4730 divina
1634 4687 1687 4731 et
1716 4675 1852 4729 dona
1882 4689 2076 4744 super-

2121 3360 2169 3424 C

2197 2558 2392 2599 curare
2423 2548 2512 2613 qui
2544 2543 2855 2600 hominibus
2877 2542 3131 2599 videntur
3160 2552 3353 2599 etsunt
3380 2559 3568 2601 revera
3598 2545 3796 2600 imme-

2199 2615 2488 2680 dicaliiles;
2514 2631 2699 2669 verum
2728 2616 2812 2670 liic
2838 2616 3039 2670 unllunt
3069 2626 3147 2669 ρει
3180 2616 3523 2671 miraculum.
3553 2615 3678 2683 quia
3712 2618 3797 2670 ni-

2199 2684 2275 2739 hil
2304 2688 2414 2755 agit
2437 2686 2648 2741 daemon
2672 2687 2814 2757 quod
2840 2697 3058 2751 superet
3090 2686 3232 2742 vires
3255 2688 3416 2741 totius
3440 2698 3671 2746 naturae.
3692 2688 3795 2742 sed

2198 2758 2368 2810 utitur
2388 2757 2567 2830 causis
2588 2767 2643 2812 et
2664 2758 2857 2830 mediis
2879 2759 3236 2830 naturalibus,
3267 2757 3592 2830 applicando
3609 2758 3793 2812 activa

2199 2829 2452 2896 pas~ivis,
2484 2846 2711 2897 quorum
2761 2829 2905 2884 vires
2954 2840 3007 2884 et
3034 2828 3566 2883 facultates'omues
3618 2833 3794 2885 multo

2205 2901 2512 2953 accuratius
2538 2910 2591 2954 et
2622 2899 2986 2966 perspicarius
3015 2904 3161 2955 novit
3184 2916 3345 2970 quam
3373 2901 3469 2953 ulli
3500 2902 3794 2970 eXperien-

2200 2969 2396 3025 tissimi
2419 2972 2644 3036 medici;
2679 2973 2759 3026 vel
2793 2982 2939 3026 certe
2971 2972 3299 3026 removendo
3323 2985 3517 3026 causas
3563 2973 3793 3026 morbo-

2200 3055 2320 3094 rum
2344 3058 2478 3110 quas
2502 3046 2727 3111 ipsemet
2753 3045 2960 3097 occulte
2988 3043 3235 3097 immisit.
3274 3043 3404 3097 Vide
3435 3042 3495 3096 D.
3522 3043 3795 3108 Augusti-

2203 3128 2327 3184 num
2359 3113 2451 3165 lib.
2484 3128 2544 3168 III
2569 3113 2635 3168 de
2659 3114 2920 3169 Triuitate
2948 3130 3068 3184 cap.
3101 3115 3131 3168 7
3162 3125 3215 3169 et
3241 3114 3327 3183 l0,
3359 3124 3413 3169 et
3458 3113 3526 3169 de
3547 3113 3795 3171 Civitate

2204 3182 2295 3236 Dei
2333 3184 2426 3235 lib.
2459 3200 2491 3238 ι
2522 3199 2641 3251 cap.
2679 3186 2766 3240 l6.

2273 3252 2299 3290 (³
2336 3252 2424 3310 Uri
2460 3272 2562 3308 non
2593 3271 2692 3328 pro
2725 3255 2901 3325 urgeri
2925 3299 2939 3322 ,
2972 3265 3031 3310 ut
3063 3257 3117 3311 in
3161 3256 3342 3325 priore
3383 3255 3625 3311 editione
3663 3257 3796 3328 opi-

2203 3337 2360 3378 natus
2391 3341 2510 3380 sum
2537 3367 2551 3387 ,
2584 3325 2678 3380 sed
2725 3328 2941 3395 pr0prie
2972 3341 3069 3396 pro
3100 3329 3344 3382 comburi
3379 3329 3609 3396 positum
3644 3325 3796 3382 nu'iic

2199 3397 2473 3459 existimo.
2505 3412 2626 3452 cum
2659 3413 2721 3452 ex
2753 3400 2876 3451 vitis
2909 3399 3199 3452 multorum
3231 3410 3537 3453 sanctorum
3569 3408 3795 3455 constet

2200 3468 2477 3538 (immanes
2506 3483 2733 3535 corpora
2778 3470 3123 3538 posSIdeutes
3165 3485 3271 3524 non
3316 3485 3439 3523 raro
3477 3470 3791 3525 clamasse:

2204 3535 2358 3600 Uror,
2396 3555 2538 3604 ιιι-ου’,
2573 3548 2676 3593 etc.
2710 3535 2869 3609 Sa3pe
2898 3542 3060 3595 etiam
3091 3540 3159 3594 ab
3190 3540 3569 3609 enorgtimenis
3609 3542 3661 3594 id
3693 3556 3795 3597 au-

2199 3610 2367 3661 iliimn
2400 3623 2480 3663 eSI
2511 3628 2523 3663 :
2556 3612 2671 3682 Quo
2699 3615 2858 3664 modo
2882 3611 3023 3666 enim
3050 3610 3121 3664 ab
3148 3613 3269 3682 igne
3289 3652 3305 3675 ,
3342 3613 3461 3666 licet
3490 3626 3792 3679 corporeo,

2197 3694 2325 3733 vere
2358 3690 2605 3745 uruntur,
2651 3681 2751 3736 Iioc
2791 3690 2907 3745 est,
2954 3681 3262 3737 incendium
3302 3682 3569 3751 quoddam
3612 3683 3795 3738 inter-

2196 3765 2324 3803 num
2354 3761 2408 3803 et
2439 3751 2683 3818 spiritale
2721 3757 2999 3818 patiuntur
3028 3755 3305 3809 daemones
3334 3755 3385 3808 iii
3415 3753 3666 3820 inferno,
3700 3769 3791 3808 se-

2195 3823 2428 3875 cundum
2471 3822 2889 3889 probabiliorem
2930 3828 3293 3879 sententiam:
3343 3826 3412 3879 ita
3453 3827 3615 3879 etiam
3661 3840 3793 3881 san-

2194 3900 2405 3966 ctorum
2438 3896 2733 3966 Aprmseiitia
2783 3906 2836 3950 et
2882 3897 3080 3949 virtute
3126 3912 3255 3950 vere
3293 3896 3528 3952 cruciari
3564 3910 3612 3949 et
3647 3911 3791 3966 quo-

2194 3963 2487 4037 daminodo
2518 3966 2597 4037 uri
2629 3964 2740 4019 Deo
2769 3967 2839 4037 ita
2870 3966 3116 4032 viileiite,
3151 3983 3255 4021 non
3281 3976 3366 4022 est
3397 3963 3785 4037 improbabile.

2195 4032 2606 4105 Videgexempla
2638 4038 2779 4105 apud
2809 4036 3106 4092 Caesarium
3139 4048 3193 4092 et
3220 4040 3460 4094 Siirium.

2266 4112 2289 4140 °
2333 4103 2495 4173 Signa
2540 4117 2607 4176 el,
2642 4103 2878 4176 prodigia
2928 4108 3243 4164 Antichristi
3292 4121 3348 4164 et
3397 4111 3790 4165 ministrorum

2190 4175 2346 4249 ejus,
2381 4179 2557 4249 qualia
2586 4175 2767 4231 futura
2802 4175 2943 4245 sint,
2990 4180 3235 4234 declarat
3275 4180 3607 4249 Apostolus,
3654 4197 3788 4237 cum

2189 4246 2258 4301 de
2303 4247 2639 4322 Anticliristo
2692 4251 2937 4322 loquens
2967 4250 3136 4319 dit-it,
3184 4251 3295 4319 ejus
3329 4246 3615 4305 adventum
3669 4257 3788 4322 fore

2188 4319 2474 4391 secundum
2522 4322 2869 4391 Operatioviem
2912 4321 3124 4375 Salaria:
3166 4323 3218 4374 in
3267 4324 3406 4376 amni
3456 4319 3683 4388 virtute,
3738 4334 3789 4379 et

2186 4389 2347 4466 signis
2369 4431 2384 4456 ,
2426 4400 2471 4443 et
2512 4389 2764 4459 prodigiis
2803 4393 3132 4466 mendacibus
3164 4392 3241 4460 (ll
3276 4393 3452 4447 Thess.
3487 4395 3586 4466 ii).
3629 4394 3787 4451 Men-

2187 4460 2336 4513 dacia
2368 4472 2547 4515 autem
2580 4473 2739 4534 erunt
2763 4504 2776 4527 ,
2808 4465 2902 4534 vel,
2926 4467 3047 4532 quia
3084 4463 3408 4534 plerumque
3442 4460 3784 4531 pliaiitastica

2186 4539 2241 4584 et
2271 4547 2432 4586 meno
2464 4531 2774 4603 praestigiae.
2812 4531 3097 4591 Videbitur
3124 4536 3267 4588 enim
3311 4531 3553 4591 mortuos
3598 4543 3783 4594 susci-

2186 4610 2334 4680 tare,
2370 4618 2546 4680 aegros
2576 4619 2802 4680 sanare,
2826 4617 2939 4680 etc.
2972 4605 3079 4680 Sed
3110 4604 3356 4680 illiisorie
3386 4620 3441 4680 e_t
3472 4610 3780 4680 praestigia-

2186 4673 2324 4749 torie
2350 4691 2361 4726 :
2396 4673 2576 4749 qualia
2606 4676 2734 4749 olim
2769 4675 3024 4749 miracula
3054 4676 3372 4745 Apollonius
3400 4673 3695 4749 Tliyaueos
3723 4689 3783 4735 et

501 4746 768 4820 naturalia
795 4743 1138 4805 curationum
1166 4761 1221 4803 et
1253 4748 1637 4803 miraculorum
1669 4746 1737 4801 de
1766 4743 1963 4820 quibus
1990 4745 2077 4820 liic
2107 4743 2155 4805 D
2182 4743 2370 4820 Simon
2399 4745 2584 4814 Migus
2611 4747 2807 4801 fecisse
2834 4743 3211 4815 leguntitr,_vel
3239 4750 3363 4816 quia
3384 4743 3598 4820 etiam~i
3626 4767 3780 4820 qum-

499 4816 697 4890 agitur,
726 4836 858 4874 vere
884 4822 1169 4890 pertineat,
1196 4829 1253 4873 ut
1272 4821 1444 4874 cuivis
1467 4829 1648 4874 notum
1680 4827 1783 4883 est,
1809 4817 1901 4871 sed
1934 4816 2076 4885 quod

498 4884 719 4975 illorum
745 4884 1149 4975 similitudinem
1178 4893 1465 4975 quamdam
1498 4900 1551 4946 et
1579 4890 1815 4974 speciem
1866 4884 1977 4975 prie
2019 4903 2079 4943 se

498 4955 655 5012 ferai.
690 4959 939 5019 Imitatur
968 4962 1112 5018 enim
1159 4955 1429 5027 diabolus,
1477 4970 1533 5015 ut
1584 4960 1759 5025 simia,
1818 4968 2076 5028 quantum

499 5036 702 5101 ptitest,
731 5035 939 5087 divinas
968 5036 1237 5099 actiones;
1291 5034 1382 5087 sed
1415 5048 1507 5087 eas
1552 5035 1818 5101 attingere
1847 5040 1901 5085 et
1925 5045 2079 5085 asse-

498 5099 589 5167 qui
621 5118 725 5156 non
777 5115 971 5172 potest.
1021 5104 1261 5159 Proinde
1305 5102 1557 5170 quamvis
1586 5099 1825 5170 tum—por
1851 5116 1931 5165 se,
1968 5112 2076 5157 tum

498 5184 595 5243 per
624 5187 749 5229 suos
782 5179 1077 5240 ministros,
1114 5176 1221 5229 Deo
1276 5174 1644 5240 permittente,
1695 5173 1860 5227 multa
1908 5173 2077 5239 possit

497 5248 857 5317 opeigriqnie
885 5248 1191 5317 hominibus
1217 5245 1348 5299 mira
1391 5252 1447 5317 et
1495 5244 1771 5317 mirabilia
1790 5246 2076 5317 videantur

496 5310 585 5384 (S.
618 5310 796 5369 Thom.
829 5334 845 5374 I
873 5328 1121 5390 parte,7q.
1152 5316 1273 5390 lli,
1296 5333 1347 5369 a.
1379 5310 1433 5381 ἕ,
1466 5312 1725 5390 elui-‘24).
1756 5313 1875 5378 l78,
1912 5330 1963 5366 a.
1988 5313 2072 5381 2),

496 5397 606 5439 non
631 5395 806 5457 tamen
836 5386 958 5443 vera
992 5386 1269 5453 miracula,
1300 5403 1423 5457 qua:
1444 5386 1651 5457 scilicet
1675 5398 1930 5454 superent
1953 5400 2070 5438 om-

497 5469 621 5530 nem
652 5456 966 5515 facultatem
995 5476 1173 5516 rerum
1198 5455 1520 5530 naturalium
1551 5455 1754 5530 (qualia
1786 5466 1910 5530 sunt
1949 5469 2071 5530 stis-

493 5527 668 5582 citare
694 5542 963 5591 mortuos.
1006 5546 1181 5586 caecos
1226 5525 1658 5594 illuminarefet
1712 5525 2066 5594 bujnsmodi),

494 5599 863 5671 autabsoluie
885 5603 1178 5664 mirabilia,
1224 5604 1293 5656 de
1323 5599 1884 5671 quiliusAiutetligitur
1928 5596 2070 5671 (illud

495 5668 688 5742 psalmi
709 5688 723 5724 :
744 5670 1043 5728 Benedictus
1074 5671 1329 5726 Dominus
1342 5668 1491 5727 'Deus
1518 5668 1706 5737 Israel,
1720 5668 1808 5742 qui
1830 5670 1958 5742 facit
1976 5670 2073 5742 mi-

492 5740 679 5797 rabilia
703 5743 849 5813 solus
878 5743 1044 5813 (Psal.
1076 5752 1244 5809 ιιιι).
1266 5744 1627 5813 Itemque.qui
1657 5740 1781 5812 fricit
1800 5740 2065 5813 (mirabilia

491 5830 680 5885 magna
703 5812 847 5869 soliis
880 5812 1054 5884 (Psal.
1099 5819 1320 5883 cxxxv).
1376 5812 1621 5884 Exempli
1673 5812 1865 5883 gratia,
1921 5815 2063 5869 solet

490 5885 702 5943 daemon
744 5885 1039 5953 interdum,
1068 5901 1167 5953 per
1202 5900 1386 5955 magos
1427 5894 1480 5941 et
1514 5885 1812 5955 maleﬁcos,
1839 5886 2060 5940 morbos

2182 4815 2304 4868 dam
2336 4830 2523 4870 eorum
2567 4826 2835 4872 veraciter
2863 4821 3028 4882 ltint,
3064 4815 3499 4887 iitpote’natura:
3540 4815 3777 4876 incultae

2182 4894 2290 4939 tem
2342 4902 2447 4940 non
2496 4889 2862 4953 excedentia,
2911 4888 3215 4959 cuiusmodi
3257 4901 3377 4944 sunt
3406 4932 3423 4956 ,
3474 4901 3671 4948 ventos
3717 4904 3777 4949 et

2182 4965 2537 5034 tempestates
2575 4960 2849 5034 excitare,
2887 4961 3062 5029 ignem
3106 4962 3249 5016 cmlo
3288 4962 3557 5027 educere,
3591 4980 3776 5034 mgros

2182 5036 2277 5081 aut
2317 5030 2601 5097 languidos
2636 5031 2815 5104 subito
2843 5045 3073 5104 curare:
3102 5041 3285 5104 tamen
3330 5034 3385 5088 in
3426 5049 3629 5104 genere
3648 5030 3777 5089 ἰιιί-

2182 5105 2486 5172 raciilorum
2511 5144 2526 5165 ,
2559 5103 2741 5171 qualia
2776 5117 2834 5155 se
2876 5101 3055 5157 facere
3092 5101 3322 5172 jactabit
3358 5101 3733 5160 AiiIicliristiis
3756 5150 3772 5171 ,

2181 5169 2312 5223 lalsa
2360 5180 2523 5225 erunt
2566 5169 2620 5226 et
2666 5172 2985 5237 mendacia,
3035 5169 3157 5227 cum
3192 5189 3319 5228 vera
3352 5176 3608 5230 miracula
3654 5169 3777 5230 om;

2187 5256 2309 5296 nem
2341 5253 2550 5297 natura!
2582 5241 2889 5298 facultatem
2921 5253 3217 5312 superent,
3250 5255 3305 5300 et
3339 5247 3565 5312 proinde
3594 5247 3774 5302 solius

2184 5312 2275 5366 Dei
2306 5312 2507 5369 virtute
2534 5314 2700 5388 _ti_:_i_o_t,
2720 5314 3105 5388 rqo_i_l‘alsitaii_s
3133 5318 3409 5388 testisaot
3438 5319 3773 5388 approbaior

2178 5397 2300 5459 esse
2320 5389 2505 5459 nequit
2522 5384 2683 5459 (Vide
2783 5384 3054 5459 Thomam,
3072 5386 3191 5450 2-2,
3216 5404 3266 5459 q.
3293 5387 3417 5459 178,
3437 5384 3488 5442 a.
3510 5384 3588 5458 1).
3609 5388 3770 5445 Unde

2178 5455 2541 5535 Augustinus
2571 5472 2645 5511 sx
2694 5457 2762 5512 de
2803 5456 3150 5535 Civii.ncap._
3176 5457 3293 5535 l9:_
3329 5458 3510 5525 Solet,
3549 5455 3766 5535 inquit,

2175 5527 2369 5603 ambigi
2389 5568 2412 5603 ,_
2433 5538 2610 5581 utrum
2637 5538 2908 5603 prOpterea
2940 5527 3079 5603 dicta
3106 5528 3208 5582 sint
3248 5530 3398 5599 signa
3437 5543 3481 5585 et
3521 5527 3769 5603 prodigia

2177 5600 2465 5674 mendacii,
2499 5601 2738 5668 quoniam
2769 5600 3009 5674 mortales
3050 5616 3229 5674 sensus
3269 5618 3357 5670 per
3394 5600 3767 5674 phantasmata

2176 5668 2640 5743 decepturusgest,
2680 5678 2734 5723 ut
2777 5670 2915 5740 quod
2958 5686 3058 5743 non
3104 5668 3468 5743 facit,ﬁfacere
3502 5673 3762 5729 videatur.

2170 5740 2252 5795 An
2301 5742 2422 5816 quia
2465 5741 2561 5793 illa
2608 5743 2752 5816 ipsa,
2780 5742 2984 5816 etiamsi
3030 5752 3178 5795 erunt
3223 5740 3341 5796 vera
3382 5745 3639 5816 prodigia.
3688 5747 3766 5802 ad

2167 5812 2508 5885 mendacium
2519 5812 2815 5885 pert’rahent
2841 5812 3135 5885 credituros
3160 5829 3263 5866 non
3291 5830 3350 5867 ea
3377 5812 3625 5885 potuisse,
3654 5818 3763 5871 nisi

2168 5880 2433 5949 divinitus,
2473 5880 2619 5954 ﬁeri,
2662 5883 2899 5938 virtutem
2943 5882 3138 5937 diaboli
3184 5880 3453 5940 nescientes
3484 5901 3501 5939 :
3529 5880 3761 5943 maxime
