4072 6324
1613 235 1892 297 JOANNIS
1928 239 2244 300 CASSIANI
2282 237 2779 302 COLLATIONES.

3681 257 3817 314 1000

535 349 674 407 dens
699 349 962 409 ebrietate
982 351 1237 408 continua
1263 357 1424 405 terrze
1453 349 1597 405 illius
1623 351 1837 406 ﬂsolum
1861 350 2119 408 humandi
2150 357 2200 414 Α
2231 354 2470 422 putisset.
2498 354 2650 422 Quod
2677 354 2866 424 utique
2897 362 2950 410 ut
2979 355 3048 410 ab
3076 370 3142 412 eo
3171 357 3324 413 fieret
3347 404 3361 428 ,
3388 375 3493 416 non
3523 369 3818 422 ostentatio

535 455 688 502 arcet
718 445 981 502 officium.
1013 446 1066 502 Si
1095 460 1200 517 qua
1229 447 1372 499 enim
1401 444 1664 522 cadavera
1692 445 1905 502 defossa
1935 461 2121 503 susce-

534 538 710 608 perit,
747 553 1002 594 evomere
1032 537 1098 591 ad
1131 536 1476 607 superficiem
1515 553 1668 592 suam
1711 539 2123 595 inundationttm

533 631 811 688 nimietate
839 631 1203 701 compellitur.
1234 629 1366 686 Cum
1399 631 1564 701 igitur
1591 632 1972 703 antiquissimo
2001 635 2122 689 cui-

531 721 656 777 dam
707 722 963 778 cadaveri
1011 722 1202 778 beatus
1249 722 1519 779 Macarius
1567 724 1868 791 astitisset,
1918 725 2031 780 ait:
2069 721 2121 781 Ὀ

531 813 726 880 homo,
767 816 811 872 si
854 817 1103 870 venisSet
1145 817 1247 871 huc
1286 831 1499 870 mecum
1533 815 1822 872 haereticus
1855 818 1944 872 ille
1975 817 2122 873 filius

531 907 856 978 perditionis
877 949 892 974 ,
924 917 980 964 et
1009 917 1220 964 astante
1247 909 1365 978 ipso
1397 924 1592 963 nomen
1624 909 1828 964 Christi
1874 910 1968 964 Dei
2013 911 2119 965 mei

529 999 789 1055 invocans
811 1002 1228 1066 exclamassem,
1253 1010 1508 1056 utrumne
1529 1017 1711 1056 coram
1739 1005 1841 1066 his,
1867 1004 1954 1073 qui
1983 1019 2118 1073 pene

528 1092 646 1160 ejus
694 1092 907 1147 Inerant
953 1093 1140 1148 fraude
1181 1093 1463 1162 subversi,
1496 1102 1840 1149 surrecturus
1883 1095 2116 1162 fuisses,

529 1184 748 1240 edicito.
793 1185 929 1239 Tum
975 1186 1067 1240 ille
1106 1200 1475 1255 consurgens,
1524 1186 1816 1240 annuentis
1862 1201 1992 1240 voce
2035 1203 2120 1242 re-

528 1279 768 1348 spondit.
797 1279 968 1347 Quem
1001 1281 1342 1349 interrogans
1373 1280 1539 1336 abbas
1563 1282 1829 1336 Macarius
1859 1284 2113 1355 quidnam

529 1368 719 1426 fuisset
758 1372 1050 1440 aliquando
1081 1387 1198 1426 eum
1232 1372 1497 1429 frueretur
1538 1375 1639 1430 hac
1687 1375 1833 1441 vita,
1881 1376 1966 1431 vel
2011 1392 2116 1447 qua

527 1463 804 1518 hominum
834 1463 1030 1520 fuisset
1071 1476 1267 1531 aetate,
1311 1478 1399 1522 aut
1444 1470 1487 1522 si
1531 1483 1725 1524 nomerr
1753 1468 1955 1524 Christi
1989 1481 2116 1527 tunc

525 1557 784 1626 temporis
809 1560 1200 1629 cognovisset?
1225 1561 1316 1615 ille
1346 1576 1406 1617 se
1432 1562 1536 1616 sub
1559 1565 1947 1634 antiquissimis
1975 1568 2117 1636 regi-

521 1651 622 1706 bus
647 1651 846 1707 vixisse
874 1654 1172 1720 reSpondit,
1199 1653 1508 1726 Christvque
1531 1673 1726 1713 nomen
1749 1661 1978 1714 asseruit
2003 1661 2112 1716 illis

2229 445 2418 516 gloria:
2439 488 2453 512 ,
2487 447 2581 501 sed
2609 446 2847 502 char-itas
2877 446 3079 504 Christi
3109 460 3162 504 et
3191 454 3355 505 t0tius
3384 453 3558 522 plebis
3585 460 3822 515 extorsit

2230 540 2466 607 utilitas,
2503 548 2562 594 ut
2589 541 2808 597 beatum
2856 558 3070 614 quoque
3115 543 3324 600 Heliam
3370 545 3566 602 fecisse
3610 549 3821 622 Regum

2227 632 2389 687 lectio
2417 633 2761 700 manifestat,
2797 635 2888 705 qui
2921 635 3098 703 ignem
3131 636 3200 692 de
3231 638 3373 693 coelo
3401 655 3571 710 super
3612 642 3821 700 hostias

2226 725 2507 796 impositas
2535 726 2563 766 δ
2597 743 2730 798 pure
2752 769 2767 794 ,
2800 729 3001 784 idcirco
3030 730 3362 788 descendere
3389 736 3724 804 postulavit,
3763 748 3822 794 ut

2224 820 2618 890 periclitantem
2670 821 3265 892 pseudoprophetarum
3315 828 3604 899 praestigiis
3656 829 3819 886 fidem

2224 914 2390 969 torius
2419 914 2599 984 populi
2633 914 2892 970 liberaret
2924 915 3013 988 (Ill
3035 916 3167 989 Reg.
3203 920 3431 990 xxvut).

2832 1069 3061 1126 CAPUT
3100 1069 3190 1125 IV.

2221 1185 2299 1241 De
2325 1185 2578 1240 miraculo
2601 1185 2740 1256 quod
2780 1184 2964 1309 Abbasb
2996 1185 3255 1310 hgrahanr
3307 1187 3361 1240 in
3417 1188 3646 1244 mulieris
3694 1190 3819 1260 fecit

2896 1273 2930 1310 u
2969 1273 3038 1310 ert
3079 1274 3138 1310 us

2896 1273 3138 1311 uverrous

2289 1372 2427 1440 Quid
2450 1372 2612 1426 etiam
2643 1382 2665 1410 ο
2695 1371 2903 1426 abbatis
2929 1371 3159 1425 Abrahae
3183 1383 3332 1443 gesta
3363 1388 3812 1446 commemorem,

2218 1466 2308 1535 qui
2337 1463 2364 1501 (ι
2395 1467 2540 1526 παίς.
2570 1464 2620 1519 id
2653 1472 2757 1528 est,
2789 1465 3041 1534 simplex,
3073 1481 3170 1534 pro
3206 1467 3554 1536 simplicitate
3593 1485 3811 1526 morum

2217 1569 2268 1613 et
2317 1559 2645 1620 innocentia,
2695 1559 3154 1629 cognominatur?
3205 1559 3306 1627 Qui
3345 1570 3368 1598 ⁶
3414 1578 3537 1617 cum
3570 1563 3812 1620 metendi

2215 1652 2386 1718 gratia
2416 1650 2482 1703 ad
2511 1649 2800 1720 Aigyptum
2842 1650 2909 1705 de
2954 1667 3140 1707 eremo
3180 1652 3374 1707 diebus
3413 1654 3811 1727 Quinquagesi-

519 1755 581 1797 se
613 1756 712 1797 nec
743 1742 960 1799 audisse
991 1747 1349 1814 temporibus.
1387 1745 1484 1803 Cui
1518 1766 1706 1805 rursus
1738 1752 1902 1807 abbas
1932 1753 2103 1808 Maca-

2218 1759 2318 1798 mze
2370 1744 2719 1814 perrexisset,
2768 1755 2821 1798 et
2871 1759 2898 1796 a
2960 1746 3186 1800 muliere
3235 1748 3466 1814 quartam
3523 1753 3810 1813 parvulum

519 1833 653 1896 rius.
679 1835 900 1904 Dormi,
928 1838 1134 1905 inquit,
1161 1837 1213 1892 in
1249 1855 1381 1909 pace
1409 1856 1531 1896 cum
1564 1845 1783 1899 caeteris
1813 1843 1865 1898 in
1897 1853 1988 1898 tuo
2017 1860 2109 1900 or-

518 1927 645 1983 dine
666 1970 678 1990 .
714 1945 744 1984 a
773 1929 992 1986 Christo
1020 1931 1074 1986 in
1109 1931 1212 1987 fine
1244 1943 1550 2004 temporum
1585 1937 1948 1991 suscitandus.
1986 1938 2112 1995 Haec

518 2021 679 2091 igitur
707 2023 826 2092 ejus
847 2024 1021 2079 virtus
1052 2033 1106 2080 et
1135 2026 1313 2096 gratia
1341 2036 1602 2095 quantum
1629 2029 1678 2082 in
1707 2030 1826 2094 ipso
1850 2030 1950 2084 frrit
1970 2045 2109 2085 sern-

519 2129 615 2183 per
636 2115 874 2174 fortasse
896 2118 1167 2187 latuisset,
1194 2121 1294 2175 nisi
1319 2136 1441 2176 eum
1465 2123 1766 2180 necessitas
1791 2126 1957 2179 totius
1983 2140 2112 2195 pro-

518 2205 713 2263 vinciae
743 2209 1100 2279 periclitantis
1121 2252 1137 2278 ,
1162 2222 1216 2268 et
1245 2228 1369 2283 erga
1399 2213 1675 2269 Christum
1709 2215 1864 2284 plena
1889 2216 2110 2272 devotio

518 2314 783 2373 amorque
817 2304 1064 2362 sincerus
1087 2348 1102 2375 ,
1143 2306 1284 2362 istud
1317 2321 1575 2365 exercere
1605 2310 1925 2366 miraculum
1958 2325 2108 2366 com-

2218 1851 2372 1890 suurrr
2408 1836 2561 1890 lactis
2591 1835 2768 1904 inopia
2801 1835 2912 1906 jam
2947 1835 3186 1890 tabidum
3219 1846 3382 1906 atque
3417 1836 3438 1876 ί
3476 1840 3811 1896 seminecem

2220 1925 2574 1996 praeferente,
2620 1926 2940 1998 Iacrymosis
2973 1929 3225 1996 precibus
3259 1928 3446 1985 fuisset
3484 1931 3810 1998 obstrictus,

2217 2021 2442 2076 calicem
2471 2021 2522 2076 ei
2547 2035 2699 2091 aqua!
2726 2019 3018 2088 potandum
3040 2021 3308 2089 impresso
3325 2024 3504 2078 crucis
3527 2025 3810 2094 signaculo

2216 2115 2385 2180 dedit,
2417 2114 2571 2184 cujus
2603 2116 2798 2167 hausm
2838 2113 3120 2168 confestim
3151 2118 3347 2170 mirunr
3373 2115 3427 2170 in
3457 2117 3678 2172 modum
3701 2116 3814 2173 ari—

2215 2211 2282 2264 da
2317 2209 2428 2278 jam
2473 2206 2686 2276 penitus
2727 2207 2890 2262 ubera
2932 2207 3088 2275 copia
3115 2205 3272 2262 lactis
3303 2207 3648 2265 redundante
3676 2226 3811 2266 con-

2214 2304 2506 2359 ﬂuxerunt.

1582 2462 1837 2518 ALARDI
1882 2463 2115 2520 (ἶΑΖιΕῙ
2153 2455 2723 2520 COMMENTARIUS.

515 2573 818 2643 duplicem;
851 2581 962 2646 tum
985 2589 1050 2630 ex
1070 2573 1384 2638 Evangelio,
1417 2575 1504 2629 ubi
1525 2574 1726 2645 Ioseph
1755 2577 1969 2646 legitur,
1999 2578 2108 2632 Po-

514 2649 676 2700 suisse
696 2661 894 2718 corpus
922 2643 1050 2718 Jesu
1079 2646 1130 2698 in
1152 2655 1477 2718 monumento
1507 2664 1601 2700 suo
1628 2643 1777 2714 nouo,
1811 2643 1946 2718 quod
1971 2651 2109 2704 exci-

516 2717 660 2772 derat
687 2717 741 2769 in
773 2726 916 2784 petra
957 2715 1171 2788 (Matth.
1204 2721 1396 2786 xxvn).
1429 2717 1667 2774 Caeteros
1698 2715 1832 2775 item
1859 2721 2110 2776 Hebraeo-

516 2803 662 2851 rurn,
691 2789 886 2859 quibus
918 2787 1080 2857 opum
1116 2787 1342 2843 facultas
1372 2799 1708 2858 suppeteret.
1745 2792 1794 2845 id
1824 2791 1998 2859 ipsum
2025 2792 2104 2847 fa-

516 2872 644 2931 cere
671 2857 882 2919 solitos,
913 2868 1229 2928 argumento
1269 2874 1392 2914 sunt
1423 2857 1489 2931 ea
1524 2876 1644 2927 qua:
1679 2860 1738 2916 S.
1773 2857 2106 2931 Epiphanius

515 2928 744 2998 (Haeres.
769 2931 853 2994 ιιι)
875 2941 1056 2983 narrat
1087 2933 1169 2983 lrrs
1196 2933 1405 2986 verbis:
1443 2930 1651 2986 Ducunt
1666 2928 1906 2987 miserum
1923 2935 2104 2989 adole-

513 3009 730 3054 scentern
755 3009 871 3072 post
889 3001 1009 3072 solis
1036 3016 1275 3054 occasum
1321 3002 1376 3055 in
1408 3003 1720 3072 prapinquas
1745 3005 1943 3059 tumbas
1971 3024 1991 3060 :
2020 3023 2103 3060 se-

513 3071 697 3147 pulcra
721 3070 854 3122 enim
873 3070 946 3123 sic
965 3073 1322 3142 appellantur;
1339 3070 1850 3147 spelunctevidelicet
1871 3078 1922 3129 in
1951 3077 2106 3147 petris

516 3140 719 3212 e/fossa:
738 3150 886 3212 atque
907 3140 1350 3208 constructae,etc.
1376 3145 1549 3198 Porro
1569 3145 1874 3210 hujusmodi
1889 3140 2106 3212 spelun-

515 3227 593 3267 cae
624 3211 882 3266 Romanis
905 3222 1109 3285 crypta:
1141 3214 1297 3269 dictae
1325 3225 1471 3276 sunt,
1495 3215 1550 3268 in
1573 3217 1772 3339 auibus
1805 3211 2102 3289 martyrum

515 3297 742 3339 corpora
775 3293 1017 3339 tempore
1048 3285 1438 3339 persecutionis
1469 3300 1568 3339 con
1613 3287 1866 3339 ebantnr.
1909 3305 1938 3339 e
1979 3290 2102 3339 uui-

514 3297 742 3358 corpora
775 3293 1017 3354 tempore
1048 3285 1438 3358 persecutionis
1469 3285 1866 3352 condebantur,
1909 3285 1959 3342 θ’
1979 3290 2102 3358 qui-

514 3352 614 3410 bus
635 3353 826 3408 educta
851 3352 977 3411 sunt
1003 3352 1365 3429 corpora_SS.
1392 3365 1712 3429 martyrum,
1742 3358 1936 3427 quibus
1963 3352 2106 3415 dita-

517 3432 628 3498 t_um
658 3441 827 3498 nuper
854 3437 938 3498 est
961 3438 1202 3482 nostrum
1233 3427 1473 3498 Belgium
1505 3427 1558 3482 in
1581 3429 1795 3497 templis
1826 3431 2110 3486 Societatis

520 3495 684 3571 Jesu._
710 3495 841 3571 \lide
872 3497 1164 3571 Baronium
1197 3499 1250 3552 in
1281 3495 1626 3571 Martyrolog.
1661 3495 1728 3554 ad
1760 3499 1794 3554 5
1820 3501 1941 3556 Jan.

588 3577 613 3604 ⁸
653 3568 837 3623 Solum
883 3568 985 3624 hoc
1016 3570 1134 3625 loco
1163 3568 1594 3636 substantivum,
1622 3572 1674 3626 id
1731 3580 1836 3639 est,
1892 3572 2107 3630 hunms.

514 3638 608 3710 Sic
635 3641 796 3709 igitur
822 3641 1062 3693 construi
1093 3641 1257 3696 debet
1290 3644 1404 3696 haec
1428 3642 1682 3710 periodus
1707 3661 1719 3694 :
1747 3642 1930 3696 Saturn
1960 3655 2109 3698 terrte

513 3709 656 3765 illius
675 3710 1140 3785 madensebrietate
1165 3713 1408 3766 continua
1432 3709 1569 3766 arcet
1596 3714 1843 3785 humandi
1864 3715 2103 3785 oﬁicium,

514 3791 648 3852 etc.,
673 3783 826 3852 quasi
853 3782 1056 3836 diceret
1081 3800 1094 3836 :
1135 3791 1275 3837 terra
1305 3785 1391 3838 illa
1421 3794 1683 3852 perpetuo
1701 3784 1849 3840 ebria
1875 3782 1968 3840 seu
1994 3801 2107 3840 ma-

515 3851 650 3907 deus
688 3851 916 3924 impedit
943 3854 1233 3920 quominus
1265 3856 1335 3909 ibi
1369 3851 1705 3920 sepeliantur
1747 3871 2000 3924 corpora.
2035 3857 2104 3911 Et

513 3924 595 3979 sic
619 3922 858 3978 cohaeret
885 3925 1236 3995 sequentibus
1265 3943 1278 3978 :
1315 3925 1500 3995 Siqua
1536 3927 1670 3980 enim
1701 3922 1951 3981 cadauera
1987 3944 2103 3982 sut-

513 3995 724 4063 ceperit,
754 3995 948 4064 supple
969 3996 1144 4050 solum
1179 4005 1335 4052 terra:
1364 3996 1529 4050 illius.
1763 4041 1766 4044 .

586 4065 612 4102 ιι
652 4066 793 4121 Pure
823 4065 978 4131 dixit,
1012 4069 1138 4135 quia
1166 4067 1284 4122 sine
1322 4067 1435 4120 ullo
1466 4068 1588 4137 igne
1617 4071 1920 4136 supposito.
1952 4070 2101 4125 Hanc

513 4142 696 4212 tamen
720 4151 914 4212 vocem
937 4140 1120 4192 omisit
1151 4138 1461 4212 Dionysius.
1512 4138 1620 4193 Alii
1647 4139 1848 4212 habent
1879 4159 1891 4193 :
1930 4140 2103 4212 Super

513 4208 708 4282 hostias
729 4209 994 4277 impositas
1014 4224 1175 4280 pyrae,
1208 4208 1507 4282 pie’idcirco
1537 4210 1842 4264 descendere
1863 4208 2098 4282 postula-

510 4280 601 4346 vit,
627 4290 756 4354 εις.)
790 4289 848 4334 ιιι
870 4279 1180 4354 observavit
1205 4279 1529 4354 Cuychius._
1622 4351 1640 4354 __

589 4361 611 4388 ο
653 4349 837 4404 Primo
869 4349 1028 4420 hujus
1075 4349 1309 4405 nominis
1352 4351 1562 4406 abbatis
1605 4351 1834 4408 Abrahae
1863 4368 2097 4410 occursu

510 4423 820 4487 suspicatus
849 4438 965 4476 sum
997 4422 1147 4477 illum
1184 4422 1476 4487 Abraham,
1527 4425 1646 4476 sive
1687 4423 2094 4490 Abrahamium,

511 4492 594 4565 vel
621 4492 935 4565 Abramium
959 4507 1198 4549 sanctum
1223 4495 1503 4549 eremitam
1527 4495 1628 4548 hoc
1655 4495 1776 4549 loco
1797 4496 2092 4565 designari,

507 4563 662 4632 cujus
692 4564 855 4617 vitam
896 4566 1082 4620 beatus
1119 4565 1350 4634 Ephrem
1401 4566 1681 4620 luculento
1707 4563 1964 4620 sermone
1994 4569 2092 4622 tle-

505 4637 744 4708 scripsit,
775 4635 929 4708 cujus
952 4643 1014 4708 et
1057 4638 1320 4708 memoria
1352 4637 1661 4692 celebratur
1691 4637 1744 4690 in
1774 4637 2092 4708 Martyrolo-

504 4706 594 4774 gio
625 4705 871 4761 Romano
905 4705 971 4761 l6
1012 4707 1205 4760 Martii.
1233 4713 1321 4770 At,
1344 4723 1403 4762 re
1423 4711 1682 4762 attentius
1711 4705 1973 4774 iuSpecta.
2015 4711 2092 4761 fa-

2211 2590 2371 2645 quam
2423 2573 2575 2645 illum
2604 2570 2691 2625 cui
2711 2577 3061 2645 postremaet
3083 2569 3338 2645 vigesima
3363 2581 3554 2645 quarta
3585 2577 3812 2635 collatio

2211 2641 2241 2701 a
2263 2645 2522 2701 Cassiano
2546 2644 2814 2711 descripta
2849 2641 3124 2713 tribuitur,
3157 2658 3274 2708 quae
3305 2644 3370 2695 de
3398 2642 3815 2713 Mortiﬁcatione

2215 2717 2531 2788 inscribitur
2554 2732 2583 2788 (:A
2605 2713 2672 2767 de
2703 2729 2814 2788 quo
2851 2712 3078 2781 proinde
3116 2713 3270 2782 plura
3304 2713 3531 2784 ibidem,
3566 2712 3689 2788 quas
3720 2736 3816 2777 oc-

2211 2787 2502 2848 currerint,
2534 2783 2762 2839 dicenda
2793 2792 2975 2837 erunt.

2286 2857 2310 2896 d
2338 2859 2630 2933 QiacOnius
2658 2864 2716 2933 et
2745 2853 2833 2908 alii
2863 2854 3240 2933 tantummodo
3269 2855 3470 2933 habent
3500 2863 3681 2928 επαίς,
3714 2882 3812 2933 pro

2210 2930 2561 2996 simplicitate,
2586 2939 2631 2981 et
2651 2927 2967 2978 innocentia.
2999 2925 3060 2979 Et
3086 2942 3272 2998 revera
3297 2931 3443 2994 παίς,
3462 2925 3677 2998 proprie
3703 2925 3811 2991 non

2214 3001 2515 3068 simplicem
2536 3041 2550 3063 ,
2579 2999 2674 3054 sed
2707 3011 2944 3072 _puer_nm
2993 3008 3087 3050 aut
3117 2997 3378 3072 famulum
3409 2997 3715 3072 significat,
3752 3017 3814 3062 ut

2214 3076 2346 3128 satis
2364 3084 2546 3127 notum
2572 3080 2676 3125 est.
2707 3068 2889 3122 Pctuit
2913 3078 3090 3122 tamen
3117 3068 3220 3124 hoc
3243 3086 3438 3132 nomen
3463 3068 3595 3128 huic
3621 3077 3816 3133 abbati

2214 3144 2415 3216 imponi
2443 3143 2651 3216 ratione
2690 3138 3054 3216 simplicitatis
3080 3149 3134 3194 et
3159 3142 3480 3216 innocentia:
3511 3162 3614 3210 qua
3639 3163 3816 3216 prrero

2213 3215 2439 3270 similior
2469 3214 2772 3272 videbatur,
2802 3225 2961 3284 quam
2987 3211 3125 3284 viro,
3162 3212 3469 3274 :Btnttlatus,
3501 3211 3725 3284 Opinirr,
3758 3221 3816 3275 it.

2215 3286 2321 3358 lam
2352 3283 2996 3358 Salvatorissententiam
3025 3299 3038 3333 :
3070 3280 3186 3334 Nisi
3213 3283 3509 3358 e/[iciarrrini
3528 3287 3660 3341 sicut
3687 3280 3818 3358 par-

2212 3356 2342 3420 vuli,
2370 3374 2480 3430 non
2508 3355 2768 3410 intrabitis
2799 3353 2850 3406 in
2880 3369 3100 3430 regnum
3129 3353 3376 3408 caelorum
3401 3355 3617 3424 (Matth.
3653 3353 3738 3430 v).

2287 3437 2312 3465 ο
2352 3427 2586 3482 Adverte
2609 3436 2820 3481 veteres
2845 3424 3138 3478 monachos
3167 3441 3217 3479 et
3241 3430 3496 3482 eremitas
3513 3429 3642 3482 olim
3671 3424 3816 3486 rem-

2213 3514 2344 3568 pore
2375 3499 2570 3552 messis
2600 3499 2664 3551 ad
2697 3496 3010 3568 metendum
3069 3507 3281 3564 segetes
3321 3496 3389 3551 de
3432 3502 3546 3553 suis
3597 3502 3817 3559 cellulis

2211 3567 2305 3623 aut
2353 3569 2694 3623 monasteriis
2726 3567 2892 3640 fuis.~e
2923 3581 3174 3637 egressos
3208 3586 3220 3620 :
3264 3583 3491 3635 quorum
3525 3576 3816 3640 preposito

2210 3644 2458 3710 exemplo
2486 3642 2545 3693 Ι).
2579 3639 2903 3695 Benedictus
2925 3652 3054 3690 suos
3081 3639 3382 3692 C(Buobitas
3408 3655 3494 3707 pte
3517 3639 3806 3710 atlttiorret,

2210 3722 2265 3766 ut
2287 3714 2334 3766 si
2362 3714 2640 3785 necessitas
2671 3711 2770 3764 loci
2795 3718 2887 3763 aut
2909 3718 3182 3779 paupertas
3205 3713 3429 3785 exegerit
3459 3721 3514 3764 ut
3535 3718 3604 3765 ad
3627 3713 3816 3785 fruges

2207 3784 2531 3855 colligendas
2561 3799 2652 3854 per
2677 3799 2729 3855 se
2755 3791 3093 3855 occupentur,
3112 3796 3214 3832 non
3244 3782 3611 3836 contristentur
3638 3799 3655 3837 :
3687 3782 3817 3848 qhia

2208 3853 2483 3909 tunc'vere
2524 3853 2766 3908 monachi
2806 3863 2962 3918 sunt,
2990 3855 3032 3906 si
3076 3853 3250 3905 labore
3294 3868 3540 3906 manuum
3589 3872 3818 3911 suarum

2207 3926 2406 3993 vivant,
2433 3927 2566 3980 sicut
2591 3937 2640 3980 et
2675 3924 2861 3978 Patres
2890 3924 3049 3977 nostri
3077 3933 3123 3974 et
3151 3924 3391 3994 apotsoli.
3425 3923 3603 3979 Porro
3629 3927 3814 3994 Quin-

2207 3999 2574 4066 quagesimatn
2620 3997 2706 4052 hic
2748 3995 2988 4064 intelltge
3020 4005 3187 4066 talum
3226 4005 3436 4066 tempus
3465 3997 3610 4064 quod
3643 4015 3816 4053 voca-

2206 4063 2639 4138 mus—Paschale.
2674 4077 2730 4121 ιιι
2771 4066 2898 4120 alibi
2932 4063 3271 4138 monuimus.
3306 4063 3384 4118 De
3415 4063 3522 4138 quo
3571 4083 3640 4121 ex
3678 4085 3816 4138 pro-

2205 4137 2349 4193 fesso
2379 4142 2557 4209 agitur
2586 4138 2874 4209 collatione
2917 4136 3010 4200 21,
3044 4135 3130 4189 cui
3154 4137 3392 4209 _ti_tulus_:
3429 4135 3504 4189 De
3530 4135 3815 4194 remissio-

2205 4225 2267 4282 ne
2296 4204 2750 4282 Quinquagesima:
2774 4208 2935 4277 (Vide
2958 4209 3115 4262 etiam
3145 4207 3243 4282 lib.
3268 4221 3325 4260 ιιι
3352 4204 3490 4282 inst.
3520 4224 3640 4282 cap.
3683 4211 3810 4281 il).

2202 4280 2275 4334 At
2320 4284 2408 4350 qui
2441 4277 2632 4351 potuit,
2687 4281 2920 4348 inquies,
2970 4290 3181 4346 tempus
3215 4277 3493 4351 Paschale,
3524 4281 3641 4334 sive
3673 4277 3815 4339 ante

2202 4348 2585 4417 Pentecosten,
2610 4352 2674 4406 ad
2703 4352 3034 4414 metendum,
3073 4363 3195 4403 esse
3229 4348 3502 4416 idoneum,
3532 4361 3587 4405 et
3619 4363 3814 4408 matu-

2201 4423 2274 4477 ris
2290 4425 2402 4492 jam
2435 4424 2673 4495 frugibus
2709 4420 3108 4495 Opportunum?
3130 4421 3660 4495 PotuitcerteLt‘utn
3694 4442 3814 4482 non

2201 4490 2377 4549 solum
2413 4499 2464 4550 iu
2523 4490 2800 4566 Egypto,
2819 4509 3003 4549 verum
3037 4493 3199 4546 etiam
3236 4491 3289 4566 in
3320 4490 3605 4566 Palaestina
3639 4495 3812 4552 aliis-

2199 4581 2302 4632 que
2334 4562 2648 4638 regionibus
2675 4562 2876 4620 tnessis
2908 4566 2966 4638 in
3004 4579 3189 4638 mense
3233 4562 3371 4638 Maio
3410 4571 3468 4615 ut
3500 4565 3810 4630 plurimum

2197 4634 2554 4707 contingeret.
2592 4637 2724 4691 Nam
2766 4637 2906 4690 inter
2938 4634 3142 4689 Pascha
3169 4645 3221 4707 et
3249 4634 3609 4688 Pentecosten
3641 4641 3815 4707 apud

2197 4705 2419 4763 Judtcos
2453 4724 2684 4763 messem
2713 4709 2828 4762 fieri
2860 4707 3074 4760 solitam
3118 4705 3250 4758 satis
3279 4715 3492 4757 con~tat
3535 4723 3601 4760 ex
3635 4705 3816 4765 Levi-

503 4773 610 4831 cile
640 4779 832 4846 agnovi
863 4778 1020 4836 aliter
1049 4793 1109 4832 se
1153 4778 1384 4843 trahere;
1429 4789 1483 4833 et
1509 4779 1672 4831 aliuru
1717 4773 1807 4832 hic
1843 4779 2092 4835 abbatem
2121 4783 2174 4843 D
2201 4778 2307 4832 tico
2334 4790 2388 4833 et
2419 4779 2842 4835 Deuteronomio
2894 4777 3082 4842 (Leuit.
3142 4791 3303 4830 χχιιι.
3358 4773 3516 4828 Dent.
3560 4789 3698 4844 xvr).
3740 4780 3816 4834 1η

503 4848 798 4917 Abraham,
833 4849 948 4904 sive
969 4849 1353 4904 Abrahamium
1381 4851 1447 4902 ab
1474 4849 1569 4902 illo
1592 4850 1932 4904 denotatum.
1960 4851 2086 4906 Nam

500 4917 593 4973 ille
619 4918 816 4991 (Syrus,
840 4928 896 4974 et
923 4923 978 4975 S.
1005 4919 1238 4991 Ephrem
1266 4921 1384 4990 Syri
1413 4919 1732 4991 discipulus,
1767 4934 1824 4974 ut
1857 4921 2091 4987 ipserrret

500 4997 557 5064 et
582 4989 678 5044 alii
718 5001 981 5064 testantur
1010 4990 1096 5064 (S.
1127 4989 1376 5064 Ephrem.
1408 4991 1474 5064 Ain
1519 4989 1741 5064 festam.
1762 5008 1780 5058 ;
1805 4991 2088 5064 Eosomeu.

501 5061 538 5114 ι.
567 5075 625 5115 ιιι
653 5076 698 5134 e.
738 5062 834 5127 l5;
867 5060 1156 5134 Niceph._l.
1180 5060 1252 5121 ix.
1288 5078 1334 5115 e.
1362 5061 1488 5127 16);
1518 5062 1602 5116 hic
1632 5078 1760 5134 vero
1781 5062 2086 5134 Aigyptius,

500 5140 639 5204 utex
665 5133 765 5186 hoc
794 5142 944 5188 textu
964 5132 1249 5186 manifeste
1267 5133 1560 5204 colligitur.
1588 5133 1679 5204 Ille
1701 5132 2086 5204 quinquaginta

499 5203 655 5273 annis
681 5205 732 5256 itr
763 5203 956 5258 cellula
986 5203 1456 5265 mansiti‘nclusus,
1476 5213 1532 5256 ιιι
1557 5203 1794 5259 refertS.
1815 5203 2082 5273 Ephrem:

498 5272 688 5330 bicab
713 5291 899 5330 eremo
921 5273 1240 5347 Thebaidis,
1272 5292 1392 5344 quas
1422 5277 1669 5347 superior
1693 5272 1958 5347 Egyptus
1989 5293 2084 5327 vo-

498 5354 676 5411 catur,
714 5347 996 5401 descendit
1036 5346 1090 5400 in
1140 5348 1431 5416 Aigypturn
1480 5345 1815 5411 inferiorem,
1848 5349 2084 5403 metendi

497 5419 690 5487 gratia,
722 5427 784 5472 ut
805 5419 894 5472 hic
921 5417 1147 5483 dicitur;
1179 5418 1264 5470 hic
1283 5422 1428 5481 παίς,
1458 5418 1506 5472 id
1544 5427 1648 5483 est,
1681 5435 1830 5486 puer,
1863 5419 1931 5470 ob
1959 5421 2088 5472 siru-

537 5490 792 5543 licitatem
842 5498 898 5544 et
939 5491 1304 5544 innocentiam
1355 5491 1814 5559 cognominatus:
1865 5489 1951 5542 ille
1981 5505 2084 5544 non

524 5569 650 5614 tem.
683 5559 924 5631 Denique
965 5561 1098 5616 trihtl
1141 5563 1280 5614 inter
1310 5561 1457 5614 illius
1486 5560 1606 5631 Syri
1662 5567 1791 5614 Acta
1846 5559 2015 5613 fusius
2055 5577 2084 5614 a

497 5629 866 5702 Metanhraste
887 5643 1137 5687 enarrata
1165 5633 1361 5702 legitur
1384 5629 1595 5695 eorum,
1621 5648 1737 5698 qua:
1768 5631 1888 5683 huic
1917 5631 2087 5684 Abra-

498 5699 586 5756 hae
615 5701 867 5774 A‘Igyptio
895 5699 1264 5758 attribuuntur
1310 5705 1394 5758 lric
1435 5703 1716 5757 miracirla.
1754 5702 1933 5770 Itaque
1975 5719 2082 5756 non

498 5773 669 5830 Ilium
703 5775 790 5830 hic
815 5775 1062 5832 abbatem
1095 5775 1369 5830 Abraham
1402 5774 1810 5842 intelligendum
1852 5775 2084 5828 exstirno

2201 4849 2433 4920 ngypto
2461 4862 2630 4904 autem
2663 4856 2744 4916 (ut
2775 4849 2997 4916 Plinius)
3027 4848 3167 4900 omni
3192 4857 3364 4920 serunt
3391 4863 3578 4911 mense,
3601 4858 3648 4920 et
3685 4854 3817 4906 ubi-

2198 4915 2410 4990 cumzt'ue
2441 4925 2624 4975 imbres
2653 4915 2816 4975 mstiti
2841 4937 2940 4973 non
2973 4915 3114 4982 sunt.
3148 4927 3205 4969 αι
3231 4918 3281 4969 ί¹¹
3315 4915 3473 4970 India
3503 4931 3551 4972 θ’
3577 4917 3816 4975 "Emm-

2195 4994 2317 5062 pia;
2347 5005 2402 5047 et
2427 4994 2554 5046 alibi
2584 5011 2595 5046 :
2627 4992 2693 5046 In
2727 4992 2955 5063 nggpto
2981 4990 3232 5063 hordeum
3266 4998 3411 5043 sexto
3443 5006 3472 5040 α
3493 4998 3610 5043 satu
3649 5005 3833 5048 me:r-‘

2193 5059 2268 5127 se,
2299 5067 2559 5132 frumenta
2596 5059 2818 5132 septimo
2840 5059 3107 5115 metuntur
3135 5059 3304 5127 (Plin.
3356 5063 3393 5113 ι.
3424 5075 3533 5114 xvrt
3562 5077 3609 5113 ε.
3647 5063 3729 5119 is
3763 5079 3816 5120 ει

2195 5134 2235 5188 ι.
2272 5149 2400 5188 xvnr
2429 5153 2475 5189 c.
2508 5137 2581 5201 7).
2625 5137 2762 5189 Alrbr
2792 5149 2954 5189 etiam
2987 5133 3176 5186 sr-rrbrt
3210 5133 3364 5184 binas
3395 5146 3600 5186 messes
3627 5146 3693 5188 et
3725 5137 3817 5190 bi-

2195 5220 2290 5258 nas
2321 5216 2540 5262 acsmtes
2567 5209 2883 5275 contingere
2903 5205 3078 5259 nredia
3112 5204 3254 5256 inter
3286 5201 3408 5255 illas
3435 5205 3617 5257 hieme
3641 5205 3813 5276 (Lib.

2195 5279 2466 5332 VIC.I7L

2272 5294 2315 5328 C.
2452 5318 2466 5332 ο

2269 5348 2288 5385 ί
2334 5285 2590 5403 ἐέιζιιηθι
2613 5389 2626 5408 .
2673 5347 2723 5402 id
2753 5357 2856 5408 est.
2887 5346 3295 5418 semimortuus,
3343 5352 3436 5398 aut
3465 5345 3813 5418 semivivus,

2193 5421 2570 5476 moribundus.
2596 5419 2821 5474 Ovidius
2848 5419 2940 5472 lib.
2979 5435 2992 5473 r
3019 5417 3283 5486 Metaph.:

2506 5534 2567 5584 ita
2592 5534 2873 5607 semineces
2897 5531 3074 5595 partim
3100 5530 3408 5580 ferventibus
3431 5535 3573 5582 artus

2365 5611 2393 5645 0
2435 5613 2446 5645 1
2496 5611 2655 5646 διιιιιδ.

2365 5611 2471 5646 ornt
2496 5611 2655 5658 aquis.

2187 5701 2440 5757 Sidonius
2475 5701 2569 5754 lib.
2605 5717 2618 5754 ι
2650 5700 2810 5766 epist.
2846 5701 2900 5769 7,
2933 5699 3096 5771 pietas
3126 5699 3366 5770 Augusta
3403 5699 3812 5762 seminecem...

2186 5774 2268 5831 uel
2292 5773 2478 5830 exsilio
2505 5782 2821 5828 muneretur.
