4072 6324
1121 261 1462 333 COLLATIO
1498 260 1615 324 XV.
1644 292 1717 306 —
1744 260 1836 331 DE
1876 261 2428 341 οιιΑιιιειιΑτιΒυε
2464 263 2735 329 DlVINlS.

3443 274 3582 339 ιωο

295 404 399 451 nec
436 400 658 459 semper
685 384 1026 453 necessaria,
1061 399 1166 449 nec
1208 383 1463 447 omnibus
1491 385 1883 441 conceduntur.
1916 385 1965 447 Α
1992 384 2193 459 quitur.
2223 384 2354 441 Nam
2400 385 2562 441 etiam
2592 400 2716 441 cum
2766 385 2834 464 ad
2874 386 3092 451 Patrem
3121 404 3373 467 remeans
3402 395 3585 465 quod-

295 491 325 523 ⁸
346 480 641 539 Humilitas
662 490 747 537 eat
767 494 900 553 ergo
918 477 1162 535 omnium
1192 480 1450 552 magistra
1465 479 1746 550 virtutum,
1769 480 1884 551 ipsa

296 584 385 639 est
405 574 649 632 cmlestis
675 571 887 628 aedilicii
917 571 1288 629 ﬁrmissimum
1312 571 1750 641 fundamentum,
1775 573 1889 644 ipsa

297 678 388 726 est
435 667 642 725 donum
674 666 952 736 proprium
994 673 1156 736 atque
1188 665 1533 737 magniﬁcum
1567 665 1886 731 Salvatoris.

296 762 410 819 Ista
439 760 643 817 etenim
673 760 927 819 universa
958 758 1222 815 miracula
1269 774 1390 830 quae
1418 759 1669 817 Christus
1698 776 1893 832 opera-

298 861 393 911 tus
432 861 547 918 est,
586 852 709 907 sine
747 850 994 921 periculo
1022 850 1272 907 elationis
1301 861 1546 918 exercet,
1577 851 1670 925 qui
1701 851 1889 909 mitem

299 946 617 1015 Dominum,
642 959 749 1001 non
778 944 1116 1001 sublimitate
1144 944 1449 1019 signorum,
1490 946 1585 1003 sed
1618 946 1891 1017 patientiae

305 1050 468 1111 atque
499 1037 821 1095 humilitatis
851 1038 1050 1094 virtute
1081 1047 1344 1095 sectatur.
1375 1039 1475 1109 Qui
1507 1056 1636 1105 vero
1661 1042 1895 1109 immun-

304 1132 390 1188 dis
417 1132 699 1204 spiritibus
728 1131 1016 1199 imperare,
1048 1141 1143 1188 aut
1172 1133 1553 1199 languentibus
1595 1133 1892 1190 sanitatum

308 1224 447 1283 dona
473 1222 749 1291 conferre,
781 1233 874 1279 aut
900 1222 1121 1293 aliquod
1149 1223 1363 1295 signum
1397 1225 1646 1281 mirabile
1676 1228 1893 1298 populis

304 1318 469 1389 gestit
520 1317 845 1382 ostendere,
882 1317 1129 1387 quamvis
1179 1317 1232 1372 in
1271 1319 1738 1376 ostentationibus
1784 1321 1897 1395 suis

306 1408 510 1467 Christi
543 1410 757 1469 invocet
785 1424 1003 1476 nomen,
1037 1419 1217 1467 tamen
1247 1411 1460 1469 alienus
1490 1427 1518 1470 a
1547 1412 1764 1470 Christo
1789 1424 1893 1485 est,

306 1506 431 1577 quia
462 1506 782 1562 humilitatis
817 1506 1133 1578 magistrum
1180 1509 1411 1579 superba
1446 1520 1628 1571 mente
1671 1527 1777 1567 non
1810 1528 1896 1567 se-

1992 487 2113 543 dam
2142 532 2157 556 ,
2184 496 2244 543 ut
2275 489 2347 547 ita
2375 488 2605 547 dixerim
2631 532 2647 559 ,
2692 490 2949 563 conderet
3002 499 3388 563 testamentum
3414 538 3429 563 ,
3478 498 3581 556 hoc

1992 590 2268 661 discipulis
2308 592 2600 667 dereliquit
2627 610 2643 650 :
2672 592 2983 651 Mandatum
3004 638 3019 663 ,
3062 595 3267 671 inquit,
3300 617 3487 657 novum
3516 604 3581 659 de

1992 694 2152 759 vobis,
2179 702 2230 748 ut
2257 693 2490 767 diligatis
2514 696 2729 751 imicem
2750 696 2931 767 (Joau.
2959 697 3101 769 sui).
3128 699 3433 772 Statimque
3454 704 3582 759 sub-

1987 794 2197 864 iunxit,
2233 794 2298 851 In
2320 794 2420 850 hoc
2458 808 2765 867 cognoscent
2792 812 2971 857 omnes
2994 802 3118 871 quia
3144 803 3245 857 mei
3273 805 3393 859 estis
3424 806 3573 861 disci-

1988 895 2124 968 puli,
2154 897 2198 950 si
2228 897 2555 951 diteetienem
2585 897 2866 955 habueritis
2893 902 2961 955 ad
2988 904 3229 959 invicem.
3263 905 3381 961 Non
3413 907 3512 972 ait,
3538 910 3585 964 si

1995 999 2153 1068 signa
2178 1006 2339 1070 atque
2361 998 2591 1055 virtutes
2616 1000 2870 1057 similiter
2890 1002 3155 1070 feceritis,
3186 1006 3279 1060 sed
3302 1007 3346 1061 si
3370 1007 3587 1077 dignam

1996 1100 2344 1158 dilectionem
2371 1102 2436 1159 ad
2466 1103 2694 1159 invicem
2725 1104 3051 1173 habueritis,
3074 1120 3236 1178 quam
3266 1119 3475 1165 certum
3507 1121 3592 1168 est

2001 1204 2103 1260 nisi
2132 1207 2291 1261 mites
2322 1212 2482 1277 atque
2504 1206 2739 1262 humiles
2766 1218 2989 1264 servare
3013 1220 3121 1265 non
3143 1222 3323 1281 posse.
3349 1213 3592 1285 Quapro-

2004 1319 2124 1383 pter
2165 1325 2459 1381 numquam
2494 1309 2792 1367 monachos
2822 1311 3024 1383 probos
3056 1324 3155 1375 nec
3195 1316 3389 1372 morbo
3432 1332 3595 1374 ceno-

2003 1413 2181 1468 doxim
2221 1428 2421 1469 vacuos
2450 1412 2620 1471 nostri
2650 1413 2887 1484 majores
2913 1430 3034 1473 esse
3064 1414 3354 1487 dixerunt,
3388 1420 3479 1493 qui
3508 1438 3596 1480 se-

2006 1516 2264 1585 metipsos
2288 1515 2315 1553 b
2348 1516 2650 1572 exorcistas
2670 1529 2854 1573 coram
2897 1517 3210 1593 hominibus
3241 1520 3595 1597 proﬁtentur,

1376 1623 1633 1682 ALARDI
1674 1626 1907 1684 GAZ/El
1947 1627 2507 1686 COMMENTARIUS.

309 1716 520 1791 nuntiate
566 1715 972 1791 pertrahuntur,
1017 1717 1342 1791 mortiferum
1386 1717 1595 1791 quidem
1638 1728 1714 1777 est
1763 1720 1904 1790 quod
1936 1723 1981 1782 Β
2008 1720 2258 1775 cietatem
2284 1724 2550 1789 iustorum
2583 1729 2639 1777 et
2670 1722 2953 1791 impiorum
2981 1763 2997 1788 ,
3031 1722 3179 1779 hisce
3208 1724 3417 1782 duabus
3449 1731 3594 1786 notis

311 1790 508 1860 bibunt.
541 1786 631 1849 sed
654 1804 758 1842 non
789 1789 861 1860 eis
885 1786 1103 1860 nocebit.
1141 1787 1242 1860 Qui
1269 1788 1466 1856 quoties
1493 1791 1757 1860 proximos
1774 1786 1905 1844 suos

315 1862 368 1915 in
397 1858 529 1914 bono
553 1875 705 1932 apere
725 1856 981 1931 infirmari
1006 1859 1352 1926 conspiciunt,
1381 1856 1504 1912 dum
1526 1861 1598 1914 eis
1618 1869 1722 1915 tota
1744 1862 1905 1916 virtu-

314 1940 362 1985 te
383 1936 717 1990 concurrunt,
742 1943 787 1983 et
810 1932 1042 1996 exemplo
1062 1942 1171 1984 aute
1190 1932 1499 1999 operationis
1520 1932 1728 1985 illorum
1750 1934 1906 1988 vitam

311 2004 601 2057 roborant:
626 2002 713 2070 qui
747 2003 802 2056 in
831 2002 1039 2074 propria
1069 2002 1271 2059 actione
1298 2001 1521 2057 titubant
1546 2044 1561 2065 ,
1601 2005 1726 2072 quid
1759 2006 1905 2061 aliud

317 2075 560 2143 faciunt,
596 2074 701 2145 nisi
741 2090 893 2144 super
932 2089 1099 2145 aegros
1141 2089 1327 2128 manus
1351 2074 1621 2140 imponunt
1646 2116 1662 2140 ,
1703 2085 1755 2128 ut
1787 2076 1909 2130 bene

316 2145 575 2200 habeant?
612 2144 740 2212 ρυω
767 2144 1010 2198 nimirum
1048 2145 1296 2198 miracula
1321 2189 1335 2211 ,
1377 2155 1568 2214 quanto
1601 2147 1865 2214 spiritaﬂu
1887 2191 1903 2211 .

317 2227 461 2271 tanto
490 2216 706 2271 meliora
732 2226 888 2281 sunt,
917 2227 1118 2288 quanto
1140 2232 1231 2287 per
1263 2214 1373 2288 hinc
1399 2232 1499 2269 non
1528 2234 1743 2288 corpora
1770 2261 1781 2277 ,
1816 2221 1908 2274 sed

316 2289 506 2342 animle
532 2288 870 2359 suscitantur.
907 2287 1237 2359 chitaque
1276 2287 1461 2359 signa;
1495 2287 1682 2359 fratres
1708 2289 1908 2344 charis-

315 2360 456 2426 simi,
491 2370 704 2413 auctore
736 2358 866 2425 Deo,
898 2358 942 2429 si
971 2358 1155 2423 vultis,
1186 2360 1379 2429 facitis.
1414 2356 1505 2412 Esi
1523 2358 1629 2413 illis
1653 2361 1791 2413 enim
1821 2378 1910 2416 ea:-

320 2430 593 2485 terioribus
624 2431 782 2501 signis
818 2428 1036 2501 obtineri
1064 2429 1167 2483 vita
1192 2428 1275 2484 ab
1308 2429 1419 2484 Itwc
1445 2432 1774 2496 operantibus
1807 2449 1908 2486 non

319 2502 474 2556 valet.
528 2499 683 2555 Nam
713 2499 1143 2573 corporaliaiilla
1189 2502 1440 2573 miracula
1468 2504 1764 2573 _ostendunt
1812 2505 1913 2557 ali-

318 2573 527 2645 quando
552 2571 871 2645 sanctitatem
894 2615 906 2637 ,
938 2571 1027 2627 sed
1054 2590 1157 2628 non
1184 2572 1405 2645 faciunt.
1460 2571 1581 2626 Haec
1611 2590 1726 2628 vero
1752 2576 1908 2645 spiri-

321 2642 472 2714 talia,
506 2660 623 2714 qua:
643 2644 775 2712 fiunt
800 2646 851 2697 in
879 2655 1061 2709 mente,
1097 2646 1331 2699 virtutem
1350 2642 1467 2700 vitae
1490 2661 1589 2699 non
1612 2642 1909 2711 ostendunt,

321 2710 411 2769 sed
441 2710 662 2785 faciunt.
701 2714 801 2769 Illa
831 2713 1015 2769 habere
1044 2725 1093 2769 et
1134 2716 1257 2770 mali
1285 2730 1497 2785 possunt
1544 2733 1562 2769 :
1600 2717 1712 2771 istis
1741 2710 1912 2771 autem

324 2736 408 2769 sea
441 2736 662 2785 lucrum.
701 2736 801 2769 ιιιιι
831 2736 1015 2769 nabere
1044 2736 1092 2769 ει
1134 2736 1255 2770 mall
1323 2736 1497 2771 οεδιιηι
1544 2736 1562 2769 .'
1600 2736 1712 2771 ιδιιδ
1741 2736 1910 2771 αιιιρηι

324 2787 527 2857 perfrui
565 2787 662 2842 nisi
705 2787 821 2841 boni
852 2803 953 2840 non
985 2797 1215 2859 possunt.
1261 2736 1439 2842 [colite
1476 2805 1595 2860 ergo
1622 2832 1636 2854 ,
1680 2791 1866 2858 fratres
1893 2830 1910 2855 ,

326 2875 499 2912 nutare
526 2860 675 2931 signa
699 2875 811 2928 qua:
833 2858 1045 2931 possunt
1075 2874 1187 2910 cum
1216 2860 1447 2931 reprobis
1477 2858 1649 2914 haberi
1679 2876 1912 2914 continu-

328 2931 434 2991 niu.
467 2928 557 2984 sed
583 2932 692 2983 (nec
716 2947 828 2999 qua:
869 2930 1021 2981 modo
1052 2928 1299 2993 diximus,
1329 2928 1596 2986 charitatis
1625 2940 1779 3002 atque
1810 2933 1913 2998 pie-

328 3003 445 3053 tatis
469 3003 718 3055 miracula
747 3010 932 3063 amate,
969 3018 1079 3067 qua:
1101 3010 1241 3072 tanto
1267 3003 1524 3056 securiora
1553 3012 1693 3065 sunt,
1724 3014 1915 3072 quanto

330 3074 552 3145 occulta,
586 3084 631 3126 et
658 3072 722 3126 de
750 3072 932 3145 quibus
966 3074 1107 3145 apud
1148 3069 1429 3127 Dominum
1454 3091 1510 3127 eo
1542 3077 1710 3145 major
1736 3069 1804 3145 sit
1834 3090 1916 3129 re—

330 3144 701 3218 tribu_tio,_quo
728 3144 867 3218 apud
914 3144 1141 3198 homines
1174 3147 1339 3199 tttinor
1377 3156 1445 3198 est
1475 3144 1663 3218 gloria.
1709 3144 1915 3201 Hucus-

330 3228 435 3286 que
463 3216 524 3286 l1.
548 3215 861 3282 Gregorius.

403 3295 439 3357 εί
468 3284 592 3341 Tria
638 3287 952 3341 humilitatis
982 3286 1179 3352 elogia,
1221 3302 1393 3355 eaque
1428 3289 1699 3357 prtecipua
1736 3291 1917 3354 paucis

328 3356 511 3430 verbis
533 3358 850 3430 complexus
876 3370 953 3430 es_l
990 3376 1002 3411 :
1031 3357 1084 3430 i"
1107 3358 1248 3430 quod
1277 3360 1345 3413 sit
1372 3356 1542 3413 mater
1570 3370 1623 3413 et
1662 3359 1911 3430 magistra

327 3428 575 3483 omnium
606 3427 885 3484 virtutum.
932 3428 1006 3484 Ita
1034 3428 1089 3485 S.
1123 3427 1416 3498 Gregorius
1464 3446 1599 3485 χχιιι
1636 3427 1913 3485 Moralium

326 3498 484 3571 (Cap.
513 3501 641 3573 13):
675 3500 809 3556 Vera
838 3500 1072 3555 doctrina
1104 3502 1475 3565 humilitatem,
1515 3518 1632 3573 qnte
1672 3504 1915 3573 magistra

329 3580 404 3644 est
429 3571 679 3644 omnium,
710 3583 971 3644 materque
1001 3573 1265 3644 virtutum,
1296 3584 1342 3626 et
1369 3571 1622 3644 loquendo
1651 3571 1836 3637 dicere,
1867 3582 1917 3626 et

327 3638 541 3716 vivendo
578 3653 799 3716 conatur
841 3638 1144 3716 ostendere;
1190 3652 1246 3697 ut
1293 3661 1403 3699 eam
1432 3638 1586 3716 apud
1632 3644 1916 3716 discipulos

324 3714 561 3788 veritatis
596 3714 715 3788 plus
766 3715 1003 3788 Operibus
1057 3730 1211 3785 quam
1263 3714 1578 3788 sermonibus
1607 3714 1912 3788 ‘eloquatur.

326 3782 388 3838 2'
413 3784 565 3854 Quod
595 3782 667 3840 sit
692 3782 931 3843 cceléstis
956 3794 1013 3841 et
1038 3782 1334 3856 spiritualis
1353 3786 1566 3841 aedilicii
1600 3785 1917 3856 fundamen-

329 3856 461 3910 tum.
488 3856 565 3912 De
586 3873 693 3930 quo
725 3872 919 3930 praeter
943 3858 1044 3930 alia
1066 3854 1193 3930 ξψιερ
1220 3858 1347 3930 alibi
1382 3858 1720 3930 protulimus,
1744 3854 1918 3930 Chry-

325 3927 683 3984 sostomus'iu
714 3927 965 3985 Genesim
998 3929 1019 4000 (
1052 3928 1251 3983 llomil.
1273 3928 1385 4000 55)
1430 3947 1443 3982 ι
1490 3928 1689 3997 Ubique
1710 3927 1917 3982 modum

323 4013 609 4070 servemus,
643 4010 689 4054 et
718 4001 862 4055 bonis
886 4001 1123 4070 operibus
1150 4002 1338 4055 nostris
1360 4001 1707 4054 humilitatem
1725 4042 1738 4063 ,
1766 4002 1917 4070 quasi

326 4064 727 4138 fundamentum
747 4064 1122 4142 substruamus,
1154 4081 1207 4126 ut
1233 4088 1408 4127 secure
1438 4072 1647 4126 virtutes
1674 4064 1918 4142 superes:—

326 4152 526 4198 struere
569 4143 844 4197 valeamus.
888 4141 1055 4197 Virtus
1085 4142 1219 4214 enim
1250 4159 1351 4214 non
1398 4152 1500 4209 est,
1553 4145 1653 4197 nisi
1704 4141 1917 4214 coiijun-

326 4220 467 4283 ctam
496 4215 679 4269 habeat
708 4214 1065 4268 humilitatem.
1111 4212 1212 4278 Qui
1247 4212 1341 4267 hoc
1365 4214 1757 4283 fundamentum
1787 4212 1921 4268 recte

316 4282 526 4351 iecerit,
551 4287 734 4357 poterit
756 4288 815 4357 in
842 4295 1087 4353 quantam
1107 4287 1323 4357 voluerit
1347 4282 1673 4357 altitudinem
1696 4296 1919 4339 structu-

326 4369 439 4409 ram
468 4354 712 4411 excitare.
744 4355 868 4411 Hazc
895 4366 967 4410 est
994 4356 1405 4427 inexpugnabilis
1427 4356 1614 4423 turris;
1645 4355 1754 4410 hmc
1776 4373 1919 4410 omne

326 4429 555 4481 continet
583 4429 880 4497 aediﬁcium,
911 4444 1012 4482 non
1042 4430 1215 4483 sinens
1244 4429 1449 4495 ipsum,
1480 4428 1558 4482 vel
1594 4445 1624 4479 a
1653 4436 1918 4481 ventorum

2007 1798 2065 1851 et
2084 1793 2259 1868 veinti
2276 1792 2844 1868 tesseris,_humilitate
2867 1803 2925 1850 et
2946 1796 3223 1865 superbia,
3252 1798 3597 1868 potissimm

2007 1877 2035 1915 a
2070 1878 2129 1934 se
2155 1863 2384 1917 invicem
2418 1862 2695 1934 distingui.

2078 1933 2106 1972 ιι
2143 1936 2433 2013 Ἐξορκίςῳ,
2466 1926 2517 1989 id
2551 1926 2663 2013 esi,
2698 1935 2909 2013 adjuro.
2939 1930 3415 2013 Undeexorcistas
3441 1941 3601 2013 adju-

2010 2006 2367 2080 ratores,'qui
2393 2006 2697 2080 immundos
2723 2009 2946 2080 spiritus
2972 2024 3039 2065 ex
3064 2010 3309 2080 obsessis
3336 2026 3431 2067 seu
3462 2006 3598 2080 pos-

2011 2078 2174 2131 seSsis
2202 2068 2520 2149 Corporibus
2565 2094 2659 2147 per
2688 2068 2887 2133 no'men
2920 2068 3131 2133 Domini
3172 2068 3477 2149 adiurando'
3501 2101 3600 2140 ex-

2012 2152 2251 2220 pellunt.
2280 2150 2355 2204 De
2398 2148 2595 2220 quibus
2627 2149 2688 2203 Ι).
2723 2150 3052 2220 Augustinus
3085 2151 3177 2206 lib.
3211 2148 3249 2205 x’
3274 2154 3342 2208 de
3367 2151 3603 2211 Civitate

2012 2217 2164 2287 (Cap.
2195 2218 2289 2288 ‘22)
2317 2238 2328 2272 :
2370 2219 2523 2287 Vera,
2560 2221 2752 2288 inquit,
2790 2217 2980 2289 pietate
3007 2222 3235 2275 homines
3268 2222 3363 2277 Dei
3395 2241 3604 2281 aeream

2010 2300 2310 2364 potestatem
2334 2292 2614 2364 inimicam,
2631 2292 3046 2364 contrariamque
3061 2295 3241 2364 pietati
3262 2297 3604 2353 eamcime

2011 2362 2223 2434 ejiciunt
2250 2402 2264 2425 ,
2300 2378 2398 2415 non
2427 2363 2703 2433 placando.
2736 2363 2849 2417 Hoc
2874 2362 3166 2434 signiﬁcari
3190 2362 3324 2419 dicit
3366 2366 3429 2420 D.
3474 2367 3603 2422 Hie-

2014 2449 2273 2505 ronymus
2331 2449 2429 2504 per
2481 2434 2741 2505 infantem
2783 2434 2933 2488 illum
2995 2435 3082 2505 qui
3128 2435 3268 2505 apud
3300 2434 3491 2491 Isaiam
3529 2438 3601 2495 de

2014 2503 2277 2561 lora‘mine
2300 2503 2467 2572 petras
2491 2504 2773 2559 colubrum
2797 2518 2959 2558 inanu
2983 2503 3185 2560 educit}
3217 2506 3387 2562 Porro
3408 2518 3603 2565 notan-

2016 2577 2141 2629 dum
2184 2576 2292 2645 jam
2318 2576 2443 2631 inde
2477 2578 2545 2629 ah
2576 2576 2729 2629 initio
2762 2576 3030 2643 duplicem
3064 2577 3117 2632 in
3159 2572 3402 2634 Ecclesia
3435 2581 3603 2637 fuisse

2017 2656 2335 2717 potestatem
2371 2647 2603 2717 pellendi
2628 2648 2926 2711 tltBlMllCS,
2957 2658 3013 2702 et
3052 2650 3280 2715 proinde
3307 2650 3415 2704 duo
3439 2664 3602 2707 exor-

2016 2719 2269 2772 cistarum
2298 2734 2493 2789 genera
2524 2737 2535 2771 :
2566 2719 2789 2783 alteram
2819 2718 2953 2774 solis
2988 2716 3202 2775 clericis
3226 2728 3322 2775 seu
3342 2720 3601 2777 ecclesia-

2016 2792 2167 2861 sticis
2198 2792 2442 2857 personis
2472 2791 2922 2845 communicatam
2950 2828 2966 2856 ,
3020 2806 3116 2861 per
3168 2789 3596 2850 ecclesiasticam

2022 2860 2273 2915 videlicet
2302 2862 2698 2915 ordinationem
2732 2876 2746 2915 :
2777 2862 2918 2915 unde
2944 2860 3084 2929 inter
3115 2864 3355 2918 minores
3379 2865 3603 2921 ordines

2020 2934 2211 2985 tertius
2243 2932 2439 2986 dicitur
2468 2933 2858 2988 exorcistarum
2886 2976 2899 2999 ,
2949 2932 3086 2987 ordo
3130 2948 3262 2989 sane
3289 2935 3519 2990 celebris
3548 2946 3606 2991 et

2020 3002 2219 3073 passim
2248 3004 2385 3074 apud
2419 3002 2609 3058 Patres
2632 3003 2951 3058 decantatus
2978 3046 2991 3065 ,
3033 3018 3096 3059 ex
3132 3018 3238 3071 quo
3263 3007 3427 3060 etiam
3477 3007 3605 3063 tidei

2024 3084 2222 3129 nostrte
2294 3075 2579 3147 veritatem
2640 3075 3229 3147 contragadversarios
3284 3074 3603 3147 lreqnenter

2022 3150 2291 3230 astruunt,
2318 3146 2649 3230 ut_Ju§tinus
2667 3148 2720 3201 in
2744 3145 2967 3230 Diaiogo
2987 3160 3109 3230 cum
3131 3145 3458 3230 Tryphonem
3472 3147 3607 3230 Ier-

2022 3218 2279 3288 tullianus
2325 3218 2391 3272 ad
2456 3221 2783 3288 Scapulam,
2835 3218 3144 3274 Lactantius
3193 3218 3286 3272 lib.
3334 3235 3375 3288 ιι
3424 3219 3601 3277 Divin.

2020 3286 2649 3360 lnstitut.,Cyprianus
2704 3290 2759 3344 in
2817 3292 2976 3357 epist.
3031 3291 3096 3343 ad
3147 3286 3602 3358 Demetrianum;

2018 3359 2242 3413 alterum
2264 3359 2424 3415 etiam
2457 3361 2607 3414 laicis
2634 3360 2960 3421 hominibus.
2994 3361 3108 3415 sive
3128 3360 3216 3428 qui
3241 3360 3389 3414 nullo
3412 3362 3605 3419 ordino

2019 3431 2209 3484 initiati
2242 3440 2383 3497 sunt,
2411 3444 2756 3502 communem
2783 3449 2794 3483 :
2821 3444 2942 3501 quis
2964 3431 3179 3498 quidem
3204 3428 3377 3485 adhuc
3404 3432 3606 3502 duplex

2020 3509 2103 3555 est
2137 3519 2149 3554 :
2180 3502 2347 3555 altera
2373 3492 2647 3571 generalis
2668 3544 2680 3565 ,
2715 3492 2928 3570 qualern
2963 3492 3015 3555 iit
3043 3502 3176 3570 ipsis
3205 3492 3607 3569 Ecclesim'pri-

2020 3573 2243 3627 mordiis
2268 3582 2588 3628 ctmsecutos
2618 3586 2738 3626 esse
2770 3582 2978 3626 constat
3009 3573 3295 3641 plerosque
3323 3571 3507 3628 ﬁdeles
3535 3590 3605 3630 ex

2020 3642 2109 3696 illa
2140 3643 2374 3714 generali
2408 3644 2610 3698 Christi
2651 3644 3018 3713 promissione
3047 3660 3061 3696 :
3096 3642 3263 3714 Signa
3303 3652 3474 3697 autem
3518 3662 3606 3699 eos

2017 3717 2103 3785 qui
2124 3716 2432 3770 crediderint
2455 3716 2559 3769 hate
2580 3721 2888 3784 sequentur:
2909 3714 2963 3785 in
2986 3715 3192 3767 nomine
3210 3731 3324 3768 meo
3345 3715 3606 3769 dwntonia

2019 3784 2221 3854 eiicient
2254 3786 2448 3857 (Marc.
2495 3786 2605 3857 xvi)
2634 3804 2646 3839 :
2679 3800 2797 3857 qute
2821 3784 3024 3840 tamdiu
3052 3785 3106 3839 in
3139 3785 3373 3857 Ecclesia
3407 3786 3604 3855 viguit,

2020 3856 2270 3926 quamdiu
2304 3857 2368 3911 ad
2400 3857 2527 3913 iidei
2575 3856 3015 3928 propagationem
3047 3864 3105 3911 et
3138 3856 3604 3928 conﬁrmationem

2019 3929 2130 3983 visa
2162 3939 2242 3984 est
2277 3927 2765 3985 necessariamnde
2791 3939 2842 3983 et
2861 3928 3224 3984 Tertullianus
3238 3927 3603 3984 scribitetiam

2019 4015 2047 4054 a
2081 4001 2337 4055 militibus
2360 4000 2632 4055 dmmones
2655 3999 2820 4055 fuisse
2837 4002 3107 4071 expulsos,
3128 4007 3182 4053 et
3205 4009 3452 4068 parentes
3475 4001 3604 4071 soli-

2022 4082 2102 4125 tos
2125 4077 2431 4127 εχηιέιιαιέ
2462 4072 2593 4126 ﬁlios
2614 4070 2986 4143 suos(DeCor.
3011 4071 3116 4143 mil.
3135 4085 3248 4139 cap.
3279 4071 3363 4143 ll,
3385 4070 3603 4143 delitui.

2020 4159 2135 4211 cap.
2169 4142 2284 4214 lt);
2317 4146 2417 4197 alii
2450 4143 2699 4211 specialis
2726 4186 2741 4209 ,
2764 4141 2893 4214 qua:
2939 4142 3260 4214 quihusdam
3308 4141 3602 4214 insignum

2022 4213 2238 4269 eximiué
2284 4215 2586 4271 sanctitatis
2611 4257 2625 4280 ,
2677 4214 2761 4270 vel
2797 4213 2861 4269 in
2901 4213 3316 4268 mdiﬁcationem
3348 4213 3603 4269 Ecclesia:

2024 4299 2087 4339 ex
2121 4286 2373 4355 peculiari
2405 4286 2548 4341 dono
2577 4287 2769 4341 collata
2804 4285 2937 4351 fuit;
2970 4284 3113 4355 quod
3142 4283 3340 4339 donum
3378 4288 3607 4353 Aposto-

2028 4356 2110 4425 lus
2142 4358 2280 4412 inter
2305 4359 2407 4413 alia
2438 4359 2579 4412 dona
2604 4357 2835 4425 Spiritus
2864 4357 3058 4417 sancti,
3092 4370 3186 4411 seu
3217 4356 3413 4425 gratias
3440 4356 3605 4419 gratis

2023 4424 2195 4497 datas,
2231 4440 2285 4482 ut
2320 4430 2551 4483 diximus
2573 4470 2588 4494 ,
2621 4429 2721 4485 sub
2740 4429 2917 4499 gratia
2948 4424 3241 4499 sanitatum
3285 4436 3375 4481 aut
3400 4441 3607 4499 pepera-

327 4498 608 4564 siolentiu,
642 4501 720 4553 vel
747 4501 808 4551 ab
836 4500 1076 4553 imbrium
1104 4501 1333 4570 impetu,
1378 4499 1456 4553 vel
1495 4516 1525 4552 a
1555 4500 1829 4570 spirituum
1874 4499 1921 4551 ri
1949 4508 2001 4569 ι)
2028 4500 2173 4553 tione
2218 4500 2470 4554 virtutum
2511 4497 2921 4563 comprehendit
2972 4498 3015 4566 (l
3045 4498 3164 4554 Cor.
3189 4499 3339 4570 xm).
3385 4497 3510 4570 Quo
3552 4500 3606 4553 in

327 4570 521 4641 dejici;
560 4570 650 4625 sed
681 4569 914 4624 omnibus
944 4570 1149 4625 insidiis
1180 4569 1505 4624 inaccessum
1543 4569 1667 4640 facit
1698 4579 1745 4623 et
1788 4570 1919 4641 invi-

324 4640 468 4713 ctum
490 4683 509 4709 ,
546 4642 694 4713 quasi
724 4659 787 4697 ex
813 4642 1087 4696 adamante
1109 4642 1446 4697 constrictum
1485 4650 1643 4713 esset.
1688 4641 1747 4694 ι).
1778 4640 1920 4713 Βετ-

327 4712 532 4768 nardus
556 4711 606 4767 in
633 4714 876 4769 eamdem
899 4719 1221 4768 sententiam
1247 4713 1339 4767 lib.
1366 4714 1432 4769 de
1453 4711 1916 4767 Consideratione:

333 4776 747 4865 fretiosissimus
777 4784 974 4865 fundus
999 4827 1014 4849 ,
1049 4785 1214 4865 bonus
1247 4784 1441 4865 fundus
1477 4793 1583 4851 est,
1633 4783 1916 4865 humilitas,

327 4854 387 4927 in
416 4874 521 4927 qua
558 4872 707 4911 omne
732 4856 1009 4925 adi/icium
1047 4854 1319 4927 spirituale
1338 4864 1704 4927 constructum
1743 4855 1922 4907 crescit

327 4925 387 4980 in
408 4925 656 5000 templum
678 4938 912 5000 sanctum
940 4930 994 4981 in
1017 4927 1272 5000 Domino.»
1292 4925 1525 5000 3°_Qnod
1537 4926 1621 5000 _sit
1642 4927 1921 5000 proprium

325 5007 387 5052 et
412 4997 754 5067 magniﬁcum
782 4999 984 5054 donum
1009 4998 1327 5055 Salv-storis.
1357 4997 1491 5052 Hinc
1536 4997 1597 5052 D.
1630 4997 1925 5067 Gregorius

326 5083 501 5126 xxxiv
526 5070 835 5126 Moralium:
862 5070 1065 5135 Quanta
1089 5068 1394 5124 humilitatis
1417 5072 1578 5123 virtus
1602 5078 1696 5133 est,
1715 5078 1928 5137 propter

323 5156 483 5211 quam
503 5144 668 5197 solum
687 5142 933 5198 veraciter
953 5140 1259 5203 docendam,
1281 5142 1325 5194 is
1350 5139 1433 5207 qui
1459 5141 1566 5194 sine
1589 5141 1926 5195 wstimatione

326 5227 552 5283 mgnus
578 5222 679 5277 est.
709 5230 867 5284 usque
892 5211 960 5266 ad
980 5213 1270 5284 passionem
1302 5212 1471 5281 factus
1495 5221 1569 5266 est
1597 5228 1786 5283 parvus
1810 5228 1829 5277 ,°
1870 5220 1926 5267 et

324 5296 453 5353 cap.
485 5288 733 5356 sequenti
770 5302 782 5338 :
816 5283 966 5340 Sicut
993 5284 1427 5356 evidentissimum
1469 5284 1809 5356 reproborum
1843 5284 1918 5337 si-

323 5370 489 5428 gnum
523 5354 765 5428 superbia
805 5365 911 5421 est,
959 5356 1032 5409 ita
1075 5365 1281 5428 econtra
1311 5354 1579 5410 humilitas
1618 5354 1915 5428 electorum.

324 5424 461 5481 Cum
496 5424 619 5509 ergo
646 5445 801 5509 quam
834 5428 1055 5509 quisque.
1084 5426 1263 5509 habeat
1293 5427 1637 5508 cognoscitur,
1684 5425 1776 5509 sub
1817 5442 1917 5494 quo

324 5512 448 5570 rege
472 5497 667 5555 militet
685 5497 960 5554 invenitur.
1010 5497 1368 5568 Unusquisque
1397 5500 1529 5570 enim
1560 5497 1710 5567 quasi
1736 5513 1913 5570 quem-

322 5566 448 5623 dim
498 5571 706 5625 titulum
754 5579 924 5638 portat
967 5569 1133 5640 aperis
1152 5566 1177 5631 .“
1204 5566 1305 5636 quo
1346 5569 1499 5640 facile
1539 5566 1774 5623 ostendat
1824 5568 1917 5640 sub

321 5644 479 5712 cujus
508 5643 698 5697 serviat
733 5650 979 5713 potestate
1002 5639 1241 5713 rectoris.
1271 5639 1479 5713 Similia
1506 5640 1789 5713 habetD.
1809 5639 1917 5693 Au-

323 5711 578 5784 gustinus
621 5730 707 5768 xiv
735 5711 817 5769 'de
859 5712 1087 5767 Civitate
1114 5711 1206 5767 Dei
1255 5712 1404 5782 (Cap.
1438 5712 1523 5784 1.5)
1552 5756 1566 5779 ,
1621 5711 1711 5766 ubi
1760 5712 1918 5765 docet

324 5781 470 5842 duas
495 5788 747 5843 civitates
766 5825 785 5852 ,
809 5784 908 5842 Dei
934 5784 1184 5840 videlicet
1211 5781 1271 5839 et
1296 5781 1528 5853 diaboli,
1566 5785 1665 5839 hoc
1692 5792 1798 5850 est,
1828 5796 1917 5838 so—

2029 4586 2227 4638 genere
2260 4571 2493 4626 maxime
2522 4571 2837 4624 claruerunt
2884 4570 3102 4637 plurimi
3145 4568 3319 4623 sancti
3365 4569 3604 4624 arachn-

2032 4650 2179 4703 retm,
2219 4646 2463 4710 quamvis
2492 4640 2637 4704 laici,
2670 4641 2924 4709 nulloque
2952 4640 3142 4694 ordine
3175 4639 3380 4710 Eccles.
3411 4656 3607 4694 conse-

2028 4714 2185 4771 crati,
2215 4709 2261 4766 et
2300 4712 2352 4766 in
2384 4713 2467 4768 his
2494 4712 2781 4775 Antonius,
2816 4710 3013 4765 Paulus
3041 4711 3268 4780 simplex
3295 4750 3307 4773 ,
3341 4709 3600 4775 Hilarion,

2029 4792 2083 4837 et
2110 4782 2215 4837 alii.
2242 4781 2401 4838 Tales
2421 4792 2574 4838 erant
2600 4782 2675 4836 illi
2698 4781 2966 4847 monachi,
2998 4781 3065 4836 de
3084 4782 3281 4851 quibus
3300 4781 3385 4835 hic
3407 4782 3602 4850 agitur,

2030 4855 2119 4924 qui
2153 4855 2255 4909 hoc
2296 4855 2438 4909 dono
2495 4864 2548 4909 et
2591 4855 2789 4909 virtute
2815 4852 3155 4924 exorcizaudi
3184 4851 3607 4924 adiostentatio-

2032 4920 2151 4979 nem
2192 4935 2248 4981 et
2295 4930 2504 4980 inanem
2559 4924 2781 4995 gloriam
2829 4924 3055 4979 subinde
3106 4920 3506 4995 abutebantur;
3551 4932 3608 4978 et

2029 4996 2415 5052 exorcistarum
2449 4992 2663 5060 munus,
2694 4994 2906 5051 tametsi
2933 4995 3086 5060 laici.
3117 5008 3298 5050 coram
3330 4992 3447 5048 aliis
3479 5009 3605 5059 pro-

2029 5066 2338 5140 ﬁtebantur,
2376 5067 2622 5140 ultroque
2652 5066 3019 5131 exercebant,
3047 5065 3443 5140 utopinionem
3472 5079 3603 5140 san-

2027 5138 2226 5195 ctitatis
2260 5135 2580 5195 venarentur
2608 5157 2621 5192 :
2652 5151 2983 5209 quamquam
3007 5137 3141 5193 nihil
3173 5144 3314 5209 vetat
3340 5135 3602 5205 quosdam

2026 5225 2089 5266 es
2120 5211 2251 5281 ipsis
2280 5210 2447 5266 fuisse
2472 5206 2699 5281 clericos
2731 5220 2783 5281 et
2812 5206 3093 5265 ordinibus
3112 5207 3392 5281 initiatos;
3420 5221 3542 5261 cum
3573 5222 3606 5263 e

2025 5276 2240 5338 diverso
2266 5282 2367 5337 viri
2402 5280 2604 5349 sancti,
2636 5290 2693 5335 ut
2731 5279 2933 5335 dictum
2961 5291 3076 5344 est,
3112 5278 3215 5335 hoc
3253 5276 3488 5334 maxime
3519 5291 3609 5335 re-

2024 5349 2273 5423 fugerent
2302 5354 2405 5409 nisi
2430 5352 2512 5407 vel
2538 5352 2823 5417 charitate,
2856 5351 2939 5405 vel
2975 5352 3309 5423 precantium
3341 5350 3607 5423 importu~

2028 5419 2193 5482 niiate
2214 5426 2386 5483 coacti
2412 5466 2427 5490 ,
2470 5425 2541 5482 ob
2566 5439 2757 5480 causas
2785 5437 2944 5491 supra
2978 5420 3272 5492 explicatas
3302 5419 3472 5492 (Cap.
3502 5422 3537 5475 Ξ
3564 5422 3605 5490 ).

2026 5494 2104 5552 ita
2127 5509 2344 5559 sanctus
2373 5497 2687 5559 Benedictus
2711 5491 3128 5563 energnmenam
3150 5493 3217 5548 ad
3240 5507 3297 5547 se
3321 5491 3605 5547 adductam

2026 5566 2091 5621 ad
2124 5567 2181 5625 S.
2218 5568 2526 5639 Remigium
2569 5566 2774 5639 remisit
2799 5605 2822 5639 ,ἓ
2870 5574 2937 5639 ut_
2976 5564 3166 5639 scribit
3202 5563 3608 5639 liincmarnsin

2028 5639 2187 5709 huius
2218 5640 2358 5695 Vita.
2379 5634 2467 5694 Sic
2491 5641 2548 5693 ὃ.
2574 5636 2891 5693 Laurentius
2912 5634 3268 5709 lustinianus,
3300 5634 3606 5709 patriarcha

2028 5706 2285 5783 Ye'netus.
2312 5718 2527 5783 rogatus
2555 5722 2608 5764 ut
2634 5709 2942 5783 dzl'llltlnetn_
2971 5720 2997 5756 a
3032 5706 3256 5762 muliere
3278 5706 3604 5777 expelleret:

2029 5780 2113 5837 Ne
2136 5784 2343 5855 petatis,
2378 5779 2569 5853 inquit,
2604 5798 2637 5834 α
2678 5795 2778 5849 nte,
2806 5779 2942 5848 quod
2972 5789 3217 5844 tractare
3245 5794 3347 5834 non
3376 5793 3615 5847 possunt.
