4072 6324
530 250 673 320 1οοῖ

1394 244 1401 249 ’
1484 297 1489 301 ~
1584 262 1865 325 taurus
1900 264 2211 326 cassum
2248 268 2740 330 COLLATIONES.

3655 268 3799 330 1008

530 392 589 438 et
616 384 762 439 inter
784 383 1163 442 admirantium
1194 381 1381 441 turbas
1408 388 1551 440 hanc
1576 399 1737 455 quam
1784 384 1873 441 vel
1900 400 2114 442 merue—
2141 388 2198 449 Α
2220 385 2461 443 fomitem
2490 386 2716 443 luxuriae
2740 384 3043 455 eradicare,
3069 399 3229 457 quam
3253 385 3531 460 expellere
3559 388 3806 449 immun-

532 484 702 544 runt,
739 474 826 532 vel
859 485 1320 546 prasumpserunt
1346 474 1573 547 gratiam
1600 475 1999 547 jactantissima
2026 492 2116 534 os-

532 568 833 624 tentatione
862 567 1145 624 didamant
1168 585 1183 622 :
1209 567 1304 624 sed
1328 567 1621 625 incassum.
1643 580 1670 606 ι
1688 568 1792 637 Qui
1817 569 1961 625 enim
1978 569 2117 624 iuni-

533 661 659 715 titur
708 661 1027 730 mendaciis,
1066 661 1152 717 hic
1192 669 1369 733 pascet
1399 673 1575 719 ventos
1598 704 1615 731 ,
1643 664 1786 718 idem
1810 672 1980 719 autem
2006 664 2116 735 ipse

533 755 759 825 sequitur
808 768 924 808 aues
969 753 1197 809 volantes
1242 753 1425 821 (Prov.
1472 753 1554 825 ι).
1605 755 1734 812 Sine
1770 754 1936 811 dubio
1970 756 2116 811 enim

532 845 748 901 eveniet
772 845 851 901 eis
874 844 1007 901 illud
1033 846 1177 915 quod
1200 846 1257 902 in
1288 845 1601 903 Proverbiis
1627 846 1828 902 dicitur
1854 865 1868 902 :
1907 845 1937 887 ι’
1966 846 2119 904 Sicut

530 940 667 992 venti
693 948 743 994 et
772 938 931 995 nubes
956 949 1005 994 et
1034 940 1225 1012 pluuia
1267 942 1702 1012 manifestissima:
1730 949 1852 996 sunt
1878 984 1895 1010 ,
1924 943 2001 996 ita
2028 942 2119 1012 qui

530 1030 786 1102 gloriatur
821 1034 876 1087 in
906 1033 1029 1089 dato
1055 1033 1196 1105 falso
1233 1033 1418 1109 (Prov.
1450 1035 1600 1107 xxv).
1636 1036 1704 1092 Et
1739 1036 1861 1093 ideo
1905 1037 1949 1092 si
1994 1036 2118 1107 quis

530 1139 715 1181 coram
743 1126 900 1183 nobis
926 1126 1122 1183 borum
1159 1128 1360 1199 aliquid
1390 1128 1603 1195 fecerit,
1630 1145 1737 1186 non
1767 1130 1836 1187 de
1882 1129 2117 1186 admira-

529 1218 680 1274 tione
706 1218 1011 1291 signorum,
1067 1220 1161 1277 sed
1193 1222 1262 1278 de
1290 1231 1485 1278 ornatu
1532 1238 1743 1279 morum
1774 1223 1937 1280 debet
1974 1222 2116 1294 apud

530 1324 633 1365 nos
661 1325 783 1367 esse
812 1311 1102 1368 laudabilis
1127 1329 1142 1375 ;
1173 1328 1274 1369 nec
1301 1324 1481 1370 utrum
1505 1316 1772 1372 damonis
1795 1317 1844 1372 ei
1874 1317 2115 1387 subjecta

529 1401 659 1470 sint,
687 1402 781 1458 sed
807 1412 987 1459 utrum
1020 1415 1043 1445 ο
1072 1404 1358 1462 cbaritatis
1402 1407 1644 1463 membra
1665 1447 1680 1473 ,
1713 1422 1833 1477 qua
1859 1407 2120 1465 describit

528 1492 847 1566 Apostolus,
874 1496 1172 1568 possideat,
1208 1498 1611 1570 inquirendum.

1131 1651 1362 1710 CAPUT
1412 1652 1548 1710 Vlll.

2221 479 2319 534 dos
2343 479 2563 549 Spiritus
2584 478 2652 534 de
2674 478 2997 551 corporibus
3026 479 3257 547 alienis;
3288 490 3343 537 et
3369 482 3806 552 magnificentius

2221 572 2433 643 signum
2464 580 2549 628 est
2586 573 2781 628 virtute
2816 572 3097 643 patientia
3126 574 3458 630 truculentos
3489 586 3667 633 motus
3695 579 3809 633 ira-

2220 664 2431 719 cundia
2450 664 2730 731 cohibere,
2752 679 2913 735 quam
2936 665 3079 721 aeris
3102 665 3489 736 principatibus
3511 670 3804 739 imperare;

2221 758 2451 829 plusque
2474 767 2557 813 est
2586 758 2889 814 exclusisse
2916 757 3269 813 edacissimos
3300 759 3369 815 de
3395 759 3559 815 corde
3583 761 3809 832 proprio

2222 852 2459 908 tristitia
2480 852 2719 921 morbos,
2738 867 2898 923 quam
2919 852 3257 909 valetudines
3277 854 3499 909 alterius
3515 853 3809 926 febresque

2222 961 2512 1018 corporeas
2540 948 2833 1019 expulisse.
2865 947 3147 1005 Postremo
3169 949 3349 1005 multis
3374 948 3550 1005 modis
3578 953 3811 1023 pracla-

2222 1041 2333 1096 rior
2347 1040 2515 1097 virtus
2531 1040 2921 1112 sublimiorque
2941 1041 3212 1112 profectus
3230 1050 3336 1109 est,
3355 1042 3552 1099 anima
3572 1046 3812 1115 propria

2222 1150 2414 1191 curare
2453 1135 2739 1205 languores
2766 1176 2782 1201 ,
2822 1150 2982 1205 quam
3021 1134 3268 1206 corporis
3304 1135 3490 1192 alieni.
3534 1145 3560 1174 ο
3587 1137 3813 1204 Quanto

2221 1227 2369 1283 enim
2392 1226 2511 1282 bac
2536 1226 2823 1282 sublimior
2843 1242 3007 1283 carne
3027 1236 3131 1295 est,
3159 1237 3307 1283 tanto
3326 1231 3674 1298 praestantior
3692 1230 3813 1300 ejus

2222 1329 2305 1377 est
2343 1319 2532 1386 salus;
2576 1329 2888 1390 quantoque
2926 1320 3263 1391 pretiosioris
3291 1322 3813 1393 excellentiorisque

2223 1424 2304 1470 est
2339 1415 2658 1470 substantia
2680 1457 2696 1484 ,
2738 1423 2795 1471 et
2831 1423 2981 1470 tanto
3008 1415 3274 1487 gravioris
3310 1430 3373 1472 ac
3396 1415 3814 1487 perniciosioris

2222 1517 2308 1565 est
2331 1518 2387 1565 et
2411 1508 2603 1565 ruina.

2825 1604 3051 1662 CAPUT
3089 1604 3182 1661 IX.

2297 1695 2566 1762 Quantum
2592 1693 2857 1766 pracellat
2877 1697 2995 1751 vita
3012 1697 3240 1767 probitas
3264 1712 3423 1765 opera
3442 1697 3731 1770 signorum.

532 1766 685 1837 Quod
706 1767 997 1825 miramini
1025 1768 1180 1858 εεςᾷς
1204 1769 1649 1858 φηςιίρεοῇιία.
1680 1769 1921 1840 quamde
1948 1769 2191 1840 αιιετοΒ
2290 1788 2361 1844 Ει
2404 1788 2473 1846 de
2520 1788 2628 1844 illis
2677 1788 2893 1858 quidem
2940 1766 3307 1846 curationibus
3358 1790 3432 1845 ita
3479 1766 3814 1848 beatissimis

1021 1840 1280 1896 damones
1313 1842 1610 1896 extrusisse.

601 1977 629 2018 (³
657 1978 728 2035 Et
748 1993 944 2037 revera
972 1978 1149 2050 majus
1177 1978 1495 2035 miraculum
1517 1987 1603 2035 est
1621 1977 1689 2035 de
1706 1980 1924 2051 propria
1947 1993 2112 2035 carne

2222 1882 2497 1953 Apostolis
2541 1878 2740 1934 dicitur
2773 1897 2785 1933 :
2823 1877 2845 1917 ί
2880 1878 3062 1935 Nolite
3110 1880 3334 1951 gaudere
3383 1882 3508 1952 quia
3547 1882 3814 1937 dmonia

2222 1978 2366 2033 vobis
2394 1976 2740 2047 subjiciuntur
2768 1973 2922 2043 (Luc.
2953 1972 3035 2045 ι).
3064 1973 3181 2030 Hoc
3203 1982 3228 2020 ε
3258 1975 3402 2031 enim
3438 1975 3670 2033 faciebat
3694 1992 3813 2034 non

1597 2112 1854 2168 ALARDI
1891 2110 2127 2169 GAZEI
2163 2111 2737 2170 COMMENTARIUS.

525 2229 730 2287 Eodem
761 2227 923 2283 modo
968 2226 1251 2299 respondit
1289 2226 1585 2298 Gregorius
1617 2226 1977 2299 Lingonensis
2000 2268 2014 2293 ,
2056 2240 2112 2286 et

525 2302 646 2374 ipse
668 2297 1071 2385 sanctissimus
1098 2297 1422 2369 episcopus,
1467 2306 1604 2354 teste
1643 2297 1909 2369 Gregorio
1936 2298 2113 2354 Turo-

525 2388 1003 2524 Timarum
1030 2441 1309 2524 εοηιθιιιίι
1352 2450 1458 2524 ειη)
1490 2442 1559 2524 ab
1602 2441 1828 2524 Hebre?
1870 2456 2108 2524 summa

523 2516 716 2573 Graco
743 2512 906 2581 LXX,
951 2522 1010 2585 ut
1028 2513 1247 2585 notavit
1270 2512 1331 2585 Ρ,
1348 2513 1571 2585 ίῡθιιίιιε
1596 2513 1691 2585 (In
1719 2512 1971 2585 Adagia).
2020 2511 2113 2568 Ci-

523 2596 670 2642 tatur
703 2595 883 2642 tamen
917 2599 947 2638 a
975 2583 1257 2640 Clemente
1297 2583 1562 2639 Alexand.
1594 2584 1689 2639 lib.
1717 2600 1736 2638 1
1766 2583 1969 2639 Strom.
1996 2592 2051 2638 et
2077 2599 2109 2638 a

522 2658 589 2713 D.
637 2658 935 2727 Augustino
964 2655 1061 2710 lib.
1089 2671 1149 2711 ιιι
1177 2663 1323 2710 cont.
1375 2654 1723 2727 Gresconium
1773 2668 1894 2722 cap.
1924 2655 1973 2727 r9
2022 2655 2107 2711 his

520 2728 701 2785 verbis
730 2725 747 2780 Ξ
784 2728 884 2795 Qui
914 2727 1028 2794 ﬁdit
1067 2729 1120 2780 in
1151 2727 1337 2797 falsis,
1368 2725 1450 2779 hic
1488 2729 1650 2797 poscit
1688 2735 1881 2788 uentos,
1914 2726 1971 2778 id
2010 2735 2106 2791 est,

520 2799 583 2867 ﬁt
611 2815 725 2853 esca
752 2798 1011 2867 spiritibus
1030 2798 1202 2851 malis.
1228 2796 1433 2852 Eodem
1456 2797 1639 2851 allusit
1656 2797 1822 2852 Useas
1846 2797 2105 2866 propheta

519 2866 642 2938 eap.
668 2885 742 2925 xu
769 2866 954 2923 dicens
987 2886 1000 2920 :
1050 2866 1300 2940 Ephraim
1339 2868 1504 2937 pascit
1547 2877 1750 2921 uentum
1790 2878 1837 2921 et
1873 2869 2109 2940 sequitur

519 2951 689 2995 astum
714 2957 732 2995 :
763 2948 870 2994 tota
908 2939 992 2994 die
1017 2938 1340 2993 mendacium
1367 2949 1414 2992 et
1452 2940 1741 2993 vastitatem
1771 2938 2103 3002 multiplicat.

519 3011 623 3066 Ubi
665 3013 726 3065 D.
757 3010 1117 3080 Hieronymus
1153 3010 1541 3078 interpretatur
1582 3024 1804 3079 pascere
1841 3018 2059 3064 ventum
2085 3052 2102 3077 ,

520 3080 629 3153 Spe
654 3098 787 3136 vana
815 3097 868 3135 se
895 3080 1151 3151 decipere.
1181 3080 1485 3149 liupertus,
1520 3080 1707 3150 spiritu
1733 3080 1985 3150 superbia:
2025 3081 2109 3135 in-

520 3155 883 3293 ﬂigit-Vulgata
914 3222 1092 3279 versio
1125 3240 1137 3275 :
1174 3221 1372 3289 Nubes,
1406 3232 1453 3277 et
1479 3232 1683 3288 uentus,
1715 3230 1764 3276 et
1791 3223 1976 3291 pluviae
2003 3241 2107 3280 non

519 3270 814 3366 sequente;
844 3294 921 3348 uir
953 3293 1248 3366 gloriosus,
1293 3300 1341 3346 et
1355 3270 1630 3365 'promissa
1668 3270 1777 3348 non
1791 3270 2102 3366 rcomplens.
2133 3270 2183 3336 ο

517 3364 615 3419 cui
642 3365 893 3420 Chaldaa
924 3364 1265 3435 paraphrasis
1296 3364 1475 3436 magis
1524 3373 1787 3421 consonat
1814 3384 1826 3419 :
1860 3364 1975 3419 Diei
2005 3384 2105 3421 nu-

519 3436 685 3508 bium,
709 3447 756 3490 et
781 3437 943 3503 venti,
976 3438 1030 3491 in
1053 3452 1154 3508 quo
1180 3452 1285 3508 non
1326 3447 1401 3492 est
1429 3438 1640 3505 pluvia;
1672 3436 1856 3508 similis
1895 3448 1965 3491 est
2004 3440 2105 3505 uir,

516 3508 605 3579 qui
634 3506 887 3579 gloriatur
923 3510 978 3561 in
1016 3506 1150 3561 dono
1186 3507 1448 3575 falsitatis.
1506 3508 1603 3564 Ubi
1654 3508 1715 3562 D.
1744 3507 2105 3579 Hieronymus

518 3577 678 3633 docet
721 3578 863 3633 hunc
892 3578 1221 3634 versiculum
1269 3582 1550 3636 continere
1579 3580 1742 3633 etiam
1788 3578 1919 3633 illud
1950 3577 2102 3647 quod

517 3648 649 3703 dicit
672 3648 964 3723 Apostolus
989 3667 1002 3702 :
1036 3648 1317 3723 Habentes,
1338 3652 1560 3723 speciem
1583 3650 1786 3721 pietatis
1810 3692 1826 3717 ,
1868 3651 2104 3705 virtutem

516 3729 687 3775 autem
711 3721 824 3789 ejus
842 3720 1161 3791 abnegantes
1193 3720 1234 3791 (l
1259 3720 1391 3774 Tini.
1418 3721 1524 3790 ιιι).

591 3802 615 3830 ο
658 3790 765 3845 Illis
799 3790 1052 3861 nimirum
1084 3790 1301 3846 verbis:
1334 3791 1573 3847 Charitas
1596 3793 1794 3861 patiens
1822 3800 1918 3857 est,
1963 3792 2103 3845 beni-

517 3877 619 3926 qna
646 3872 741 3928 est,
774 3870 882 3916 etc.
916 3860 970 3927 (l
997 3859 1119 3917 Cor.
1147 3862 1223 3931 ι).
1257 3861 1359 3919 Ubi
1388 3859 1695 3929 quindecim
1725 3864 1982 3917 virtutum
2013 3862 2101 3916 of-

519 3931 634 3984 licia
682 3931 1055 4000 exprimuntur
1078 3974 1093 3998 ,
1138 3933 1335 4003 quibus
1356 3934 1525 3988 veluti
1555 3935 1834 3999 membris,
1862 3934 2098 4003 perfecta

516 4003 752 4071 charitas
778 4003 1077 4071 integratur
1102 4012 1159 4057 et
1183 4014 1413 4059 constat.

586 4070 613 4144 Si
657 4074 785 4127 Aliis
813 4073 990 4129 verbis
1017 4074 1261 4144 eamdem
1291 4077 1615 4130 sententiam
1643 4076 1932 4144 expressit,
1959 4075 2099 4132 hanc

513 4142 856 4217 collationem
886 4145 982 4217 fita
1030 4143 1360 4217 concludens
1411 4144 1580 4217 (Cap.
1614 4142 1783 4201 ultiin.
1811 4146 1828 4214 )
1860 4164 1873 4197 :
1924 4146 2099 4217 Major

512 4214 699 4288 quippe
729 4226 801 4268 est
848 4216 1037 4288 uirtus,
1060 4231 1121 4267 ac
1145 4214 1429 4269 sublimior
1463 4214 1652 4288 gratia.
1685 4217 1938 4270 internum
1980 4214 2099 4270 libi-

513 4286 684 4339 dinem
712 4287 883 4359 carnis
912 4286 1281 4359 exstinguereL
1295 4302 1448 4359 quam
1466 4286 1731 4359 nequitias
1759 4288 2050 4359 daemonum
2074 4331 2090 4354 ,

512 4359 736 4410 exterius
765 4358 1035 4428 irruentes,
1071 4356 1219 4428 Signo
1247 4356 1494 4425 Domini,
1523 4356 1583 4411 ac
1608 4359 1811 4412 virtutis
1842 4358 2097 4413 Altissimi

512 4430 739 4500 potentia
767 4427 1071 4500 subjugare,
1114 4427 1194 4481 uel
1234 4428 1299 4500 de
1342 4429 1556 4483 obsessis
1599 4430 2096 4500 corporibusidivini

511 4498 727 4571 nominis
754 4498 1072 4552 invocatione
1100 4499 1399 4571 propellere.
1427 4500 1718 4569 Aptissime
1745 4515 1874 4554 vero
1901 4499 1982 4554 his
2009 4516 2095 4557 re-

509 4568 779 4635 spondent
811 4579 865 4625 et
893 4568 1202 4625 consonant
1236 4585 1358 4637 qua
1400 4568 1826 4626 deimirabilibus
1850 4572 1942 4625 Dei
1964 4586 2094 4638 Ope-

2216 2226 2348 2291 Dei,
2378 2226 2635 2300 hominem
2663 2241 2904 2300 carneum
2932 2224 3168 2281 carnales
3193 2225 3410 2296 aﬁ'ectus
3449 2228 3505 2283 in
3533 2244 3687 2284 carne
3711 2247 3813 2300 po-

2215 2300 2373 2353 situm
2420 2298 2720 2364 respuisse;
2756 2305 2807 2352 et
2851 2296 2909 2350 in
2944 2305 3087 2371 tanta
3111 2314 3283 2351 rerum
3319 2310 3471 2371 atque
3503 2296 3813 2362 incurrunt-

2216 2371 2465 2424 varietate
2484 2415 2499 2437 ,
2529 2385 2689 2422 unum
2728 2374 2898 2422 tenere
2924 2369 3087 2422 animi
3127 2378 3318 2423 statum
3338 2414 3352 2437 ,
3386 2369 3538 2439 atque
3561 2373 3812 2426 immobi—

2219 2442 2318 2495 lem
2355 2442 2411 2493 in
2454 2441 2593 2494 omni
2632 2438 2974 2492 accidentium
2999 2442 3374 2511 permutatione
3411 2438 3623 2497 durare.
3675 2443 3813 2499 Haec

2218 2511 2314 2567 ibi.
2347 2511 2558 2576 Quibus
2586 2518 2955 2582 consentanea
2980 2510 3169 2582 Scribit
3192 2511 3254 2565 Β.
3283 2510 3573 2582 Gregorius
3615 2513 3713 2566 lib.
3748 2529 3813 2569 ιιι

2220 2583 2427 2652 Dialog.
2460 2596 2577 2651 cap.
2621 2583 2717 2647 t7;
2750 2580 2840 2637 ubi
2879 2583 3042 2637 etiam
3081 2581 3242 2637 docet
3273 2580 3444 2651 majus
3471 2597 3593 2638 esse
3630 2583 3813 2638 mira-

2214 2655 2395 2708 culum
2422 2695 2437 2719 ,
2483 2653 2884 2722 pradicationis
2924 2652 3096 2709 verbo
3123 2663 3285 2724 atque
3314 2654 3575 2708 orationis
3602 2654 3815 2711 solatio

2211 2736 2551 2794 peccatorem
2586 2735 2908 2779 convertere
2933 2766 2949 2792 ,
2995 2739 3157 2793 qnam
3206 2738 3372 2778 carne
3411 2738 3679 2779 mortuum
3717 2742 3817 2782 re-

2211 2797 2477 2868 suscitare
2506 2794 2683 2868 (Vide
2707 2795 2769 2868 S.
2798 2794 2984 2851 Thom.
3020 2794 3116 2850 1-2
3137 2836 3155 2863 ,
3184 2812 3235 2864 q.
3268 2795 3394 2858 111,
3424 2804 3529 2851 art.
3557 2796 3625 2862 5,
3663 2806 3717 2851 et
3751 2816 3809 2868 ιι.

2214 2866 2341 2933 115,
2369 2879 2472 2922 art.
2495 2865 2530 2923 9
2554 2876 2600 2921 et
2628 2865 2757 2937 10).

2285 2949 2307 2975 ε
2347 2938 2427 2992 lta
2457 2938 2520 2993 D.
2546 2935 2841 3008 Gregorius
2866 2935 3238 2992 Nazianzenus
3266 2935 3546 3008 verissime
3569 2937 3805 3006 scripsit

2210 3017 2363 3064 tanto
2435 3010 2599 3064 animi
2668 3007 2926 3063 morbum
2982 3024 3143 3076 quam
3200 3007 3445 3077 corporis
3489 3009 3810 3078 graviorem

2212 3095 2355 3148 esse,
2385 3093 2589 3149 quanto
2612 3081 2822 3135 animus
2847 3094 3075 3149 corpore
3102 3078 3446 3148 prastautior
3470 3096 3484 3131 :
3509 3078 3612 3132 Hic
3634 3081 3802 3149 enim,

2212 3151 2389 3222 inquit
2417 3152 2524 3207 alio
2550 3152 2669 3206 loco
2695 3192 2711 3215 ,
2742 3160 2927 3220 prteter
2955 3151 3269 3222 voluntatem
3296 3150 3509 3222 existit,
3530 3152 3622 3222 ille
3647 3167 3679 3203 a
3710 3167 3808 3204 ro-

2213 3220 2413 3277 luntate
2439 3222 2783 3294 proficiscitur
2807 3238 2825 3276 :
2854 3221 2937 3276 hic
2964 3238 3069 3275 una
3092 3237 3209 3294 cum
3234 3220 3457 3294 hacruita
3476 3221 3673 3288 ﬁnitur,
3703 3223 3809 3278 ille

2212 3310 2304 3377 nos
2331 3291 2451 3348 hinc
2475 3296 2753 3377 migrantes
2778 3295 3053 3377 comitatur
3076 3308 3095 3346 :
3115 3291 3207 3374 hic
3229 3291 3445 3377 denique
3468 3294 3807 3377 miseratione

2212 3367 2398 3438 dignus
2425 3376 2521 3433 est,
2548 3362 2638 3419 ille
2665 3364 2806 3429 odio,
2837 3364 2980 3434 apud
3010 3380 3093 3418 eos
3121 3362 3326 3432 quidem
3353 3364 3441 3431 qui
3464 3364 3644 3417 mentis
3670 3374 3808 3420 sunt

2210 3446 2581 3578 ⁶⁰¹ἶ¹⁹ἕξειξίιυς
2608 3507 2747 3576 apud
2781 3505 2839 3562 S.
2866 3504 3129 3561 Thomam
3175 3502 3503 3578 (lucum
3537 3505 3747 3578 am“)
3782 3524 3800 3563 ³

2210 3579 2318 3633 Sed
2346 3576 2459 3643 cur,
2512 3578 2726 3632 Domine
2749 3617 2765 3643 ,
2800 3594 2902 3631 non
2929 3579 3054 3632 sinis
3083 3576 3249 3630 laturi
3293 3577 3346 3629 in
3376 3576 3651 3630 honoribus
3678 3593 3715 3629 α
3746 3587 3802 3633 te

2208 3651 2452 3704 collatis?
2478 3664 2593 3702 cum
2620 3650 2867 3719 scriptum
2891 3648 2958 3702 sit
2982 3667 2999 3703 :
3034 3646 3100 3700 In
3124 3647 3329 3719 nomine
3352 3658 3437 3701 tuo
3462 3648 3802 3719 exsultabant

2207 3730 2312 3773 tota
2343 3721 2425 3774 die
2454 3719 2630 3790 (Psol.
2675 3714 2962 3790 nnxxvm).
2995 3719 3102 3775 Sed
3129 3714 3385 3790 Dominus
3411 3734 3496 3773 eos
3521 3718 3589 3771 ad
3616 3724 3801 3790 majus

2205 3787 2649 3864 gaudium'erigit.
2688 3789 2838 3864 Unde
2864 3787 3037 3864 subdit
3080 3805 3100 3844 :
3148 3787 3379 3864 Gaudete
3394 3797 3615 3864 _aut_e_r_n,
3661 3787 3801 3864 quia

2206 3859 2414 3916 nomina
2443 3859 2609 3917 vestra
2639 3863 2833 3928 scripta
2862 3871 2980 3914 sunt
3008 3862 3063 3914 in
3088 3860 3250 3915 cmlis.
3283 3860 3357 3913 Ita
3385 3859 3637 3930 Cyrillus.
3682 3861 3802 3916 Ita-

2203 3949 2309 4002 que
2359 3948 2464 3988 non
2511 3941 2659 3987 vetat
2701 3933 2949 3987 Christus
2977 3931 3272 4002 discipulos
3318 3932 3590 4002 gaudere,
3636 3932 3800 4002 quod

2201 3999 2467 4058 damonia
2516 4006 2597 4059 eis
2641 4003 3078 4067 subjicerentur:
3122 3999 3227 4055 hoc
3270 4003 3415 4056 enim
3455 3999 3652 4054 donum
3685 4000 3799 4058 Dei

2201 4085 2341 4138 erat,
2376 4076 2443 4130 de
2488 4090 2594 4145 quo
2624 4075 2857 4144 gaudere
2883 4075 3036 4137 licet,
3093 4074 3254 4145 modo
3279 4081 3333 4125 et
3359 4070 3799 4145 donnm_ipsnm

2200 4155 2255 4200 et
2283 4140 2539 4214 gaudium
2569 4140 2931 4200 in'anctorem
2960 4159 3119 4199 suum
3150 4142 3417 4198 referatur
3449 4159 3462 4195 :
3494 4140 3589 4197 sed
3621 4143 3799 4199 docet

2200 4217 2378 4272 minus
2404 4216 2748 4285 gaudendum
2776 4230 2935 4285 quam
2991 4215 3060 4269 de
3108 4230 3176 4269 eo
3236 4214 3376 4285 quod
3408 4214 3645 4281 ipsorum
3673 4229 3798 4285 no-

2200 4287 2343 4342 mina
2378 4283 2579 4357 scripta
2600 4283 2871 4342 essentia
2900 4286 3041 4341 calo
3070 4304 3081 4338 :
3116 4283 3335 4339 nomina
3352 4293 3544 4357 autem
3580 4283 3795 4357 scripta

2199 4373 2319 4413 esse
2352 4360 2403 4413 in
2435 4354 2573 4413 calo
2603 4400 2617 4421 ,
2669 4358 2809 4412 idem
2856 4372 2920 4411 ac
2963 4356 3159 4426 scripta
3191 4370 3312 4411 esse
3350 4355 3426 4426 in_
3448 4356 3582 4409 libro
3611 4354 3745 4409 vitae
3775 4397 3794 4422 ,

2199 4440 2258 4482 ut
2286 4430 2406 4484 aliis
2435 4430 2619 4484 verbis
2647 4429 2923 4498 Scriptura
2956 4422 3097 4482 solet
3117 4427 3301 4481 dicere
3339 4422 3551 4492 (Exod.
3585 4440 3743 4498 χχιιι
3772 4467 3791 4488 .

2198 4498 2347 4555 Psal.
2377 4516 2560 4564 vam,
2598 4494 2795 4569 Philip.
2824 4515 2897 4563 tv,
2928 4499 3040 4551 Act.
3063 4497 3168 4566 ιιι).
3204 4499 3404 4569 Docent
3433 4510 3596 4569 porro
3626 4494 3794 4569 theo—

2198 4571 2304 4641 logi
2335 4572 2437 4640 (D.
2473 4571 2667 4625 Thom.
2700 4587 2718 4626 ι
2746 4568 2823 4641 p.,
2854 4587 2906 4640 q.
2937 4569 3048 4640 24)
3089 4568 3300 4641 duobus
3327 4568 3501 4621 modis
3528 4568 3793 4641 homines

508 4639 751 4713 ribus_in
783 4641 986 4713 sanctis
1014 4641 1137 4713 suis
1152 4636 1409 4713 disseruit
1440 4642 1603 4697 abbas
1627 4641 1946 4696 Charemun
1976 4636 2093 4697 c‘ol-
2116 4653 2170 4713 υ
2195 4636 2359 4697 scrihi
2402 4643 2454 4697 in
2490 4642 2627 4695 libro
2670 4636 2795 4696 vita
2818 4680 2834 4705 ,
2866 4636 2982 4713 'ant
3004 4636 3319 4713 secundum
3368 4649 3628 4713 aeternam
3680 4636 3791 4693 Dei

505 4709 600 4763 lat.
633 4710 701 4765 12
726 4726 845 4780 cap.
873 4710 972 4773 12,
1006 4711 1095 4765 ubi
1128 4711 1239 4765 hac
1268 4712 1410 4766 inter
1439 4714 1541 4766 alia
1571 4729 1584 4765 :
1623 4713 1752 4778 Quis
1786 4712 1921 4765 enim
1951 4713 2005 4766 in
2036 4730 2091 4768 se

505 4795 662 4848 opera
694 4782 903 4835 Domini
932 4798 1032 4835 non
1072 4782 1282 4835 miretur
1304 4823 1319 4844 ,
1368 4799 1482 4836 cum
1520 4782 1861 4836 insatiabilem
1904 4784 2088 4838 ventris

503 4850 823 4926 ingluviem,
854 4861 902 4907 et
926 4863 1277 4926 sumptuosam
1307 4855 1441 4926 gula:
1470 4854 2087 4926 perniciasamqueluxn-

501 4922 633 4975 riam
671 4924 745 4976 ita
783 4924 838 4977 in
877 4939 932 4976 se
966 4922 1148 4976 viderit
1180 4939 1286 4977 esse
1309 4922 1689 4993 compressam,
1720 4935 1773 4976 ut
1804 4926 1888 4977 vix
1916 4925 2083 4991 ipsum

501 4993 742 5065 exiguum
777 5009 838 5047 ac
892 4995 1204 5065 vilissimum
1240 4995 1407 5048 cibum
1451 5011 1570 5065 raro
1610 4995 1913 5065 percipiat?
1955 4994 2083 5058 Quis

501 5062 603 5115 non
632 5064 950 5136 Obstupescat
978 5081 1134 5136 opera
1164 5062 1297 5129 Dei,
1330 5082 1443 5119 cum
1472 5062 1619 5118 illum
1651 5067 1818 5134 ignem
1851 5065 2080 5120 libidinis

499 5134 965 5205 quemnaturalem
993 5134 1145 5189 antea
1192 5144 1237 5188 et
1285 5139 1420 5189 velut
1465 5136 1932 5205 inexstinguibilem
1972 5152 2080 5190 esse

498 5204 755 5278 credebat,
784 5205 857 5278 ita
878 5206 1175 5278 refriguisse
1196 5207 1514 5275 perscnserit,
1543 5217 1597 5259 ut
1627 5204 1934 5278 nesimplici
1960 5211 2077 5270 qui-

497 5272 610 5327 dem
638 5276 866 5346 corporis
904 5272 1048 5330 mot'u
1083 5292 1135 5330 se
1168 5272 1355 5329 sentiat
1383 5278 1635 5331 incitari?
1675 5272 1945 5343 Quomodo
1974 5294 2075 5332 non

496 5345 733 5399 virtutem
767 5345 975 5418 Domini
1004 5348 1358 5418 contremiscat
1384 5348 1602 5418 quisque
1626 5391 1640 5415 ,
1681 5362 1799 5400 cum
1844 5348 2075 5404 homines

496 5417 757 5485 quondam
782 5416 924 5471 diros
943 5432 1004 5470 ac
1024 5416 1361 5480 truculentos,
1385 5416 1473 5486 qui
1494 5416 1560 5469 ad
1588 5433 1841 5470 summum
1864 5418 2075 5471 iracun-

496 5486 599 5559 dia
618 5490 840 5559 furorem
856 5488 1017 5559 etiam
1035 5486 1376 5541 blandissimis
1396 5488 1718 5559 subditorum
1733 5488 2073 5543 irritabantur

494 5555 767 5624 obsequiis,
797 5557 865 5612 ad
890 5566 1087 5611 tantam
1114 5558 1357 5612 transisse
1378 5559 1557 5611 viderit
1582 5555 1861 5621 lenitatem,
1891 5568 1946 5610 ut
1967 5575 2069 5614 non

492 5626 657 5699 solum
669 5631 785 5698 jam
809 5628 964 5683 nullis
984 5642 1394 5683 commoveantur
1415 5629 1643 5699 injuriis,
1674 5628 1763 5681 sed
1778 5630 1934 5699 etiam
1953 5645 2068 5684 cum

491 5694 652 5771 illata
669 5694 880 5766 fuerint,
894 5716 1092 5754 summa
1114 5694 1534 5771 magnanimitate
1549 5698 1903 5771 congaudeant
1915 5702 1942 5751 .9
1958 5711 2063 5754 etc.

489 5764 559 5822 Et
584 5764 772 5826 rursus
797 5764 918 5836 cap.
939 5764 1223 5840 sequenti?
1256 5769 1407 5827 Istud
1432 5785 1553 5839 ergo
1582 5764 1656 5824 est
1681 5769 1914 5826 mirabile
1940 5787 2067 5839 opus

2196 4713 2747 4782 pradestinationem,
2781 4726 2902 4782 qua
2930 4710 3038 4764 falli
3069 4719 3158 4782 aut
3190 4709 3380 4782 mutari
3415 4723 3519 4782 non
3550 4715 3788 4776 potest;

2194 4779 2289 4836 aut
2323 4786 2621 4840 secundum
2668 4779 2991 4852 praesentem
3025 4781 3303 4852 cujusque
3316 4779 3578 4845 justitiam
3602 4819 3618 4841 ,
3652 4794 3790 4844 qua

2192 4855 2386 4908 mutari
2444 4863 2622 4922 putest
2663 4850 2687 4906 ε’
2723 4862 2778 4908 et
2824 4852 2946 4907 illos
2991 4852 3158 4905 semel
3204 4850 3434 4917 scriptos
3479 4863 3789 4922 numquam

2191 4925 2359 4978 deleri
2390 4941 2406 4990 ;
2442 4920 2540 4978 hos
2569 4925 2741 4979 deleri
2774 4922 3135 4992 rescribique,
3166 4932 3323 4989 prout
3352 4936 3491 4992 nunc
3517 4934 3583 4974 ex
3611 4920 3790 4986 jnStis

2190 4994 2371 5062 injusti
2403 5037 2418 5063 ,
2452 5010 2593 5051 nunc
2622 5008 2807 5050 rursus
2837 5010 2903 5048 ex
2936 4991 3147 5061 injuslis
3171 4993 3303 5060 justi
3331 4991 3664 5046 elﬁciuntur.

2261 5076 2286 5113 ε
2330 5067 2441 5122 Hoc
2470 5070 2721 5135 superius
2753 5064 2902 5135 (Cap.
2930 5063 2998 5133 6)
3030 5065 3149 5117 aliis
3177 5064 3363 5135 verbis
3399 5063 3738 5135 inculcatum
3769 5104 3786 5124 ,

2188 5136 2274 5190 ubi
2303 5138 2380 5191 ait
2404 5155 2417 5191 :
2451 5132 2561 5191 Viri
2582 5137 2747 5191 sancti
2763 5132 2789 5199 ἡ(
2800 5132 3053 5189 miracula
3081 5132 3376 5201 patranles)
3403 5134 3533 5185 nihil
3557 5132 3657 5185 sibi
3680 5149 3789 5200 pro

2182 5209 2363 5261 talium
2397 5210 2711 5262 mirabilium
2736 5207 2923 5261 virtute
2944 5203 3207 5259 donabant
3236 5220 3255 5257 :
3282 5207 3402 5266 quia
3424 5219 3523 5255 non
3543 5202 3654 5256 haec
3681 5221 3789 5257 suo

2179 5280 2359 5332 merito
2388 5281 2492 5349 agi,
2527 5279 2613 5333 sed
2642 5278 2851 5349 Domini
2882 5276 3236 5331 misericordia
3267 5276 3557 5349 fatebantur
3581 5318 3596 5339 ,
3629 5274 3788 5349 Apo-

2177 5348 2377 5403 stolicis
2397 5342 2560 5403 vverbis
2584 5351 2637 5401 in
2659 5348 3000 5418 («dmiratione
3026 5342 3317 5418 signorum,
3353 5347 3631 5418 humanam
3655 5342 3789 5418 glas

2175 5421 2309 5473 riam
2326 5425 2628 5490 refutantes.
2643 5417 2755 5472 Viri
2780 5421 2988 5490 fratres,
3011 5416 3273 5490 inquiunt,
3293 5416 3416 5490 quid
3436 5416 3788 5490 admirammi

2176 5490 2231 5543 in
2276 5485 2402 5557 hoc,
2439 5500 2526 5543 aut
2577 5506 2671 5544 nos
2696 5485 2823 5559 quid
2853 5488 3156 5552 intuemini,
3197 5489 3347 5559 quasi
3375 5496 3552 5559 nostra
3582 5485 3788 5559 virtute

2176 5570 2268 5631 aut
2308 5569 2556 5631 potestate
2596 5555 2864 5631 fecerimus
2896 5561 3032 5631 hunc
3058 5555 3324 5612 ambulare
3342 5629 3351 5631 _
3372 5558 3392 5627 (
3416 5557 3591 5610 Actor.
3623 5571 3687 5610 ιιι
3715 5555 3785 5627 )ν

2175 5630 2271 5685 His
2299 5629 2441 5687 enim
2474 5629 2654 5685 verbis
2676 5645 2805 5686 usus
2829 5641 2913 5686 est
2932 5630 3125 5685 Petrus
3145 5629 3444 5697 apostolus,
3477 5638 3783 5695 postquam

2174 5703 2421 5779 claudum
2450 5718 2516 5779 ex
2540 5710 2696 5779 utero
2726 5704 2914 5756 matris
2943 5716 3077 5767 sua,
3107 5696 3357 5779 invocato
3373 5698 3609 5779 nomine
3636 5696 3781 5779 Iesu

2173 5774 2374 5831 Clu-isti
2427 5775 2721 5842 Nazareni,
2771 5780 3043 5840 curasset,
3091 5769 3291 5841 populo
3320 5768 3389 5824 ad
3424 5767 3481 5823 id
3512 5768 3783 5827 miraculi
