4072 6324
327 361 470 422 1009

1153 357 1492 418 COLLATIO
1529 359 1648 418 XV.
1678 393 1744 404 —
1777 361 1867 418 DE
1905 359 2461 424 CHARISMATIBU-S
2498 365 2768 426 DIVINIS.

3469 375 3608 440 1010

323 495 516 538 eorum
543 485 784 550 potestas
808 517 824 543 ,
865 476 961 532 sed
999 477 1170 532 virtus
1198 477 1462 534 Dominici
1493 481 1726 536 nominis
1759 481 1910 536 invo—
1935 485 1988 546 Α
2015 499 2082 538 eo
2106 484 2248 554 quod
2301 487 2511 542 cunctis
2556 485 2996 544 inleStationibus
3039 487 3369 560 daemonum,
3413 498 3611 564 quibus

323 574 452 636 cati,
487 581 542 626 et
567 569 772 626 idcirco
791 579 1083 625 monentur
1130 579 1187 626 ut
1231 587 1296 626 ex
1333 572 1434 628 hac
1465 583 1615 642 parte
1645 573 1782 629 nihil
1811 573 1916 630 sibi

321 661 678 718 beatitudinis
715 669 806 718 aut
843 663 1028 733 gloria:
1055 663 1286 719 audeant
1316 665 1620 736 vindicare,
1669 683 1790 739 quas
1820 666 1916 722 Dei

323 764 534 810 tantum
561 754 800 824 potentia
826 769 890 810 ac
919 755 1118 812 virtute
1141 756 1437 826 perﬁcitur,
1469 761 1564 814 sed
1587 775 1652 815 ex
1681 761 1770 814 illa
1789 760 1916 815 vitae

321 861 438 902 sua:
466 847 754 918 cordisque
784 846 971 902 intima
1002 849 1262 919 puritate,
1289 850 1360 906 ob
1386 866 1545 922 quam
1575 853 1792 908 nomina
1824 867 1918 910 eo-

321 955 443 995 rum
472 940 696 997 inscribi
727 949 1005 996 merentur
1032 942 1086 996 in
1117 941 1292 998 caelis.

953 1075 1180 1132 CAPUT
1221 1077 1288 1133 X.

469 1189 734 1244 Revelatio
759 1190 824 1244 de
853 1194 1094 1262 perfectae
1122 1195 1376 1250 castitatis
1403 1199 1772 1270 experimento.

397 1325 466 1381 Et
491 1333 551 1380 ut
571 1325 676 1381 hoc
709 1327 886 1397 ipsum
909 1329 1050 1398 quod
1079 1329 1334 1400 diximus,
1358 1334 1442 1390 vel
1473 1337 1798 1394 testimoniis
1827 1355 1919 1396 ve-

323 1427 528 1486 terum,
557 1419 645 1473 vel
673 1419 876 1476 divinis
901 1423 1135 1478 oraculis
1165 1425 1552 1496 approbemus,
1580 1429 1708 1500 quid
1741 1441 1766 1468 α
1793 1433 1920 1488 bea-

323 1519 414 1564 tus
437 1509 796 1580 Paphnutius,
833 1513 916 1568 vel
939 1513 1008 1570 de
1037 1514 1394 1574 admiratione
1419 1521 1722 1591 signorum,
1745 1525 1830 1579 vel
1850 1525 1920 1582 de

323 1605 494 1675 gratia
526 1606 762 1660 senserit
799 1609 1080 1677 puritatis,
1121 1610 1288 1666 immo
1323 1614 1452 1684 quid
1493 1617 1667 1686 angeli
1711 1619 1922 1674 revela-

323 1701 474 1754 tione
519 1701 857 1770 cognoverit,
901 1701 1071 1772 ipsius
1099 1705 1284 1761 verbis
1328 1717 1492 1778 atque
1533 1713 1919 1781 experimentis

323 1792 528 1847 rectius
579 1793 938 1864 proferamus.
982 1796 1078 1852 Hic
1117 1813 1349 1870 namque
1391 1801 1465 1857 ita
1509 1803 1694 1858 multis
1735 1805 1918 1875 vigens

2019 578 2108 633 diu
2158 591 2454 650 aperteque
2509 581 2858 650 conﬂixerat,
2911 587 3248 656 superiorem
3291 602 3352 643 se
3404 588 3611 649 factum

2020 685 2140 727 esse
2159 671 2409 740 sentiret,
2433 673 2580 738 dum,
2608 674 3024 732 advenientibus
3046 677 3176 734 viris
3199 681 3420 750 sanctis,
3444 679 3472 720 ιι
3495 684 3613 754 pul-

2019 774 2258 820 mentum
2309 767 2580 824 ienticulte
2626 769 2769 838 quod
2807 769 2882 824 illi
2927 781 2950 808 θ
2999 771 3243 828 atheram
3293 777 3609 848 nominant,

2019 868 2372 930 praepararet,
2396 875 2588 916 manus
2603 861 2722 932 ejus
2741 862 2796 917 in
2818 862 3062 932 clibano,
3081 866 3375 934 utassolet,
3393 867 3614 928 ﬂamma

2019 952 2470 1024 supervolitante,
2501 955 2784 1009 combusta
2809 963 2912 1010 est.
2939 955 3062 1025 Quo
3083 957 3226 1014 facto
3247 959 3608 1032 tristiﬁcatus,

2019 1061 2274 1118 magnum
2315 1047 2370 1102 in
2409 1047 2628 1103 modum
2675 1049 2840 1120 ccepit
2867 1065 3054 1106 secum
3101 1053 3298 1110 tacitus
3341 1056 3563 1114 volvere
3590 1074 3610 1114 :

2019 1139 2128 1197 Cur
2157 1141 2320 1212 ignis,
2358 1141 2633 1212 inquiens,
2668 1157 2880 1198 mecum
2909 1159 3018 1199 non
3055 1146 3218 1202 habet
3249 1163 3458 1217 pacem,
3485 1165 3612 1207 cum

2019 1235 2218 1292 diriora
2235 1235 2366 1292 mihi
2384 1235 2689 1292 daemonum
2713 1239 2982 1294 cesserint
3001 1241 3219 1310 praelia?
3241 1251 3330 1298 aut
3351 1245 3612 1314 quemad-

2021 1330 2238 1387 modum
2284 1345 2370 1386 me
2409 1331 2464 1385 in
2509 1331 2602 1386 illo
2641 1331 2934 1388 metuendo
2975 1335 3241 1391 examinis
3281 1337 3371 1393 die
3409 1354 3506 1408 per
3551 1354 3612 1395 se

2021 1423 2374 1478 transiturum
2417 1422 2510 1479 ille
2555 1423 2694 1494 ignis
2735 1424 3194 1496 inexstinguibilis
3229 1437 3284 1483 et
3327 1429 3615 1500 inquisitor

2021 1519 2337 1582 meritorum
2377 1517 2620 1571 omnium
2645 1531 2754 1572 non
2785 1518 3012 1584 tenebit,
3048 1521 3135 1575 cui
3175 1537 3318 1578 nunc
3347 1524 3615 1579 extrinse-

2019 1625 2113 1666 cus
2135 1609 2220 1664 hic
2243 1609 2560 1680 temporalis
2581 1625 2646 1664 ac
2668 1610 2922 1678 parvulus
2944 1625 3048 1665 non
3075 1613 3348 1681 pepercit?
3368 1615 3615 1685 Cumque

2021 1704 2270 1758 aestuanti
2303 1701 2680 1772 hujuscemodi
2724 1703 3144 1772 cogitationibus
3187 1717 3348 1778 atque
3395 1709 3614 1765 tristitia

2021 1813 2186 1868 sopor
2199 1797 2410 1852 subitus
2423 1795 2782 1866 obrepsisset,
2806 1798 3100 1852 adveniens
3127 1783 3350 1870 angelus
3378 1803 3614 1870 Domini,

324 1883 484 1939 annis
529 1886 869 1943 districtione
913 1889 1204 1960 prtecipua,
1253 1900 1310 1947 ut
1359 1893 1610 1951 crederet
1655 1911 1719 1952 se
1754 1897 1918 1952 etiam
1947 1877 1997 1938 Β
2023 1891 2150 1958 Cur,
2185 1889 2378 1960 inquit.
2411 1888 2704 1957 Ρθβὶιηυῐίς
2751 1888 2924 1943 "istis
2967 1903 3060 1956 es.
3093 1891 3235 1960 ψιοά
3265 1893 3491 1950 need"!!!
3523 1911 3618 1966 pa~

324 1979 564 2035 carnalis
595 1983 1056 2052 concupiscentia:
1087 1985 1294 2055 laqueis
1339 1989 1554 2058 penitus
1586 1989 1914 2058 absolutum,

2021 1996 2172 2042 catus
2203 1984 2296 2039 tibi
2343 1983 2414 2038 sit
2441 1983 2580 2052 ignis
2619 1981 2726 2039 iste
2767 1990 3048 2050 terrenus,
3075 1979 3104 2020 ἀ
3133 1998 3254 2039 cum
3285 1985 3458 2042 adhuc
3483 1987 3619 2044 resi-

1401 2099 1664 2156 ALARDI
1703 2101 1939 2159 GAZEI
1976 2095 2540 2158 COMMENTARIUS.

326 2198 689 2262 concurrente
718 2198 776 2262 et
803 2199 1074 2261 stupente.
1102 2191 1379 2262 iidemque
1423 2209 1453 2248 a
1496 2195 1664 2252 Paulo
1702 2205 1758 2250 et
1787 2197 1922 2252 Bar-

325 2261 468 2335 naba
519 2261 1038 2335 apudhLystrenses
1091 2261 1388 2318 factitatum
1453 2275 1506 2319 et
1577 2268 1924 2335 praedicatum

331 2331 474 2399 (Art.
511 2333 626 2400 xiv)
659 2331 856 2388 ibidem
887 2335 1287 2389 annotavimus.
1335 2331 1632 2392 Conﬁrmat
1675 2339 1922 2395 eamdem

325 2401 637 2473 doctrinam
675 2405 732 2458 S.
787 2405 1114 2460 Athanasius
1161 2408 1212 2460 in
1244 2405 1362 2460 Vita
1391 2410 1641 2473 Antonii,
1691 2411 1758 2464 ita
1791 2413 1926 2466 scri-

323 2471 466 2548 bens
499 2473 650 2548 (Cap.
792 2493 804 2530 :
833 2475 1106 2548 Numquid
1125 2493 1234 2532 sua:
1254 2479 1454 2534 uirtutis
1477 2471 1690 2548 imperio
1713 2483 1924 2537 curabat

325 2543 634 2620 Antonius?
675 2543 946 2620 Numquid
982 2543 1088 2620 sure
1116 2549 1476 2620 possibilitatis
1504 2543 1785 2606 arbitratur
1815 2570 1924 2608 esse

325 2615 470 2686 quod
499 2615 692 2684 fecerat
717 2619 741 2670 ?
785 2615 1126 2690 orationibus
1145 2660 1159 2682 ,
1196 2637 1296 2674 non
1327 2625 1596 2690 praeceptis
1621 2667 1636 2688 ,
1667 2625 1926 2681 datmones

327 2695 616 2754 cesserunt,
649 2697 695 2741 et
723 2689 790 2741 ad
817 2688 1010 2744 Christi
1037 2689 1135 2743 Dei
1167 2688 1334 2744 nostri
1359 2688 1764 2750 nominationem
1789 2713 1924 2750 sem-

324 2773 423 2834 per
447 2758 686 2834 uniuersa
710 2762 936 2834 perfecta
963 2771 1102 2814 sunt.
1137 2760 1303 2816 Nemo
1326 2763 1618 2834 sapientum
1643 2767 1924 2822 sanitatum

319 2829 736 2904 admirationem
764 2829 988 2886 ascribat
1007 2835 1257 2898 Antonio,
1288 2837 1377 2886 sed
1388 2829 1633 2890 'Domino
1661 2836 1808 2902 Jesu,
1835 2839 1926 2904 qui

322 2897 536 2954 solitam
563 2913 689 2971 erga
719 2913 982 2978 creaturas
1023 2920 1144 2958 suas
1182 2897 1422 2978 exhibens
1473 2897 1873 2962 benevolentiam
1904 2954 1918 2978 ,

325 2987 474 3024 nunc
513 2988 722 3052 quoque
751 2990 841 3052 per
866 2976 1080 3028 electum
1105 2977 1360 3052 famulum
1399 2995 1550 3052 suum
1591 2976 1924 3052 indulgenter

325 3045 595 3122 exercuit;
635 3045 892 3122 Antonius
919 3045 1114 3122 tantum
1142 3047 1324 3122 orabat
1344 3089 1373 3122 ,_
1391 3059 1438 3122 et
1463 3051 1580 3103 vitta
1603 3053 1718 3122 ejus
1743 3045 1924 3106 merito

327 3122 526 3191 cuncta
553 3113 807 3170 Dominus
836 3117 1168 3191 largiebatur.
1201 3118 1327 3174 Haec
1349 3113 1698 3184 Athanasius,
1729 3137 1847 3191 quae
1869 3133 1925 3178 et

327 3183 408 3256 de
447 3185 554 3256 alio
601 3183 942 3256 quocumque
997 3189 1116 3244 viro
1163 3198 1352 3244 sancto
1383 3192 1640 3245 miracula
1688 3183 1924 3249 faciente

349 3253 717 3333 dicipossnnt.
759 3253 951 3333 Verum
979 3259 1044 3333 :td
1069 3260 1366 3333 pleniorem
1398 3263 1587 3316 borum
1617 3263 1924 3333 intelligen-

335 3326 474 3380 tiam
501 3331 834 3383 obscrvauda
866 3326 1104 3385 doctrina
1135 3331 1198 3386 D.
1232 3331 1456 3387 Thema:
1495 3333 1578 3386 his
1607 3326 1924 3390 verbis'tra-

331 3399 450 3477 dita
470 3403 608 3476 (ea,
631 3399 968 3477 quaest._i78_,
987 3419 1040 3456 a.
1073 3400 1154 3477 1):
1171 3400 1462 3456 Dicendum
1484 3409 1622 3474 qttod
1645 3407 1776 3458 sicut
1801 3423 1924 3477 pro-

327 3467 520 3550 phetia
543 3487 596 3522 se
635 3467 864 3555 extendit
888 3467 961 3526 ad
985 3467 1160 3556 omnia
1191 3489 1303 3558 qua?
1331 3467 1918 3559 supernatut'alite_r'co-_
1944 3495 1990 3559 ρ

325 3541 520 3614 gnosci
547 3552 793 3610 possunt,
827 3545 902 3597 ita
943 3547 1170 3614 Operatio
1197 3541 1445 3598 uirtutum
1473 3561 1530 3600 se
1570 3547 1798 3601 extendit
1847 3548 1918 3602 ad

325 3612 518 3684 omnia
563 3629 678 3682 qua:
719 3612 1186 3680 supernaturaliter
1237 3617 1351 3682 ﬁeri
1395 3627 1608 3684 possunt
1649 3635 1667 3671 :
1697 3634 1916 3680 quarunt

323 3681 550 3751 quidem
576 3681 734 3738 causa
761 3696 832 3740 est
866 3687 1041 3740 diuina
1066 3681 1456 3756 omnipotentia,
1487 3703 1601 3755 qua:
1623 3689 1755 3742 nulli
1777 3706 1920 3744 crea-

323 3761 474 3830 tura
497 3757 862 3830 communicari
887 3767 1071 3830 potest.
1096 3757 1166 3812 Et
1191 3759 1306 3830 ideo
1337 3758 1652 3830 impossibile
1683 3767 1756 3814 est
1779 3761 1918 3828 quod

327 3823 652 3897 principium
675 3823 924 3890 operandi
953 3829 1197 3882 miracula
1225 3829 1292 3881 sit
1316 3823 1492 3897 aliqua
1517 3833 1742 3896 qualitas
1773 3823 1919 3886 habi-

325 3895 548 3974 tyaliter
575 3911 790 3974 manens
820 3901 871 3954 in
900 3900 1094 3956 anima.
1145 3901 1253 3974 Sed
1283 3895 1453 3954 tamen
1482 3895 1576 3954 hac
1605 3913 1768 3974 potest
1797 3919 1920 3956 con-

321 3969 717 4044 tingere,q_uod
740 3970 872 4044 sicut
892 3988 1044 4044 mens
1067 3969 1327 4042 propheta:
1351 3983 1582 4044 incitetur
1605 3969 1674 4027 ea:
1699 3973 1923 4044 inspira-

323 4039 478 4114 tione
519 4039 709 4114 divina~
731 4041 798 4094 ad
847 4039 1552 4110 aliquid'supernaturaliter
1606 4039 1921 4114 cognoicen-

323 4113 462 4184 dum
488 4151 502 4172 ,
534 4111 614 4184 ita
643 4112 794 4164 etiam
823 4129 965 4166 mens
992 4114 1240 4167 miracula
1270 4115 1509 4184 facientis
1549 4111 1810 4168 moveatur
1850 4117 1919 4169 ad

323 4181 634 4254 faciendum
658 4185 878 4251 aliquid,
908 4185 976 4237 ad
1013 4185 1150 4254 quod
1177 4181 1408 4252 sequitur
1450 4185 1658 4250 effectus
1685 4187 1922 4240 miraculi

321 4252 474 4324 quod
503 4252 644 4326 Deus
667 4271 763 4307 sua
787 4255 972 4308 uirtute
1009 4252 1156 4324 facit.
1193 4253 1343 4320 Quod
1383 4257 1688 4326 quandoque
1716 4257 1920 4324 quidem

325 4326 398 4391 ﬁt
446 4325 763 4390 prrecedente
814 4333 1031 4392 orante,
1079 4326 1214 4378 sicut
1258 4325 1608 4380 cum’Petrus
1647 4325 1921 4382 Tabitham

329 4403 594 4448 mortuam
624 4397 884 4450 suscitarit
917 4397 1063 4468 (Act.
1093 4395 1200 4468 ιχ).
1253 4397 1574 4468 Quandoque
1618 4399 1771 4452 etiam
1817 4415 1922 4452 non

329 4473 656 4538 prceccdente
685 4467 956 4538 manifesta
982 4467 1234 4538 oratione,
1263 4468 1355 4522 sed
1383 4467 1495 4522 Deo
1519 4470 1588 4522 ad
1623 4479 1800 4522 nutum
1831 4471 1923 4523 ho-

329 4537 488 4591 minis
523 4549 772 4608 operante
796 4579 808 4600 .
842 4540 972 4592 sicut
1013 4537 1201 4592 Petrus
1245 4539 1572 4610 Ananiamet
1604 4539 1922 4610 Sapphiram

329 4557 488 4591 ιηιιηδ
523 4557 772 4608 operante
796 4579 808 4600 ,
842 4557 972 4592 sicut
1013 4557 1201 4592 retrus
1245 4557 1498 4592 ananiam
1525 4557 1572 4592 et
1604 4557 1678 4594 na
1715 4557 1922 4610 pmram

329 4610 636 4682 mentientes
665 4611 816 4682 morti
853 4611 1162 4680 increpando
1189 4609 1406 4682 tradidit
1439 4609 1593 4680 (Act.
1623 4627 1654 4682 γ
1773 4609 1924 4682 (Inde

327 4677 620 4751 Gregorius
650 4681 812 4748 dicit,
853 4681 908 4733 in
945 4677 1170 4734 secundo
1195 4677 1542 4752 Dialogorum
1573 4677 1738 4752 (Cap.
1771 4679 1880 4750 50)
1904 4724 1918 4748 ,

327 4755 470 4822 quod
497 4755 663 4804 sancti
689 4751 970 4822 aliquando
992 4767 1055 4805 ea:
1082 4752 1312 4822 potentia
1353 4751 1606 4806 miracula
1641 4752 1880 4806 exhibent
1905 4794 1919 4818 ,

329 4822 626 4892 aliquando
651 4839 716 4875 ea:
737 4821 1100 4890 postulatione.
1131 4821 1384 4876 Utrolibet
1412 4833 1579 4877 tamen
1605 4825 1755 4877 modo
1779 4823 1922 4877 Deus

2029 2194 2160 2258 lem,
2179 2203 2230 2247 et
2251 2191 2443 2268 Petrus
2465 2189 3105 2268 suscitapdq’l‘abitham,
3125 2193 3214 2264 qui
3239 2202 3414 2268 tamen
3430 2213 3621 2268 preces

2029 2273 2153 2320 ante
2183 2261 2544 2334 praemiserat;
2579 2273 2632 2317 et
2668 2261 2724 2316 S.
2759 2262 3080 2334 Benedictus
3107 2305 3122 2328 ,
3143 2261 3255 2334 'qui
3285 2307 3300 2330 ,
3343 2279 3401 2322 ut
3431 2261 3620 2326 "refert

2028 2331 2460 2406 Gregoriuswbi
2481 2349 2798 2406 supra,icap.
2827 2331 2946 2404 51),
2976 2335 3094 2388 solo
3114 2331 3331 2406 aspectu
3355 2342 3619 2397 rusticum

2029 2405 2250 2479 ligatum
2283 2419 2312 2458 a
2342 2405 2572 2479 vinculis
2599 2405 2781 2479 solvit.

2100 2489 2126 2516 οι
2167 2479 2242 2532 De
2268 2491 2374 2546 quo
2421 2477 2619 2542 saepius
2649 2476 2878 2542 egimus,
2907 2485 2960 2530 et
2991 2491 3090 2546 pro
3132 2476 3407 2541 Pal'nutio.
3453 2491 3510 2536 ut
3537 2493 3620 2540 est

2026 2550 2080 2604 in
2111 2550 2348 2606 editione
2379 2546 2642 2612 Plautini,
2677 2547 3038 2616 Paphnutium
3071 2549 3358 2618 legendum
3407 2557 3620 2610 monui-

2027 2637 2172 2676 mus.

2097 2691 2124 2731 ι)
2166 2693 2240 2746 De
2269 2691 2522 2747 lenticula
2546 2690 2672 2745 vide
2697 2699 2880 2744 notata
2913 2690 2979 2746 ad
3001 2707 3122 2758 cap.
3151 2691 3222 2746 ΞΟ
3249 2693 3346 2748 lib.
3381 2711 3434 2750 tv
3461 2695 3620 2752 Insti-

2029 2765 2321 2827 tutionum,
2349 2765 2466 2817 sive
2487 2761 2556 2815 de
2585 2762 2850 2816 institutis
2873 2763 3324 2819 renuntiantium.

2101 2845 2122 2911 ξε
2160 2839 2349 2911 “ipsi
2378 2833 2490 2911 sive
2517 2835 2736 2911 saepe,
2767 2841 2828 2886 ut
2856 2839 3060 2911 notavit
3090 2833 3408 2911 Qiaconius,
3441 2837 3616 2911 llesy-

2025 2905 2148 2962 chio
2175 2903 2522 2960 est'edulium
2557 2903 2828 2975 quoddam
2871 2905 3016 2970 quod
3066 2904 3306 2976 [Egyptii
3341 2923 3406 2962 ex
3437 2903 3618 2966 tritico

2023 2987 2076 3032 et
2109 2978 2248 3032 lacte
2277 2977 2594 3031 coniiciunt.
2625 2975 2801 3030 Plinio
2827 2977 3002 3040 potius
3027 2975 3503 3034 medicamentum.
3525 2984 3620 3038 Sic

2025 3049 2167 3103 enim
2217 3049 2402 3102 scribit
2435 3065 2447 3100 :
2484 3047 2696 3118 Olyram
2743 3046 2976 3118 ariucam
3017 3047 3247 3102 diximus
3286 3053 3617 3108 uocari:ltac

2023 3131 2168 3194 cocta
2186 3121 2244 3194 fit
2263 3115 2712 3194 medicamentum,
2735 3117 2872 3194 quod
2894 3115 3391 3194 gyptiiatharam
3411 3136 3614 3194 uocant,

2023 3191 2308 3260 infantibus
2331 3190 2694 3253 utilissimum;
2715 3189 2804 3242 sed
2824 3197 2872 3242 et
2895 3189 3103 3242 adultos
3131 3192 3338 3246 illinunt
3367 3210 3445 3248 eo.
3469 3189 3616 3253 Ideni

2025 3259 2138 3338 fere
2163 3263 2512 3338 Dioscorides
2543 3262 2680 3314 libro
2705 3259 2969 3338 secundo,
2991 3262 3167 3338 capite
3195 3261 3314 3316 114.
3341 3264 3398 3318 S.
3429 3267 3616 3338 Aug“-

2023 3334 2203 3408 stinus
2229 3335 2370 3408 (non
2401 3331 2762 3408 Hieronymus
2783 3371 2797 3394 ,
2817 3331 3112 3408 _u‘t__vitiose
3143 3332 3468 3408 impressum
3499 3331 3614 3408 e'st)

2024 3403 2078 3456 in
2121 3401 2322 3470 Quaést.
2355 3405 2406 3456 in
2440 3403 2732 3472 Genesim.
2763 3403 2830 3454 ad
2863 3401 2998 3455 illud
3038 3417 3159 3472 cap.
3204 3401 3302 3458 xiv
3335 3424 3345 3456 :
3377 3404 3446 3458 Et
3477 3401 3619 3464 dedit

2025 3473 2098 3526 eis
2148 3475 2343 3527 cibaria
2371 3475 2424 3525 in
2453 3475 2612 3548 viam.
2667 3471 2911 3548 Verbum,
2957 3471 3151 3548 inquit,
3182 3475 3330 3548 sedo,
3362 3479 3499 3548 quod
3535 3481 3620 3534 hic

2023 3561 2196 3598 omnes
2224 3561 2310 3598 ore
2334 3559 2556 3597 consono
2583 3543 2924 3613 ἐπισιτισμόν,
2954 3544 3010 3595 id
3036 3553 3130 3610 est,
3173 3543 3386 3610 cibaria,
3415 3549 3520 3602 sive
3546 3552 3620 3603 si-

2021 3617 2186 3686 tat-cia
2225 3616 2540 3682 interpretati
2582 3621 2722 3676 sunt,
2755 3617 2817 3686 in
2840 3613 3094 3686 Psalterio
3139 3631 3338 3686 quoque
3378 3617 3616 3676 habetur.

2027 3685 2126 3740 Ubi
2151 3691 2286 3740 enim
2318 3687 2478 3738 nostri
2509 3687 2721 3756 legunt:
2746 3683 2980 3756 Viduam
3001 3687 3114 3756 ejus
3139 3683 3441 3742 benedicens
3467 3691 3618 3746 bene-

2022 3757 2192 3832 dicam
2226 3755 2411 3832 (_Psal.
2456 3753 2693 3832 exist),
2718 3755 2832 3808 licet
2861 3755 2916 3808 in
2945 3753 3197 3832 plerisque
3227 3759 3486 3814 codicibus
3516 3781 3616 3832 pro

2020 3829 2202 3906 uidua,
2237 3829 2457 3906 hocest,
2501 3844 2594 3906 pro
2621 3830 2814 3906 xripav,
2863 3828 3106 3906 nonnulli
3135 3828 3528 3906 legantbripav,
3561 3835 3616 3889 in

2027 3899 2246 3972 Hebraeo
2277 3899 2424 3972 habet
2465 3899 2612 3960 zeda,
2663 3899 2716 3950 id
2757 3909 2852 3964 est,
2887 3899 3081 3972 cibaria
3126 3902 3261 3972 ejus.
3314 3899 3616 3960 benedicens

2023 3971 2338 4026 benedicam.
2370 3969 2540 4044 Porro
2581 3973 2736 4044 θήραν
2773 3971 3094 4044 venationem
3133 3969 3297 4044 magis
3329 3983 3494 4040 potest
3532 3993 3618 4028 so-

2025 4059 2147 4096 nare
2173 4059 2327 4112 quant
2353 4043 2564 4113 fruges;
2603 4040 2803 4093 tametsi
2829 4043 2990 4114 moris
3019 4043 3083 4094 sit
3113 4040 3489 4114 ﬂgyptiorum
3526 4049 3618 4106 Θή-

2023 4134 2118 4188 ραν
2165 4115 2319 4167 etiam
2361 4115 2443 4188 far
2483 4127 2703 4188 uocare,
2743 4113 2887 4188 quod
2929 4129 3064 4165 nunc
3101 4113 3353 4188 _corr_upte
3401 4117 3618 4171 aliteran

2025 4183 2350 4257 nuncupant.
2382 4185 2508 4238 Hinc
2529 4184 2882 4253 Augustinus,
2905 4197 3000 4238 seu
3027 4183 3270 4253 quisquis
3290 4195 3480 4240 auctor
3498 4189 3616 4257 ejus

2025 4255 2172 4309 libri.

2098 4324 2126 4362 ἀ
2165 4325 2344 4400 Sensit
2388 4326 2492 4400 l_toc
2520 4327 2804 4400 etiamuvir
2833 4337 3051 4400 sapctus
3078 4325 3303 4400 Ursinus
3335 4329 3616 4400 presbyter

2027 4396 2125 4466 (de
2149 4414 2256 4466 quo
2286 4397 2344 4452 Β.
2377 4395 2671 4464 Gregorius
2691 4397 2782 4450 lib.
2817 4413 2867 4450 tv
2895 4397 3102 4466 Dialog.
3137 4399 3311 4465 capite
3338 4395 3479 4468 'll):
3499 4395 3616 4464 'Qui

2025 4471 2166 4536 gravi
2199 4469 2334 4537 febre
2359 4480 2646 4536 correptus,
2678 4478 2725 4520 et
2751 4469 2907 4540 morti
2922 4469 3036 4537 jam
3057 4473 3344 4540 proximus,
3369 4486 3484 4523 cum
3505 4475 3616 4540 ejus

2025 4555 2174 4590 soror
2193 4555 2318 4592 aure
2339 4541 2550 4590 naribus
2571 4540 2685 4608 ejus
2709 4539 2922 4605 propius
2940 4539 3147 4590 admota
3170 4539 3466 4609 exploraret
3493 4539 3616 4594 num

2027 4610 2216 4680 aliquis
2241 4611 2454 4679 spiritus
2493 4609 2540 4662 ei
2567 4619 2872 4680 superesset,
2907 4609 3162 4674 quantulo
3191 4609 3377 4664 adnisa
3425 4615 3612 4680 potuit,

2027 4677 2373 4746 infervescens
2403 4680 2592 4750 spiritu
2632 4677 2844 4746 collegit
2885 4695 3079 4750 vocem,
3121 4687 3275 4750 atque
3303 4677 3494 4748 erupit,
3535 4682 3616 4734 di-

2027 4765 2148 4804 cens
2177 4767 2197 4804 .'
2227 4749 2488 4804 Recedea
2525 4765 2636 4811 me,
2677 4751 2902 4815 mulier;
2949 4749 3120 4802 adhuc
3159 4749 3421 4819 igniculus
3463 4753 3612 4818 vivit,

2029 4821 2232 4882 paleam
2273 4821 2420 4874 tolle.
2465 4819 2558 4874 Sic
2589 4820 2698 4874 illc.
2739 4819 2939 4874 Eodem
2972 4831 3176 4889 spectat
3205 4821 3350 4889 quod
3395 4823 3446 4875 itt
3481 4823 3616 4876 Vitis

329 4884 694 4965 principaliter
723 4884 984 4962 operatur,
1015 4895 1100 4962 qui
1127 4895 1288 4946 utitur
1319 4895 1812 4965 instrumentaliter,
1843 4893 1921 4947 vel
1951 4884 2001 4944 D
2027 4889 2244 4965 Patrum
2275 4893 2470 4965 legitur
2501 4892 2584 4944 his
2614 4891 2800 4965 verbis
2831 4891 2983 4965 (Lib.
3003 4884 3050 4944 ’ν
3080 4884 3250 4965 libello
3289 4891 3429 4962 10):
3463 4893 3615 4945 Dice-

329 4963 572 5036 interiori
603 4975 742 5017 motu
770 4965 996 5019 hominis
1017 5003 1034 5029 ,
1075 4965 1152 5018 vel
1194 4969 1305 5036 ejus
1347 4963 1624 5031 locutione,
1657 4965 1734 5018 vel
1765 4967 1919 5020 etiam

328 5035 508 5104 aliqua
536 5037 775 5090 exteriori
809 5049 947 5104 actu,
975 5053 1064 5092 seu
1094 5035 1244 5090 etiam
1275 5037 1446 5106 aliqua
1471 5045 1710 5089 contactu
1741 5053 1924 5106 corpo-

326 5107 436 5178 rali
461 5107 692 5174 corporis
719 5109 870 5161 etiam
895 5111 1076 5162 mortui
1096 5107 1256 5178 (Vide
1275 5107 1342 5160 ibi
1370 5105 1720 5178 Cajetanum).
1749 5105 1919 5173 Unde,

323 5176 496 5232 Josue
536 5197 592 5244 χ,
623 5195 736 5231 cum
762 5179 924 5232 Josue
951 5176 1184 5244 dixisset,
1218 5179 1362 5248 quasi
1390 5176 1452 5232 ea:
1477 5176 1722 5248 potestate
1753 5194 1769 5229 :
1801 5179 1918 5248 Sol,

325 5261 514 5302 contra
553 5249 772 5304 Gabaon
806 5267 906 5303 non
935 5251 1204 5318 movearis,
1237 5249 1470 5303 subditur
1499 5259 1674 5316 postea
1721 5265 1740 5304 .'
1793 5249 1918 5304 Non

325 5321 438 5392 fuit
463 5331 578 5375 ante
609 5331 656 5374 et
689 5331 864 5391 postea
893 5331 1000 5374 tam
1029 5322 1182 5391 longa
1207 5322 1316 5392 dies
1348 5361 1362 5382 ,
1392 5321 1655 5392 obediente
1675 5319 1784 5374 Dea
1809 5321 1920 5392 uoci

325 5391 580 5447 hominis.
609 5393 880 5448 Hactenus
910 5394 970 5448 S.
1001 5392 1257 5448 Thomas.
1295 5391 1444 5446 Unde
1474 5401 1620 5459 patet
1645 5391 1918 5460 quomodo

327 5463 511 5516 sancti
566 5463 862 5518 secundum
931 5463 1253 5533 Gregorium
1307 5461 1599 5529 aliquando
1659 5463 1920 5518 miracula

328 5533 538 5588 faciant
565 5533 722 5602 quasi
767 5549 832 5588 ex
867 5544 1132 5604 potestate
1179 5541 1232 5588 et
1275 5533 1526 5604 imperio,
1559 5547 1681 5588 cum
1712 5543 1924 5588 constet

329 5606 523 5659 ornnia
549 5605 812 5661 miracula
854 5603 1028 5660 divina
1058 5605 1254 5658 virtute
1283 5603 1398 5658 ﬁeri
1424 5643 1441 5668 ,
1489 5616 1544 5658 ut
1587 5604 1788 5659 dictum
1841 5611 1925 5658 est

373 5673 502 5728 Vide
532 5677 592 5730 S.
617 5675 875 5732 Bernard.
903 5693 1055 5730 serm.
1085 5675 1150 5728 l5
1177 5676 1232 5728 in
1255 5673 1461 5744 Cant.).
1501 5675 1749 5730 Dicuntur
1777 5676 1921 5730 enim

373 5760 460 5800 rec
489 5747 667 5803 facere
693 5763 756 5802 ex
791 5755 1077 5814 potestate,
1113 5745 1326 5816 quando
1366 5760 1474 5800 non
1507 5749 1784 5814 praemissa
1815 5747 1918 5799 im-

321 5817 576 5874 mediate
601 5817 888 5874 manifesta
914 5819 1185 5882 oratione,
1211 5817 1305 5872 sed
1333 5817 1444 5886 sola
1469 5815 1711 5886 jussioue
1736 5817 1919 5872 statim

318 5888 658 5950 miraculum
686 5890 1072 5958 aggrediuntur
1109 5907 1123 5943 :
1169 5888 1312 5944 sicut
1341 5885 1504 5944 Josue
1547 5888 1786 5944 sistendo
1827 5903 1919 5944 so-

2027 4962 2148 5016 bant
2177 4965 2240 5016 de
2267 4963 2492 5034 quodam
2522 4978 2658 5022 sene.
2691 4963 2814 5032 quia
2851 4963 3002 5030 fuerit
3042 4963 3414 5034 quinquaginta
3455 4979 3616 5018 annus

2028 5049 2186 5104 neque
2211 5051 2398 5102 panem
2429 5035 2719 5096 comedens,
2747 5050 2905 5102 neque
2945 5035 3095 5102 facile
3124 5051 3312 5104 aquam
3343 5034 3536 5098 bibens,
3571 5047 3618 5087 et

2029 5103 2228 5159 dicebat
2255 5121 2273 5157 :
2301 5105 2434 5170 Quia
2464 5105 2687 5158 exstinxi
2716 5107 3134 5173 fornicationem,
3163 5103 3209 5159 et
3231 5105 3502 5158 uvuritiant
3528 5147 3542 5168 ,
3571 5115 3620 5159 et

2030 5193 2210 5230 vanam
2244 5177 2482 5246 gloriam.
2511 5173 2580 5238 Et
2599 5176 2720 5244 quia
2741 5177 2897 5229 abbas
2931 5177 3212 5246 Abt-aluum
3222 5177 3454 5228 audierat
3481 5179 3620 5246 quod

2031 5249 2140 5302 haec
2160 5245 2392 5311 dixisset,
2419 5248 2552 5300 venit
2584 5247 2651 5298 ad
2679 5263 2818 5310 eum,
2841 5257 2886 5298 ct
2905 5247 3036 5299 dixit
3059 5249 3102 5298 ei
3128 5262 3144 5298 :
3172 5245 3250 5300 Tu
3280 5247 3456 5300 dixisti
3483 5245 3622 5300 hunc

2029 5319 2356 5372 sermonem?
2385 5317 2448 5372 Et
2477 5318 2566 5372 ille
2593 5319 2896 5388 respondit:
2923 5315 3114 5371 Etiam.
3147 5317 3211 5370 Et
3237 5317 3366 5370 dixit
3391 5319 3436 5369 ei
3464 5318 3622 5372 abbas

2029 5389 2290 5444 Abraham
2313 5405 2332 5444 .'
2359 5388 2492 5444 Ecce
2517 5387 2683 5442 intras
2711 5389 2760 5440 in
2801 5387 2985 5440 cellam
3025 5399 3184 5454 tuam,
3217 5399 3260 5441 et
3293 5389 3489 5442 invenis
3535 5407 3623 5442 su-

2024 5478 2120 5531 pra
2157 5469 2373 5516 mattam
2389 5471 2544 5531 _tuam
2589 5459 2890 5531 mulierem;
2931 5469 3073 5524 potes
3100 5475 3200 5512 non
3231 5459 3458 5528 cogitare
3499 5461 3624 5527 quia

2024 5529 2212 5586 mulier
2241 5531 2354 5586 est?
2381 5529 2448 5584 Et
2477 5531 2607 5584 dixit
2637 5547 2655 5584 :
2680 5529 2822 5593 Non,
2863 5531 2952 5582 sed
2982 5533 3227 5600 impugno
3261 5531 3624 5600 cogitationem

2025 5619 2210 5668 meam,
2253 5613 2308 5656 ut
2338 5619 2442 5656 non
2485 5611 2696 5671 tangam
2740 5601 3004 5652 mulierem
3049 5601 3216 5653 illaut.
3273 5601 3416 5658 Dixit
3464 5601 3622 5657 abitas

2028 5673 2296 5728 Abraham
2326 5691 2343 5728 :
2370 5674 2504 5728 Ecce
2527 5673 2688 5742 igitur
2713 5687 2817 5723 non
2840 5671 3258 5742 fornicationem
3287 5673 3622 5742 interfecisti,-

2028 5747 2150 5812 quia
2177 5748 2296 5800 vivit
2321 5746 2491 5816 passio
2518 5739 2652 5816 ipsa,
2680 5742 2777 5816 sed
2795 5741 3012 5816 alligata
3038 5752 3132 5796 est.
3179 5739 3396 5808 ltemu,
3423 5739 3484 5794 'si
3511 5757 3622 5816 am-

2028 5811 2177 5872 bulas
2217 5817 2270 5869 in
2297 5811 2398 5881 uia,
2431 5824 2478 5868 et
2506 5815 2644 5867 vides
2673 5811 2905 5884 lapides,
2932 5822 2982 5868 et
3023 5821 3179 5866 testas
3205 5828 3463 5884 vasorum,
3495 5811 3622 5884 etin

2027 5889 2153 5956 ipsis
2170 5891 2353 5958 jacens
2383 5901 2603 5960 aurum;
2648 5881 2786 5954 quod
2812 5885 3030 5952 videris,
3070 5893 3214 5954 pales
3257 5882 3390 5938 velut
3421 5881 3622 5950 lapides
