  <div class='ocr_page' id='page_1' title='image "/cluster/home/n/w/nwhite01/storage/ocr_20150623/49/hvd.32044015471543/519.png"; bbox 0 0 4072 6324; ppageno 0'>
   <div class='ocr_carea' id='block_1_1' title="bbox 509 233 652 294">
    <p class='ocr_par' dir='ltr' id='par_1_1' title="bbox 509 233 652 294">
     <span class='ocr_line' id='line_1_1' title="bbox 509 233 652 294; baseline -0.014 0"><span class='ocrx_word' id='word_1_1' title='bbox 509 233 652 294; x_wconf 71' lang='grc'><strong>1015</strong></span> 
     </span>
    </p>
   </div>
   <div class='ocr_carea' id='block_1_2' title="bbox 1557 227 2724 288">
    <p class='ocr_par' dir='ltr' id='par_1_2' title="bbox 1557 227 2724 288">
     <span class='ocr_line' id='line_1_2' title="bbox 1557 227 2724 288; baseline -0.002 0"><span class='ocrx_word' id='word_1_2' title='bbox 1557 229 1838 288; x_wconf 81' lang='lat' dir='ltr'><strong>JOANNIS</strong></span> <span class='ocrx_word' id='word_1_3' title='bbox 1877 229 2194 288; x_wconf 82' lang='lat' dir='ltr'><strong>CASSIANI</strong></span> <span class='ocrx_word' id='word_1_4' title='bbox 2231 227 2724 287; x_wconf 78' lang='lat' dir='ltr'><strong>COLLATIONES.</strong></span> 
     </span>
    </p>
   </div>
   <div class='ocr_carea' id='block_1_3' title="bbox 3653 241 3787 302">
    <p class='ocr_par' dir='ltr' id='par_1_3' title="bbox 3653 241 3787 302">
     <span class='ocr_line' id='line_1_3' title="bbox 3653 241 3787 302; baseline 0.045 -6"><span class='ocrx_word' id='word_1_5' title='bbox 3653 241 3787 302; x_wconf 71' lang='grc'><strong>1016</strong></span> 
     </span>
    </p>
   </div>
   <div class='ocr_carea' id='block_1_4' title="bbox 502 343 3788 425">
    <p class='ocr_par' dir='ltr' id='par_1_4' title="bbox 502 343 3788 425">
     <span class='ocr_line' id='line_1_4' title="bbox 502 343 3788 425; baseline 0.004 -28"><span class='ocrx_word' id='word_1_6' title='bbox 502 353 784 412; x_wconf 58' lang='lat' dir='ltr'><strong>cummis</strong></span> <span class='ocrx_word' id='word_1_7' title='bbox 807 393 825 421; x_wconf 80' lang='lat'><strong>,</strong></span> <span class='ocrx_word' id='word_1_8' title='bbox 873 351 1018 425; x_wconf 87' lang='lat' dir='ltr'><strong>quod</strong></span> <span class='ocrx_word' id='word_1_9' title='bbox 1062 364 1165 408; x_wconf 89' lang='lat' dir='ltr'><strong>nec</strong></span> <span class='ocrx_word' id='word_1_10' title='bbox 1207 345 1688 405; x_wconf 80' lang='lat' dir='ltr'><strong>commendationis</strong></span> <span class='ocrx_word' id='word_1_11' title='bbox 1738 347 1908 417; x_wconf 89' lang='lat' dir='ltr'><strong>gratia</strong></span> <span class='ocrx_word' id='word_1_12' title='bbox 1929 388 1945 412; x_wconf 94' lang='lat'><strong>,</strong></span> <span class='ocrx_word' id='word_1_13' title='bbox 1989 360 2093 402; x_wconf 89' lang='lat' dir='ltr'><strong>nec</strong></span> <span class='ocrx_word' id='word_1_14' title='bbox 2118 353 2169 408; x_wconf 77' lang='grc' dir='ltr'><strong>Α</strong></span> <span class='ocrx_word' id='word_1_15' title='bbox 2196 344 2440 416; x_wconf 65' lang='lat' dir='ltr'><strong>quedam</strong></span> <span class='ocrx_word' id='word_1_16' title='bbox 2468 345 2784 415; x_wconf 80' lang='lat' dir='ltr'><strong>temporalis</strong></span> <span class='ocrx_word' id='word_1_17' title='bbox 2805 343 3042 412; x_wconf 84' lang='lat' dir='ltr'><strong>all&#39;ectio,</strong></span> <span class='ocrx_word' id='word_1_18' title='bbox 3067 347 3193 416; x_wconf 82' lang='lat' dir='ltr'><strong>quia</strong></span> <span class='ocrx_word' id='word_1_19' title='bbox 3221 361 3330 405; x_wconf 90' lang='lat' dir='ltr'><strong>non</strong></span> <span class='ocrx_word' id='word_1_20' title='bbox 3357 349 3554 422; x_wconf 65' lang='lat' dir='ltr'><strong>aequali</strong></span> <span class='ocrx_word' id='word_1_21' title='bbox 3586 355 3788 412; x_wconf 83' lang='lat' dir='ltr'><strong>utrius-</strong></span> 
     </span>
    </p>
   </div>
   <div class='ocr_carea' id='block_1_5' title="bbox 503 440 2090 513">
    <p class='ocr_par' dir='ltr' id='par_1_5' title="bbox 503 440 2090 513">
     <span class='ocr_line' id='line_1_5' title="bbox 503 440 2090 513; baseline -0.006 -10"><span class='ocrx_word' id='word_1_22' title='bbox 503 447 669 503; x_wconf 87' lang='lat' dir='ltr'><strong>ofllcii</strong></span> <span class='ocrx_word' id='word_1_23' title='bbox 708 445 795 504; x_wconf 87' lang='lat' dir='ltr'><strong>vel</strong></span> <span class='ocrx_word' id='word_1_24' title='bbox 827 459 1112 502; x_wconf 92' lang='lat' dir='ltr'><strong>munerum</strong></span> <span class='ocrx_word' id='word_1_25' title='bbox 1161 440 1480 513; x_wconf 70' lang='lat' dir='ltr'><strong>magnitudo</strong></span> <span class='ocrx_word' id='word_1_26' title='bbox 1523 446 1942 510; x_wconf 86' lang='lat' dir='ltr'><strong>contractusque</strong></span> <span class='ocrx_word' id='word_1_27' title='bbox 1991 453 2090 494; x_wconf 89' lang='lat' dir='ltr'><strong>cu-</strong></span> 
     </span>
    </p>
   </div>
   <div class='ocr_carea' id='block_1_6' title="bbox 499 531 2092 612">
    <p class='ocr_par' dir='ltr' id='par_1_6' title="bbox 499 531 2092 612">
     <span class='ocr_line' id='line_1_6' title="bbox 499 531 2092 612; baseline -0.004 -17"><span class='ocrx_word' id='word_1_28' title='bbox 499 540 749 612; x_wconf 81' lang='lat' dir='ltr'><strong>jusquam</strong></span> <span class='ocrx_word' id='word_1_29' title='bbox 779 538 944 606; x_wconf 86' lang='lat' dir='ltr'><strong>ratio,</strong></span> <span class='ocrx_word' id='word_1_30' title='bbox 968 536 1056 592; x_wconf 86' lang='lat' dir='ltr'><strong>vel</strong></span> <span class='ocrx_word' id='word_1_31' title='bbox 1079 544 1287 592; x_wconf 67' lang='lat' dir='ltr'><strong>natura</strong></span> <span class='ocrx_word' id='word_1_32' title='bbox 1316 532 1613 590; x_wconf 81' lang='lat' dir='ltr'><strong>necessitas</strong></span> <span class='ocrx_word' id='word_1_33' title='bbox 1631 531 1829 603; x_wconf 87' lang='lat' dir='ltr'><strong>jungit,</strong></span> <span class='ocrx_word' id='word_1_34' title='bbox 1857 531 1954 588; x_wconf 91' lang='lat' dir='ltr'><strong>sed</strong></span> <span class='ocrx_word' id='word_1_35' title='bbox 1975 531 2092 588; x_wconf 90' lang='lat' dir='ltr'><strong>sola</strong></span> 
     </span>
    </p>
   </div>
   <div class='ocr_carea' id='block_1_7' title="bbox 501 626 2090 700">
    <p class='ocr_par' dir='ltr' id='par_1_7' title="bbox 501 626 2090 700">
     <span class='ocr_line' id='line_1_7' title="bbox 501 626 2090 700; baseline -0.002 -13"><span class='ocrx_word' id='word_1_36' title='bbox 501 631 800 689; x_wconf 85' lang='lat' dir='ltr'><strong>similitudo</strong></span> <span class='ocrx_word' id='word_1_37' title='bbox 817 630 1099 687; x_wconf 87' lang='lat' dir='ltr'><strong>virtutum.</strong></span> <span class='ocrx_word' id='word_1_38' title='bbox 1134 629 1280 699; x_wconf 66' lang='lat' dir='ltr'><strong>llaec,</strong></span> <span class='ocrx_word' id='word_1_39' title='bbox 1307 629 1555 700; x_wconf 89' lang='lat' dir='ltr'><strong>inquam,</strong></span> <span class='ocrx_word' id='word_1_40' title='bbox 1586 634 1672 682; x_wconf 89' lang='lat' dir='ltr'><strong>est</strong></span> <span class='ocrx_word' id='word_1_41' title='bbox 1697 642 1818 698; x_wconf 67' lang='lat' dir='ltr'><strong>quae</strong></span> <span class='ocrx_word' id='word_1_42' title='bbox 1847 627 1904 688; x_wconf 90' lang='lat' dir='ltr'><strong>in</strong></span> <span class='ocrx_word' id='word_1_43' title='bbox 1929 626 2090 684; x_wconf 89' lang='lat' dir='ltr'><strong>nullis</strong></span> 
     </span>
    </p>
   </div>
   <div class='ocr_carea' id='block_1_8' title="bbox 501 720 2091 796">
    <p class='ocr_par' dir='ltr' id='par_1_8' title="bbox 501 720 2091 796">
     <span class='ocr_line' id='line_1_8' title="bbox 501 720 2091 796; baseline -0.001 -16"><span class='ocrx_word' id='word_1_44' title='bbox 501 740 754 796; x_wconf 91' lang='lat' dir='ltr'><strong>umquam</strong></span> <span class='ocrx_word' id='word_1_45' title='bbox 793 723 1009 780; x_wconf 84' lang='lat' dir='ltr'><strong>casibus</strong></span> <span class='ocrx_word' id='word_1_46' title='bbox 1039 721 1334 790; x_wconf 87' lang='lat' dir='ltr'><strong>scinditur,</strong></span> <span class='ocrx_word' id='word_1_47' title='bbox 1381 736 1543 792; x_wconf 87' lang='lat' dir='ltr'><strong>quam</strong></span> <span class='ocrx_word' id='word_1_48' title='bbox 1572 737 1678 776; x_wconf 95' lang='lat' dir='ltr'><strong>non</strong></span> <span class='ocrx_word' id='word_1_49' title='bbox 1706 720 1886 777; x_wconf 87' lang='lat' dir='ltr'><strong>solum</strong></span> <span class='ocrx_word' id='word_1_50' title='bbox 1915 720 2091 778; x_wconf 81' lang='lat' dir='ltr'><strong>disso-</strong></span> 
     </span>
    </p>
   </div>
   <div class='ocr_carea' id='block_1_9' title="bbox 498 814 2088 884">
    <p class='ocr_par' dir='ltr' id='par_1_9' title="bbox 498 814 2088 884">
     <span class='ocr_line' id='line_1_9' title="bbox 498 814 2088 884; baseline -0.003 -10"><span class='ocrx_word' id='word_1_51' title='bbox 498 818 650 874; x_wconf 91' lang='lat' dir='ltr'><strong>ciare</strong></span> <span class='ocrx_word' id='word_1_52' title='bbox 681 816 768 872; x_wconf 86' lang='lat' dir='ltr'><strong>vel</strong></span> <span class='ocrx_word' id='word_1_53' title='bbox 813 815 1001 872; x_wconf 91' lang='lat' dir='ltr'><strong>delere</strong></span> <span class='ocrx_word' id='word_1_54' title='bbox 1040 814 1282 871; x_wconf 89' lang='lat' dir='ltr'><strong>locorum</strong></span> <span class='ocrx_word' id='word_1_55' title='bbox 1322 814 1409 870; x_wconf 86' lang='lat' dir='ltr'><strong>vel</strong></span> <span class='ocrx_word' id='word_1_56' title='bbox 1453 823 1758 884; x_wconf 86' lang='lat' dir='ltr'><strong>temporum</strong></span> <span class='ocrx_word' id='word_1_57' title='bbox 1806 814 2088 870; x_wconf 86' lang='lat' dir='ltr'><strong>intervalla</strong></span> 
     </span>
    </p>
   </div>
   <div class='ocr_carea' id='block_1_10' title="bbox 498 905 2084 981">
    <p class='ocr_par' dir='ltr' id='par_1_10' title="bbox 498 905 2084 981">
     <span class='ocr_line' id='line_1_10' title="bbox 498 905 2084 981; baseline -0.003 -15"><span class='ocrx_word' id='word_1_58' title='bbox 498 926 605 966; x_wconf 93' lang='lat' dir='ltr'><strong>non</strong></span> <span class='ocrx_word' id='word_1_59' title='bbox 647 909 983 981; x_wconf 70' lang='lat' dir='ltr'><strong>praevalent,</strong></span> <span class='ocrx_word' id='word_1_60' title='bbox 1031 907 1128 965; x_wconf 86' lang='lat' dir='ltr'><strong>sed</strong></span> <span class='ocrx_word' id='word_1_61' title='bbox 1159 923 1226 963; x_wconf 91' lang='lat' dir='ltr'><strong>ne</strong></span> <span class='ocrx_word' id='word_1_62' title='bbox 1254 921 1406 963; x_wconf 92' lang='lat' dir='ltr'><strong>mors</strong></span> <span class='ocrx_word' id='word_1_63' title='bbox 1448 908 1666 978; x_wconf 87' lang='lat' dir='ltr'><strong>quidem</strong></span> <span class='ocrx_word' id='word_1_64' title='bbox 1696 909 1811 977; x_wconf 87' lang='lat' dir='ltr'><strong>ipsa</strong></span> <span class='ocrx_word' id='word_1_65' title='bbox 1854 905 2084 962; x_wconf 80' lang='lat' dir='ltr'><strong>divellit.</strong></span> 
     </span>
    </p>
   </div>
   <div class='ocr_carea' id='block_1_11' title="bbox 498 999 2086 1072">
    <p class='ocr_par' dir='ltr' id='par_1_11' title="bbox 498 999 2086 1072">
     <span class='ocr_line' id='line_1_11' title="bbox 498 999 2086 1072; baseline -0.002 -13"><span class='ocrx_word' id='word_1_66' title='bbox 498 1003 626 1060; x_wconf 85' lang='lat' dir='ltr'><strong>Haec</strong></span> <span class='ocrx_word' id='word_1_67' title='bbox 674 1011 760 1058; x_wconf 92' lang='lat' dir='ltr'><strong>est</strong></span> <span class='ocrx_word' id='word_1_68' title='bbox 806 1019 935 1059; x_wconf 88' lang='lat' dir='ltr'><strong>vera</strong></span> <span class='ocrx_word' id='word_1_69' title='bbox 988 1009 1047 1058; x_wconf 87' lang='lat' dir='ltr'><strong>et</strong></span> <span class='ocrx_word' id='word_1_70' title='bbox 1093 1001 1365 1072; x_wconf 90' lang='lat' dir='ltr'><strong>indirupta</strong></span> <span class='ocrx_word' id='word_1_71' title='bbox 1413 1001 1657 1068; x_wconf 89' lang='lat' dir='ltr'><strong>dilectio,</strong></span> <span class='ocrx_word' id='word_1_72' title='bbox 1703 1015 1824 1072; x_wconf 62' lang='lat' dir='ltr'><strong>quae</strong></span> <span class='ocrx_word' id='word_1_73' title='bbox 1871 999 2086 1072; x_wconf 88' lang='lat' dir='ltr'><strong>gemina</strong></span> 
     </span>
    </p>
   </div>
   <div class='ocr_carea' id='block_1_12' title="bbox 493 1095 2087 1167">
    <p class='ocr_par' dir='ltr' id='par_1_12' title="bbox 493 1095 2087 1167">
     <span class='ocr_line' id='line_1_12' title="bbox 493 1095 2087 1167; baseline 0 -15"><span class='ocrx_word' id='word_1_74' title='bbox 493 1098 795 1154; x_wconf 83' lang='lat' dir='ltr'><strong>amicorum</strong></span> <span class='ocrx_word' id='word_1_75' title='bbox 828 1096 1162 1167; x_wconf 80' lang='lat' dir='ltr'><strong>perfectione</strong></span> <span class='ocrx_word' id='word_1_76' title='bbox 1210 1111 1274 1152; x_wconf 90' lang='lat' dir='ltr'><strong>ac</strong></span> <span class='ocrx_word' id='word_1_77' title='bbox 1303 1095 1504 1152; x_wconf 90' lang='lat' dir='ltr'><strong>virtute</strong></span> <span class='ocrx_word' id='word_1_78' title='bbox 1549 1097 1878 1152; x_wconf 79' lang='lat' dir='ltr'><strong>concrescit.</strong></span> <span class='ocrx_word' id='word_1_79' title='bbox 1920 1096 2087 1166; x_wconf 80' lang='lat' dir='ltr'><strong>Cujus</strong></span> 
     </span>
    </p>
   </div>
   <div class='ocr_carea' id='block_1_13' title="bbox 493 1189 2085 1258">
    <p class='ocr_par' dir='ltr' id='par_1_13' title="bbox 493 1189 2085 1258">
     <span class='ocr_line' id='line_1_13' title="bbox 493 1189 2085 1258; baseline -0.004 -8"><span class='ocrx_word' id='word_1_80' title='bbox 493 1195 662 1250; x_wconf 84' lang='lat' dir='ltr'><strong>semel</strong></span> <span class='ocrx_word' id='word_1_81' title='bbox 692 1194 880 1248; x_wconf 92' lang='lat' dir='ltr'><strong>initum</strong></span> <span class='ocrx_word' id='word_1_82' title='bbox 905 1191 1099 1258; x_wconf 71' lang='lat' dir='ltr'><strong>fmdus,</strong></span> <span class='ocrx_word' id='word_1_83' title='bbox 1153 1205 1252 1246; x_wconf 93' lang='lat' dir='ltr'><strong>nec</strong></span> <span class='ocrx_word' id='word_1_84' title='bbox 1275 1190 1676 1246; x_wconf 85' lang='lat' dir='ltr'><strong>desideriorum</strong></span> <span class='ocrx_word' id='word_1_85' title='bbox 1701 1189 1956 1254; x_wconf 90' lang='lat' dir='ltr'><strong>varietas,</strong></span> <span class='ocrx_word' id='word_1_86' title='bbox 1984 1204 2085 1246; x_wconf 91' lang='lat' dir='ltr'><strong>nec</strong></span> 
     </span>
    </p>
   </div>
   <div class='ocr_carea' id='block_1_14' title="bbox 491 1283 2085 1354">
    <p class='ocr_par' dir='ltr' id='par_1_14' title="bbox 491 1283 2085 1354">
     <span class='ocr_line' id='line_1_14' title="bbox 491 1283 2085 1354; baseline -0.003 -13"><span class='ocrx_word' id='word_1_87' title='bbox 491 1285 833 1342; x_wconf 85' lang='lat' dir='ltr'><strong>contentiosa</strong></span> <span class='ocrx_word' id='word_1_88' title='bbox 863 1285 1134 1354; x_wconf 89' lang='lat' dir='ltr'><strong>dirumpet</strong></span> <span class='ocrx_word' id='word_1_89' title='bbox 1172 1283 1532 1339; x_wconf 87' lang='lat' dir='ltr'><strong>contrarietas</strong></span> <span class='ocrx_word' id='word_1_90' title='bbox 1578 1283 1936 1338; x_wconf 84' lang='lat' dir='ltr'><strong>voluntatum.</strong></span> <span class='ocrx_word' id='word_1_91' title='bbox 1967 1283 2085 1338; x_wconf 78' lang='lat' dir='ltr'><strong>Ca:-</strong></span> 
     </span>
    </p>
   </div>
   <div class='ocr_carea' id='block_1_15' title="bbox 488 1378 2079 1448">
    <p class='ocr_par' dir='ltr' id='par_1_15' title="bbox 488 1378 2079 1448">
     <span class='ocr_line' id='line_1_15' title="bbox 488 1378 2079 1448; baseline -0.002 -13"><span class='ocrx_word' id='word_1_92' title='bbox 488 1390 664 1436; x_wconf 91' lang='lat' dir='ltr'><strong>terum</strong></span> <span class='ocrx_word' id='word_1_93' title='bbox 698 1379 893 1434; x_wconf 89' lang='lat' dir='ltr'><strong>multos</strong></span> <span class='ocrx_word' id='word_1_94' title='bbox 924 1379 1171 1433; x_wconf 92' lang='lat' dir='ltr'><strong>novimus</strong></span> <span class='ocrx_word' id='word_1_95' title='bbox 1205 1379 1257 1433; x_wconf 95' lang='lat' dir='ltr'><strong>in</strong></span> <span class='ocrx_word' id='word_1_96' title='bbox 1287 1379 1392 1434; x_wconf 92' lang='lat' dir='ltr'><strong>hoc</strong></span> <span class='ocrx_word' id='word_1_97' title='bbox 1423 1379 1705 1448; x_wconf 90' lang='lat' dir='ltr'><strong>proposito</strong></span> <span class='ocrx_word' id='word_1_98' title='bbox 1731 1378 2079 1446; x_wconf 86' lang='lat' dir='ltr'><strong>constitutos,</strong></span> 
     </span>
    </p>
   </div>
   <div class='ocr_carea' id='block_1_16' title="bbox 486 1469 2082 1542">
    <p class='ocr_par' dir='ltr' id='par_1_16' title="bbox 486 1469 2082 1542">
     <span class='ocr_line' id='line_1_16' title="bbox 486 1469 2082 1542; baseline 0.002 -17"><span class='ocrx_word' id='word_1_99' title='bbox 486 1472 580 1542; x_wconf 87' lang='lat' dir='ltr'><strong>qui</strong></span> <span class='ocrx_word' id='word_1_100' title='bbox 610 1487 732 1527; x_wconf 91' lang='lat' dir='ltr'><strong>cum</strong></span> <span class='ocrx_word' id='word_1_101' title='bbox 763 1486 864 1542; x_wconf 90' lang='lat' dir='ltr'><strong>pro</strong></span> <span class='ocrx_word' id='word_1_102' title='bbox 886 1471 1154 1528; x_wconf 86' lang='lat' dir='ltr'><strong>charitate</strong></span> <span class='ocrx_word' id='word_1_103' title='bbox 1194 1469 1396 1527; x_wconf 89' lang='lat' dir='ltr'><strong>Christi</strong></span> <span class='ocrx_word' id='word_1_104' title='bbox 1428 1469 1852 1540; x_wconf 81' lang='lat' dir='ltr'><strong>ﬂagrantissima</strong></span> <span class='ocrx_word' id='word_1_105' title='bbox 1895 1481 2082 1528; x_wconf 87' lang='lat' dir='ltr'><strong>essent</strong></span> 
     </span>
    </p>
   </div>
   <div class='ocr_carea' id='block_1_17' title="bbox 487 1564 2080 1635">
    <p class='ocr_par' dir='ltr' id='par_1_17' title="bbox 487 1564 2080 1635">
     <span class='ocr_line' id='line_1_17' title="bbox 487 1564 2080 1635; baseline 0.001 -16"><span class='ocrx_word' id='word_1_106' title='bbox 487 1565 774 1619; x_wconf 85' lang='lat' dir='ltr'><strong>sodalitate</strong></span> <span class='ocrx_word' id='word_1_107' title='bbox 803 1565 1061 1630; x_wconf 87' lang='lat' dir='ltr'><strong>devincti,</strong></span> <span class='ocrx_word' id='word_1_108' title='bbox 1095 1580 1203 1619; x_wconf 94' lang='lat' dir='ltr'><strong>non</strong></span> <span class='ocrx_word' id='word_1_109' title='bbox 1235 1573 1498 1635; x_wconf 89' lang='lat' dir='ltr'><strong>perpetuo</strong></span> <span class='ocrx_word' id='word_1_110' title='bbox 1534 1580 1652 1620; x_wconf 91' lang='lat' dir='ltr'><strong>eam</strong></span> <span class='ocrx_word' id='word_1_111' title='bbox 1676 1579 1776 1621; x_wconf 92' lang='lat' dir='ltr'><strong>nec</strong></span> <span class='ocrx_word' id='word_1_112' title='bbox 1806 1564 2080 1635; x_wconf 88' lang='lat' dir='ltr'><strong>indirupte</strong></span> 
     </span>
    </p>
   </div>
   <div class='ocr_carea' id='block_1_18' title="bbox 486 1655 2076 1726">
    <p class='ocr_par' dir='ltr' id='par_1_18' title="bbox 486 1655 2076 1726">
     <span class='ocr_line' id='line_1_18' title="bbox 486 1655 2076 1726; baseline 0.001 -15"><span class='ocrx_word' id='word_1_113' title='bbox 486 1670 707 1712; x_wconf 87' lang='lat' dir='ltr'><strong>servare</strong></span> <span class='ocrx_word' id='word_1_114' title='bbox 754 1664 1076 1726; x_wconf 89' lang='lat' dir='ltr'><strong>potuerunt;</strong></span> <span class='ocrx_word' id='word_1_115' title='bbox 1121 1657 1246 1726; x_wconf 89' lang='lat' dir='ltr'><strong>quia</strong></span> <span class='ocrx_word' id='word_1_116' title='bbox 1281 1657 1409 1712; x_wconf 90' lang='lat' dir='ltr'><strong>licet</strong></span> <span class='ocrx_word' id='word_1_117' title='bbox 1447 1655 1589 1712; x_wconf 92' lang='lat' dir='ltr'><strong>bono</strong></span> <span class='ocrx_word' id='word_1_118' title='bbox 1617 1657 1896 1713; x_wconf 89' lang='lat' dir='ltr'><strong>societatis</strong></span> <span class='ocrx_word' id='word_1_119' title='bbox 1926 1657 2076 1726; x_wconf 90' lang='lat' dir='ltr'><strong>prin-</strong></span> 
     </span>
    </p>
   </div>
   <div class='ocr_carea' id='block_1_19' title="bbox 2197 436 3786 515">
    <p class='ocr_par' dir='ltr' id='par_1_19' title="bbox 2197 436 3786 515">
     <span class='ocr_line' id='line_1_19' title="bbox 2197 436 3786 515; baseline 0.008 -23"><span class='ocrx_word' id='word_1_120' title='bbox 2197 452 2301 508; x_wconf 92' lang='lat' dir='ltr'><strong>que</strong></span> <span class='ocrx_word' id='word_1_121' title='bbox 2328 438 2566 504; x_wconf 90' lang='lat' dir='ltr'><strong>virtute,</strong></span> <span class='ocrx_word' id='word_1_122' title='bbox 2621 437 2718 494; x_wconf 85' lang='lat' dir='ltr'><strong>sed</strong></span> <span class='ocrx_word' id='word_1_123' title='bbox 2761 436 2920 492; x_wconf 90' lang='lat' dir='ltr'><strong>unius</strong></span> <span class='ocrx_word' id='word_1_124' title='bbox 2955 439 3219 509; x_wconf 81' lang='lat' dir='ltr'><strong>patientia</strong></span> <span class='ocrx_word' id='word_1_125' title='bbox 3263 444 3608 500; x_wconf 84' lang='lat' dir='ltr'><strong>servabatur.</strong></span> <span class='ocrx_word' id='word_1_126' title='bbox 3655 448 3786 515; x_wconf 67' lang='lat' dir='ltr'><strong>Quin</strong></span> 
     </span>
    </p>
   </div>
   <div class='ocr_carea' id='block_1_20' title="bbox 2194 529 3786 607">
    <p class='ocr_par' dir='ltr' id='par_1_20' title="bbox 2194 529 3786 607">
     <span class='ocr_line' id='line_1_20' title="bbox 2194 529 3786 607; baseline 0.009 -23"><span class='ocrx_word' id='word_1_127' title='bbox 2194 530 2443 601; x_wconf 87' lang='lat' dir='ltr'><strong>quamvis</strong></span> <span class='ocrx_word' id='word_1_128' title='bbox 2481 529 2551 585; x_wconf 87' lang='lat' dir='ltr'><strong>ab</strong></span> <span class='ocrx_word' id='word_1_129' title='bbox 2590 545 2697 585; x_wconf 89' lang='lat' dir='ltr'><strong>uno</strong></span> <span class='ocrx_word' id='word_1_130' title='bbox 2726 530 3150 601; x_wconf 88' lang='lat' dir='ltr'><strong>magnanimiter</strong></span> <span class='ocrx_word' id='word_1_131' title='bbox 3178 541 3343 603; x_wconf 85' lang='lat' dir='ltr'><strong>atque</strong></span> <span class='ocrx_word' id='word_1_132' title='bbox 3374 533 3786 607; x_wconf 82' lang='lat' dir='ltr'><strong>infatigabilitcr</strong></span> 
     </span>
    </p>
   </div>
   <div class='ocr_carea' id='block_1_21' title="bbox 2195 628 3786 703">
    <p class='ocr_par' dir='ltr' id='par_1_21' title="bbox 2195 628 3786 703">
     <span class='ocr_line' id='line_1_21' title="bbox 2195 628 3786 703; baseline 0.008 -25"><span class='ocrx_word' id='word_1_133' title='bbox 2195 630 2529 690; x_wconf 85' lang='lat' dir='ltr'><strong>retentetur,</strong></span> <span class='ocrx_word' id='word_1_134' title='bbox 2574 638 2802 681; x_wconf 89' lang='lat' dir='ltr'><strong>necesse</strong></span> <span class='ocrx_word' id='word_1_135' title='bbox 2831 632 2913 680; x_wconf 88' lang='lat' dir='ltr'><strong>est</strong></span> <span class='ocrx_word' id='word_1_136' title='bbox 2943 634 3126 682; x_wconf 89' lang='lat' dir='ltr'><strong>tamen</strong></span> <span class='ocrx_word' id='word_1_137' title='bbox 3152 641 3272 682; x_wconf 90' lang='lat' dir='ltr'><strong>eam</strong></span> <span class='ocrx_word' id='word_1_138' title='bbox 3300 628 3526 686; x_wconf 91' lang='lat' dir='ltr'><strong>alterius</strong></span> <span class='ocrx_word' id='word_1_139' title='bbox 3561 633 3786 703; x_wconf 81' lang='lat' dir='ltr'><strong>pusilla-</strong></span> 
     </span>
    </p>
   </div>
   <div class='ocr_carea' id='block_1_22' title="bbox 2193 717 3784 798">
    <p class='ocr_par' dir='ltr' id='par_1_22' title="bbox 2193 717 3784 798">
     <span class='ocr_line' id='line_1_22' title="bbox 2193 717 3784 798; baseline 0.008 -26"><span class='ocrx_word' id='word_1_140' title='bbox 2193 717 2437 774; x_wconf 90' lang='lat' dir='ltr'><strong>nimitate</strong></span> <span class='ocrx_word' id='word_1_141' title='bbox 2482 717 2738 790; x_wconf 89' lang='lat' dir='ltr'><strong>dirumpi.</strong></span> <span class='ocrx_word' id='word_1_142' title='bbox 2771 719 3123 776; x_wconf 82' lang='lat' dir='ltr'><strong>inﬁrmitates</strong></span> <span class='ocrx_word' id='word_1_143' title='bbox 3167 736 3400 794; x_wconf 90' lang='lat' dir='ltr'><strong>namque</strong></span> <span class='ocrx_word' id='word_1_144' title='bbox 3443 739 3635 780; x_wconf 91' lang='lat' dir='ltr'><strong>eorum</strong></span> <span class='ocrx_word' id='word_1_145' title='bbox 3691 734 3784 798; x_wconf 78' lang='lat' dir='ltr'><strong>qui</strong></span> 
     </span>
    </p>
   </div>
   <div class='ocr_carea' id='block_1_23' title="bbox 2193 809 3780 887">
    <p class='ocr_par' dir='ltr' id='par_1_23' title="bbox 2193 809 3780 887">
     <span class='ocr_line' id='line_1_23' title="bbox 2193 809 3780 887; baseline 0.006 -24"><span class='ocrx_word' id='word_1_146' title='bbox 2193 809 2424 880; x_wconf 86' lang='lat' dir='ltr'><strong>tepidius</strong></span> <span class='ocrx_word' id='word_1_147' title='bbox 2454 809 2803 882; x_wconf 78' lang='lat' dir='ltr'><strong>perfectionis</strong></span> <span class='ocrx_word' id='word_1_148' title='bbox 2849 819 3110 882; x_wconf 82' lang='lat' dir='ltr'><strong>expetunt</strong></span> <span class='ocrx_word' id='word_1_149' title='bbox 3160 814 3471 881; x_wconf 88' lang='lat' dir='ltr'><strong>sanitatem,</strong></span> <span class='ocrx_word' id='word_1_150' title='bbox 3504 819 3780 887; x_wconf 86' lang='lat' dir='ltr'><strong>quantali-</strong></span> 
     </span>
    </p>
   </div>
   <div class='ocr_carea' id='block_1_24' title="bbox 2189 915 3782 987">
    <p class='ocr_par' dir='ltr' id='par_1_24' title="bbox 2189 915 3782 987">
     <span class='ocr_line' id='line_1_24' title="bbox 2189 915 3782 987; baseline 0.005 -16"><span class='ocrx_word' id='word_1_151' title='bbox 2189 915 2281 971; x_wconf 86' lang='lat' dir='ltr'><strong>bet</strong></span> <span class='ocrx_word' id='word_1_152' title='bbox 2305 915 2522 970; x_wconf 82' lang='lat' dir='ltr'><strong>fortium</strong></span> <span class='ocrx_word' id='word_1_153' title='bbox 2553 915 2850 971; x_wconf 89' lang='lat' dir='ltr'><strong>tolerantia</strong></span> <span class='ocrx_word' id='word_1_154' title='bbox 2878 924 3286 983; x_wconf 87' lang='lat' dir='ltr'><strong>sustententur,</strong></span> <span class='ocrx_word' id='word_1_155' title='bbox 3338 917 3409 973; x_wconf 92' lang='lat' dir='ltr'><strong>ab</strong></span> <span class='ocrx_word' id='word_1_156' title='bbox 3438 918 3568 987; x_wconf 85' lang='lat' dir='ltr'><strong>ipsis</strong></span> <span class='ocrx_word' id='word_1_157' title='bbox 3600 930 3782 979; x_wconf 88' lang='lat' dir='ltr'><strong>tamen</strong></span> 
     </span>
    </p>
   </div>
   <div class='ocr_carea' id='block_1_25' title="bbox 2189 1014 3781 1086">
    <p class='ocr_par' dir='ltr' id='par_1_25' title="bbox 2189 1014 3781 1086">
     <span class='ocr_line' id='line_1_25' title="bbox 2189 1014 3781 1086; baseline 0.004 -16"><span class='ocrx_word' id='word_1_158' title='bbox 2189 1017 2282 1086; x_wconf 93' lang='lat' dir='ltr'><strong>qui</strong></span> <span class='ocrx_word' id='word_1_159' title='bbox 2315 1015 2512 1070; x_wconf 80' lang='lat' dir='ltr'><strong>inﬁrmi</strong></span> <span class='ocrx_word' id='word_1_160' title='bbox 2542 1023 2672 1071; x_wconf 83' lang='lat' dir='ltr'><strong>sunt</strong></span> <span class='ocrx_word' id='word_1_161' title='bbox 2708 1029 2814 1071; x_wconf 94' lang='lat' dir='ltr'><strong>non</strong></span> <span class='ocrx_word' id='word_1_162' title='bbox 2861 1014 3127 1071; x_wconf 80' lang='lat' dir='ltr'><strong>feruntur.</strong></span> <span class='ocrx_word' id='word_1_163' title='bbox 3159 1015 3372 1072; x_wconf 85' lang='lat' dir='ltr'><strong>Habent</strong></span> <span class='ocrx_word' id='word_1_164' title='bbox 3407 1018 3555 1074; x_wconf 88' lang='lat' dir='ltr'><strong>enim</strong></span> <span class='ocrx_word' id='word_1_165' title='bbox 3589 1021 3781 1078; x_wconf 86' lang='lat' dir='ltr'><strong>insitas</strong></span> 
     </span>
    </p>
   </div>
   <div class='ocr_carea' id='block_1_26' title="bbox 2187 1117 3779 1188">
    <p class='ocr_par' dir='ltr' id='par_1_26' title="bbox 2187 1117 3779 1188">
     <span class='ocr_line' id='line_1_26' title="bbox 2187 1117 3779 1188; baseline 0.003 -15"><span class='ocrx_word' id='word_1_166' title='bbox 2187 1117 2289 1173; x_wconf 89' lang='lat' dir='ltr'><strong>sibi</strong></span> <span class='ocrx_word' id='word_1_167' title='bbox 2314 1117 2741 1174; x_wconf 85' lang='lat' dir='ltr'><strong>commotionum</strong></span> <span class='ocrx_word' id='word_1_168' title='bbox 2768 1129 2982 1186; x_wconf 88' lang='lat' dir='ltr'><strong>causas,</strong></span> <span class='ocrx_word' id='word_1_169' title='bbox 3008 1131 3130 1188; x_wconf 69' lang='lat' dir='ltr'><strong>quae</strong></span> <span class='ocrx_word' id='word_1_170' title='bbox 3150 1131 3247 1173; x_wconf 90' lang='lat' dir='ltr'><strong>eos</strong></span> <span class='ocrx_word' id='word_1_171' title='bbox 3267 1117 3484 1188; x_wconf 88' lang='lat' dir='ltr'><strong>quietos</strong></span> <span class='ocrx_word' id='word_1_172' title='bbox 3513 1133 3642 1177; x_wconf 88' lang='lat' dir='ltr'><strong>esse</strong></span> <span class='ocrx_word' id='word_1_173' title='bbox 3672 1137 3779 1178; x_wconf 92' lang='lat' dir='ltr'><strong>non</strong></span> 
     </span>
    </p>
   </div>
   <div class='ocr_carea' id='block_1_27' title="bbox 2185 1217 3779 1290">
    <p class='ocr_par' dir='ltr' id='par_1_27' title="bbox 2185 1217 3779 1290">
     <span class='ocr_line' id='line_1_27' title="bbox 2185 1217 3779 1290; baseline 0.001 -14"><span class='ocrx_word' id='word_1_174' title='bbox 2185 1218 2394 1276; x_wconf 86' lang='lat' dir='ltr'><strong>sinant:</strong></span> <span class='ocrx_word' id='word_1_175' title='bbox 2435 1227 2494 1273; x_wconf 91' lang='lat' dir='ltr'><strong>ut</strong></span> <span class='ocrx_word' id='word_1_176' title='bbox 2524 1219 2699 1275; x_wconf 89' lang='lat' dir='ltr'><strong>solent</strong></span> <span class='ocrx_word' id='word_1_177' title='bbox 2731 1219 2782 1274; x_wconf 92' lang='lat' dir='ltr'><strong>hi</strong></span> <span class='ocrx_word' id='word_1_178' title='bbox 2816 1219 2905 1286; x_wconf 89' lang='lat' dir='ltr'><strong>qui</strong></span> <span class='ocrx_word' id='word_1_179' title='bbox 2935 1217 3139 1274; x_wconf 88' lang='lat' dir='ltr'><strong>carnali</strong></span> <span class='ocrx_word' id='word_1_180' title='bbox 3171 1219 3496 1290; x_wconf 70' lang='lat' dir='ltr'><strong>mgritudine</strong></span> <span class='ocrx_word' id='word_1_181' title='bbox 3518 1221 3779 1278; x_wconf 80' lang='lat' dir='ltr'><strong>detinen-</strong></span> 
     </span>
    </p>
   </div>
   <div class='ocr_carea' id='block_1_28' title="bbox 2187 1321 3778 1397">
    <p class='ocr_par' dir='ltr' id='par_1_28' title="bbox 2187 1321 3778 1397">
     <span class='ocr_line' id='line_1_28' title="bbox 2187 1321 3778 1397; baseline 0.003 -18"><span class='ocrx_word' id='word_1_182' title='bbox 2187 1334 2294 1390; x_wconf 91' lang='lat' dir='ltr'><strong>tur,</strong></span> <span class='ocrx_word' id='word_1_183' title='bbox 2322 1323 2585 1380; x_wconf 86' lang='lat' dir='ltr'><strong>stomachi</strong></span> <span class='ocrx_word' id='word_1_184' title='bbox 2621 1322 2705 1376; x_wconf 89' lang='lat' dir='ltr'><strong>sui</strong></span> <span class='ocrx_word' id='word_1_185' title='bbox 2744 1321 3181 1394; x_wconf 82' lang='lat' dir='ltr'><strong>infirmitatisque</strong></span> <span class='ocrx_word' id='word_1_186' title='bbox 3205 1321 3442 1392; x_wconf 89' lang='lat' dir='ltr'><strong>fastidia,</strong></span> <span class='ocrx_word' id='word_1_187' title='bbox 3471 1341 3778 1397; x_wconf 90' lang='lat' dir='ltr'><strong>coquorum</strong></span> 
     </span>
    </p>
   </div>
   <div class='ocr_carea' id='block_1_29' title="bbox 2182 1422 3778 1498">
    <p class='ocr_par' dir='ltr' id='par_1_29' title="bbox 2182 1422 3778 1498">
     <span class='ocr_line' id='line_1_29' title="bbox 2182 1422 3778 1498; baseline 0.003 -18"><span class='ocrx_word' id='word_1_188' title='bbox 2182 1425 2268 1482; x_wconf 83' lang='lat' dir='ltr'><strong>vel</strong></span> <span class='ocrx_word' id='word_1_189' title='bbox 2296 1423 2720 1480; x_wconf 88' lang='lat' dir='ltr'><strong>ministrantium</strong></span> <span class='ocrx_word' id='word_1_190' title='bbox 2751 1422 3094 1494; x_wconf 87' lang='lat' dir='ltr'><strong>negligentiis</strong></span> <span class='ocrx_word' id='word_1_191' title='bbox 3118 1424 3412 1495; x_wconf 90' lang='lat' dir='ltr'><strong>imputare,</strong></span> <span class='ocrx_word' id='word_1_192' title='bbox 3442 1435 3497 1483; x_wconf 90' lang='lat' dir='ltr'><strong>et</strong></span> <span class='ocrx_word' id='word_1_193' title='bbox 3543 1437 3778 1498; x_wconf 81' lang='lat' dir='ltr'><strong>quanta-</strong></span> 
     </span>
    </p>
   </div>
   <div class='ocr_carea' id='block_1_30' title="bbox 2183 1524 3776 1596">
    <p class='ocr_par' dir='ltr' id='par_1_30' title="bbox 2183 1524 3776 1596">
     <span class='ocr_line' id='line_1_30' title="bbox 2183 1524 3776 1596; baseline 0.003 -14"><span class='ocrx_word' id='word_1_194' title='bbox 2183 1529 2312 1584; x_wconf 89' lang='lat' dir='ltr'><strong>libet</strong></span> <span class='ocrx_word' id='word_1_195' title='bbox 2344 1526 2422 1582; x_wconf 90' lang='lat' dir='ltr'><strong>eis</strong></span> <span class='ocrx_word' id='word_1_196' title='bbox 2449 1525 2861 1594; x_wconf 80' lang='lat' dir='ltr'><strong>obsequentium</strong></span> <span class='ocrx_word' id='word_1_197' title='bbox 2883 1524 3193 1580; x_wconf 88' lang='lat' dir='ltr'><strong>sollicitudo</strong></span> <span class='ocrx_word' id='word_1_198' title='bbox 3214 1525 3489 1582; x_wconf 90' lang='lat' dir='ltr'><strong>deserviat</strong></span> <span class='ocrx_word' id='word_1_199' title='bbox 3511 1569 3528 1596; x_wconf 96' lang='lat'><strong>,</strong></span> <span class='ocrx_word' id='word_1_200' title='bbox 3573 1529 3776 1587; x_wconf 82' lang='lat' dir='ltr'><strong>nihilo-</strong></span> 
     </span>
    </p>
   </div>
   <div class='ocr_carea' id='block_1_31' title="bbox 2181 1629 3778 1690">
    <p class='ocr_par' dir='ltr' id='par_1_31' title="bbox 2181 1629 3778 1690">
     <span class='ocr_line' id='line_1_31' title="bbox 2181 1629 3778 1690; baseline 0.003 -5"><span class='ocrx_word' id='word_1_201' title='bbox 2181 1629 2358 1685; x_wconf 89' lang='lat' dir='ltr'><strong>minus</strong></span> <span class='ocrx_word' id='word_1_202' title='bbox 2411 1637 2590 1683; x_wconf 88' lang='lat' dir='ltr'><strong>tamen</strong></span> <span class='ocrx_word' id='word_1_203' title='bbox 2623 1629 2772 1682; x_wconf 88' lang='lat' dir='ltr'><strong>sanis</strong></span> <span class='ocrx_word' id='word_1_204' title='bbox 2800 1641 2994 1682; x_wconf 90' lang='lat' dir='ltr'><strong>causas</strong></span> <span class='ocrx_word' id='word_1_205' title='bbox 3032 1641 3145 1683; x_wconf 65' lang='lat' dir='ltr'><strong>suae</strong></span> <span class='ocrx_word' id='word_1_206' title='bbox 3187 1629 3575 1686; x_wconf 90' lang='lat' dir='ltr'><strong>commotionis</strong></span> <span class='ocrx_word' id='word_1_207' title='bbox 3604 1635 3778 1690; x_wconf 89' lang='lat' dir='ltr'><strong>ascri-</strong></span> 
     </span>
    </p>
   </div>
   <div class='ocr_carea' id='block_1_32' title="bbox 483 1729 2059 1820">
    <p class='ocr_par' dir='ltr' id='par_1_32' title="bbox 483 1749 2059 1820">
     <span class='ocr_line' id='line_1_32' title="bbox 483 1749 2059 1820; baseline 0.001 -16"><span class='ocrx_word' id='word_1_208' title='bbox 483 1749 626 1818; x_wconf 92' lang='lat' dir='ltr'><strong>cipio</strong></span> <span class='ocrx_word' id='word_1_209' title='bbox 672 1749 980 1804; x_wconf 89' lang='lat' dir='ltr'><strong>niterentur</strong></span> <span class='ocrx_word' id='word_1_210' title='bbox 1005 1791 1021 1816; x_wconf 95' lang='lat'><strong>,</strong></span> <span class='ocrx_word' id='word_1_211' title='bbox 1071 1764 1180 1804; x_wconf 93' lang='lat' dir='ltr'><strong>non</strong></span> <span class='ocrx_word' id='word_1_212' title='bbox 1240 1757 1425 1804; x_wconf 89' lang='lat' dir='ltr'><strong>tamen</strong></span> <span class='ocrx_word' id='word_1_213' title='bbox 1479 1764 1588 1804; x_wconf 91' lang='lat' dir='ltr'><strong>uno</strong></span> <span class='ocrx_word' id='word_1_214' title='bbox 1614 1763 1714 1805; x_wconf 87' lang='lat' dir='ltr'><strong>nec</strong></span> <span class='ocrx_word' id='word_1_215' title='bbox 1746 1749 1864 1820; x_wconf 90' lang='lat' dir='ltr'><strong>pari</strong></span> <span class='ocrx_word' id='word_1_216' title='bbox 1897 1749 2059 1805; x_wconf 83' lang='lat' dir='ltr'><strong>studit</strong></span> 
     </span>
    </p>
   </div>
   <div class='ocr_carea' id='block_1_33' title="bbox 2163 1729 3775 1820">
    <p class='ocr_par' dir='ltr' id='par_1_33' title="bbox 2179 1729 3775 1806">
     <span class='ocr_line' id='line_1_33' title="bbox 2179 1729 3775 1806; baseline 0.001 -14"><span class='ocrx_word' id='word_1_217' title='bbox 2179 1736 2328 1803; x_wconf 91' lang='lat' dir='ltr'><strong>bere,</strong></span> <span class='ocrx_word' id='word_1_218' title='bbox 2368 1748 2503 1806; x_wconf 91' lang='lat' dir='ltr'><strong>quas</strong></span> <span class='ocrx_word' id='word_1_219' title='bbox 2534 1733 2638 1788; x_wconf 91' lang='lat' dir='ltr'><strong>sibi</strong></span> <span class='ocrx_word' id='word_1_220' title='bbox 2681 1733 2864 1802; x_wconf 91' lang='lat' dir='ltr'><strong>utique</strong></span> <span class='ocrx_word' id='word_1_221' title='bbox 2895 1731 3027 1787; x_wconf 86' lang='lat' dir='ltr'><strong>vitio</strong></span> <span class='ocrx_word' id='word_1_222' title='bbox 3056 1729 3380 1790; x_wconf 88' lang='lat' dir='ltr'><strong>valetudinis</strong></span> <span class='ocrx_word' id='word_1_223' title='bbox 3427 1749 3542 1790; x_wconf 64' lang='lat' dir='ltr'><strong>sum</strong></span> <span class='ocrx_word' id='word_1_224' title='bbox 3587 1735 3775 1793; x_wconf 88' lang='lat' dir='ltr'><strong>inesse</strong></span> 
     </span>
    </p>
   </div>
   <div class='ocr_carea' id='block_1_34' title="bbox 480 1841 2066 1914">
    <p class='ocr_par' dir='ltr' id='par_1_34' title="bbox 480 1841 2066 1914">
     <span class='ocr_line' id='line_1_34' title="bbox 480 1841 2066 1914; baseline -0.001 -16"><span class='ocrx_word' id='word_1_225' title='bbox 480 1852 756 1912; x_wconf 90' lang='lat' dir='ltr'><strong>arreptum</strong></span> <span class='ocrx_word' id='word_1_226' title='bbox 803 1843 1139 1914; x_wconf 91' lang='lat' dir='ltr'><strong>propositum</strong></span> <span class='ocrx_word' id='word_1_227' title='bbox 1178 1850 1498 1910; x_wconf 89' lang='lat' dir='ltr'><strong>tenuerunt,</strong></span> <span class='ocrx_word' id='word_1_228' title='bbox 1551 1841 1759 1912; x_wconf 82' lang='lat' dir='ltr'><strong>fuitque</strong></span> <span class='ocrx_word' id='word_1_229' title='bbox 1801 1842 1944 1898; x_wconf 91' lang='lat' dir='ltr'><strong>inter</strong></span> <span class='ocrx_word' id='word_1_230' title='bbox 1969 1855 2066 1898; x_wconf 89' lang='lat' dir='ltr'><strong>eos</strong></span> 
     </span>
    </p>
   </div>
   <div class='ocr_carea' id='block_1_35' title="bbox 2176 1833 3776 1908">
    <p class='ocr_par' dir='ltr' id='par_1_35' title="bbox 2176 1833 3776 1908">
     <span class='ocr_line' id='line_1_35' title="bbox 2176 1833 3776 1908; baseline 0.001 -14"><span class='ocrx_word' id='word_1_231' title='bbox 2176 1855 2283 1894; x_wconf 93' lang='lat' dir='ltr'><strong>non</strong></span> <span class='ocrx_word' id='word_1_232' title='bbox 2323 1836 2586 1894; x_wconf 89' lang='lat' dir='ltr'><strong>sentiunt.</strong></span> <span class='ocrx_word' id='word_1_233' title='bbox 2635 1834 2999 1903; x_wconf 87' lang='lat' dir='ltr'><strong>Quamobrem</strong></span> <span class='ocrx_word' id='word_1_234' title='bbox 3045 1844 3071 1872; x_wconf 72' lang='grc' dir='ltr'><strong><em>λ</em></strong></span> <span class='ocrx_word' id='word_1_235' title='bbox 3105 1833 3220 1892; x_wconf 63' lang='lat' dir='ltr'><strong>hac</strong></span> <span class='ocrx_word' id='word_1_236' title='bbox 3263 1843 3350 1892; x_wconf 84' lang='lat' dir='ltr'><strong>est</strong></span> <span class='ocrx_word' id='word_1_237' title='bbox 3393 1836 3680 1908; x_wconf 62' lang='lat' dir='ltr'><strong>amicitia,</strong></span> <span class='ocrx_word' id='word_1_238' title='bbox 3716 1847 3776 1895; x_wconf 83' lang='lat' dir='ltr'><strong>ut</strong></span> 
     </span>
    </p>
   </div>
   <div class='ocr_carea' id='block_1_36' title="bbox 1549 1976 2684 2040">
    <p class='ocr_par' dir='ltr' id='par_1_36' title="bbox 1549 1976 2684 2040">
     <span class='ocr_line' id='line_1_36' title="bbox 1549 1976 2684 2040; baseline -0.005 -2"><span class='ocrx_word' id='word_1_239' title='bbox 1549 1981 1808 2038; x_wconf 80' lang='lat' dir='ltr'><strong>ALARDI</strong></span> <span class='ocrx_word' id='word_1_240' title='bbox 1846 1981 2082 2040; x_wconf 68' lang='grc' dir='ltr'><strong>ΟΛΖᾸΞΙ</strong></span> <span class='ocrx_word' id='word_1_241' title='bbox 2118 1976 2684 2038; x_wconf 77' lang='lat' dir='ltr'><strong>COMMENTARIUS.</strong></span> 
     </span>
    </p>
   </div>
   <div class='ocr_carea' id='block_1_37' title="bbox 560 2074 2066 2146">
    <p class='ocr_par' dir='ltr' id='par_1_37' title="bbox 560 2074 2066 2146">
     <span class='ocr_line' id='line_1_37' title="bbox 560 2074 2066 2146; baseline -0.001 -13"><span class='ocrx_word' id='word_1_242' title='bbox 560 2075 678 2133; x_wconf 62' lang='lat' dir='ltr'><strong>‘Ut</strong></span> <span class='ocrx_word' id='word_1_243' title='bbox 722 2076 882 2146; x_wconf 89' lang='lat' dir='ltr'><strong>igitur</strong></span> <span class='ocrx_word' id='word_1_244' title='bbox 911 2076 1063 2131; x_wconf 86' lang='lat' dir='ltr'><strong>llrma</strong></span> <span class='ocrx_word' id='word_1_245' title='bbox 1114 2075 1220 2139; x_wconf 85' lang='lat' dir='ltr'><strong>sit,</strong></span> <span class='ocrx_word' id='word_1_246' title='bbox 1265 2083 1523 2131; x_wconf 90' lang='lat' dir='ltr'><strong>constans</strong></span> <span class='ocrx_word' id='word_1_247' title='bbox 1561 2084 1723 2144; x_wconf 90' lang='lat' dir='ltr'><strong>atque</strong></span> <span class='ocrx_word' id='word_1_248' title='bbox 1763 2074 2066 2131; x_wconf 89' lang='lat' dir='ltr'><strong>insolubilis</strong></span> 
     </span>
    </p>
   </div>
   <div class='ocr_carea' id='block_1_38' title="bbox 476 2146 2068 2214">
    <p class='ocr_par' dir='ltr' id='par_1_38' title="bbox 476 2146 2068 2214">
     <span class='ocr_line' id='line_1_38' title="bbox 476 2146 2068 2214; baseline -0.001 -13"><span class='ocrx_word' id='word_1_249' title='bbox 476 2147 730 2212; x_wconf 87' lang='lat' dir='ltr'><strong>amicitia,</strong></span> <span class='ocrx_word' id='word_1_250' title='bbox 768 2148 876 2201; x_wconf 89' lang='lat' dir='ltr'><strong>duo</strong></span> <span class='ocrx_word' id='word_1_251' title='bbox 909 2148 1284 2214; x_wconf 86' lang='lat' dir='ltr'><strong>requiruntur:</strong></span> <span class='ocrx_word' id='word_1_252' title='bbox 1325 2148 1386 2200; x_wconf 73' lang='lat'><strong>1°</strong></span> <span class='ocrx_word' id='word_1_253' title='bbox 1411 2146 1629 2201; x_wconf 88' lang='lat' dir='ltr'><strong>virtutis</strong></span> <span class='ocrx_word' id='word_1_254' title='bbox 1658 2147 1912 2201; x_wconf 89' lang='lat' dir='ltr'><strong>studium.</strong></span> <span class='ocrx_word' id='word_1_255' title='bbox 1953 2147 2068 2200; x_wconf 82' lang='lat' dir='ltr'><strong>Pri-</strong></span> 
     </span>
    </p>
   </div>
   <div class='ocr_carea' id='block_1_39' title="bbox 475 2217 2066 2272">
    <p class='ocr_par' dir='ltr' id='par_1_39' title="bbox 475 2217 2066 2272">
     <span class='ocr_line' id='line_1_39' title="bbox 475 2217 2066 2272; baseline 0 0"><span class='ocrx_word' id='word_1_256' title='bbox 475 2234 621 2272; x_wconf 89' lang='lat' dir='ltr'><strong>mum</strong></span> <span class='ocrx_word' id='word_1_257' title='bbox 644 2218 784 2272; x_wconf 91' lang='lat' dir='ltr'><strong>enim</strong></span> <span class='ocrx_word' id='word_1_258' title='bbox 808 2217 1058 2272; x_wconf 76' lang='lat' dir='ltr'><strong>amicitiae</strong></span> <span class='ocrx_word' id='word_1_259' title='bbox 1081 2217 1491 2272; x_wconf 83' lang='lat' dir='ltr'><strong>fundamentum</strong></span> <span class='ocrx_word' id='word_1_260' title='bbox 1513 2218 1564 2272; x_wconf 91' lang='lat' dir='ltr'><strong>in</strong></span> <span class='ocrx_word' id='word_1_261' title='bbox 1594 2217 1798 2272; x_wconf 88' lang='lat' dir='ltr'><strong>virtute</strong></span> <span class='ocrx_word' id='word_1_262' title='bbox 1823 2228 2066 2272; x_wconf 85' lang='lat' dir='ltr'><strong>statuen-</strong></span> 
     </span>
    </p>
   </div>
   <div class='ocr_carea' id='block_1_40' title="bbox 473 2287 2061 2360">
    <p class='ocr_par' dir='ltr' id='par_1_40' title="bbox 473 2287 2061 2360">
     <span class='ocr_line' id='line_1_40' title="bbox 473 2287 2061 2360; baseline 0.001 -19"><span class='ocrx_word' id='word_1_263' title='bbox 473 2291 600 2360; x_wconf 73' lang='lat' dir='ltr'><strong>dum</strong></span> <span class='ocrx_word' id='word_1_264' title='bbox 630 2299 729 2344; x_wconf 87' lang='lat' dir='ltr'><strong>est.</strong></span> <span class='ocrx_word' id='word_1_265' title='bbox 758 2289 1170 2360; x_wconf 25' lang='lat' dir='ltr'><strong>DtAmbrosius</strong></span> <span class='ocrx_word' id='word_1_266' title='bbox 1192 2288 1283 2342; x_wconf 93' lang='lat' dir='ltr'><strong>lib.</strong></span> <span class='ocrx_word' id='word_1_267' title='bbox 1318 2303 1376 2343; x_wconf 84' lang='grc' dir='ltr'><strong>ιιι</strong></span> <span class='ocrx_word' id='word_1_268' title='bbox 1418 2289 1572 2360; x_wconf 67' lang='lat' dir='ltr'><strong>Ollio.</strong></span> <span class='ocrx_word' id='word_1_269' title='bbox 1606 2287 1838 2360; x_wconf 72' lang='grc' dir='ltr'><strong>(ϐηρΛό</strong></span> <span class='ocrx_word' id='word_1_270' title='bbox 1859 2298 1906 2343; x_wconf 91' lang='lat' dir='ltr'><strong>et</strong></span> <span class='ocrx_word' id='word_1_271' title='bbox 1931 2290 2018 2358; x_wconf 85' lang='lat' dir='ltr'><strong>l6)</strong></span> <span class='ocrx_word' id='word_1_272' title='bbox 2047 2307 2061 2343; x_wconf 86' lang='lat'><strong>:</strong></span> 
     </span>
    </p>
   </div>
   <div class='ocr_carea' id='block_1_41' title="bbox 474 2358 2060 2430">
    <p class='ocr_par' dir='ltr' id='par_1_41' title="bbox 474 2358 2060 2430">
     <span class='ocr_line' id='line_1_41' title="bbox 474 2358 2060 2430; baseline 0 -16"><span class='ocrx_word' id='word_1_273' title='bbox 474 2358 600 2414; x_wconf 83' lang='lat' dir='ltr'><strong>Non</strong></span> <span class='ocrx_word' id='word_1_274' title='bbox 627 2371 785 2428; x_wconf 81' lang='lat' dir='ltr'><strong>potest</strong></span> <span class='ocrx_word' id='word_1_275' title='bbox 812 2358 1009 2413; x_wconf 79' lang='lat' dir='ltr'><strong>homini</strong></span> <span class='ocrx_word' id='word_1_276' title='bbox 1037 2360 1232 2413; x_wconf 88' lang='lat' dir='ltr'><strong>amicus</strong></span> <span class='ocrx_word' id='word_1_277' title='bbox 1261 2376 1390 2424; x_wconf 86' lang='lat' dir='ltr'><strong>esse,</strong></span> <span class='ocrx_word' id='word_1_278' title='bbox 1413 2361 1498 2424; x_wconf 90' lang='lat' dir='ltr'><strong>qui</strong></span> <span class='ocrx_word' id='word_1_279' title='bbox 1532 2358 1638 2414; x_wconf 84' lang='lat' dir='ltr'><strong>Deo</strong></span> <span class='ocrx_word' id='word_1_280' title='bbox 1666 2360 1825 2430; x_wconf 79' lang='lat' dir='ltr'><strong>fuerit</strong></span> <span class='ocrx_word' id='word_1_281' title='bbox 1847 2360 2060 2428; x_wconf 78' lang='lat' dir='ltr'><strong>inﬁdus.</strong></span> 
     </span>
    </p>
   </div>
   <div class='ocr_carea' id='block_1_42' title="bbox 472 2430 2064 2499">
    <p class='ocr_par' dir='ltr' id='par_1_42' title="bbox 472 2430 2064 2499">
     <span class='ocr_line' id='line_1_42' title="bbox 472 2430 2064 2499; baseline 0 -14"><span class='ocrx_word' id='word_1_282' title='bbox 472 2430 690 2485; x_wconf 82' lang='lat' dir='ltr'><strong>Pietatis</strong></span> <span class='ocrx_word' id='word_1_283' title='bbox 719 2439 887 2485; x_wconf 86' lang='lat' dir='ltr'><strong>custos</strong></span> <span class='ocrx_word' id='word_1_284' title='bbox 943 2432 1171 2483; x_wconf 84' lang='lat' dir='ltr'><strong>amicitia</strong></span> <span class='ocrx_word' id='word_1_285' title='bbox 1207 2439 1301 2485; x_wconf 89' lang='lat' dir='ltr'><strong>est.</strong></span> <span class='ocrx_word' id='word_1_286' title='bbox 1340 2431 1401 2483; x_wconf 86' lang='grc' dir='ltr'><strong>ι).</strong></span> <span class='ocrx_word' id='word_1_287' title='bbox 1437 2430 1794 2499; x_wconf 84' lang='lat' dir='ltr'><strong>Hieronymus</strong></span> <span class='ocrx_word' id='word_1_288' title='bbox 1825 2431 1891 2485; x_wconf 92' lang='lat' dir='ltr'><strong>ad</strong></span> <span class='ocrx_word' id='word_1_289' title='bbox 1925 2431 2064 2485; x_wconf 84' lang='lat' dir='ltr'><strong>Pau-</strong></span> 
     </span>
    </p>
   </div>
   <div class='ocr_carea' id='block_1_43' title="bbox 471 2500 2064 2571">
    <p class='ocr_par' dir='ltr' id='par_1_43' title="bbox 471 2500 2064 2571">
     <span class='ocr_line' id='line_1_43' title="bbox 471 2500 2064 2571; baseline 0 -15"><span class='ocrx_word' id='word_1_290' title='bbox 471 2501 641 2556; x_wconf 87' lang='lat' dir='ltr'><strong>linum</strong></span> <span class='ocrx_word' id='word_1_291' title='bbox 692 2500 888 2571; x_wconf 81' lang='lat' dir='ltr'><strong>(Epist.</strong></span> <span class='ocrx_word' id='word_1_292' title='bbox 949 2502 1078 2569; x_wconf 75' lang='grc'><strong>105)</strong></span> <span class='ocrx_word' id='word_1_293' title='bbox 1129 2520 1141 2553; x_wconf 88' lang='lat'><strong>:</strong></span> <span class='ocrx_word' id='word_1_294' title='bbox 1185 2501 1316 2556; x_wconf 86' lang='lat' dir='ltr'><strong>Vera</strong></span> <span class='ocrx_word' id='word_1_295' title='bbox 1356 2502 1452 2554; x_wconf 91' lang='lat' dir='ltr'><strong>illa</strong></span> <span class='ocrx_word' id='word_1_296' title='bbox 1483 2502 1808 2556; x_wconf 79' lang='lat' dir='ltr'><strong>necessitudo</strong></span> <span class='ocrx_word' id='word_1_297' title='bbox 1851 2511 1960 2564; x_wconf 89' lang='lat' dir='ltr'><strong>est,</strong></span> <span class='ocrx_word' id='word_1_298' title='bbox 2015 2511 2064 2557; x_wconf 93' lang='lat' dir='ltr'><strong>et</strong></span> 
     </span>
    </p>
   </div>
   <div class='ocr_carea' id='block_1_44' title="bbox 469 2572 2064 2645">
    <p class='ocr_par' dir='ltr' id='par_1_44' title="bbox 469 2572 2064 2645">
     <span class='ocr_line' id='line_1_44' title="bbox 469 2572 2064 2645; baseline -0.001 -17"><span class='ocrx_word' id='word_1_299' title='bbox 469 2572 663 2628; x_wconf 83' lang='lat' dir='ltr'><strong>Christi</strong></span> <span class='ocrx_word' id='word_1_300' title='bbox 683 2574 879 2643; x_wconf 85' lang='lat' dir='ltr'><strong>glutino</strong></span> <span class='ocrx_word' id='word_1_301' title='bbox 902 2575 1162 2644; x_wconf 89' lang='lat' dir='ltr'><strong>copulata,</strong></span> <span class='ocrx_word' id='word_1_302' title='bbox 1187 2588 1344 2644; x_wconf 90' lang='lat' dir='ltr'><strong>quam</strong></span> <span class='ocrx_word' id='word_1_303' title='bbox 1371 2590 1474 2626; x_wconf 88' lang='lat' dir='ltr'><strong>non</strong></span> <span class='ocrx_word' id='word_1_304' title='bbox 1507 2574 1705 2628; x_wconf 83' lang='lat' dir='ltr'><strong>utilitas</strong></span> <span class='ocrx_word' id='word_1_305' title='bbox 1727 2574 1803 2626; x_wconf 88' lang='lat' dir='ltr'><strong>rei</strong></span> <span class='ocrx_word' id='word_1_306' title='bbox 1831 2573 2064 2645; x_wconf 78' lang='lat' dir='ltr'><strong>familia-</strong></span> 
     </span>
    </p>
   </div>
   <div class='ocr_carea' id='block_1_45' title="bbox 468 2645 2064 2715">
    <p class='ocr_par' dir='ltr' id='par_1_45' title="bbox 468 2645 2064 2715">
     <span class='ocr_line' id='line_1_45' title="bbox 468 2645 2064 2715; baseline 0.001 -17"><span class='ocrx_word' id='word_1_307' title='bbox 468 2647 563 2708; x_wconf 86' lang='lat' dir='ltr'><strong>ris,</strong></span> <span class='ocrx_word' id='word_1_308' title='bbox 603 2662 704 2697; x_wconf 90' lang='lat' dir='ltr'><strong>non</strong></span> <span class='ocrx_word' id='word_1_309' title='bbox 745 2645 1020 2715; x_wconf 78' lang='lat' dir='ltr'><strong>prtesentia</strong></span> <span class='ocrx_word' id='word_1_310' title='bbox 1060 2655 1260 2715; x_wconf 88' lang='lat' dir='ltr'><strong>tantum</strong></span> <span class='ocrx_word' id='word_1_311' title='bbox 1285 2661 1589 2710; x_wconf 87' lang='lat' dir='ltr'><strong>corporum,</strong></span> <span class='ocrx_word' id='word_1_312' title='bbox 1630 2661 1732 2699; x_wconf 87' lang='lat' dir='ltr'><strong>non</strong></span> <span class='ocrx_word' id='word_1_313' title='bbox 1769 2645 1986 2698; x_wconf 89' lang='lat' dir='ltr'><strong>subdola</strong></span> <span class='ocrx_word' id='word_1_314' title='bbox 2013 2653 2064 2699; x_wconf 90' lang='lat' dir='ltr'><strong>et</strong></span> 
     </span>
    </p>
   </div>
   <div class='ocr_carea' id='block_1_46' title="bbox 468 2714 2061 2786">
    <p class='ocr_par' dir='ltr' id='par_1_46' title="bbox 468 2714 2061 2786">
     <span class='ocr_line' id='line_1_46' title="bbox 468 2714 2061 2786; baseline 0 -16"><span class='ocrx_word' id='word_1_315' title='bbox 468 2717 690 2786; x_wconf 84' lang='lat' dir='ltr'><strong>palpans</strong></span> <span class='ocrx_word' id='word_1_316' title='bbox 720 2714 979 2778; x_wconf 84' lang='lat' dir='ltr'><strong>adulatio,</strong></span> <span class='ocrx_word' id='word_1_317' title='bbox 1011 2715 1100 2769; x_wconf 90' lang='lat' dir='ltr'><strong>sed</strong></span> <span class='ocrx_word' id='word_1_318' title='bbox 1125 2714 1222 2768; x_wconf 88' lang='lat' dir='ltr'><strong>Dei</strong></span> <span class='ocrx_word' id='word_1_319' title='bbox 1245 2716 1399 2768; x_wconf 88' lang='lat' dir='ltr'><strong>timor</strong></span> <span class='ocrx_word' id='word_1_320' title='bbox 1425 2725 1470 2768; x_wconf 91' lang='lat' dir='ltr'><strong>et</strong></span> <span class='ocrx_word' id='word_1_321' title='bbox 1502 2715 1796 2770; x_wconf 89' lang='lat' dir='ltr'><strong>divinarum</strong></span> <span class='ocrx_word' id='word_1_322' title='bbox 1821 2716 2061 2784; x_wconf 89' lang='lat' dir='ltr'><strong>Scriptu-</strong></span> 
     </span>
    </p>
   </div>
   <div class='ocr_carea' id='block_1_47' title="bbox 467 2786 2062 2853">
    <p class='ocr_par' dir='ltr' id='par_1_47' title="bbox 467 2786 2062 2853">
     <span class='ocr_line' id='line_1_47' title="bbox 467 2786 2062 2853; baseline 0.003 -15"><span class='ocrx_word' id='word_1_323' title='bbox 467 2803 646 2840; x_wconf 87' lang='lat' dir='ltr'><strong>rarum</strong></span> <span class='ocrx_word' id='word_1_324' title='bbox 677 2787 851 2839; x_wconf 88' lang='lat' dir='ltr'><strong>studia</strong></span> <span class='ocrx_word' id='word_1_325' title='bbox 880 2787 1177 2840; x_wconf 84' lang='lat' dir='ltr'><strong>conciliant.</strong></span> <span class='ocrx_word' id='word_1_326' title='bbox 1210 2786 1267 2841; x_wconf 93' lang='lat' dir='ltr'><strong>S.</strong></span> <span class='ocrx_word' id='word_1_327' title='bbox 1316 2787 1647 2853; x_wconf 83' lang='lat' dir='ltr'><strong>Augustinus</strong></span> <span class='ocrx_word' id='word_1_328' title='bbox 1699 2786 1766 2841; x_wconf 89' lang='lat' dir='ltr'><strong>ad</strong></span> <span class='ocrx_word' id='word_1_329' title='bbox 1813 2787 2062 2842; x_wconf 86' lang='lat' dir='ltr'><strong>Macedo-</strong></span> 
     </span>
    </p>
   </div>
   <div class='ocr_carea' id='block_1_48' title="bbox 468 2856 2060 2929">
    <p class='ocr_par' dir='ltr' id='par_1_48' title="bbox 468 2856 2060 2929">
     <span class='ocr_line' id='line_1_48' title="bbox 468 2856 2060 2929; baseline 0.001 -18"><span class='ocrx_word' id='word_1_330' title='bbox 468 2858 618 2911; x_wconf 91' lang='lat' dir='ltr'><strong>nium</strong></span> <span class='ocrx_word' id='word_1_331' title='bbox 653 2856 845 2929; x_wconf 87' lang='lat' dir='ltr'><strong>(Epist.</strong></span> <span class='ocrx_word' id='word_1_332' title='bbox 875 2859 966 2923; x_wconf 71' lang='lat'><strong>52;</strong></span> <span class='ocrx_word' id='word_1_333' title='bbox 1015 2857 1128 2929; x_wconf 87' lang='lat' dir='ltr'><strong>vide</strong></span> <span class='ocrx_word' id='word_1_334' title='bbox 1153 2856 1306 2928; x_wconf 89' lang='lat' dir='ltr'><strong>plura</strong></span> <span class='ocrx_word' id='word_1_335' title='bbox 1330 2857 1470 2924; x_wconf 77' lang='lat' dir='ltr'><strong>infra</strong></span> <span class='ocrx_word' id='word_1_336' title='bbox 1491 2873 1540 2929; x_wconf 86' lang='lat' dir='ltr'><strong>c.</strong></span> <span class='ocrx_word' id='word_1_337' title='bbox 1569 2859 1624 2926; x_wconf 86' lang='lat'><strong>5)</strong></span> <span class='ocrx_word' id='word_1_338' title='bbox 1655 2875 1667 2910; x_wconf 91' lang='lat'><strong>:</strong></span> <span class='ocrx_word' id='word_1_339' title='bbox 1702 2857 1869 2911; x_wconf 86' lang='lat' dir='ltr'><strong>Nemo</strong></span> <span class='ocrx_word' id='word_1_340' title='bbox 1895 2870 2060 2929; x_wconf 85' lang='lat' dir='ltr'><strong>potest</strong></span> 
     </span>
    </p>
   </div>
   <div class='ocr_carea' id='block_1_49' title="bbox 466 2927 2058 2999">
    <p class='ocr_par' dir='ltr' id='par_1_49' title="bbox 466 2927 2058 2999">
     <span class='ocr_line' id='line_1_49' title="bbox 466 2927 2058 2999; baseline 0.001 -17"><span class='ocrx_word' id='word_1_341' title='bbox 466 2930 712 2982; x_wconf 80' lang='lat' dir='ltr'><strong>veraciter</strong></span> <span class='ocrx_word' id='word_1_342' title='bbox 724 2928 922 2999; x_wconf 88' lang='lat' dir='ltr'><strong>amicus</strong></span> <span class='ocrx_word' id='word_1_343' title='bbox 941 2944 1048 2982; x_wconf 90' lang='lat' dir='ltr'><strong>esse</strong></span> <span class='ocrx_word' id='word_1_344' title='bbox 1069 2927 1318 2999; x_wconf 79' lang='lat' dir='ltr'><strong>hominis,</strong></span> <span class='ocrx_word' id='word_1_345' title='bbox 1340 2929 1440 2982; x_wconf 87' lang='lat' dir='ltr'><strong>nisi</strong></span> <span class='ocrx_word' id='word_1_346' title='bbox 1473 2928 1626 2997; x_wconf 75' lang='lat' dir='ltr'><strong>fuerit</strong></span> <span class='ocrx_word' id='word_1_347' title='bbox 1642 2929 1802 2997; x_wconf 83' lang='lat' dir='ltr'><strong>ipsius</strong></span> <span class='ocrx_word' id='word_1_348' title='bbox 1817 2927 2058 2999; x_wconf 85' lang='lat' dir='ltr'><strong>primitus</strong></span> 
     </span>
    </p>
   </div>
   <div class='ocr_carea' id='block_1_50' title="bbox 467 2997 2055 3068">
    <p class='ocr_par' dir='ltr' id='par_1_50' title="bbox 467 2997 2055 3068">
     <span class='ocr_line' id='line_1_50' title="bbox 467 2997 2055 3068; baseline 0.002 -15"><span class='ocrx_word' id='word_1_349' title='bbox 467 3000 716 3053; x_wconf 89' lang='lat' dir='ltr'><strong>veritatis.</strong></span> <span class='ocrx_word' id='word_1_350' title='bbox 754 2998 938 3067; x_wconf 84' lang='lat' dir='ltr'><strong>Neque</strong></span> <span class='ocrx_word' id='word_1_351' title='bbox 987 2999 1090 3053; x_wconf 88' lang='lat' dir='ltr'><strong>hoc</strong></span> <span class='ocrx_word' id='word_1_352' title='bbox 1117 2997 1427 3068; x_wconf 79' lang='lat' dir='ltr'><strong>philosophi</strong></span> <span class='ocrx_word' id='word_1_353' title='bbox 1457 3000 1689 3066; x_wconf 83' lang='lat' dir='ltr'><strong>gentiles</strong></span> <span class='ocrx_word' id='word_1_354' title='bbox 1719 2997 2055 3068; x_wconf 74' lang='lat' dir='ltr'><strong>ignbrarunt.</strong></span> 
     </span>
    </p>
   </div>
   <div class='ocr_carea' id='block_1_51' title="bbox 466 3069 2056 3143">
    <p class='ocr_par' dir='ltr' id='par_1_51' title="bbox 466 3069 2056 3143">
     <span class='ocr_line' id='line_1_51' title="bbox 466 3069 2056 3143; baseline 0.002 -18"><span class='ocrx_word' id='word_1_355' title='bbox 466 3071 790 3143; x_wconf 77' lang='lat' dir='ltr'><strong>Aristoteles</strong></span> <span class='ocrx_word' id='word_1_356' title='bbox 822 3071 964 3124; x_wconf 87' lang='lat' dir='ltr'><strong>enim</strong></span> <span class='ocrx_word' id='word_1_357' title='bbox 1008 3071 1061 3123; x_wconf 94' lang='lat' dir='ltr'><strong>in</strong></span> <span class='ocrx_word' id='word_1_358' title='bbox 1082 3079 1294 3143; x_wconf 75' lang='lat' dir='ltr'><strong>octavo</strong></span> <span class='ocrx_word' id='word_1_359' title='bbox 1319 3069 1634 3123; x_wconf 86' lang='lat' dir='ltr'><strong>Ethicorum</strong></span> <span class='ocrx_word' id='word_1_360' title='bbox 1675 3070 1830 3139; x_wconf 88' lang='lat' dir='ltr'><strong>(Cap.</strong></span> <span class='ocrx_word' id='word_1_361' title='bbox 1861 3071 1896 3143; x_wconf 71' lang='grc'><strong>5</strong></span> <span class='ocrx_word' id='word_1_362' title='bbox 1919 3081 1969 3126; x_wconf 91' lang='lat' dir='ltr'><strong>et</strong></span> <span class='ocrx_word' id='word_1_363' title='bbox 1999 3072 2056 3143; x_wconf 92' lang='lat'><strong>8)</strong></span> 
     </span>
    </p>
   </div>
   <div class='ocr_carea' id='block_1_52' title="bbox 468 3141 2056 3209">
    <p class='ocr_par' dir='ltr' id='par_1_52' title="bbox 468 3141 2056 3209">
     <span class='ocr_line' id='line_1_52' title="bbox 468 3141 2056 3209; baseline 0.002 -14"><span class='ocrx_word' id='word_1_364' title='bbox 468 3142 634 3196; x_wconf 84' lang='lat' dir='ltr'><strong>tradit</strong></span> <span class='ocrx_word' id='word_1_365' title='bbox 666 3157 786 3194; x_wconf 85' lang='lat' dir='ltr'><strong>eam</strong></span> <span class='ocrx_word' id='word_1_366' title='bbox 809 3145 920 3194; x_wconf 89' lang='lat' dir='ltr'><strong>veri</strong></span> <span class='ocrx_word' id='word_1_367' title='bbox 947 3141 1185 3195; x_wconf 90' lang='lat' dir='ltr'><strong>nominis</strong></span> <span class='ocrx_word' id='word_1_368' title='bbox 1207 3150 1261 3196; x_wconf 93' lang='lat' dir='ltr'><strong>et</strong></span> <span class='ocrx_word' id='word_1_369' title='bbox 1277 3143 1571 3209; x_wconf 84' lang='lat' dir='ltr'><strong>perlectam</strong></span> <span class='ocrx_word' id='word_1_370' title='bbox 1598 3155 1722 3196; x_wconf 91' lang='lat' dir='ltr'><strong>esse</strong></span> <span class='ocrx_word' id='word_1_371' title='bbox 1735 3141 2056 3209; x_wconf 82' lang='lat' dir='ltr'><strong>amicitiam,</strong></span> 
     </span>
    </p>
   </div>
   <div class='ocr_carea' id='block_1_53' title="bbox 464 3211 2055 3279">
    <p class='ocr_par' dir='ltr' id='par_1_53' title="bbox 464 3211 2055 3279">
     <span class='ocr_line' id='line_1_53' title="bbox 464 3211 2055 3279; baseline 0.003 -13"><span class='ocrx_word' id='word_1_372' title='bbox 464 3228 586 3279; x_wconf 77' lang='lat' dir='ltr'><strong>qua:</strong></span> <span class='ocrx_word' id='word_1_373' title='bbox 608 3227 716 3267; x_wconf 92' lang='lat' dir='ltr'><strong>non</strong></span> <span class='ocrx_word' id='word_1_374' title='bbox 750 3213 1022 3266; x_wconf 91' lang='lat' dir='ltr'><strong>commodi</strong></span> <span class='ocrx_word' id='word_1_375' title='bbox 1063 3222 1152 3266; x_wconf 92' lang='lat' dir='ltr'><strong>aut</strong></span> <span class='ocrx_word' id='word_1_376' title='bbox 1185 3211 1499 3279; x_wconf 81' lang='lat' dir='ltr'><strong>voluptatis,</strong></span> <span class='ocrx_word' id='word_1_377' title='bbox 1533 3211 1626 3267; x_wconf 89' lang='lat' dir='ltr'><strong>sed</strong></span> <span class='ocrx_word' id='word_1_378' title='bbox 1659 3213 1870 3267; x_wconf 88' lang='lat' dir='ltr'><strong>virtutis</strong></span> <span class='ocrx_word' id='word_1_379' title='bbox 1894 3227 2055 3270; x_wconf 86' lang='lat' dir='ltr'><strong>causa</strong></span> 
     </span>
    </p>
   </div>
   <div class='ocr_carea' id='block_1_54' title="bbox 465 3281 2055 3351">
    <p class='ocr_par' dir='ltr' id='par_1_54' title="bbox 465 3281 2055 3351">
     <span class='ocr_line' id='line_1_54' title="bbox 465 3281 2055 3351; baseline 0 -12"><span class='ocrx_word' id='word_1_380' title='bbox 465 3293 675 3339; x_wconf 86' lang='lat' dir='ltr'><strong>tantum</strong></span> <span class='ocrx_word' id='word_1_381' title='bbox 713 3283 1054 3337; x_wconf 86' lang='lat' dir='ltr'><strong>conciliatur.</strong></span> <span class='ocrx_word' id='word_1_382' title='bbox 1104 3283 1298 3336; x_wconf 65' lang='lat' dir='ltr'><strong>Laelius</strong></span> <span class='ocrx_word' id='word_1_383' title='bbox 1345 3283 1484 3351; x_wconf 89' lang='lat' dir='ltr'><strong>apud</strong></span> <span class='ocrx_word' id='word_1_384' title='bbox 1513 3281 1830 3339; x_wconf 87' lang='lat' dir='ltr'><strong>Ciceronem</strong></span> <span class='ocrx_word' id='word_1_385' title='bbox 1863 3284 1931 3339; x_wconf 89' lang='lat' dir='ltr'><strong>ita</strong></span> <span class='ocrx_word' id='word_1_386' title='bbox 1977 3287 2055 3339; x_wconf 89' lang='lat' dir='ltr'><strong>lo-</strong></span> 
     </span>
    </p>
   </div>
   <div class='ocr_carea' id='block_1_55' title="bbox 465 3352 2056 3426">
    <p class='ocr_par' dir='ltr' id='par_1_55' title="bbox 465 3352 2056 3426">
     <span class='ocr_line' id='line_1_55' title="bbox 465 3352 2056 3426; baseline 0 -16"><span class='ocrx_word' id='word_1_387' title='bbox 465 3356 649 3426; x_wconf 91' lang='lat' dir='ltr'><strong>quitur</strong></span> <span class='ocrx_word' id='word_1_388' title='bbox 682 3352 817 3424; x_wconf 85' lang='lat' dir='ltr'><strong>(Lib.</strong></span> <span class='ocrx_word' id='word_1_389' title='bbox 866 3355 930 3406; x_wconf 89' lang='lat' dir='ltr'><strong>de</strong></span> <span class='ocrx_word' id='word_1_390' title='bbox 968 3353 1232 3421; x_wconf 86' lang='lat' dir='ltr'><strong>Amicitia)</strong></span> <span class='ocrx_word' id='word_1_391' title='bbox 1270 3372 1282 3406; x_wconf 93' lang='lat'><strong>:</strong></span> <span class='ocrx_word' id='word_1_392' title='bbox 1322 3353 1435 3408; x_wconf 82' lang='lat' dir='ltr'><strong>Hoc</strong></span> <span class='ocrx_word' id='word_1_393' title='bbox 1463 3355 1686 3426; x_wconf 91' lang='lat' dir='ltr'><strong>primum</strong></span> <span class='ocrx_word' id='word_1_394' title='bbox 1714 3357 1914 3422; x_wconf 82' lang='lat' dir='ltr'><strong>sentio,</strong></span> <span class='ocrx_word' id='word_1_395' title='bbox 1956 3359 2056 3412; x_wconf 84' lang='lat' dir='ltr'><strong>nisi</strong></span> 
     </span>
    </p>
   </div>
   <div class='ocr_carea' id='block_1_56' title="bbox 464 3426 2054 3496">
    <p class='ocr_par' dir='ltr' id='par_1_56' title="bbox 464 3426 2054 3496">
     <span class='ocr_line' id='line_1_56' title="bbox 464 3426 2054 3496; baseline 0.002 -16"><span class='ocrx_word' id='word_1_396' title='bbox 464 3427 518 3480; x_wconf 90' lang='lat' dir='ltr'><strong>in</strong></span> <span class='ocrx_word' id='word_1_397' title='bbox 541 3426 684 3480; x_wconf 85' lang='lat' dir='ltr'><strong>bonis</strong></span> <span class='ocrx_word' id='word_1_398' title='bbox 714 3426 996 3478; x_wconf 87' lang='lat' dir='ltr'><strong>amicitiam</strong></span> <span class='ocrx_word' id='word_1_399' title='bbox 1027 3441 1135 3479; x_wconf 83' lang='lat' dir='ltr'><strong>esse</strong></span> <span class='ocrx_word' id='word_1_400' title='bbox 1162 3441 1261 3477; x_wconf 89' lang='lat' dir='ltr'><strong>non</strong></span> <span class='ocrx_word' id='word_1_401' title='bbox 1283 3442 1452 3496; x_wconf 87' lang='lat' dir='ltr'><strong>posse.</strong></span> <span class='ocrx_word' id='word_1_402' title='bbox 1483 3426 1662 3481; x_wconf 88' lang='lat' dir='ltr'><strong>Bonos</strong></span> <span class='ocrx_word' id='word_1_403' title='bbox 1685 3439 1864 3482; x_wconf 91' lang='lat' dir='ltr'><strong>autem</strong></span> <span class='ocrx_word' id='word_1_404' title='bbox 1896 3439 2054 3483; x_wconf 86' lang='lat' dir='ltr'><strong>vocat</strong></span> 
     </span>
    </p>
   </div>
   <div class='ocr_carea' id='block_1_57' title="bbox 463 3497 2050 3568">
    <p class='ocr_par' dir='ltr' id='par_1_57' title="bbox 463 3497 2050 3568">
     <span class='ocr_line' id='line_1_57' title="bbox 463 3497 2050 3568; baseline 0.003 -18"><span class='ocrx_word' id='word_1_405' title='bbox 463 3500 550 3566; x_wconf 87' lang='lat' dir='ltr'><strong>qui</strong></span> <span class='ocrx_word' id='word_1_406' title='bbox 579 3500 649 3551; x_wconf 91' lang='lat' dir='ltr'><strong>ita</strong></span> <span class='ocrx_word' id='word_1_407' title='bbox 687 3513 740 3550; x_wconf 91' lang='lat' dir='ltr'><strong>se</strong></span> <span class='ocrx_word' id='word_1_408' title='bbox 763 3507 981 3566; x_wconf 87' lang='lat' dir='ltr'><strong>gerunt,</strong></span> <span class='ocrx_word' id='word_1_409' title='bbox 1012 3497 1086 3549; x_wconf 87' lang='lat' dir='ltr'><strong>ita</strong></span> <span class='ocrx_word' id='word_1_410' title='bbox 1105 3497 1299 3568; x_wconf 83' lang='lat' dir='ltr'><strong>vivunt,</strong></span> <span class='ocrx_word' id='word_1_411' title='bbox 1346 3506 1401 3550; x_wconf 84' lang='lat' dir='ltr'><strong>ut</strong></span> <span class='ocrx_word' id='word_1_412' title='bbox 1422 3513 1599 3552; x_wconf 88' lang='lat' dir='ltr'><strong>eorum</strong></span> <span class='ocrx_word' id='word_1_413' title='bbox 1627 3498 1870 3568; x_wconf 86' lang='lat' dir='ltr'><strong>probetur</strong></span> <span class='ocrx_word' id='word_1_414' title='bbox 1899 3499 2050 3566; x_wconf 80' lang='lat' dir='ltr'><strong>ﬁdes,</strong></span> 
     </span>
    </p>
   </div>
   <div class='ocr_carea' id='block_1_58' title="bbox 463 3566 2054 3640">
    <p class='ocr_par' dir='ltr' id='par_1_58' title="bbox 463 3566 2054 3640">
     <span class='ocr_line' id='line_1_58' title="bbox 463 3566 2054 3640; baseline 0.002 -19"><span class='ocrx_word' id='word_1_415' title='bbox 463 3569 752 3640; x_wconf 85' lang='lat' dir='ltr'><strong>integritas,</strong></span> <span class='ocrx_word' id='word_1_416' title='bbox 778 3569 1010 3640; x_wconf 12' lang='lat' dir='ltr'><strong>ra‘quitas</strong></span> <span class='ocrx_word' id='word_1_417' title='bbox 1029 3608 1042 3630; x_wconf 88' lang='lat'><strong>,</strong></span> <span class='ocrx_word' id='word_1_418' title='bbox 1077 3566 1394 3640; x_wconf 84' lang='lat' dir='ltr'><strong>liberalitas;</strong></span> <span class='ocrx_word' id='word_1_419' title='bbox 1422 3585 1514 3622; x_wconf 89' lang='lat' dir='ltr'><strong>nec</strong></span> <span class='ocrx_word' id='word_1_420' title='bbox 1535 3569 1588 3622; x_wconf 89' lang='lat' dir='ltr'><strong>in</strong></span> <span class='ocrx_word' id='word_1_421' title='bbox 1619 3566 1690 3624; x_wconf 81' lang='lat' dir='ltr'><strong>eis</strong></span> <span class='ocrx_word' id='word_1_422' title='bbox 1718 3570 1785 3623; x_wconf 88' lang='lat' dir='ltr'><strong>sit</strong></span> <span class='ocrx_word' id='word_1_423' title='bbox 1816 3569 1925 3623; x_wconf 78' lang='lat' dir='ltr'><strong>ulla</strong></span> <span class='ocrx_word' id='word_1_424' title='bbox 1961 3587 2054 3624; x_wconf 87' lang='lat' dir='ltr'><strong>cu-</strong></span> 
     </span>
    </p>
   </div>
   <div class='ocr_carea' id='block_1_59' title="bbox 465 3637 2054 3710">
    <p class='ocr_par' dir='ltr' id='par_1_59' title="bbox 465 3637 2054 3710">
     <span class='ocr_line' id='line_1_59' title="bbox 465 3637 2054 3710; baseline 0.002 -19"><span class='ocrx_word' id='word_1_425' title='bbox 465 3637 681 3708; x_wconf 82' lang='lat' dir='ltr'><strong>piditas,</strong></span> <span class='ocrx_word' id='word_1_426' title='bbox 711 3639 786 3693; x_wconf 86' lang='lat' dir='ltr'><strong>vel</strong></span> <span class='ocrx_word' id='word_1_427' title='bbox 808 3639 999 3704; x_wconf 84' lang='lat' dir='ltr'><strong>libido,</strong></span> <span class='ocrx_word' id='word_1_428' title='bbox 1045 3637 1125 3691; x_wconf 84' lang='lat' dir='ltr'><strong>vel</strong></span> <span class='ocrx_word' id='word_1_429' title='bbox 1156 3639 1397 3692; x_wconf 85' lang='lat' dir='ltr'><strong>audacia.</strong></span> <span class='ocrx_word' id='word_1_430' title='bbox 1438 3639 1503 3693; x_wconf 82' lang='lat' dir='ltr'><strong>Et</strong></span> <span class='ocrx_word' id='word_1_431' title='bbox 1539 3641 1698 3709; x_wconf 87' lang='lat' dir='ltr'><strong>paulo</strong></span> <span class='ocrx_word' id='word_1_432' title='bbox 1725 3649 1848 3710; x_wconf 86' lang='lat' dir='ltr'><strong>post</strong></span> <span class='ocrx_word' id='word_1_433' title='bbox 1880 3657 1894 3692; x_wconf 93' lang='lat'><strong>:</strong></span> <span class='ocrx_word' id='word_1_434' title='bbox 1929 3640 2054 3696; x_wconf 89' lang='lat' dir='ltr'><strong>Sine</strong></span> 
     </span>
    </p>
   </div>
   <div class='ocr_carea' id='block_1_60' title="bbox 463 3711 2050 3781">
    <p class='ocr_par' dir='ltr' id='par_1_60' title="bbox 463 3711 2050 3781">
     <span class='ocr_line' id='line_1_60' title="bbox 463 3711 2050 3781; baseline 0.003 -18"><span class='ocrx_word' id='word_1_435' title='bbox 463 3711 648 3765; x_wconf 86' lang='lat' dir='ltr'><strong>virtute</strong></span> <span class='ocrx_word' id='word_1_436' title='bbox 694 3711 923 3763; x_wconf 86' lang='lat' dir='ltr'><strong>amicitia</strong></span> <span class='ocrx_word' id='word_1_437' title='bbox 969 3711 1110 3763; x_wconf 87' lang='lat' dir='ltr'><strong>nullo</strong></span> <span class='ocrx_word' id='word_1_438' title='bbox 1146 3720 1298 3780; x_wconf 89' lang='lat' dir='ltr'><strong>pacto</strong></span> <span class='ocrx_word' id='word_1_439' title='bbox 1321 3727 1430 3766; x_wconf 89' lang='lat' dir='ltr'><strong>esse</strong></span> <span class='ocrx_word' id='word_1_440' title='bbox 1474 3720 1659 3781; x_wconf 89' lang='lat' dir='ltr'><strong>potest.</strong></span> <span class='ocrx_word' id='word_1_441' title='bbox 1702 3711 1946 3767; x_wconf 87' lang='lat' dir='ltr'><strong>Alterum</strong></span> <span class='ocrx_word' id='word_1_442' title='bbox 1999 3713 2050 3767; x_wconf 91' lang='lat' dir='ltr'><strong>in</strong></span> 
     </span>
    </p>
   </div>
   <div class='ocr_carea' id='block_1_61' title="bbox 461 3782 2052 3852">
    <p class='ocr_par' dir='ltr' id='par_1_61' title="bbox 461 3782 2052 3852">
     <span class='ocr_line' id='line_1_61' title="bbox 461 3782 2052 3852; baseline 0.004 -19"><span class='ocrx_word' id='word_1_443' title='bbox 461 3783 698 3836; x_wconf 85' lang='lat' dir='ltr'><strong>amicitia</strong></span> <span class='ocrx_word' id='word_1_444' title='bbox 717 3783 1102 3843; x_wconf 79' lang='lat' dir='ltr'><strong>necessarium,</strong></span> <span class='ocrx_word' id='word_1_445' title='bbox 1127 3784 1387 3834; x_wconf 85' lang='lat' dir='ltr'><strong>virtutum</strong></span> <span class='ocrx_word' id='word_1_446' title='bbox 1417 3782 1663 3852; x_wconf 62' lang='lat' dir='ltr'><strong>quaedam</strong></span> <span class='ocrx_word' id='word_1_447' title='bbox 1688 3783 1909 3851; x_wconf 89' lang='lat' dir='ltr'><strong>paritas,</strong></span> <span class='ocrx_word' id='word_1_448' title='bbox 1938 3783 2052 3839; x_wconf 82' lang='lat' dir='ltr'><strong>sive</strong></span> 
     </span>
    </p>
   </div>
   <div class='ocr_carea' id='block_1_62' title="bbox 463 3852 2052 3919">
    <p class='ocr_par' dir='ltr' id='par_1_62' title="bbox 463 3852 2052 3919">
     <span class='ocr_line' id='line_1_62' title="bbox 463 3852 2052 3919; baseline 0.002 -13"><span class='ocrx_word' id='word_1_449' title='bbox 463 3852 762 3919; x_wconf 80' lang='lat' dir='ltr'><strong>aequalitas.</strong></span> <span class='ocrx_word' id='word_1_450' title='bbox 791 3852 846 3906; x_wconf 90' lang='lat' dir='ltr'><strong>Si</strong></span> <span class='ocrx_word' id='word_1_451' title='bbox 877 3852 1017 3905; x_wconf 70' lang='lat' dir='ltr'><strong>etaim</strong></span> <span class='ocrx_word' id='word_1_452' title='bbox 1047 3852 1218 3905; x_wconf 86' lang='lat' dir='ltr'><strong>virtus</strong></span> <span class='ocrx_word' id='word_1_453' title='bbox 1241 3854 1292 3906; x_wconf 89' lang='lat' dir='ltr'><strong>in</strong></span> <span class='ocrx_word' id='word_1_454' title='bbox 1320 3852 1492 3906; x_wconf 83' lang='lat' dir='ltr'><strong>altero</strong></span> <span class='ocrx_word' id='word_1_455' title='bbox 1519 3854 1772 3917; x_wconf 80' lang='lat' dir='ltr'><strong>excellat,</strong></span> <span class='ocrx_word' id='word_1_456' title='bbox 1801 3856 1851 3906; x_wconf 92' lang='lat' dir='ltr'><strong>in</strong></span> <span class='ocrx_word' id='word_1_457' title='bbox 1877 3855 2052 3909; x_wconf 91' lang='lat' dir='ltr'><strong>altero</strong></span> 
     </span>
    </p>
   </div>
   <div class='ocr_carea' id='block_1_63' title="bbox 462 3921 2053 3991">
    <p class='ocr_par' dir='ltr' id='par_1_63' title="bbox 462 3921 2053 3991">
     <span class='ocr_line' id='line_1_63' title="bbox 462 3921 2053 3991; baseline 0.004 -16"><span class='ocrx_word' id='word_1_458' title='bbox 462 3922 698 3983; x_wconf 80' lang='lat' dir='ltr'><strong>deficiat,</strong></span> <span class='ocrx_word' id='word_1_459' title='bbox 734 3922 887 3976; x_wconf 88' lang='lat' dir='ltr'><strong>facile</strong></span> <span class='ocrx_word' id='word_1_460' title='bbox 918 3937 990 3976; x_wconf 82' lang='lat' dir='ltr'><strong>ex</strong></span> <span class='ocrx_word' id='word_1_461' title='bbox 1023 3921 1124 3976; x_wconf 91' lang='lat' dir='ltr'><strong>hac</strong></span> <span class='ocrx_word' id='word_1_462' title='bbox 1154 3933 1306 3989; x_wconf 86' lang='lat' dir='ltr'><strong>parte</strong></span> <span class='ocrx_word' id='word_1_463' title='bbox 1335 3921 1668 3979; x_wconf 89' lang='lat' dir='ltr'><strong>dissolvetur</strong></span> <span class='ocrx_word' id='word_1_464' title='bbox 1695 3925 1962 3991; x_wconf 90' lang='lat' dir='ltr'><strong>amicitia,</strong></span> <span class='ocrx_word' id='word_1_465' title='bbox 1995 3937 2053 3981; x_wconf 94' lang='lat' dir='ltr'><strong>ut</strong></span> 
     </span>
    </p>
   </div>
   <div class='ocr_carea' id='block_1_64' title="bbox 463 3993 2052 4062">
    <p class='ocr_par' dir='ltr' id='par_1_64' title="bbox 463 3993 2052 4062">
     <span class='ocr_line' id='line_1_64' title="bbox 463 3993 2052 4062; baseline 0.005 -18"><span class='ocrx_word' id='word_1_466' title='bbox 463 3993 551 4047; x_wconf 89' lang='lat' dir='ltr'><strong>hic</strong></span> <span class='ocrx_word' id='word_1_467' title='bbox 579 3994 743 4048; x_wconf 77' lang='lat' dir='ltr'><strong>abbas</strong></span> <span class='ocrx_word' id='word_1_468' title='bbox 775 3993 1021 4062; x_wconf 90' lang='lat' dir='ltr'><strong>pluribus</strong></span> <span class='ocrx_word' id='word_1_469' title='bbox 1049 3994 1308 4059; x_wconf 87' lang='lat' dir='ltr'><strong>ostendit,</strong></span> <span class='ocrx_word' id='word_1_470' title='bbox 1333 3995 1421 4048; x_wconf 93' lang='lat' dir='ltr'><strong>cui</strong></span> <span class='ocrx_word' id='word_1_471' title='bbox 1448 4005 1500 4048; x_wconf 91' lang='lat' dir='ltr'><strong>et</strong></span> <span class='ocrx_word' id='word_1_472' title='bbox 1525 3996 1712 4050; x_wconf 87' lang='lat' dir='ltr'><strong>Patres</strong></span> <span class='ocrx_word' id='word_1_473' title='bbox 1732 4004 1786 4050; x_wconf 92' lang='lat' dir='ltr'><strong>et</strong></span> <span class='ocrx_word' id='word_1_474' title='bbox 1813 3996 2052 4060; x_wconf 88' lang='lat' dir='ltr'><strong>philoso-</strong></span> 
     </span>
    </p>
   </div>
   <div class='ocr_carea' id='block_1_65' title="bbox 461 4063 2047 4134">
    <p class='ocr_par' dir='ltr' id='par_1_65' title="bbox 461 4063 2047 4134">
     <span class='ocr_line' id='line_1_65' title="bbox 461 4063 2047 4134; baseline 0.003 -19"><span class='ocrx_word' id='word_1_475' title='bbox 461 4063 553 4128; x_wconf 92' lang='lat' dir='ltr'><strong>phi</strong></span> <span class='ocrx_word' id='word_1_476' title='bbox 581 4065 948 4118; x_wconf 79' lang='lat' dir='ltr'><strong>consentiunt.</strong></span> <span class='ocrx_word' id='word_1_477' title='bbox 986 4065 1047 4116; x_wconf 88' lang='lat' dir='ltr'><strong>D.</strong></span> <span class='ocrx_word' id='word_1_478' title='bbox 1082 4065 1402 4118; x_wconf 86' lang='lat' dir='ltr'><strong>Ambrosius</strong></span> <span class='ocrx_word' id='word_1_479' title='bbox 1427 4065 1516 4119; x_wconf 87' lang='lat' dir='ltr'><strong>ubi</strong></span> <span class='ocrx_word' id='word_1_480' title='bbox 1547 4081 1708 4134; x_wconf 89' lang='lat' dir='ltr'><strong>supra</strong></span> <span class='ocrx_word' id='word_1_481' title='bbox 1743 4083 1754 4119; x_wconf 86' lang='lat'>:</span> <span class='ocrx_word' id='word_1_482' title='bbox 1785 4066 2047 4134; x_wconf 84' lang='lat' dir='ltr'><strong>Amicitia,</strong></span> 
     </span>
    </p>
   </div>
   <div class='ocr_carea' id='block_1_66' title="bbox 461 4134 2051 4208">
    <p class='ocr_par' dir='ltr' id='par_1_66' title="bbox 461 4134 2051 4208">
     <span class='ocr_line' id='line_1_66' title="bbox 461 4134 2051 4208; baseline 0.004 -21"><span class='ocrx_word' id='word_1_483' title='bbox 461 4134 668 4208; x_wconf 69' lang='lat' dir='ltr'><strong>inquit,</strong></span> <span class='ocrx_word' id='word_1_484' title='bbox 715 4134 1024 4208; x_wconf 75' lang='lat' dir='ltr'><strong>(equalitatis</strong></span> <span class='ocrx_word' id='word_1_485' title='bbox 1050 4137 1294 4208; x_wconf 75' lang='lat' dir='ltr'><strong>magistra</strong></span> <span class='ocrx_word' id='word_1_486' title='bbox 1324 4144 1421 4199; x_wconf 87' lang='lat' dir='ltr'><strong>est,</strong></span> <span class='ocrx_word' id='word_1_487' title='bbox 1453 4146 1523 4208; x_wconf 86' lang='lat' dir='ltr'><strong>ut</strong></span> <span class='ocrx_word' id='word_1_488' title='bbox 1555 4139 1786 4208; x_wconf 62' lang='lat' dir='ltr'><strong>superior</strong></span> <span class='ocrx_word' id='word_1_489' title='bbox 1816 4139 2051 4206; x_wconf 77' lang='lat' dir='ltr'><strong>inferiori</strong></span> 
     </span>
    </p>
   </div>
   <div class='ocr_carea' id='block_1_67' title="bbox 459 4205 2051 4276">
    <p class='ocr_par' dir='ltr' id='par_1_67' title="bbox 459 4205 2051 4276">
     <span class='ocr_line' id='line_1_67' title="bbox 459 4205 2051 4276; baseline 0.006 -20"><span class='ocrx_word' id='word_1_490' title='bbox 459 4221 514 4258; x_wconf 89' lang='lat' dir='ltr'><strong>se</strong></span> <span class='ocrx_word' id='word_1_491' title='bbox 527 4205 747 4274; x_wconf 69' lang='lat' dir='ltr'><strong>praebeat</strong></span> <span class='ocrx_word' id='word_1_492' title='bbox 762 4207 1032 4276; x_wconf 72' lang='lat' dir='ltr'><strong>aqualem,</strong></span> <span class='ocrx_word' id='word_1_493' title='bbox 1054 4215 1100 4259; x_wconf 86' lang='lat' dir='ltr'><strong>et</strong></span> <span class='ocrx_word' id='word_1_494' title='bbox 1123 4205 1336 4274; x_wconf 77' lang='lat' dir='ltr'><strong>inferior</strong></span> <span class='ocrx_word' id='word_1_495' title='bbox 1351 4205 1625 4270; x_wconf 73' lang='lat' dir='ltr'><strong>superiori.</strong></span> <span class='ocrx_word' id='word_1_496' title='bbox 1652 4206 1794 4260; x_wconf 86' lang='lat' dir='ltr'><strong>Inter</strong></span> <span class='ocrx_word' id='word_1_497' title='bbox 1815 4205 2051 4276; x_wconf 85' lang='lat' dir='ltr'><strong>dispares</strong></span> 
     </span>
    </p>
   </div>
   <div class='ocr_carea' id='block_1_68' title="bbox 461 4277 2049 4350">
    <p class='ocr_par' dir='ltr' id='par_1_68' title="bbox 461 4277 2049 4350">
     <span class='ocr_line' id='line_1_68' title="bbox 461 4277 2049 4350; baseline 0.006 -22"><span class='ocrx_word' id='word_1_498' title='bbox 461 4280 605 4350; x_wconf 7' lang='lat' dir='ltr'><strong>enim,</strong></span> <span class='ocrx_word' id='word_1_499' title='bbox 623 4293 789 4350; x_wconf 87' lang='lat' dir='ltr'><strong>mores</strong></span> <span class='ocrx_word' id='word_1_500' title='bbox 833 4292 935 4350; x_wconf 63' lang='lat' dir='ltr'><strong>non</strong></span> <span class='ocrx_word' id='word_1_501' title='bbox 961 4286 1122 4347; x_wconf 87' lang='lat' dir='ltr'><strong>potest</strong></span> <span class='ocrx_word' id='word_1_502' title='bbox 1150 4293 1258 4350; x_wconf 81' lang='lat' dir='ltr'><strong>esse</strong></span> <span class='ocrx_word' id='word_1_503' title='bbox 1296 4277 1543 4350; x_wconf 88' lang='lat' dir='ltr'><strong>amicitia.</strong></span> <span class='ocrx_word' id='word_1_504' title='bbox 1583 4279 1644 4333; x_wconf 91' lang='lat' dir='ltr'><strong>D.</strong></span> <span class='ocrx_word' id='word_1_505' title='bbox 1690 4279 2049 4350; x_wconf 88' lang='lat' dir='ltr'><strong>Hieronymus</strong></span> 
     </span>
    </p>
   </div>
   <div class='ocr_carea' id='block_1_69' title="bbox 460 4346 2049 4420">
    <p class='ocr_par' dir='ltr' id='par_1_69' title="bbox 460 4346 2049 4420">
     <span class='ocr_line' id='line_1_69' title="bbox 460 4346 2049 4420; baseline 0.004 -20"><span class='ocrx_word' id='word_1_506' title='bbox 460 4348 514 4400; x_wconf 92' lang='lat' dir='ltr'><strong>in</strong></span> <span class='ocrx_word' id='word_1_507' title='bbox 545 4347 824 4420; x_wconf 69' lang='lat' dir='ltr'><strong>hiicltteam</strong></span> <span class='ocrx_word' id='word_1_508' title='bbox 851 4346 1004 4420; x_wconf 85' lang='lat' dir='ltr'><strong>(Cap.</strong></span> <span class='ocrx_word' id='word_1_509' title='bbox 1037 4351 1134 4416; x_wconf 88' lang='lat' dir='ltr'><strong>vn)</strong></span> <span class='ocrx_word' id='word_1_510' title='bbox 1163 4365 1174 4400; x_wconf 90' lang='lat'><strong>:</strong></span> <span class='ocrx_word' id='word_1_511' title='bbox 1202 4347 1439 4400; x_wconf 81' lang='lat' dir='ltr'><strong>Amicitia</strong></span> <span class='ocrx_word' id='word_1_512' title='bbox 1463 4365 1611 4420; x_wconf 85' lang='lat' dir='ltr'><strong>pares</strong></span> <span class='ocrx_word' id='word_1_513' title='bbox 1632 4361 1722 4404; x_wconf 91' lang='lat' dir='ltr'><strong>aut</strong></span> <span class='ocrx_word' id='word_1_514' title='bbox 1747 4346 1936 4420; x_wconf 81' lang='lat' dir='ltr'><strong>accipit</strong></span> <span class='ocrx_word' id='word_1_515' title='bbox 1959 4363 2049 4406; x_wconf 85' lang='lat' dir='ltr'><strong>aut</strong></span> 
     </span>
    </p>
   </div>
   <div class='ocr_carea' id='block_1_70' title="bbox 462 4417 2049 4486">
    <p class='ocr_par' dir='ltr' id='par_1_70' title="bbox 462 4417 2049 4486">
     <span class='ocr_line' id='line_1_70' title="bbox 462 4417 2049 4486; baseline 0.004 -16"><span class='ocrx_word' id='word_1_516' title='bbox 462 4419 606 4484; x_wconf 77' lang='lat' dir='ltr'><strong>facit.</strong></span> <span class='ocrx_word' id='word_1_517' title='bbox 651 4417 750 4471; x_wconf 90' lang='lat' dir='ltr'><strong>Ubi</strong></span> <span class='ocrx_word' id='word_1_518' title='bbox 781 4419 1102 4486; x_wconf 72' lang='lat' dir='ltr'><strong>inaequalitas</strong></span> <span class='ocrx_word' id='word_1_519' title='bbox 1131 4428 1235 4484; x_wconf 90' lang='lat' dir='ltr'><strong>est,</strong></span> <span class='ocrx_word' id='word_1_520' title='bbox 1260 4427 1308 4472; x_wconf 90' lang='lat' dir='ltr'><strong>et</strong></span> <span class='ocrx_word' id='word_1_521' title='bbox 1337 4417 1548 4473; x_wconf 83' lang='lat' dir='ltr'><strong>alterius</strong></span> <span class='ocrx_word' id='word_1_522' title='bbox 1580 4417 1882 4486; x_wconf 77' lang='lat' dir='ltr'><strong>eminentia,</strong></span> <span class='ocrx_word' id='word_1_523' title='bbox 1915 4423 2049 4477; x_wconf 85' lang='lat' dir='ltr'><strong>alte-</strong></span> 
     </span>
    </p>
   </div>
   <div class='ocr_carea' id='block_1_71' title="bbox 461 4488 2044 4560">
    <p class='ocr_par' dir='ltr' id='par_1_71' title="bbox 461 4488 2044 4560">
     <span class='ocr_line' id='line_1_71' title="bbox 461 4488 2044 4560; baseline 0.004 -19"><span class='ocrx_word' id='word_1_524' title='bbox 461 4488 862 4560; x_wconf 73' lang='lat' dir='ltr'><strong>riussubjectio,</strong></span> <span class='ocrx_word' id='word_1_525' title='bbox 901 4489 974 4560; x_wconf 81' lang='lat' dir='ltr'><strong>ibi</strong></span> <span class='ocrx_word' id='word_1_526' title='bbox 1000 4505 1101 4542; x_wconf 90' lang='lat' dir='ltr'><strong>non</strong></span> <span class='ocrx_word' id='word_1_527' title='bbox 1129 4499 1230 4542; x_wconf 85' lang='lat' dir='ltr'><strong>tam</strong></span> <span class='ocrx_word' id='word_1_528' title='bbox 1262 4491 1495 4544; x_wconf 87' lang='lat' dir='ltr'><strong>amicitia</strong></span> <span class='ocrx_word' id='word_1_529' title='bbox 1513 4508 1667 4560; x_wconf 91' lang='lat' dir='ltr'><strong>quam</strong></span> <span class='ocrx_word' id='word_1_530' title='bbox 1687 4493 1922 4546; x_wconf 84' lang='lat' dir='ltr'><strong>adulatio</strong></span> <span class='ocrx_word' id='word_1_531' title='bbox 1951 4505 2044 4548; x_wconf 90' lang='lat' dir='ltr'><strong>est.</strong></span> 
     </span>
    </p>
   </div>
   <div class='ocr_carea' id='block_1_72' title="bbox 463 4558 2048 4629">
    <p class='ocr_par' dir='ltr' id='par_1_72' title="bbox 463 4558 2048 4629">
     <span class='ocr_line' id='line_1_72' title="bbox 463 4558 2048 4629; baseline 0.003 -15"><span class='ocrx_word' id='word_1_532' title='bbox 463 4558 617 4614; x_wconf 84' lang='lat' dir='ltr'><strong>Unde</strong></span> <span class='ocrx_word' id='word_1_533' title='bbox 650 4571 695 4613; x_wconf 89' lang='lat' dir='ltr'><strong>et</strong></span> <span class='ocrx_word' id='word_1_534' title='bbox 732 4559 859 4612; x_wconf 88' lang='lat' dir='ltr'><strong>alibi</strong></span> <span class='ocrx_word' id='word_1_535' title='bbox 891 4558 1108 4629; x_wconf 85' lang='lat' dir='ltr'><strong>legimus</strong></span> <span class='ocrx_word' id='word_1_536' title='bbox 1158 4577 1176 4615; x_wconf 90' lang='lat'><strong><em>:</em></strong></span> <span class='ocrx_word' id='word_1_537' title='bbox 1208 4561 1290 4615; x_wconf 87' lang='lat' dir='ltr'><strong>Sit</strong></span> <span class='ocrx_word' id='word_1_538' title='bbox 1317 4558 1724 4617; x_wconf 22' lang='lat' dir='ltr'><strong>amicus‘eadem</strong></span> <span class='ocrx_word' id='word_1_539' title='bbox 1751 4566 1946 4619; x_wconf 86' lang='lat' dir='ltr'><strong>anima.</strong></span> <span class='ocrx_word' id='word_1_540' title='bbox 1981 4565 2048 4618; x_wconf 88' lang='lat' dir='ltr'><strong>Et</strong></span> 
     </span>
    </p>
   </div>
   <div class='ocr_carea' id='block_1_73' title="bbox 459 4629 2052 4702">
    <p class='ocr_par' dir='ltr' id='par_1_73' title="bbox 459 4629 2052 4702">
     <span class='ocr_line' id='line_1_73' title="bbox 459 4629 2052 4702; baseline 0.004 -19"><span class='ocrx_word' id='word_1_541' title='bbox 459 4629 682 4700; x_wconf 87' lang='lat' dir='ltr'><strong>Lyricus</strong></span> <span class='ocrx_word' id='word_1_542' title='bbox 712 4647 803 4701; x_wconf 91' lang='lat' dir='ltr'><strong>pro</strong></span> <span class='ocrx_word' id='word_1_543' title='bbox 833 4633 997 4684; x_wconf 84' lang='lat' dir='ltr'><strong>amico</strong></span> <span class='ocrx_word' id='word_1_544' title='bbox 1024 4648 1237 4702; x_wconf 87' lang='lat' dir='ltr'><strong>precans</strong></span> <span class='ocrx_word' id='word_1_545' title='bbox 1266 4649 1276 4683; x_wconf 94' lang='lat'><strong>:</strong></span> <span class='ocrx_word' id='word_1_546' title='bbox 1306 4631 1508 4699; x_wconf 88' lang='lat' dir='ltr'><strong>Serves,</strong></span> <span class='ocrx_word' id='word_1_547' title='bbox 1541 4635 1726 4702; x_wconf 87' lang='lat' dir='ltr'><strong>inquit,</strong></span> <span class='ocrx_word' id='word_1_548' title='bbox 1757 4638 1943 4689; x_wconf 75' lang='lat' dir='ltr'><strong>anima:</strong></span> <span class='ocrx_word' id='word_1_549' title='bbox 1969 4638 2052 4690; x_wconf 87' lang='lat' dir='ltr'><strong>di-</strong></span> 
     </span>
    </p>
   </div>
   <div class='ocr_carea' id='block_1_74' title="bbox 460 4702 2044 4776">
    <p class='ocr_par' dir='ltr' id='par_1_74' title="bbox 460 4702 2044 4776">
     <span class='ocr_line' id='line_1_74' title="bbox 460 4702 2044 4776; baseline 0.003 -22"><span class='ocrx_word' id='word_1_550' title='bbox 460 4703 674 4776; x_wconf 79' lang='lat' dir='ltr'><strong>midium</strong></span> <span class='ocrx_word' id='word_1_551' title='bbox 696 4717 836 4755; x_wconf 77' lang='lat' dir='ltr'><strong>mete.</strong></span> <span class='ocrx_word' id='word_1_552' title='bbox 857 4702 1173 4776; x_wconf 74' lang='lat' dir='ltr'><strong>Aristoteles</strong></span> <span class='ocrx_word' id='word_1_553' title='bbox 1197 4704 1492 4776; x_wconf 86' lang='lat' dir='ltr'><strong>lococitato</strong></span> <span class='ocrx_word' id='word_1_554' title='bbox 1521 4723 1533 4755; x_wconf 90' lang='lat'><strong>:</strong></span> <span class='ocrx_word' id='word_1_555' title='bbox 1562 4705 1828 4774; x_wconf 79' lang='lat' dir='ltr'><strong>Perfecta,</strong></span> <span class='ocrx_word' id='word_1_556' title='bbox 1850 4707 2044 4776; x_wconf 86' lang='lat' dir='ltr'><strong>inquit,</strong></span> 
     </span>
    </p>
   </div>
   <div class='ocr_carea' id='block_1_75' title="bbox 2173 2067 3768 2142">
    <p class='ocr_par' dir='ltr' id='par_1_75' title="bbox 2173 2067 3768 2142">
     <span class='ocr_line' id='line_1_75' title="bbox 2173 2067 3768 2142; baseline 0.001 -15"><span class='ocrx_word' id='word_1_557' title='bbox 2173 2072 2276 2139; x_wconf 91' lang='lat' dir='ltr'><strong>tia,</strong></span> <span class='ocrx_word' id='word_1_558' title='bbox 2327 2071 2470 2142; x_wconf 90' lang='lat' dir='ltr'><strong>quod</strong></span> <span class='ocrx_word' id='word_1_559' title='bbox 2500 2079 2648 2126; x_wconf 90' lang='lat' dir='ltr'><strong>certe</strong></span> <span class='ocrx_word' id='word_1_560' title='bbox 2694 2078 2798 2125; x_wconf 83' lang='lat' dir='ltr'><strong>tam</strong></span> <span class='ocrx_word' id='word_1_561' title='bbox 2841 2067 3033 2142; x_wconf 78' lang='lat' dir='ltr'><strong>rationi</strong></span> <span class='ocrx_word' id='word_1_562' title='bbox 3080 2082 3144 2124; x_wconf 90' lang='lat' dir='ltr'><strong>ac</strong></span> <span class='ocrx_word' id='word_1_563' title='bbox 3196 2067 3414 2142; x_wconf 76' lang='lat' dir='ltr'><strong>veritati</strong></span> <span class='ocrx_word' id='word_1_564' title='bbox 3470 2083 3768 2142; x_wconf 85' lang='lat' dir='ltr'><strong>repugnat,</strong></span> 
     </span>
    </p>
   </div>
   <div class='ocr_carea' id='block_1_76' title="bbox 2170 2139 3764 2214">
    <p class='ocr_par' dir='ltr' id='par_1_76' title="bbox 2170 2139 3764 2214">
     <span class='ocr_line' id='line_1_76' title="bbox 2170 2139 3764 2214; baseline 0.002 -16"><span class='ocrx_word' id='word_1_565' title='bbox 2170 2159 2331 2214; x_wconf 86' lang='lat' dir='ltr'><strong>quam</strong></span> <span class='ocrx_word' id='word_1_566' title='bbox 2346 2139 2506 2214; x_wconf 55' lang='lat' dir='ltr'><strong>&#39;quod</strong></span> <span class='ocrx_word' id='word_1_567' title='bbox 2538 2141 2797 2195; x_wconf 78' lang='lat' dir='ltr'><strong>maxime.</strong></span> <span class='ocrx_word' id='word_1_568' title='bbox 2829 2140 2911 2194; x_wconf 85' lang='lat' dir='ltr'><strong>Ad</strong></span> <span class='ocrx_word' id='word_1_569' title='bbox 2950 2139 3092 2194; x_wconf 91' lang='lat' dir='ltr'><strong>hunc</strong></span> <span class='ocrx_word' id='word_1_570' title='bbox 3119 2139 3764 2214; x_wconf 73' lang='lat' dir='ltr'><strong>nodnmdissolvendum</strong></span> 
     </span>
    </p>
   </div>
   <div class='ocr_carea' id='block_1_77' title="bbox 2169 2209 3768 2282">
    <p class='ocr_par' dir='ltr' id='par_1_77' title="bbox 2169 2209 3768 2282">
     <span class='ocr_line' id='line_1_77' title="bbox 2169 2209 3768 2282; baseline 0.001 -14"><span class='ocrx_word' id='word_1_571' title='bbox 2169 2209 2285 2270; x_wconf 62' lang='lat' dir='ltr'><strong>hate</strong></span> <span class='ocrx_word' id='word_1_572' title='bbox 2347 2209 2477 2269; x_wconf 84' lang='lat' dir='ltr'><strong>mihi</strong></span> <span class='ocrx_word' id='word_1_573' title='bbox 2535 2221 2888 2268; x_wconf 84' lang='lat' dir='ltr'><strong>occurrerunt</strong></span> <span class='ocrx_word' id='word_1_574' title='bbox 2928 2209 3254 2282; x_wconf 9' lang='lat' dir='ltr'><strong>rannotanda</strong></span> <span class='ocrx_word' id='word_1_575' title='bbox 3315 2211 3480 2278; x_wconf 86' lang='lat' dir='ltr'><strong>(Vide</strong></span> <span class='ocrx_word' id='word_1_576' title='bbox 3537 2212 3768 2282; x_wconf 85' lang='lat' dir='ltr'><strong>Gregor.</strong></span> 
     </span>
    </p>
   </div>
   <div class='ocr_carea' id='block_1_78' title="bbox 2179 2281 3765 2357">
    <p class='ocr_par' dir='ltr' id='par_1_78' title="bbox 2179 2281 3765 2357">
     <span class='ocr_line' id='line_1_78' title="bbox 2179 2281 3765 2357; baseline 0.001 -17"><span class='ocrx_word' id='word_1_577' title='bbox 2179 2283 2427 2357; x_wconf 86' lang='lat' dir='ltr'><strong>Valent.):</strong></span> <span class='ocrx_word' id='word_1_578' title='bbox 2446 2284 2686 2357; x_wconf 78' lang='lat' dir='ltr'><strong>Primum</strong></span> <span class='ocrx_word' id='word_1_579' title='bbox 2704 2283 2811 2357; x_wconf 82' lang='lat' dir='ltr'><strong>duo</strong></span> <span class='ocrx_word' id='word_1_580' title='bbox 2832 2281 2937 2357; x_wconf 70' lang='lat' dir='ltr'><strong>loci</strong></span> <span class='ocrx_word' id='word_1_581' title='bbox 2954 2283 3192 2357; x_wconf 77' lang='lat' dir='ltr'><strong>insignes</strong></span> <span class='ocrx_word' id='word_1_582' title='bbox 3294 2282 3518 2357; x_wconf 62' lang='lat' dir='ltr'><strong>Thomte</strong></span> <span class='ocrx_word' id='word_1_583' title='bbox 3533 2283 3628 2353; x_wconf 90' lang='lat' dir='ltr'><strong>(In</strong></span> <span class='ocrx_word' id='word_1_584' title='bbox 3643 2281 3765 2351; x_wconf 67' lang='lat'><strong>2-2,</strong></span> 
     </span>
    </p>
   </div>
   <div class='ocr_carea' id='block_1_79' title="bbox 2167 2353 3771 2426">
    <p class='ocr_par' dir='ltr' id='par_1_79' title="bbox 2167 2353 3771 2426">
     <span class='ocr_line' id='line_1_79' title="bbox 2167 2353 3771 2426; baseline 0 -15"><span class='ocrx_word' id='word_1_585' title='bbox 2167 2359 2368 2426; x_wconf 90' lang='lat' dir='ltr'><strong>disput.</strong></span> <span class='ocrx_word' id='word_1_586' title='bbox 2389 2353 2456 2422; x_wconf 78' lang='grc'><strong>’5,</strong></span> <span class='ocrx_word' id='word_1_587' title='bbox 2485 2373 2536 2424; x_wconf 89' lang='lat' dir='ltr'><strong>q.</strong></span> <span class='ocrx_word' id='word_1_588' title='bbox 2567 2354 2644 2425; x_wconf 78' lang='grc'><strong>1),</strong></span> <span class='ocrx_word' id='word_1_589' title='bbox 2675 2354 2800 2408; x_wconf 90' lang='lat' dir='ltr'><strong>huic</strong></span> <span class='ocrx_word' id='word_1_590' title='bbox 2831 2353 3015 2426; x_wconf 83' lang='lat' dir='ltr'><strong>itidem</strong></span> <span class='ocrx_word' id='word_1_591' title='bbox 3047 2353 3518 2426; x_wconf 13' lang='lat' dir='ltr'><strong>locoielucidando</strong></span> <span class='ocrx_word' id='word_1_592' title='bbox 3540 2360 3771 2424; x_wconf 83' lang='lat' dir='ltr'><strong>aptissi-</strong></span> 
     </span>
    </p>
   </div>
   <div class='ocr_carea' id='block_1_80' title="bbox 2168 2424 3772 2497">
    <p class='ocr_par' dir='ltr' id='par_1_80' title="bbox 2168 2424 3772 2497">
     <span class='ocr_line' id='line_1_80' title="bbox 2168 2424 3772 2497; baseline 0.001 -14"><span class='ocrx_word' id='word_1_593' title='bbox 2168 2424 2287 2484; x_wconf 46' lang='lat' dir='ltr'><strong>mi&#39;:</strong></span> <span class='ocrx_word' id='word_1_594' title='bbox 2319 2443 2386 2483; x_wconf 82' lang='lat' dir='ltr'><strong>ex</strong></span> <span class='ocrx_word' id='word_1_595' title='bbox 2425 2427 2622 2497; x_wconf 87' lang='lat' dir='ltr'><strong>quibus</strong></span> <span class='ocrx_word' id='word_1_596' title='bbox 2643 2441 2770 2480; x_wconf 88' lang='lat' dir='ltr'><strong>vera</strong></span> <span class='ocrx_word' id='word_1_597' title='bbox 2800 2424 3053 2479; x_wconf 70' lang='lat' dir='ltr'><strong>amicitia:</strong></span> <span class='ocrx_word' id='word_1_598' title='bbox 3083 2425 3219 2497; x_wconf 86' lang='lat' dir='ltr'><strong>ratio</strong></span> <span class='ocrx_word' id='word_1_599' title='bbox 3261 2425 3520 2495; x_wconf 91' lang='lat' dir='ltr'><strong>notioque</strong></span> <span class='ocrx_word' id='word_1_600' title='bbox 3557 2443 3772 2497; x_wconf 83' lang='lat' dir='ltr'><strong>cogno-</strong></span> 
     </span>
    </p>
   </div>
   <div class='ocr_carea' id='block_1_81' title="bbox 2167 2495 3762 2566">
    <p class='ocr_par' dir='ltr' id='par_1_81' title="bbox 2167 2495 3762 2566">
     <span class='ocr_line' id='line_1_81' title="bbox 2167 2495 3762 2566; baseline 0.003 -13"><span class='ocrx_word' id='word_1_601' title='bbox 2167 2509 2371 2554; x_wconf 85' lang='lat' dir='ltr'><strong>scatur.</strong></span> <span class='ocrx_word' id='word_1_602' title='bbox 2413 2497 2572 2552; x_wconf 90' lang='lat' dir='ltr'><strong>Prior</strong></span> <span class='ocrx_word' id='word_1_603' title='bbox 2613 2496 2700 2551; x_wconf 91' lang='lat' dir='ltr'><strong>hic</strong></span> <span class='ocrx_word' id='word_1_604' title='bbox 2725 2505 2829 2560; x_wconf 90' lang='lat' dir='ltr'><strong>est,</strong></span> <span class='ocrx_word' id='word_1_605' title='bbox 2861 2497 2952 2564; x_wconf 90' lang='lat' dir='ltr'><strong>qui</strong></span> <span class='ocrx_word' id='word_1_606' title='bbox 2981 2497 3048 2550; x_wconf 86' lang='lat' dir='ltr'><strong>ad</strong></span> <span class='ocrx_word' id='word_1_607' title='bbox 3078 2495 3396 2551; x_wconf 85' lang='lat' dir='ltr'><strong>charitatem</strong></span> <span class='ocrx_word' id='word_1_608' title='bbox 3430 2513 3554 2566; x_wconf 85' lang='lat' dir='ltr'><strong>erga</strong></span> <span class='ocrx_word' id='word_1_609' title='bbox 3587 2495 3762 2556; x_wconf 80' lang='lat' dir='ltr'><strong>Deum</strong></span> 
     </span>
    </p>
   </div>
   <div class='ocr_carea' id='block_1_82' title="bbox 2166 2567 3764 2641">
    <p class='ocr_par' dir='ltr' id='par_1_82' title="bbox 2166 2567 3764 2641">
     <span class='ocr_line' id='line_1_82' title="bbox 2166 2567 3764 2641; baseline 0.001 -15"><span class='ocrx_word' id='word_1_610' title='bbox 2166 2572 2440 2641; x_wconf 64' lang='lat' dir='ltr'><strong>praecipue</strong></span> <span class='ocrx_word' id='word_1_611' title='bbox 2468 2576 2698 2637; x_wconf 85' lang='lat' dir='ltr'><strong>spectat,</strong></span> <span class='ocrx_word' id='word_1_612' title='bbox 2719 2583 2838 2637; x_wconf 72' lang='lat' dir='ltr'><strong>qua:</strong></span> <span class='ocrx_word' id='word_1_613' title='bbox 2863 2567 3004 2622; x_wconf 91' lang='lat' dir='ltr'><strong>inter</strong></span> <span class='ocrx_word' id='word_1_614' title='bbox 3028 2583 3223 2641; x_wconf 83' lang='lat' dir='ltr'><strong>omnes</strong></span> <span class='ocrx_word' id='word_1_615' title='bbox 3238 2569 3501 2623; x_wconf 88' lang='lat' dir='ltr'><strong>amicitias</strong></span> <span class='ocrx_word' id='word_1_616' title='bbox 3523 2570 3764 2638; x_wconf 87' lang='lat' dir='ltr'><strong>primunt</strong></span> 
     </span>
    </p>
   </div>
   <div class='ocr_carea' id='block_1_83' title="bbox 2166 2639 3764 2708">
    <p class='ocr_par' dir='ltr' id='par_1_83' title="bbox 2166 2639 3764 2708">
     <span class='ocr_line' id='line_1_83' title="bbox 2166 2639 3764 2708; baseline 0 -11"><span class='ocrx_word' id='word_1_617' title='bbox 2166 2639 2347 2697; x_wconf 83' lang='lat' dir='ltr'><strong>locum</strong></span> <span class='ocrx_word' id='word_1_618' title='bbox 2380 2641 2611 2702; x_wconf 88' lang='lat' dir='ltr'><strong>obtinet,</strong></span> <span class='ocrx_word' id='word_1_619' title='bbox 2643 2649 2696 2694; x_wconf 92' lang='lat' dir='ltr'><strong>et</strong></span> <span class='ocrx_word' id='word_1_620' title='bbox 2725 2639 3260 2708; x_wconf 67' lang='lat' dir='ltr'><strong>czeteraruttrregula</strong></span> <span class='ocrx_word' id='word_1_621' title='bbox 3291 2654 3356 2694; x_wconf 90' lang='lat' dir='ltr'><strong>ac</strong></span> <span class='ocrx_word' id='word_1_622' title='bbox 3389 2655 3573 2695; x_wconf 86' lang='lat' dir='ltr'><strong>norma</strong></span> <span class='ocrx_word' id='word_1_623' title='bbox 3625 2657 3764 2698; x_wconf 84' lang='lat' dir='ltr'><strong>cen-</strong></span> 
     </span>
    </p>
   </div>
   <div class='ocr_carea' id='block_1_84' title="bbox 2164 2707 3766 2781">
    <p class='ocr_par' dir='ltr' id='par_1_84' title="bbox 2164 2707 3766 2781">
     <span class='ocr_line' id='line_1_84' title="bbox 2164 2707 3766 2781; baseline 0.001 -14"><span class='ocrx_word' id='word_1_624' title='bbox 2164 2714 2269 2768; x_wconf 87' lang='lat' dir='ltr'><strong>seri</strong></span> <span class='ocrx_word' id='word_1_625' title='bbox 2297 2713 2458 2769; x_wconf 86' lang='lat' dir='ltr'><strong>debet</strong></span> <span class='ocrx_word' id='word_1_626' title='bbox 2485 2729 2497 2764; x_wconf 93' lang='lat'><em>:</em></span> <span class='ocrx_word' id='word_1_627' title='bbox 2540 2711 2797 2777; x_wconf 81' lang='lat' dir='ltr'><strong>Charitas,</strong></span> <span class='ocrx_word' id='word_1_628' title='bbox 2826 2710 3000 2781; x_wconf 77' lang='lat' dir='ltr'><strong>inquit</strong></span> <span class='ocrx_word' id='word_1_629' title='bbox 3027 2707 3172 2777; x_wconf 19' lang='lat'><strong>(2—27,</strong></span> <span class='ocrx_word' id='word_1_630' title='bbox 3198 2726 3250 2779; x_wconf 90' lang='lat' dir='ltr'><strong>q.</strong></span> <span class='ocrx_word' id='word_1_631' title='bbox 3278 2710 3368 2778; x_wconf 85' lang='lat'><strong>65,</strong></span> <span class='ocrx_word' id='word_1_632' title='bbox 3400 2721 3502 2766; x_wconf 92' lang='lat' dir='ltr'><strong>art.</strong></span> <span class='ocrx_word' id='word_1_633' title='bbox 3536 2712 3618 2778; x_wconf 82' lang='lat'><strong>5),</strong></span> <span class='ocrx_word' id='word_1_634' title='bbox 3658 2731 3766 2770; x_wconf 85' lang='lat' dir='ltr'><strong>non</strong></span> 
     </span>
    </p>
   </div>
   <div class='ocr_carea' id='block_1_85' title="bbox 2162 2779 3765 2856">
    <p class='ocr_par' dir='ltr' id='par_1_85' title="bbox 2162 2779 3765 2856">
     <span class='ocr_line' id='line_1_85' title="bbox 2162 2779 3765 2856; baseline 0.001 -17"><span class='ocrx_word' id='word_1_635' title='bbox 2162 2786 2331 2839; x_wconf 90' lang='lat' dir='ltr'><strong>solum</strong></span> <span class='ocrx_word' id='word_1_636' title='bbox 2375 2783 2634 2856; x_wconf 79' lang='lat' dir='ltr'><strong>signiﬁcat</strong></span> <span class='ocrx_word' id='word_1_637' title='bbox 2683 2779 2917 2836; x_wconf 78' lang='lat' dir='ltr'><strong>amorem</strong></span> <span class='ocrx_word' id='word_1_638' title='bbox 2967 2779 3102 2856; x_wconf 83' lang='lat' dir='ltr'><strong>Dei,</strong></span> <span class='ocrx_word' id='word_1_639' title='bbox 3145 2784 3236 2836; x_wconf 86' lang='lat' dir='ltr'><strong>sed</strong></span> <span class='ocrx_word' id='word_1_640' title='bbox 3279 2783 3435 2836; x_wconf 85' lang='lat' dir='ltr'><strong>etiam</strong></span> <span class='ocrx_word' id='word_1_641' title='bbox 3471 2783 3765 2840; x_wconf 87' lang='lat' dir='ltr'><strong>amicitiam</strong></span> 
     </span>
    </p>
   </div>
   <div class='ocr_carea' id='block_1_86' title="bbox 2163 2853 3766 2926">
    <p class='ocr_par' dir='ltr' id='par_1_86' title="bbox 2163 2853 3766 2926">
     <span class='ocr_line' id='line_1_86' title="bbox 2163 2853 3766 2926; baseline 0.001 -15"><span class='ocrx_word' id='word_1_642' title='bbox 2163 2853 2446 2926; x_wconf 82' lang='lat' dir='ltr'><strong>quamdam</strong></span> <span class='ocrx_word' id='word_1_643' title='bbox 2475 2855 2543 2908; x_wconf 90' lang='lat' dir='ltr'><strong>ad</strong></span> <span class='ocrx_word' id='word_1_644' title='bbox 2567 2856 2736 2922; x_wconf 88' lang='lat' dir='ltr'><strong>ipsunt</strong></span> <span class='ocrx_word' id='word_1_645' title='bbox 2755 2894 2770 2919; x_wconf 93' lang='lat'><strong>,</strong></span> <span class='ocrx_word' id='word_1_646' title='bbox 2798 2869 2915 2924; x_wconf 71' lang='lat' dir='ltr'><strong>quae</strong></span> <span class='ocrx_word' id='word_1_647' title='bbox 2943 2853 3152 2921; x_wconf 83' lang='lat' dir='ltr'><strong>quidem</strong></span> <span class='ocrx_word' id='word_1_648' title='bbox 3170 2869 3332 2926; x_wconf 88' lang='lat' dir='ltr'><strong>super</strong></span> <span class='ocrx_word' id='word_1_649' title='bbox 3353 2871 3579 2909; x_wconf 90' lang='lat' dir='ltr'><strong>amorem</strong></span> <span class='ocrx_word' id='word_1_650' title='bbox 3609 2859 3766 2913; x_wconf 85' lang='lat' dir='ltr'><strong>addit</strong></span> 
     </span>
    </p>
   </div>
   <div class='ocr_carea' id='block_1_87' title="bbox 2163 2925 3764 2991">
    <p class='ocr_par' dir='ltr' id='par_1_87' title="bbox 2163 2925 3764 2991">
     <span class='ocr_line' id='line_1_87' title="bbox 2163 2925 3764 2991; baseline 0.001 -10"><span class='ocrx_word' id='word_1_651' title='bbox 2163 2925 2394 2982; x_wconf 85' lang='lat' dir='ltr'><strong>mutuam</strong></span> <span class='ocrx_word' id='word_1_652' title='bbox 2443 2927 2846 2980; x_wconf 86' lang='lat' dir='ltr'><strong>redamationcm</strong></span> <span class='ocrx_word' id='word_1_653' title='bbox 2895 2941 3010 2976; x_wconf 86' lang='lat' dir='ltr'><strong>cum</strong></span> <span class='ocrx_word' id='word_1_654' title='bbox 3039 2925 3265 2991; x_wconf 91' lang='lat' dir='ltr'><strong>quadam</strong></span> <span class='ocrx_word' id='word_1_655' title='bbox 3294 2927 3764 2983; x_wconf 83' lang='lat' dir='ltr'><strong>communicatione</strong></span> 
     </span>
    </p>
   </div>
   <div class='ocr_carea' id='block_1_88' title="bbox 2162 2993 3762 3067">
    <p class='ocr_par' dir='ltr' id='par_1_88' title="bbox 2162 2993 3762 3067">
     <span class='ocr_line' id='line_1_88' title="bbox 2162 2993 3762 3067; baseline 0 -15"><span class='ocrx_word' id='word_1_656' title='bbox 2162 3010 2366 3063; x_wconf 90' lang='lat' dir='ltr'><strong>mutua,</strong></span> <span class='ocrx_word' id='word_1_657' title='bbox 2421 3008 2476 3051; x_wconf 90' lang='lat' dir='ltr'><strong>ut</strong></span> <span class='ocrx_word' id='word_1_658' title='bbox 2503 2998 2693 3050; x_wconf 83' lang='lat' dir='ltr'><strong>dicitur</strong></span> <span class='ocrx_word' id='word_1_659' title='bbox 2723 2998 2776 3048; x_wconf 90' lang='lat' dir='ltr'><strong>in</strong></span> <span class='ocrx_word' id='word_1_660' title='bbox 2798 3011 2891 3050; x_wconf 89' lang='lat' dir='ltr'><strong>vut</strong></span> <span class='ocrx_word' id='word_1_661' title='bbox 2916 2993 3223 3049; x_wconf 85' lang='lat' dir='ltr'><strong>Ethicorum</strong></span> <span class='ocrx_word' id='word_1_662' title='bbox 3255 2995 3408 3067; x_wconf 65' lang='grc' dir='ltr'><strong>(ϐαρ.</strong></span> <span class='ocrx_word' id='word_1_663' title='bbox 3440 2997 3474 3051; x_wconf 71' lang='grc'>2</span> <span class='ocrx_word' id='word_1_664' title='bbox 3499 3007 3546 3050; x_wconf 88' lang='lat' dir='ltr'><strong>et</strong></span> <span class='ocrx_word' id='word_1_665' title='bbox 3573 2997 3658 3066; x_wconf 80' lang='grc'><strong>5).</strong></span> <span class='ocrx_word' id='word_1_666' title='bbox 3694 2999 3762 3052; x_wconf 84' lang='lat' dir='ltr'><strong>Et</strong></span> 
     </span>
    </p>
   </div>
   <div class='ocr_carea' id='block_1_89' title="bbox 2161 3067 3764 3141">
    <p class='ocr_par' dir='ltr' id='par_1_89' title="bbox 2161 3067 3764 3141">
     <span class='ocr_line' id='line_1_89' title="bbox 2161 3067 3764 3141; baseline 0.001 -17"><span class='ocrx_word' id='word_1_667' title='bbox 2161 3073 2298 3141; x_wconf 87' lang='lat' dir='ltr'><strong>quod</strong></span> <span class='ocrx_word' id='word_1_668' title='bbox 2344 3072 2439 3124; x_wconf 85' lang='lat' dir='ltr'><strong>hoc</strong></span> <span class='ocrx_word' id='word_1_669' title='bbox 2467 3069 2536 3122; x_wconf 89' lang='lat' dir='ltr'><strong>ad</strong></span> <span class='ocrx_word' id='word_1_670' title='bbox 2565 3068 2871 3141; x_wconf 83' lang='lat' dir='ltr'><strong>charitatem</strong></span> <span class='ocrx_word' id='word_1_671' title='bbox 2903 3067 3190 3141; x_wconf 73' lang='lat' dir='ltr'><strong>pertineat,</strong></span> <span class='ocrx_word' id='word_1_672' title='bbox 3226 3075 3367 3133; x_wconf 91' lang='lat' dir='ltr'><strong>patet</strong></span> <span class='ocrx_word' id='word_1_673' title='bbox 3409 3086 3500 3134; x_wconf 87' lang='lat' dir='ltr'><strong>per</strong></span> <span class='ocrx_word' id='word_1_674' title='bbox 3511 3070 3576 3141; x_wconf 71' lang='lat' dir='ltr'><strong>id</strong></span> <span class='ocrx_word' id='word_1_675' title='bbox 3622 3073 3764 3138; x_wconf 85' lang='lat' dir='ltr'><strong>quod</strong></span> 
     </span>
    </p>
   </div>
   <div class='ocr_carea' id='block_1_90' title="bbox 2161 3137 3761 3205">
    <p class='ocr_par' dir='ltr' id='par_1_90' title="bbox 2161 3137 3761 3205">
     <span class='ocr_line' id='line_1_90' title="bbox 2161 3137 3761 3205; baseline 0 -10"><span class='ocrx_word' id='word_1_676' title='bbox 2161 3137 2344 3195; x_wconf 77' lang='lat' dir='ltr'><strong>dicitur</strong></span> <span class='ocrx_word' id='word_1_677' title='bbox 2380 3141 2577 3195; x_wconf 83' lang='lat' dir='ltr'><strong>IJoan.</strong></span> <span class='ocrx_word' id='word_1_678' title='bbox 2614 3155 2687 3193; x_wconf 85' lang='lat' dir='ltr'><strong>Iv:</strong></span> <span class='ocrx_word' id='word_1_679' title='bbox 2721 3140 2822 3205; x_wconf 83' lang='lat' dir='ltr'><strong>Qui</strong></span> <span class='ocrx_word' id='word_1_680' title='bbox 2844 3137 3012 3192; x_wconf 82' lang='lat' dir='ltr'><strong>manet</strong></span> <span class='ocrx_word' id='word_1_681' title='bbox 3036 3145 3090 3191; x_wconf 86' lang='lat' dir='ltr'><strong>tn</strong></span> <span class='ocrx_word' id='word_1_682' title='bbox 3118 3137 3389 3202; x_wconf 87' lang='lat' dir='ltr'><strong>charitate,</strong></span> <span class='ocrx_word' id='word_1_683' title='bbox 3414 3141 3466 3193; x_wconf 90' lang='lat' dir='ltr'><strong>in</strong></span> <span class='ocrx_word' id='word_1_684' title='bbox 3499 3139 3613 3194; x_wconf 89' lang='lat' dir='ltr'><strong>Deo</strong></span> <span class='ocrx_word' id='word_1_685' title='bbox 3635 3137 3761 3195; x_wconf 82' lang='lat' dir='ltr'><strong>ma-</strong></span> 
     </span>
    </p>
   </div>
   <div class='ocr_carea' id='block_1_91' title="bbox 2161 3207 3762 3281">
    <p class='ocr_par' dir='ltr' id='par_1_91' title="bbox 2161 3207 3762 3281">
     <span class='ocr_line' id='line_1_91' title="bbox 2161 3207 3762 3281; baseline 0.001 -15"><span class='ocrx_word' id='word_1_686' title='bbox 2161 3224 2266 3278; x_wconf 90' lang='lat' dir='ltr'><strong>net,</strong></span> <span class='ocrx_word' id='word_1_687' title='bbox 2299 3225 2344 3267; x_wconf 86' lang='lat' dir='ltr'><strong>et</strong></span> <span class='ocrx_word' id='word_1_688' title='bbox 2372 3211 2514 3266; x_wconf 88' lang='lat' dir='ltr'><strong>Deus</strong></span> <span class='ocrx_word' id='word_1_689' title='bbox 2543 3213 2595 3264; x_wconf 88' lang='lat' dir='ltr'><strong>in</strong></span> <span class='ocrx_word' id='word_1_690' title='bbox 2621 3227 2701 3264; x_wconf 94' lang='lat' dir='ltr'><strong>eo.</strong></span> <span class='ocrx_word' id='word_1_691' title='bbox 2753 3210 2815 3264; x_wconf 86' lang='lat' dir='ltr'><strong>Et</strong></span> <span class='ocrx_word' id='word_1_692' title='bbox 2844 3211 2861 3264; x_wconf 90' lang='grc' dir='ltr'><strong>Ι</strong></span> <span class='ocrx_word' id='word_1_693' title='bbox 2886 3207 3141 3281; x_wconf 86' lang='lat' dir='ltr'><strong>Corintlt._</strong></span> <span class='ocrx_word' id='word_1_694' title='bbox 3160 3225 3208 3263; x_wconf 87' lang='lat' dir='ltr'><strong>I:</strong></span> <span class='ocrx_word' id='word_1_695' title='bbox 3243 3207 3442 3264; x_wconf 81' lang='lat' dir='ltr'><strong>Fidelis</strong></span> <span class='ocrx_word' id='word_1_696' title='bbox 3469 3210 3631 3277; x_wconf 84' lang='lat' dir='ltr'><strong>Deus,</strong></span> <span class='ocrx_word' id='word_1_697' title='bbox 3669 3231 3762 3281; x_wconf 88' lang='lat' dir='ltr'><strong>per</strong></span> 
     </span>
    </p>
   </div>
   <div class='ocr_carea' id='block_1_92' title="bbox 2158 3279 3762 3354">
    <p class='ocr_par' dir='ltr' id='par_1_92' title="bbox 2158 3279 3762 3354">
     <span class='ocr_line' id='line_1_92' title="bbox 2158 3279 3762 3354; baseline 0.001 -16"><span class='ocrx_word' id='word_1_698' title='bbox 2158 3301 2310 3354; x_wconf 88' lang='lat' dir='ltr'><strong>quem</strong></span> <span class='ocrx_word' id='word_1_699' title='bbox 2344 3284 2509 3338; x_wconf 79' lang='lat' dir='ltr'><strong>vocati</strong></span> <span class='ocrx_word' id='word_1_700' title='bbox 2534 3284 2653 3336; x_wconf 89' lang='lat' dir='ltr'><strong>estis</strong></span> <span class='ocrx_word' id='word_1_701' title='bbox 2685 3283 2734 3354; x_wconf 86' lang='lat' dir='ltr'><strong>in</strong></span> <span class='ocrx_word' id='word_1_702' title='bbox 2762 3283 3069 3354; x_wconf 68' lang='lat' dir='ltr'><strong>sacietatem</strong></span> <span class='ocrx_word' id='word_1_703' title='bbox 3096 3279 3226 3334; x_wconf 87' lang='lat' dir='ltr'><strong>Filii</strong></span> <span class='ocrx_word' id='word_1_704' title='bbox 3254 3283 3386 3353; x_wconf 82' lang='lat' dir='ltr'><strong>ejus.</strong></span> <span class='ocrx_word' id='word_1_705' title='bbox 3422 3282 3552 3337; x_wconf 75' lang='lat' dir='ltr'><strong>Ha&#39;c</strong></span> <span class='ocrx_word' id='word_1_706' title='bbox 3577 3279 3762 3339; x_wconf 83' lang='lat' dir='ltr'><strong>autem</strong></span> 
     </span>
    </p>
   </div>
   <div class='ocr_carea' id='block_1_93' title="bbox 2157 3352 3760 3424">
    <p class='ocr_par' dir='ltr' id='par_1_93' title="bbox 2157 3352 3760 3424">
     <span class='ocr_line' id='line_1_93' title="bbox 2157 3352 3760 3424; baseline 0.001 -16"><span class='ocrx_word' id='word_1_707' title='bbox 2157 3352 2372 3410; x_wconf 78' lang='lat' dir='ltr'><strong>societas</strong></span> <span class='ocrx_word' id='word_1_708' title='bbox 2402 3355 2627 3408; x_wconf 87' lang='lat' dir='ltr'><strong>hominis</strong></span> <span class='ocrx_word' id='word_1_709' title='bbox 2650 3353 2720 3424; x_wconf 76' lang='lat' dir='ltr'><strong>ad</strong></span> <span class='ocrx_word' id='word_1_710' title='bbox 2747 3352 2934 3416; x_wconf 89' lang='lat' dir='ltr'><strong>Deum,</strong></span> <span class='ocrx_word' id='word_1_711' title='bbox 2967 3369 3081 3420; x_wconf 74' lang='lat' dir='ltr'><strong>qua:</strong></span> <span class='ocrx_word' id='word_1_712' title='bbox 3103 3362 3176 3406; x_wconf 88' lang='lat' dir='ltr'><strong>est</strong></span> <span class='ocrx_word' id='word_1_713' title='bbox 3202 3352 3440 3422; x_wconf 66' lang='lat' dir='ltr'><strong>quietiam</strong></span> <span class='ocrx_word' id='word_1_714' title='bbox 3473 3357 3760 3424; x_wconf 80' lang='lat' dir='ltr'><strong>familiaris</strong></span> 
     </span>
    </p>
   </div>
   <div class='ocr_carea' id='block_1_94' title="bbox 2156 3423 3758 3497">
    <p class='ocr_par' dir='ltr' id='par_1_94' title="bbox 2156 3423 3758 3497">
     <span class='ocr_line' id='line_1_94' title="bbox 2156 3423 3758 3497; baseline 0.001 -17"><span class='ocrx_word' id='word_1_715' title='bbox 2156 3427 2477 3480; x_wconf 84' lang='lat' dir='ltr'><strong>conversatio</strong></span> <span class='ocrx_word' id='word_1_716' title='bbox 2501 3441 2616 3478; x_wconf 90' lang='lat' dir='ltr'><strong>cum</strong></span> <span class='ocrx_word' id='word_1_717' title='bbox 2645 3423 2774 3497; x_wconf 86' lang='lat' dir='ltr'><strong>Deo,</strong></span> <span class='ocrx_word' id='word_1_718' title='bbox 2799 3426 3076 3477; x_wconf 81' lang='lat' dir='ltr'><strong>inchoatur</strong></span> <span class='ocrx_word' id='word_1_719' title='bbox 3095 3425 3300 3497; x_wconf 84' lang='lat' dir='ltr'><strong>quidem</strong></span> <span class='ocrx_word' id='word_1_720' title='bbox 3328 3426 3410 3479; x_wconf 85' lang='lat' dir='ltr'><strong>hic</strong></span> <span class='ocrx_word' id='word_1_721' title='bbox 3435 3423 3487 3478; x_wconf 89' lang='lat' dir='ltr'><strong>in</strong></span> <span class='ocrx_word' id='word_1_722' title='bbox 3508 3430 3758 3497; x_wconf 65' lang='lat' dir='ltr'><strong>praesenti</strong></span> 
     </span>
    </p>
   </div>
   <div class='ocr_carea' id='block_1_95' title="bbox 2157 3496 3747 3570">
    <p class='ocr_par' dir='ltr' id='par_1_95' title="bbox 2157 3496 3747 3570">
     <span class='ocr_line' id='line_1_95' title="bbox 2157 3496 3747 3570; baseline 0.001 -19"><span class='ocrx_word' id='word_1_723' title='bbox 2157 3515 2248 3566; x_wconf 89' lang='lat' dir='ltr'><strong>per</strong></span> <span class='ocrx_word' id='word_1_724' title='bbox 2286 3499 2528 3570; x_wconf 87' lang='lat' dir='ltr'><strong>gratiam,</strong></span> <span class='ocrx_word' id='word_1_725' title='bbox 2557 3496 2855 3566; x_wconf 79' lang='lat' dir='ltr'><strong>perﬁcietur</strong></span> <span class='ocrx_word' id='word_1_726' title='bbox 2890 3504 3067 3570; x_wconf 69' lang='lat' dir='ltr'><strong>autem</strong></span> <span class='ocrx_word' id='word_1_727' title='bbox 3095 3496 3354 3570; x_wconf 35' lang='lat' dir='ltr'><strong>inf‘uturo</strong></span> <span class='ocrx_word' id='word_1_728' title='bbox 3385 3513 3476 3570; x_wconf 70' lang='lat' dir='ltr'><strong>per</strong></span> <span class='ocrx_word' id='word_1_729' title='bbox 3496 3496 3747 3570; x_wconf 75' lang='lat' dir='ltr'><strong>gloriam.</strong></span> 
     </span>
    </p>
   </div>
   <div class='ocr_carea' id='block_1_96' title="bbox 2156 3565 3760 3636">
    <p class='ocr_par' dir='ltr' id='par_1_96' title="bbox 2156 3565 3760 3636">
     <span class='ocr_line' id='line_1_96' title="bbox 2156 3565 3760 3636; baseline 0.001 -13"><span class='ocrx_word' id='word_1_730' title='bbox 2156 3565 2306 3623; x_wconf 76' lang='lat' dir='ltr'><strong>Alter</strong></span> <span class='ocrx_word' id='word_1_731' title='bbox 2342 3571 2490 3622; x_wconf 90' lang='lat' dir='ltr'><strong>locus</strong></span> <span class='ocrx_word' id='word_1_732' title='bbox 2519 3565 2606 3620; x_wconf 85' lang='lat' dir='ltr'><strong>hic</strong></span> <span class='ocrx_word' id='word_1_733' title='bbox 2632 3578 2847 3622; x_wconf 85' lang='lat' dir='ltr'><strong>notatus</strong></span> <span class='ocrx_word' id='word_1_734' title='bbox 2879 3567 3016 3635; x_wconf 68' lang='lat'><strong>(2-2,</strong></span> <span class='ocrx_word' id='word_1_735' title='bbox 3046 3583 3096 3636; x_wconf 90' lang='lat' dir='ltr'><strong>q.</strong></span> <span class='ocrx_word' id='word_1_736' title='bbox 3141 3565 3243 3629; x_wconf 71' lang='lat'><strong>25,</strong></span> <span class='ocrx_word' id='word_1_737' title='bbox 3274 3565 3465 3634; x_wconf 53' lang='lat' dir='ltr'><strong>art.&#39;l)</strong></span> <span class='ocrx_word' id='word_1_738' title='bbox 3506 3586 3518 3619; x_wconf 90' lang='lat'><strong>:</strong></span> <span class='ocrx_word' id='word_1_739' title='bbox 3547 3568 3760 3624; x_wconf 86' lang='lat' dir='ltr'><strong>Secun-</strong></span> 
     </span>
    </p>
   </div>
   <div class='ocr_carea' id='block_1_97' title="bbox 2157 3637 3759 3708">
    <p class='ocr_par' dir='ltr' id='par_1_97' title="bbox 2157 3637 3759 3708">
     <span class='ocr_line' id='line_1_97' title="bbox 2157 3637 3759 3708; baseline 0 -16"><span class='ocrx_word' id='word_1_740' title='bbox 2157 3640 2275 3694; x_wconf 91' lang='lat' dir='ltr'><strong>dum</strong></span> <span class='ocrx_word' id='word_1_741' title='bbox 2304 3639 2707 3708; x_wconf 79' lang='lat' dir='ltr'><strong>PhilosOphum,</strong></span> <span class='ocrx_word' id='word_1_742' title='bbox 2749 3639 2803 3692; x_wconf 87' lang='lat' dir='ltr'><strong>in</strong></span> <span class='ocrx_word' id='word_1_743' title='bbox 2857 3653 2948 3692; x_wconf 85' lang='lat' dir='ltr'><strong>vut</strong></span> <span class='ocrx_word' id='word_1_744' title='bbox 2992 3637 3188 3703; x_wconf 82' lang='lat' dir='ltr'><strong>Ethic.,</strong></span> <span class='ocrx_word' id='word_1_745' title='bbox 3220 3654 3319 3690; x_wconf 88' lang='lat' dir='ltr'><strong>non</strong></span> <span class='ocrx_word' id='word_1_746' title='bbox 3346 3640 3559 3708; x_wconf 77' lang='lat' dir='ltr'><strong>quilibet</strong></span> <span class='ocrx_word' id='word_1_747' title='bbox 3603 3658 3759 3695; x_wconf 84' lang='lat' dir='ltr'><strong>amor</strong></span> 
     </span>
    </p>
   </div>
   <div class='ocr_carea' id='block_1_98' title="bbox 2156 3709 3756 3775">
    <p class='ocr_par' dir='ltr' id='par_1_98' title="bbox 2156 3709 3756 3775">
     <span class='ocr_line' id='line_1_98' title="bbox 2156 3709 3756 3775; baseline 0.002 -11"><span class='ocrx_word' id='word_1_748' title='bbox 2156 3712 2308 3766; x_wconf 86' lang='lat' dir='ltr'><strong>habet</strong></span> <span class='ocrx_word' id='word_1_749' title='bbox 2337 3713 2588 3766; x_wconf 90' lang='lat' dir='ltr'><strong>rationem</strong></span> <span class='ocrx_word' id='word_1_750' title='bbox 2617 3710 2892 3772; x_wconf 71' lang='lat' dir='ltr'><strong>amicitiar,</strong></span> <span class='ocrx_word' id='word_1_751' title='bbox 2936 3709 3026 3763; x_wconf 86' lang='lat' dir='ltr'><strong>sed</strong></span> <span class='ocrx_word' id='word_1_752' title='bbox 3056 3725 3202 3761; x_wconf 85' lang='lat' dir='ltr'><strong>amor</strong></span> <span class='ocrx_word' id='word_1_753' title='bbox 3231 3710 3318 3775; x_wconf 88' lang='lat' dir='ltr'><strong>qui</strong></span> <span class='ocrx_word' id='word_1_754' title='bbox 3344 3719 3416 3763; x_wconf 90' lang='lat' dir='ltr'><strong>est</strong></span> <span class='ocrx_word' id='word_1_755' title='bbox 3444 3727 3560 3762; x_wconf 89' lang='lat' dir='ltr'><strong>cum</strong></span> <span class='ocrx_word' id='word_1_756' title='bbox 3589 3713 3756 3766; x_wconf 84' lang='lat' dir='ltr'><strong>benc-</strong></span> 
     </span>
    </p>
   </div>
   <div class='ocr_carea' id='block_1_99' title="bbox 2154 3780 3758 3852">
    <p class='ocr_par' dir='ltr' id='par_1_99' title="bbox 2154 3780 3758 3852">
     <span class='ocr_line' id='line_1_99' title="bbox 2154 3780 3758 3852; baseline -0.001 -16"><span class='ocrx_word' id='word_1_757' title='bbox 2154 3783 2414 3849; x_wconf 81' lang='lat' dir='ltr'><strong>volentia;</strong></span> <span class='ocrx_word' id='word_1_758' title='bbox 2465 3781 2671 3852; x_wconf 83' lang='lat' dir='ltr'><strong>quando</strong></span> <span class='ocrx_word' id='word_1_759' title='bbox 2715 3781 2912 3834; x_wconf 83' lang='lat' dir='ltr'><strong>scilicet</strong></span> <span class='ocrx_word' id='word_1_760' title='bbox 2945 3781 3018 3833; x_wconf 90' lang='lat' dir='ltr'><strong>sic</strong></span> <span class='ocrx_word' id='word_1_761' title='bbox 3070 3796 3305 3833; x_wconf 88' lang='lat' dir='ltr'><strong>amamus</strong></span> <span class='ocrx_word' id='word_1_762' title='bbox 3345 3780 3570 3851; x_wconf 88' lang='lat' dir='ltr'><strong>aliquem</strong></span> <span class='ocrx_word' id='word_1_763' title='bbox 3611 3797 3672 3836; x_wconf 90' lang='lat' dir='ltr'><strong>ut</strong></span> <span class='ocrx_word' id='word_1_764' title='bbox 3711 3785 3758 3837; x_wconf 92' lang='lat' dir='ltr'><strong>ei</strong></span> 
     </span>
    </p>
   </div>
   <div class='ocr_carea' id='block_1_100' title="bbox 2154 3852 3757 3908">
    <p class='ocr_par' dir='ltr' id='par_1_100' title="bbox 2154 3852 3757 3908">
     <span class='ocr_line' id='line_1_100' title="bbox 2154 3852 3757 3908; baseline 0 0"><span class='ocrx_word' id='word_1_765' title='bbox 2154 3854 2346 3908; x_wconf 88' lang='lat' dir='ltr'><strong>bonum</strong></span> <span class='ocrx_word' id='word_1_766' title='bbox 2383 3854 2616 3907; x_wconf 89' lang='lat' dir='ltr'><strong>velimus.</strong></span> <span class='ocrx_word' id='word_1_767' title='bbox 2676 3852 2738 3906; x_wconf 89' lang='lat' dir='ltr'><strong>Si</strong></span> <span class='ocrx_word' id='word_1_768' title='bbox 2777 3860 2950 3904; x_wconf 88' lang='lat' dir='ltr'><strong>autem</strong></span> <span class='ocrx_word' id='word_1_769' title='bbox 2979 3853 3127 3904; x_wconf 87' lang='lat' dir='ltr'><strong>rebus</strong></span> <span class='ocrx_word' id='word_1_770' title='bbox 3159 3852 3347 3906; x_wconf 87' lang='lat' dir='ltr'><strong>amatis</strong></span> <span class='ocrx_word' id='word_1_771' title='bbox 3397 3869 3501 3906; x_wconf 90' lang='lat' dir='ltr'><strong>non</strong></span> <span class='ocrx_word' id='word_1_772' title='bbox 3557 3854 3757 3908; x_wconf 88' lang='lat' dir='ltr'><strong>bonum</strong></span> 
     </span>
    </p>
   </div>
   <div class='ocr_carea' id='block_1_101' title="bbox 2153 3922 3757 3990">
    <p class='ocr_par' dir='ltr' id='par_1_101' title="bbox 2153 3922 3757 3990">
     <span class='ocr_line' id='line_1_101' title="bbox 2153 3922 3757 3990; baseline 0.001 -12"><span class='ocrx_word' id='word_1_773' title='bbox 2153 3927 2392 3990; x_wconf 89' lang='lat' dir='ltr'><strong>velimus,</strong></span> <span class='ocrx_word' id='word_1_774' title='bbox 2425 3925 2515 3978; x_wconf 88' lang='lat' dir='ltr'><strong>sed</strong></span> <span class='ocrx_word' id='word_1_775' title='bbox 2545 3925 2716 3990; x_wconf 89' lang='lat' dir='ltr'><strong>ipsum</strong></span> <span class='ocrx_word' id='word_1_776' title='bbox 2738 3939 2918 3976; x_wconf 89' lang='lat' dir='ltr'><strong>earum</strong></span> <span class='ocrx_word' id='word_1_777' title='bbox 2940 3922 3129 3975; x_wconf 90' lang='lat' dir='ltr'><strong>bonum</strong></span> <span class='ocrx_word' id='word_1_778' title='bbox 3155 3923 3298 3976; x_wconf 90' lang='lat' dir='ltr'><strong>nobis</strong></span> <span class='ocrx_word' id='word_1_779' title='bbox 3325 3924 3542 3978; x_wconf 87' lang='lat' dir='ltr'><strong>velimus</strong></span> <span class='ocrx_word' id='word_1_780' title='bbox 3559 3966 3573 3986; x_wconf 88' lang='lat'><strong>,</strong></span> <span class='ocrx_word' id='word_1_781' title='bbox 3622 3928 3757 3980; x_wconf 86' lang='lat' dir='ltr'><strong>sicut</strong></span> 
     </span>
    </p>
   </div>
   <div class='ocr_carea' id='block_1_102' title="bbox 2155 3995 3756 4063">
    <p class='ocr_par' dir='ltr' id='par_1_102' title="bbox 2155 3995 3756 4063">
     <span class='ocr_line' id='line_1_102' title="bbox 2155 3995 3756 4063; baseline 0.001 -14"><span class='ocrx_word' id='word_1_782' title='bbox 2155 3995 2375 4049; x_wconf 89' lang='lat' dir='ltr'><strong>dicimur</strong></span> <span class='ocrx_word' id='word_1_783' title='bbox 2395 4010 2571 4047; x_wconf 90' lang='lat' dir='ltr'><strong>amare</strong></span> <span class='ocrx_word' id='word_1_784' title='bbox 2594 3995 2788 4059; x_wconf 87' lang='lat' dir='ltr'><strong>vinum,</strong></span> <span class='ocrx_word' id='word_1_785' title='bbox 2821 4003 2911 4046; x_wconf 91' lang='lat' dir='ltr'><strong>aut</strong></span> <span class='ocrx_word' id='word_1_786' title='bbox 2939 4009 3161 4062; x_wconf 87' lang='lat' dir='ltr'><strong>equum.</strong></span> <span class='ocrx_word' id='word_1_787' title='bbox 3207 4004 3296 4047; x_wconf 89' lang='lat' dir='ltr'><strong>aut</strong></span> <span class='ocrx_word' id='word_1_788' title='bbox 3333 3995 3534 4063; x_wconf 88' lang='lat' dir='ltr'><strong>aliquid</strong></span> <span class='ocrx_word' id='word_1_789' title='bbox 3567 3999 3756 4060; x_wconf 76' lang='lat' dir='ltr'><strong>liuius—</strong></span> 
     </span>
    </p>
   </div>
   <div class='ocr_carea' id='block_1_103' title="bbox 2155 4063 3753 4134">
    <p class='ocr_par' dir='ltr' id='par_1_103' title="bbox 2155 4063 3753 4134">
     <span class='ocr_line' id='line_1_103' title="bbox 2155 4063 3753 4134; baseline 0.001 -14"><span class='ocrx_word' id='word_1_790' title='bbox 2155 4069 2317 4128; x_wconf 86' lang='lat' dir='ltr'><strong>modi,</strong></span> <span class='ocrx_word' id='word_1_791' title='bbox 2343 4083 2443 4120; x_wconf 90' lang='lat' dir='ltr'><strong>non</strong></span> <span class='ocrx_word' id='word_1_792' title='bbox 2471 4078 2542 4119; x_wconf 90' lang='lat' dir='ltr'><strong>est</strong></span> <span class='ocrx_word' id='word_1_793' title='bbox 2565 4081 2712 4118; x_wconf 91' lang='lat' dir='ltr'><strong>amor</strong></span> <span class='ocrx_word' id='word_1_794' title='bbox 2740 4065 3001 4129; x_wconf 71' lang='lat' dir='ltr'><strong>amicitiae,</strong></span> <span class='ocrx_word' id='word_1_795' title='bbox 3042 4066 3131 4118; x_wconf 86' lang='lat' dir='ltr'><strong>sed</strong></span> <span class='ocrx_word' id='word_1_796' title='bbox 3179 4063 3453 4134; x_wconf 84' lang='lat' dir='ltr'><strong>cujusdam</strong></span> <span class='ocrx_word' id='word_1_797' title='bbox 3491 4071 3753 4133; x_wconf 86' lang='lat' dir='ltr'><strong>concupi-</strong></span> 
     </span>
    </p>
   </div>
   <div class='ocr_carea' id='block_1_104' title="bbox 2153 4135 3757 4206">
    <p class='ocr_par' dir='ltr' id='par_1_104' title="bbox 2153 4135 3757 4206">
     <span class='ocr_line' id='line_1_104' title="bbox 2153 4135 3757 4206; baseline 0 -14"><span class='ocrx_word' id='word_1_798' title='bbox 2153 4140 2380 4193; x_wconf 70' lang='lat' dir='ltr'><strong>scentiae.</strong></span> <span class='ocrx_word' id='word_1_799' title='bbox 2407 4137 2710 4190; x_wconf 81' lang='lat' dir='ltr'><strong>Ridiculum</strong></span> <span class='ocrx_word' id='word_1_800' title='bbox 2739 4136 2877 4188; x_wconf 88' lang='lat' dir='ltr'><strong>enim</strong></span> <span class='ocrx_word' id='word_1_801' title='bbox 2902 4146 2976 4189; x_wconf 90' lang='lat' dir='ltr'><strong>est</strong></span> <span class='ocrx_word' id='word_1_802' title='bbox 3006 4135 3178 4191; x_wconf 86' lang='lat' dir='ltr'><strong>dicere</strong></span> <span class='ocrx_word' id='word_1_803' title='bbox 3203 4137 3342 4206; x_wconf 91' lang='lat' dir='ltr'><strong>quod</strong></span> <span class='ocrx_word' id='word_1_804' title='bbox 3371 4137 3568 4206; x_wconf 83' lang='lat' dir='ltr'><strong>aliquis</strong></span> <span class='ocrx_word' id='word_1_805' title='bbox 3600 4140 3757 4192; x_wconf 85' lang='lat' dir='ltr'><strong>habet</strong></span> 
     </span>
    </p>
   </div>
   <div class='ocr_carea' id='block_1_105' title="bbox 2152 4206 3757 4289">
    <p class='ocr_par' dir='ltr' id='par_1_105' title="bbox 2152 4206 3757 4289">
     <span class='ocr_line' id='line_1_105' title="bbox 2152 4206 3757 4289; baseline 0 -26"><span class='ocrx_word' id='word_1_806' title='bbox 2152 4210 2431 4289; x_wconf 67' lang='lat' dir='ltr'><strong>amicitiam</strong></span> <span class='ocrx_word' id='word_1_807' title='bbox 2451 4209 2518 4289; x_wconf 78' lang='lat' dir='ltr'><strong>ad</strong></span> <span class='ocrx_word' id='word_1_808' title='bbox 2538 4208 2713 4289; x_wconf 74' lang='lat' dir='ltr'><strong>vinum</strong></span> <span class='ocrx_word' id='word_1_809' title='bbox 2741 4206 2820 4260; x_wconf 89' lang='lat' dir='ltr'><strong>vel</strong></span> <span class='ocrx_word' id='word_1_810' title='bbox 2835 4207 2903 4259; x_wconf 88' lang='lat' dir='ltr'><strong>ad</strong></span> <span class='ocrx_word' id='word_1_811' title='bbox 2931 4223 3136 4289; x_wconf 75' lang='lat' dir='ltr'><strong>equum.</strong></span> <span class='ocrx_word' id='word_1_812' title='bbox 3161 4207 3374 4289; x_wconf 28' lang='lat' dir='ltr'><strong>SedAnec</strong></span> <span class='ocrx_word' id='word_1_813' title='bbox 3395 4208 3757 4289; x_wconf 76' lang='lat' dir='ltr'><strong>benevolentia</strong></span> 
     </span>
    </p>
   </div>
   <div class='ocr_carea' id='block_1_106' title="bbox 2152 4278 3758 4350">
    <p class='ocr_par' dir='ltr' id='par_1_106' title="bbox 2152 4278 3758 4350">
     <span class='ocr_line' id='line_1_106' title="bbox 2152 4278 3758 4350; baseline 0.001 -16"><span class='ocrx_word' id='word_1_814' title='bbox 2152 4281 2268 4334; x_wconf 90' lang='lat' dir='ltr'><strong>sola</strong></span> <span class='ocrx_word' id='word_1_815' title='bbox 2300 4280 2484 4350; x_wconf 69' lang='lat' dir='ltr'><strong>sufﬁcit</strong></span> <span class='ocrx_word' id='word_1_816' title='bbox 2510 4279 2580 4331; x_wconf 92' lang='lat' dir='ltr'><strong>ad</strong></span> <span class='ocrx_word' id='word_1_817' title='bbox 2609 4279 2862 4331; x_wconf 89' lang='lat' dir='ltr'><strong>rationem</strong></span> <span class='ocrx_word' id='word_1_818' title='bbox 2882 4278 3161 4343; x_wconf 68' lang='lat' dir='ltr'><strong>amicitia;</strong></span> <span class='ocrx_word' id='word_1_819' title='bbox 3189 4278 3278 4332; x_wconf 90' lang='lat' dir='ltr'><strong>sed</strong></span> <span class='ocrx_word' id='word_1_820' title='bbox 3299 4279 3585 4348; x_wconf 84' lang='lat' dir='ltr'><strong>requiritur</strong></span> <span class='ocrx_word' id='word_1_821' title='bbox 3609 4299 3758 4347; x_wconf 81' lang='lat' dir='ltr'><strong>qua!-</strong></span> 
     </span>
    </p>
   </div>
   <div class='ocr_carea' id='block_1_107' title="bbox 2153 4349 3756 4414">
    <p class='ocr_par' dir='ltr' id='par_1_107' title="bbox 2153 4349 3756 4414">
     <span class='ocr_line' id='line_1_107' title="bbox 2153 4349 3756 4414; baseline 0 -10"><span class='ocrx_word' id='word_1_822' title='bbox 2153 4352 2271 4404; x_wconf 85' lang='lat' dir='ltr'><strong>dam</strong></span> <span class='ocrx_word' id='word_1_823' title='bbox 2294 4349 2472 4404; x_wconf 82' lang='lat' dir='ltr'><strong>mutua</strong></span> <span class='ocrx_word' id='word_1_824' title='bbox 2493 4351 2704 4414; x_wconf 82' lang='lat' dir='ltr'><strong>amatio,</strong></span> <span class='ocrx_word' id='word_1_825' title='bbox 2723 4351 2847 4412; x_wconf 87' lang='lat' dir='ltr'><strong>quia</strong></span> <span class='ocrx_word' id='word_1_826' title='bbox 2866 4349 3061 4403; x_wconf 89' lang='lat' dir='ltr'><strong>amicus</strong></span> <span class='ocrx_word' id='word_1_827' title='bbox 3077 4359 3150 4404; x_wconf 91' lang='lat' dir='ltr'><strong>est</strong></span> <span class='ocrx_word' id='word_1_828' title='bbox 3173 4351 3338 4403; x_wconf 91' lang='lat' dir='ltr'><strong>amico</strong></span> <span class='ocrx_word' id='word_1_829' title='bbox 3363 4350 3583 4403; x_wconf 84' lang='lat' dir='ltr'><strong>amicus.</strong></span> <span class='ocrx_word' id='word_1_830' title='bbox 3605 4351 3756 4406; x_wconf 84' lang='lat' dir='ltr'><strong>Talis</strong></span> 
     </span>
    </p>
   </div>
   <div class='ocr_carea' id='block_1_108' title="bbox 2152 4420 3755 4490">
    <p class='ocr_par' dir='ltr' id='par_1_108' title="bbox 2152 4420 3755 4490">
     <span class='ocr_line' id='line_1_108' title="bbox 2152 4420 3755 4490; baseline 0.002 -15"><span class='ocrx_word' id='word_1_831' title='bbox 2152 4433 2325 4476; x_wconf 90' lang='lat' dir='ltr'><strong>autem</strong></span> <span class='ocrx_word' id='word_1_832' title='bbox 2356 4431 2535 4475; x_wconf 89' lang='lat' dir='ltr'><strong>mutua</strong></span> <span class='ocrx_word' id='word_1_833' title='bbox 2562 4420 2905 4474; x_wconf 87' lang='lat' dir='ltr'><strong>benevolentia</strong></span> <span class='ocrx_word' id='word_1_834' title='bbox 2945 4421 3191 4488; x_wconf 78' lang='lat' dir='ltr'><strong>fundatur</strong></span> <span class='ocrx_word' id='word_1_835' title='bbox 3217 4437 3374 4490; x_wconf 90' lang='lat' dir='ltr'><strong>super</strong></span> <span class='ocrx_word' id='word_1_836' title='bbox 3399 4422 3580 4490; x_wconf 89' lang='lat' dir='ltr'><strong>aliqua</strong></span> <span class='ocrx_word' id='word_1_837' title='bbox 3612 4441 3755 4478; x_wconf 85' lang='lat' dir='ltr'><strong>com-</strong></span> 
     </span>
    </p>
   </div>
   <div class='ocr_carea' id='block_1_109' title="bbox 2155 4491 3754 4562">
    <p class='ocr_par' dir='ltr' id='par_1_109' title="bbox 2155 4491 3754 4562">
     <span class='ocr_line' id='line_1_109' title="bbox 2155 4491 3754 4562; baseline 0.002 -17"><span class='ocrx_word' id='word_1_838' title='bbox 2155 4495 2523 4547; x_wconf 87' lang='lat' dir='ltr'><strong>municatione.</strong></span> <span class='ocrx_word' id='word_1_839' title='bbox 2558 4491 2687 4545; x_wconf 85' lang='lat' dir='ltr'><strong>Cum</strong></span> <span class='ocrx_word' id='word_1_840' title='bbox 2714 4507 2835 4559; x_wconf 83' lang='lat' dir='ltr'><strong>ergo</strong></span> <span class='ocrx_word' id='word_1_841' title='bbox 2863 4491 2926 4544; x_wconf 90' lang='lat' dir='ltr'><strong>sit</strong></span> <span class='ocrx_word' id='word_1_842' title='bbox 2949 4491 3125 4562; x_wconf 90' lang='lat' dir='ltr'><strong>aliqua</strong></span> <span class='ocrx_word' id='word_1_843' title='bbox 3149 4492 3544 4545; x_wconf 87' lang='lat' dir='ltr'><strong>communicatio</strong></span> <span class='ocrx_word' id='word_1_844' title='bbox 3573 4496 3754 4548; x_wconf 85' lang='lat' dir='ltr'><strong>homi-</strong></span> 
     </span>
    </p>
   </div>
   <div class='ocr_carea' id='block_1_110' title="bbox 2152 4564 3751 4632">
    <p class='ocr_par' dir='ltr' id='par_1_110' title="bbox 2152 4564 3751 4632">
     <span class='ocr_line' id='line_1_110' title="bbox 2152 4564 3751 4632; baseline 0.001 -14"><span class='ocrx_word' id='word_1_845' title='bbox 2152 4566 2232 4618; x_wconf 88' lang='lat' dir='ltr'><strong>nis</strong></span> <span class='ocrx_word' id='word_1_846' title='bbox 2260 4565 2328 4617; x_wconf 87' lang='lat' dir='ltr'><strong>ad</strong></span> <span class='ocrx_word' id='word_1_847' title='bbox 2355 4564 2541 4632; x_wconf 87' lang='lat' dir='ltr'><strong>Deum,</strong></span> <span class='ocrx_word' id='word_1_848' title='bbox 2566 4564 2846 4616; x_wconf 90' lang='lat' dir='ltr'><strong>secundum</strong></span> <span class='ocrx_word' id='word_1_849' title='bbox 2876 4564 3012 4629; x_wconf 88' lang='lat' dir='ltr'><strong>quod</strong></span> <span class='ocrx_word' id='word_1_850' title='bbox 3032 4579 3183 4616; x_wconf 90' lang='lat' dir='ltr'><strong>suam</strong></span> <span class='ocrx_word' id='word_1_851' title='bbox 3206 4564 3574 4617; x_wconf 86' lang='lat' dir='ltr'><strong>beatitudinem</strong></span> <span class='ocrx_word' id='word_1_852' title='bbox 3599 4566 3751 4620; x_wconf 86' lang='lat' dir='ltr'><strong>nobis</strong></span> 
     </span>
    </p>
   </div>
   <div class='ocr_carea' id='block_1_111' title="bbox 2152 4634 3752 4707">
    <p class='ocr_par' dir='ltr' id='par_1_111' title="bbox 2152 4634 3752 4707">
     <span class='ocr_line' id='line_1_111' title="bbox 2152 4634 3752 4707; baseline 0.001 -19"><span class='ocrx_word' id='word_1_853' title='bbox 2152 4635 2744 4707; x_wconf 74' lang='lat' dir='ltr'><strong>communicat,_super</strong></span> <span class='ocrx_word' id='word_1_854' title='bbox 2794 4636 2939 4707; x_wconf 79' lang='lat' dir='ltr'><strong>hanc</strong></span> <span class='ocrx_word' id='word_1_855' title='bbox 2969 4634 3490 4707; x_wconf 80' lang='lat' dir='ltr'><strong>communicationem</strong></span> <span class='ocrx_word' id='word_1_856' title='bbox 3539 4648 3752 4707; x_wconf 83' lang='lat' dir='ltr'><strong>apartet</strong></span> 
     </span>
    </p>
   </div>
   <div class='ocr_carea' id='block_1_112' title="bbox 2151 4703 3752 4775">
    <p class='ocr_par' dir='ltr' id='par_1_112' title="bbox 2151 4703 3752 4775">
     <span class='ocr_line' id='line_1_112' title="bbox 2151 4703 3752 4775; baseline 0.001 -16"><span class='ocrx_word' id='word_1_857' title='bbox 2151 4707 2386 4769; x_wconf 87' lang='lat' dir='ltr'><strong>aliquam</strong></span> <span class='ocrx_word' id='word_1_858' title='bbox 2413 4703 2707 4775; x_wconf 68' lang='lat' dir='ltr'><strong>amicitiam</strong></span> <span class='ocrx_word' id='word_1_859' title='bbox 2729 4703 2970 4775; x_wconf 80' lang='lat' dir='ltr'><strong>fundari,</strong></span> <span class='ocrx_word' id='word_1_860' title='bbox 3006 4705 3077 4775; x_wconf 72' lang='lat' dir='ltr'><strong>de</strong></span> <span class='ocrx_word' id='word_1_861' title='bbox 3096 4722 3197 4774; x_wconf 88' lang='lat' dir='ltr'><strong>qua</strong></span> <span class='ocrx_word' id='word_1_862' title='bbox 3221 4704 3428 4775; x_wconf 77' lang='lat' dir='ltr'><strong>quidem</strong></span> <span class='ocrx_word' id='word_1_863' title='bbox 3456 4703 3752 4760; x_wconf 79' lang='lat' dir='ltr'><strong>communi-</strong></span> 
     </span>
    </p>
   </div>
   <div class='ocr_carea' id='block_1_113' title="bbox 461 4772 3749 4897">
    <p class='ocr_par' dir='ltr' id='par_1_113' title="bbox 461 4772 3749 4897">
     <span class='ocr_line' id='line_1_113' title="bbox 461 4772 3749 4897; baseline 0.002 -73"><span class='ocrx_word' id='word_1_864' title='bbox 461 4773 689 4825; x_wconf 89' lang='lat' dir='ltr'><strong>amicitia</strong></span> <span class='ocrx_word' id='word_1_865' title='bbox 712 4784 784 4827; x_wconf 88' lang='lat' dir='ltr'><strong>est</strong></span> <span class='ocrx_word' id='word_1_866' title='bbox 803 4817 817 4840; x_wconf 92' lang='lat'><strong>,</strong></span> <span class='ocrx_word' id='word_1_867' title='bbox 850 4789 952 4842; x_wconf 91' lang='lat' dir='ltr'><strong>qua</strong></span> <span class='ocrx_word' id='word_1_868' title='bbox 985 4775 1080 4826; x_wconf 88' lang='lat' dir='ltr'><strong>viri</strong></span> <span class='ocrx_word' id='word_1_869' title='bbox 1120 4775 1236 4827; x_wconf 86' lang='lat' dir='ltr'><strong>boni</strong></span> <span class='ocrx_word' id='word_1_870' title='bbox 1249 4776 1372 4897; x_wconf 60' lang='lat' dir='ltr'><strong>Bari</strong></span> <span class='ocrx_word' id='word_1_871' title='bbox 1400 4775 1580 4829; x_wconf 87' lang='lat' dir='ltr'><strong>virtute</strong></span> <span class='ocrx_word' id='word_1_872' title='bbox 1611 4772 1812 4842; x_wconf 68' lang='lat' dir='ltr'><strong>praediti</strong></span> <span class='ocrx_word' id='word_1_873' title='bbox 1843 4772 1974 4831; x_wconf 84' lang='lat' dir='ltr'><strong>inter</strong></span> <span class='ocrx_word' id='word_1_874' title='bbox 1997 4772 2050 4833; x_wconf 83' lang='lat' dir='ltr'><strong>se</strong></span> <span class='ocrx_word' id='word_1_875' title='bbox 2076 4772 2130 4833; x_wconf 88' lang='lat' dir='ltr'><strong>D</strong></span> <span class='ocrx_word' id='word_1_876' title='bbox 2153 4778 2352 4832; x_wconf 89' lang='lat' dir='ltr'><strong>catione</strong></span> <span class='ocrx_word' id='word_1_877' title='bbox 2383 4777 2577 4830; x_wconf 90' lang='lat' dir='ltr'><strong>dicitur</strong></span> <span class='ocrx_word' id='word_1_878' title='bbox 2607 4775 2623 4829; x_wconf 93' lang='grc' dir='ltr'><strong>Ι</strong></span> <span class='ocrx_word' id='word_1_879' title='bbox 2669 4772 2906 4828; x_wconf 77' lang='lat' dir='ltr'><strong>Cbrinth.</strong></span> <span class='ocrx_word' id='word_1_880' title='bbox 2941 4791 2956 4830; x_wconf 84' lang='grc' dir='ltr'>ι</span> <span class='ocrx_word' id='word_1_881' title='bbox 2985 4794 2996 4827; x_wconf 88' lang='lat'><strong>:</strong></span> <span class='ocrx_word' id='word_1_882' title='bbox 3031 4772 3240 4830; x_wconf 78' lang='lat' dir='ltr'><strong>Fidelis</strong></span> <span class='ocrx_word' id='word_1_883' title='bbox 3264 4772 3407 4828; x_wconf 89' lang='lat' dir='ltr'><strong>Deus</strong></span> <span class='ocrx_word' id='word_1_884' title='bbox 3428 4816 3443 4839; x_wconf 94' lang='lat'><strong>,</strong></span> <span class='ocrx_word' id='word_1_885' title='bbox 3473 4792 3567 4844; x_wconf 86' lang='lat' dir='ltr'><strong>per</strong></span> <span class='ocrx_word' id='word_1_886' title='bbox 3594 4794 3749 4848; x_wconf 77' lang='lat' dir='ltr'><strong>quem</strong></span> 
     </span>
     <span class='ocr_line' id='line_1_114' title="bbox 461 4845 3749 4897; baseline 0 -1"><span class='ocrx_word' id='word_1_887' title='bbox 461 4845 725 4897; x_wconf 87' lang='lat' dir='ltr'><strong>coniuncti</strong></span> <span class='ocrx_word' id='word_1_888' title='bbox 756 4856 872 4897; x_wconf 89' lang='lat' dir='ltr'><strong>sunt</strong></span> <span class='ocrx_word' id='word_1_889' title='bbox 893 4854 939 4897; x_wconf 90' lang='lat' dir='ltr'><strong>et</strong></span> <span class='ocrx_word' id='word_1_890' title='bbox 968 4845 1218 4897; x_wconf 83' lang='lat' dir='ltr'><strong>conuloti.</strong></span> <span class='ocrx_word' id='word_1_891' title='bbox 1298 4845 1492 4897; x_wconf 86' lang='lat' dir='ltr'><strong>enioue</strong></span> <span class='ocrx_word' id='word_1_892' title='bbox 1520 4846 1727 4897; x_wconf 88' lang='lat' dir='ltr'><strong>Tullius</strong></span> <span class='ocrx_word' id='word_1_893' title='bbox 1752 4848 1929 4897; x_wconf 79' lang='lat' dir='ltr'><strong>(cuius</strong></span> <span class='ocrx_word' id='word_1_894' title='bbox 1959 4860 2048 4897; x_wconf 77' lang='lat' dir='ltr'><strong>est</strong></span> <span class='ocrx_word' id='word_1_895' title='bbox 2148 4851 2318 4897; x_wconf 84' lang='lat' dir='ltr'><strong>vocali</strong></span> <span class='ocrx_word' id='word_1_896' title='bbox 2343 4851 2466 4897; x_wconf 82' lang='lat' dir='ltr'><strong>estis</strong></span> <span class='ocrx_word' id='word_1_897' title='bbox 2509 4847 2564 4897; x_wconf 89' lang='lat' dir='ltr'><strong>in</strong></span> <span class='ocrx_word' id='word_1_898' title='bbox 2596 4846 2894 4897; x_wconf 84' lang='lat' dir='ltr'><strong>societatem</strong></span> <span class='ocrx_word' id='word_1_899' title='bbox 2918 4847 3012 4897; x_wconf 81' lang='lat' dir='ltr'><strong>lilii</strong></span> <span class='ocrx_word' id='word_1_900' title='bbox 3038 4850 3171 4897; x_wconf 86' lang='lat' dir='ltr'><strong>eius.</strong></span> <span class='ocrx_word' id='word_1_901' title='bbox 3203 4848 3359 4897; x_wconf 83' lang='lat' dir='ltr'><strong>Amor</strong></span> <span class='ocrx_word' id='word_1_902' title='bbox 3383 4855 3557 4897; x_wconf 84' lang='lat' dir='ltr'><strong>autem</strong></span> <span class='ocrx_word' id='word_1_903' title='bbox 3587 4865 3749 4897; x_wconf 73' lang='lat' dir='ltr'><strong>sum</strong></span> 
     </span>
    </p>
   </div>
   <div class='ocr_carea' id='block_1_114' title="bbox 461 4845 2048 4918">
    <p class='ocr_par' dir='ltr' id='par_1_114' title="bbox 461 4845 2048 4918">
     <span class='ocr_line' id='line_1_115' title="bbox 461 4845 2048 4918; baseline 0.006 -23"><span class='ocrx_word' id='word_1_904' title='bbox 461 4845 725 4918; x_wconf 77' lang='lat' dir='ltr'><strong>conjuncti</strong></span> <span class='ocrx_word' id='word_1_905' title='bbox 754 4856 872 4918; x_wconf 76' lang='lat' dir='ltr'><strong>sunt</strong></span> <span class='ocrx_word' id='word_1_906' title='bbox 893 4854 939 4899; x_wconf 91' lang='lat' dir='ltr'><strong>et</strong></span> <span class='ocrx_word' id='word_1_907' title='bbox 968 4845 1218 4918; x_wconf 73' lang='lat' dir='ltr'><strong>copulati.</strong></span> <span class='ocrx_word' id='word_1_908' title='bbox 1249 4845 1492 4918; x_wconf 78' lang='lat' dir='ltr'><strong>Denique</strong></span> <span class='ocrx_word' id='word_1_909' title='bbox 1520 4846 1727 4900; x_wconf 88' lang='lat' dir='ltr'><strong>Tullius</strong></span> <span class='ocrx_word' id='word_1_910' title='bbox 1752 4848 1929 4918; x_wconf 87' lang='lat' dir='ltr'><strong>(cujus</strong></span> <span class='ocrx_word' id='word_1_911' title='bbox 1959 4860 2048 4904; x_wconf 87' lang='lat' dir='ltr'><strong>est</strong></span> 
     </span>
    </p>
   </div>
   <div class='ocr_carea' id='block_1_115' title="bbox 461 4913 2044 4988">
    <p class='ocr_par' dir='ltr' id='par_1_115' title="bbox 461 4913 2044 4988">
     <span class='ocr_line' id='line_1_116' title="bbox 461 4913 2044 4988; baseline 0.004 -20"><span class='ocrx_word' id='word_1_912' title='bbox 461 4913 796 4988; x_wconf 79' lang='lat' dir='ltr'><strong>de_Amicitia</strong></span> <span class='ocrx_word' id='word_1_913' title='bbox 823 4916 977 4988; x_wconf 89' lang='lat' dir='ltr'><strong>liber,</strong></span> <span class='ocrx_word' id='word_1_914' title='bbox 1002 4913 1160 4984; x_wconf 80' lang='lat' dir='ltr'><strong>quem</strong></span> <span class='ocrx_word' id='word_1_915' title='bbox 1185 4913 1417 4970; x_wconf 24' lang='lat' dir='ltr'><strong>Ltelium‘</strong></span> <span class='ocrx_word' id='word_1_916' title='bbox 1435 4913 1853 4988; x_wconf 50' lang='lat' dir='ltr'><strong>inscripsit):&#39;Ut&#39;</strong></span> <span class='ocrx_word' id='word_1_917' title='bbox 1875 4919 1930 4986; x_wconf 89' lang='lat' dir='ltr'><strong>ii,</strong></span> <span class='ocrx_word' id='word_1_918' title='bbox 1959 4920 2044 4974; x_wconf 91' lang='lat' dir='ltr'><strong>in-</strong></span> 
     </span>
    </p>
   </div>
   <div class='ocr_carea' id='block_1_116' title="bbox 459 4984 2046 5058">
    <p class='ocr_par' dir='ltr' id='par_1_116' title="bbox 459 4984 2046 5058">
     <span class='ocr_line' id='line_1_117' title="bbox 459 4984 2046 5058; baseline 0.004 -21"><span class='ocrx_word' id='word_1_919' title='bbox 459 4984 612 5058; x_wconf 75' lang='lat' dir='ltr'><strong>quit,</strong></span> <span class='ocrx_word' id='word_1_920' title='bbox 641 4987 729 5058; x_wconf 86' lang='lat' dir='ltr'><strong>qui</strong></span> <span class='ocrx_word' id='word_1_921' title='bbox 754 4987 954 5058; x_wconf 69' lang='lat' dir='ltr'><strong>suntin</strong></span> <span class='ocrx_word' id='word_1_922' title='bbox 979 4988 1207 5040; x_wconf 86' lang='lat' dir='ltr'><strong>amicitia</strong></span> <span class='ocrx_word' id='word_1_923' title='bbox 1235 4989 1523 5053; x_wconf 88' lang='lat' dir='ltr'><strong>superiores</strong></span> <span class='ocrx_word' id='word_1_924' title='bbox 1552 4984 1822 5058; x_wconf 65' lang='lat' dir='ltr'><strong>eaiwqriare</strong></span> <span class='ocrx_word' id='word_1_925' title='bbox 1847 5007 1901 5044; x_wconf 89' lang='lat' dir='ltr'><strong>se</strong></span> <span class='ocrx_word' id='word_1_926' title='bbox 1919 4984 2046 5044; x_wconf 83' lang='lat' dir='ltr'><strong>cum</strong></span> 
     </span>
    </p>
   </div>
   <div class='ocr_carea' id='block_1_117' title="bbox 457 5055 2046 5127">
    <p class='ocr_par' dir='ltr' id='par_1_117' title="bbox 457 5055 2046 5127">
     <span class='ocr_line' id='line_1_118' title="bbox 457 5055 2046 5127; baseline 0.005 -19"><span class='ocrx_word' id='word_1_927' title='bbox 457 5055 788 5123; x_wconf 79' lang='lat' dir='ltr'><strong>inferioribus</strong></span> <span class='ocrx_word' id='word_1_928' title='bbox 813 5055 1024 5122; x_wconf 88' lang='lat' dir='ltr'><strong>debent,</strong></span> <span class='ocrx_word' id='word_1_929' title='bbox 1057 5059 1130 5110; x_wconf 87' lang='lat' dir='ltr'><strong>sic</strong></span> <span class='ocrx_word' id='word_1_930' title='bbox 1160 5059 1426 5127; x_wconf 83' lang='lat' dir='ltr'><strong>inferiores</strong></span> <span class='ocrx_word' id='word_1_931' title='bbox 1454 5059 1638 5113; x_wconf 87' lang='lat' dir='ltr'><strong>docere</strong></span> <span class='ocrx_word' id='word_1_932' title='bbox 1667 5055 1769 5114; x_wconf 81' lang='lat' dir='ltr'><strong>non</strong></span> <span class='ocrx_word' id='word_1_933' title='bbox 1791 5061 1972 5115; x_wconf 88' lang='lat' dir='ltr'><strong>debent</strong></span> <span class='ocrx_word' id='word_1_934' title='bbox 1993 5079 2046 5116; x_wconf 90' lang='lat' dir='ltr'><strong>se</strong></span> 
     </span>
    </p>
   </div>
   <div class='ocr_carea' id='block_1_118' title="bbox 457 5127 2049 5203">
    <p class='ocr_par' dir='ltr' id='par_1_118' title="bbox 457 5127 2049 5203">
     <span class='ocr_line' id='line_1_119' title="bbox 457 5127 2049 5203; baseline 0.005 -24"><span class='ocrx_word' id='word_1_935' title='bbox 457 5143 493 5179; x_wconf 84' lang='lat' dir='ltr'><strong>ts</strong></span> <span class='ocrx_word' id='word_1_936' title='bbox 515 5127 620 5180; x_wconf 88' lang='lat' dir='ltr'><strong>suis</strong></span> <span class='ocrx_word' id='word_1_937' title='bbox 646 5128 856 5203; x_wconf 77' lang='lat' dir='ltr'><strong>amicis,</strong></span> <span class='ocrx_word' id='word_1_938' title='bbox 887 5139 975 5180; x_wconf 92' lang='lat' dir='ltr'><strong>aut</strong></span> <span class='ocrx_word' id='word_1_939' title='bbox 1005 5130 1228 5199; x_wconf 84' lang='lat' dir='ltr'><strong>ingenio,</strong></span> <span class='ocrx_word' id='word_1_940' title='bbox 1280 5139 1373 5182; x_wconf 91' lang='lat' dir='ltr'><strong>aut</strong></span> <span class='ocrx_word' id='word_1_941' title='bbox 1400 5129 1608 5203; x_wconf 66' lang='lat' dir='ltr'><strong>fortuna</strong></span> <span class='ocrx_word' id='word_1_942' title='bbox 1631 5172 1644 5197; x_wconf 91' lang='lat'><strong>,</strong></span> <span class='ocrx_word' id='word_1_943' title='bbox 1682 5142 1770 5184; x_wconf 82' lang='lat' dir='ltr'><strong>aut</strong></span> <span class='ocrx_word' id='word_1_944' title='bbox 1800 5131 2049 5203; x_wconf 85' lang='lat' dir='ltr'><strong>dignitate</strong></span> 
     </span>
    </p>
   </div>
   <div class='ocr_carea' id='block_1_119' title="bbox 458 5199 2046 5272">
    <p class='ocr_par' dir='ltr' id='par_1_119' title="bbox 458 5199 2046 5272">
     <span class='ocr_line' id='line_1_120' title="bbox 458 5199 2046 5272; baseline 0.005 -22"><span class='ocrx_word' id='word_1_945' title='bbox 458 5199 716 5267; x_wconf 89' lang='lat' dir='ltr'><strong>superari.</strong></span> <span class='ocrx_word' id='word_1_946' title='bbox 751 5199 996 5272; x_wconf 90' lang='lat' dir='ltr'><strong>Dispares</strong></span> <span class='ocrx_word' id='word_1_947' title='bbox 1022 5202 1156 5272; x_wconf 85' lang='lat' dir='ltr'><strong>enim</strong></span> <span class='ocrx_word' id='word_1_948' title='bbox 1182 5216 1344 5272; x_wconf 82' lang='lat' dir='ltr'><strong>mores</strong></span> <span class='ocrx_word' id='word_1_949' title='bbox 1373 5202 1600 5272; x_wconf 89' lang='lat' dir='ltr'><strong>disparia</strong></span> <span class='ocrx_word' id='word_1_950' title='bbox 1634 5205 1804 5256; x_wconf 86' lang='lat' dir='ltr'><strong>studia</strong></span> <span class='ocrx_word' id='word_1_951' title='bbox 1827 5199 2046 5272; x_wconf 75' lang='lat' dir='ltr'><strong>sequun-</strong></span> 
     </span>
    </p>
   </div>
   <div class='ocr_carea' id='block_1_120' title="bbox 459 5269 2044 5340">
    <p class='ocr_par' dir='ltr' id='par_1_120' title="bbox 459 5269 2044 5340">
     <span class='ocr_line' id='line_1_121' title="bbox 459 5269 2044 5340; baseline 0.006 -20"><span class='ocrx_word' id='word_1_952' title='bbox 459 5278 565 5332; x_wconf 87' lang='lat' dir='ltr'><strong>tur,</strong></span> <span class='ocrx_word' id='word_1_953' title='bbox 600 5285 818 5338; x_wconf 88' lang='lat' dir='ltr'><strong>quorum</strong></span> <span class='ocrx_word' id='word_1_954' title='bbox 861 5269 1230 5324; x_wconf 78' lang='lat' dir='ltr'><strong>dissimilitudo</strong></span> <span class='ocrx_word' id='word_1_955' title='bbox 1268 5269 1511 5326; x_wconf 81' lang='lat' dir='ltr'><strong>dissociat</strong></span> <span class='ocrx_word' id='word_1_956' title='bbox 1536 5274 1831 5340; x_wconf 89' lang='lat' dir='ltr'><strong>amicitias;</strong></span> <span class='ocrx_word' id='word_1_957' title='bbox 1862 5269 1952 5330; x_wconf 82' lang='lat' dir='ltr'><strong>nec</strong></span> <span class='ocrx_word' id='word_1_958' title='bbox 1981 5277 2044 5330; x_wconf 91' lang='lat' dir='ltr'><strong>ob</strong></span> 
     </span>
    </p>
   </div>
   <div class='ocr_carea' id='block_1_121' title="bbox 459 5340 2045 5411">
    <p class='ocr_par' dir='ltr' id='par_1_121' title="bbox 459 5340 2045 5411">
     <span class='ocr_line' id='line_1_122' title="bbox 459 5340 2045 5411; baseline 0.006 -19"><span class='ocrx_word' id='word_1_959' title='bbox 459 5340 618 5392; x_wconf 86' lang='lat' dir='ltr'><strong>aliam</strong></span> <span class='ocrx_word' id='word_1_960' title='bbox 638 5357 846 5394; x_wconf 88' lang='lat' dir='ltr'><strong>causam</strong></span> <span class='ocrx_word' id='word_1_961' title='bbox 867 5342 985 5395; x_wconf 88' lang='lat' dir='ltr'><strong>boni</strong></span> <span class='ocrx_word' id='word_1_962' title='bbox 1009 5343 1270 5411; x_wconf 87' lang='lat' dir='ltr'><strong>improbis,</strong></span> <span class='ocrx_word' id='word_1_963' title='bbox 1306 5343 1525 5408; x_wconf 80' lang='lat' dir='ltr'><strong>improbi</strong></span> <span class='ocrx_word' id='word_1_964' title='bbox 1558 5345 1730 5410; x_wconf 88' lang='lat' dir='ltr'><strong>bonis,</strong></span> <span class='ocrx_word' id='word_1_965' title='bbox 1753 5347 1906 5400; x_wconf 86' lang='lat' dir='ltr'><strong>amici</strong></span> <span class='ocrx_word' id='word_1_966' title='bbox 1936 5363 2045 5401; x_wconf 87' lang='lat' dir='ltr'><strong>esse</strong></span> 
     </span>
    </p>
   </div>
   <div class='ocr_carea' id='block_1_122' title="bbox 457 5413 2044 5486">
    <p class='ocr_par' dir='ltr' id='par_1_122' title="bbox 457 5413 2044 5486">
     <span class='ocr_line' id='line_1_123' title="bbox 457 5413 2044 5486; baseline 0.005 -23"><span class='ocrx_word' id='word_1_967' title='bbox 457 5426 560 5463; x_wconf 82' lang='lat' dir='ltr'><strong>non</strong></span> <span class='ocrx_word' id='word_1_968' title='bbox 579 5423 807 5479; x_wconf 88' lang='lat' dir='ltr'><strong>possunt,</strong></span> <span class='ocrx_word' id='word_1_969' title='bbox 823 5413 923 5466; x_wconf 87' lang='lat' dir='ltr'><strong>nisi</strong></span> <span class='ocrx_word' id='word_1_970' title='bbox 941 5416 1078 5482; x_wconf 89' lang='lat' dir='ltr'><strong>quod</strong></span> <span class='ocrx_word' id='word_1_971' title='bbox 1093 5424 1232 5468; x_wconf 88' lang='lat' dir='ltr'><strong>tanta</strong></span> <span class='ocrx_word' id='word_1_972' title='bbox 1253 5415 1466 5468; x_wconf 86' lang='lat' dir='ltr'><strong>estinter</strong></span> <span class='ocrx_word' id='word_1_973' title='bbox 1481 5430 1590 5479; x_wconf 89' lang='lat' dir='ltr'><strong>eos,</strong></span> <span class='ocrx_word' id='word_1_974' title='bbox 1605 5427 1794 5486; x_wconf 87' lang='lat' dir='ltr'><strong>quanta</strong></span> <span class='ocrx_word' id='word_1_975' title='bbox 1814 5419 2044 5472; x_wconf 81' lang='lat' dir='ltr'><strong>maxima</strong></span> 
     </span>
    </p>
   </div>
   <div class='ocr_carea' id='block_1_123' title="bbox 455 5486 2039 5606">
    <p class='ocr_par' dir='ltr' id='par_1_123' title="bbox 455 5486 2039 5606">
     <span class='ocr_line' id='line_1_124' title="bbox 455 5486 2039 5606; baseline 0.006 -72"><span class='ocrx_word' id='word_1_976' title='bbox 455 5490 624 5606; x_wconf 55' lang='lat' dir='ltr'><strong>ﬁatut</strong></span> <span class='ocrx_word' id='word_1_977' title='bbox 672 5499 799 5546; x_wconf 87' lang='lat' dir='ltr'><strong>esse,</strong></span> <span class='ocrx_word' id='word_1_978' title='bbox 831 5500 1032 5537; x_wconf 91' lang='lat' dir='ltr'><strong>morum</strong></span> <span class='ocrx_word' id='word_1_979' title='bbox 1058 5486 1447 5557; x_wconf 88' lang='lat' dir='ltr'><strong>studiorumque</strong></span> <span class='ocrx_word' id='word_1_980' title='bbox 1478 5487 1746 5542; x_wconf 87' lang='lat' dir='ltr'><strong>distantia.</strong></span> <span class='ocrx_word' id='word_1_981' title='bbox 1788 5487 1912 5543; x_wconf 63' lang='lat' dir='ltr'><strong>Haec</strong></span> <span class='ocrx_word' id='word_1_982' title='bbox 1943 5489 2039 5543; x_wconf 85' lang='lat' dir='ltr'><strong>i‘lli.</strong></span> 
     </span>
     <span class='ocr_line' id='line_1_125' title="bbox 513 5553 2038 5606; baseline 0.001 -2"><span class='ocrx_word' id='word_1_983' title='bbox 513 5567 541 5604; x_wconf 86' lang='lat' dir='ltr'><strong>x</strong></span> <span class='ocrx_word' id='word_1_984' title='bbox 565 5553 759 5606; x_wconf 82' lang='lat' dir='ltr'><strong>auibus</strong></span> <span class='ocrx_word' id='word_1_985' title='bbox 783 5568 914 5606; x_wconf 83' lang='lat' dir='ltr'><strong>sane</strong></span> <span class='ocrx_word' id='word_1_986' title='bbox 940 5570 1046 5606; x_wconf 87' lang='lat' dir='ltr'><strong>non</strong></span> <span class='ocrx_word' id='word_1_987' title='bbox 1074 5557 1206 5606; x_wconf 83' lang='lat' dir='ltr'><strong>levis</strong></span> <span class='ocrx_word' id='word_1_988' title='bbox 1227 5557 1455 5606; x_wconf 75' lang='lat' dir='ltr'><strong>emérait</strong></span> <span class='ocrx_word' id='word_1_989' title='bbox 1480 5559 1768 5606; x_wconf 77' lang='lat' dir='ltr'><strong>scrunnlns</strong></span> <span class='ocrx_word' id='word_1_990' title='bbox 1785 5601 1797 5606; x_wconf 84' lang='lat'><strong>-</strong></span> <span class='ocrx_word' id='word_1_991' title='bbox 1828 5575 1949 5606; x_wconf 78' lang='lat' dir='ltr'><strong>cum</strong></span> <span class='ocrx_word' id='word_1_992' title='bbox 1973 5575 2038 5606; x_wconf 68' lang='lat' dir='ltr'><strong>ex</strong></span> 
     </span>
    </p>
   </div>
   <div class='ocr_carea' id='block_1_124' title="bbox 513 5553 2039 5628">
    <p class='ocr_par' dir='ltr' id='par_1_124' title="bbox 513 5553 2039 5628">
     <span class='ocr_line' id='line_1_126' title="bbox 513 5553 2039 5628; baseline 0.007 -24"><span class='ocrx_word' id='word_1_993' title='bbox 513 5567 541 5604; x_wconf 86' lang='lat' dir='ltr'><strong>x</strong></span> <span class='ocrx_word' id='word_1_994' title='bbox 565 5553 759 5628; x_wconf 84' lang='lat' dir='ltr'><strong>quibus</strong></span> <span class='ocrx_word' id='word_1_995' title='bbox 775 5568 914 5628; x_wconf 80' lang='lat' dir='ltr'><strong>sane</strong></span> <span class='ocrx_word' id='word_1_996' title='bbox 940 5570 1046 5610; x_wconf 90' lang='lat' dir='ltr'><strong>non</strong></span> <span class='ocrx_word' id='word_1_997' title='bbox 1074 5557 1206 5611; x_wconf 85' lang='lat' dir='ltr'><strong>levis</strong></span> <span class='ocrx_word' id='word_1_998' title='bbox 1227 5553 1455 5626; x_wconf 78' lang='lat' dir='ltr'><strong>emergit</strong></span> <span class='ocrx_word' id='word_1_999' title='bbox 1480 5559 1768 5628; x_wconf 88' lang='lat' dir='ltr'><strong>scrupulus</strong></span> <span class='ocrx_word' id='word_1_1000' title='bbox 1785 5601 1799 5624; x_wconf 94' lang='lat'><strong>,</strong></span> <span class='ocrx_word' id='word_1_1001' title='bbox 1828 5575 1950 5614; x_wconf 91' lang='lat' dir='ltr'><strong>cum</strong></span> <span class='ocrx_word' id='word_1_1002' title='bbox 1973 5575 2039 5614; x_wconf 85' lang='lat' dir='ltr'><strong>ex</strong></span> 
     </span>
    </p>
   </div>
   <div class='ocr_carea' id='block_1_125' title="bbox 457 5622 2039 5700">
    <p class='ocr_par' dir='ltr' id='par_1_125' title="bbox 457 5622 2039 5700">
     <span class='ocr_line' id='line_1_127' title="bbox 457 5622 2039 5700; baseline 0.008 -27"><span class='ocrx_word' id='word_1_1003' title='bbox 457 5622 530 5700; x_wconf 70' lang='lat' dir='ltr'><strong>iis</strong></span> <span class='ocrx_word' id='word_1_1004' title='bbox 559 5624 710 5700; x_wconf 80' lang='lat' dir='ltr'><strong>sequi</strong></span> <span class='ocrx_word' id='word_1_1005' title='bbox 738 5623 982 5700; x_wconf 74' lang='lat' dir='ltr'><strong>videatur</strong></span> <span class='ocrx_word' id='word_1_1006' title='bbox 1002 5622 1418 5700; x_wconf 69' lang='lat' dir='ltr'><strong>utnequeinter</strong></span> <span class='ocrx_word' id='word_1_1007' title='bbox 1441 5645 1541 5685; x_wconf 90' lang='lat' dir='ltr'><strong>nos</strong></span> <span class='ocrx_word' id='word_1_1008' title='bbox 1567 5622 1624 5686; x_wconf 72' lang='lat' dir='ltr'><strong>et</strong></span> <span class='ocrx_word' id='word_1_1009' title='bbox 1647 5622 1837 5696; x_wconf 87' lang='lat' dir='ltr'><strong>Deum,</strong></span> <span class='ocrx_word' id='word_1_1010' title='bbox 1864 5645 2039 5700; x_wconf 84' lang='lat' dir='ltr'><strong>neque</strong></span> 
     </span>
    </p>
   </div>
   <div class='ocr_carea' id='block_1_126' title="bbox 455 5691 2041 5785">
    <p class='ocr_par' dir='ltr' id='par_1_126' title="bbox 455 5691 2041 5785">
     <span class='ocr_line' id='line_1_128' title="bbox 455 5691 2041 5785; baseline 0.003 -37"><span class='ocrx_word' id='word_1_1011' title='bbox 455 5691 602 5775; x_wconf 80' lang='lat' dir='ltr'><strong>inter</strong></span> <span class='ocrx_word' id='word_1_1012' title='bbox 630 5691 1230 5785; x_wconf 51' lang='lat' dir='ltr'><strong>hominesdispareset</strong></span> <span class='ocrx_word' id='word_1_1013' title='bbox 1259 5698 1571 5770; x_wconf 63' lang='lat' dir='ltr'><strong>inaequales,</strong></span> <span class='ocrx_word' id='word_1_1014' title='bbox 1603 5701 1706 5784; x_wconf 79' lang='lat' dir='ltr'><strong>hoc</strong></span> <span class='ocrx_word' id='word_1_1015' title='bbox 1733 5691 1846 5769; x_wconf 79' lang='lat' dir='ltr'><strong>est,</strong></span> <span class='ocrx_word' id='word_1_1016' title='bbox 1879 5691 2041 5785; x_wconf 71' lang='lat' dir='ltr'><strong>supe-</strong></span> 
     </span>
    </p>
   </div>
   <div class='ocr_carea' id='block_1_127' title="bbox 459 5766 2039 5842">
    <p class='ocr_par' dir='ltr' id='par_1_127' title="bbox 459 5766 2039 5842">
     <span class='ocr_line' id='line_1_129' title="bbox 459 5766 2039 5842; baseline 0.004 -20"><span class='ocrx_word' id='word_1_1017' title='bbox 459 5766 634 5822; x_wconf 88' lang='lat' dir='ltr'><strong>riores</strong></span> <span class='ocrx_word' id='word_1_1018' title='bbox 665 5772 720 5819; x_wconf 92' lang='lat' dir='ltr'><strong>et</strong></span> <span class='ocrx_word' id='word_1_1019' title='bbox 745 5766 1063 5837; x_wconf 86' lang='lat' dir='ltr'><strong>inferiores,</strong></span> <span class='ocrx_word' id='word_1_1020' title='bbox 1099 5771 1202 5826; x_wconf 89' lang='lat' dir='ltr'><strong>ulla</strong></span> <span class='ocrx_word' id='word_1_1021' title='bbox 1225 5766 1478 5826; x_wconf 68' lang='lat' dir='ltr'><strong>constare</strong></span> <span class='ocrx_word' id='word_1_1022' title='bbox 1508 5766 1678 5842; x_wconf 86' lang='lat' dir='ltr'><strong>possit</strong></span> <span class='ocrx_word' id='word_1_1023' title='bbox 1705 5766 2039 5829; x_wconf 34' lang='lat' dir='ltr'><strong>vera’amici-</strong></span> 
     </span>
    </p>
   </div>
   <div class='ocr_carea' id='block_1_128' title="bbox 2148 4846 3751 4919">
    <p class='ocr_par' dir='ltr' id='par_1_128' title="bbox 2148 4846 3751 4919">
     <span class='ocr_line' id='line_1_130' title="bbox 2148 4846 3751 4919; baseline -0.001 -17"><span class='ocrx_word' id='word_1_1024' title='bbox 2148 4851 2318 4902; x_wconf 87' lang='lat' dir='ltr'><strong>vocati</strong></span> <span class='ocrx_word' id='word_1_1025' title='bbox 2343 4851 2466 4901; x_wconf 88' lang='lat' dir='ltr'><strong>estis</strong></span> <span class='ocrx_word' id='word_1_1026' title='bbox 2509 4847 2564 4900; x_wconf 90' lang='lat' dir='ltr'><strong>in</strong></span> <span class='ocrx_word' id='word_1_1027' title='bbox 2596 4846 2894 4919; x_wconf 86' lang='lat' dir='ltr'><strong>societatem</strong></span> <span class='ocrx_word' id='word_1_1028' title='bbox 2915 4847 3012 4916; x_wconf 75' lang='lat' dir='ltr'><strong>ﬁlii</strong></span> <span class='ocrx_word' id='word_1_1029' title='bbox 3038 4850 3171 4919; x_wconf 86' lang='lat' dir='ltr'><strong>ejus.</strong></span> <span class='ocrx_word' id='word_1_1030' title='bbox 3203 4848 3359 4919; x_wconf 84' lang='lat' dir='ltr'><strong>Amor</strong></span> <span class='ocrx_word' id='word_1_1031' title='bbox 3383 4855 3557 4919; x_wconf 89' lang='lat' dir='ltr'><strong>autem</strong></span> <span class='ocrx_word' id='word_1_1032' title='bbox 3587 4846 3751 4919; x_wconf 68' lang='lat' dir='ltr'><strong>super</strong></span> 
     </span>
    </p>
   </div>
   <div class='ocr_carea' id='block_1_129' title="bbox 2147 4918 3753 4988">
    <p class='ocr_par' dir='ltr' id='par_1_129' title="bbox 2147 4918 3753 4988">
     <span class='ocr_line' id='line_1_131' title="bbox 2147 4918 3753 4988; baseline 0.001 -16"><span class='ocrx_word' id='word_1_1033' title='bbox 2147 4919 2282 4973; x_wconf 83' lang='lat' dir='ltr'><strong>hanc</strong></span> <span class='ocrx_word' id='word_1_1034' title='bbox 2319 4918 2831 4972; x_wconf 87' lang='lat' dir='ltr'><strong>communicationem</strong></span> <span class='ocrx_word' id='word_1_1035' title='bbox 2881 4918 3133 4988; x_wconf 81' lang='lat' dir='ltr'><strong>fundatus</strong></span> <span class='ocrx_word' id='word_1_1036' title='bbox 3173 4928 3246 4971; x_wconf 89' lang='lat' dir='ltr'><strong>est</strong></span> <span class='ocrx_word' id='word_1_1037' title='bbox 3286 4918 3534 4971; x_wconf 84' lang='lat' dir='ltr'><strong>charitas.</strong></span> <span class='ocrx_word' id='word_1_1038' title='bbox 3595 4918 3753 4974; x_wconf 87' lang='lat' dir='ltr'><strong>Unde</strong></span> 
     </span>
    </p>
   </div>
   <div class='ocr_carea' id='block_1_130' title="bbox 2148 4989 3752 5061">
    <p class='ocr_par' dir='ltr' id='par_1_130' title="bbox 2148 4989 3752 5061">
     <span class='ocr_line' id='line_1_132' title="bbox 2148 4989 3752 5061; baseline 0 -17"><span class='ocrx_word' id='word_1_1039' title='bbox 2148 4991 2481 5061; x_wconf 78' lang='lat' dir='ltr'><strong>manifestum</strong></span> <span class='ocrx_word' id='word_1_1040' title='bbox 2502 4999 2576 5061; x_wconf 81' lang='lat' dir='ltr'><strong>est</strong></span> <span class='ocrx_word' id='word_1_1041' title='bbox 2597 4989 2732 5061; x_wconf 86' lang='lat' dir='ltr'><strong>quod</strong></span> <span class='ocrx_word' id='word_1_1042' title='bbox 2771 4989 3001 5061; x_wconf 63' lang='lat' dir='ltr'><strong>chaijtas</strong></span> <span class='ocrx_word' id='word_1_1043' title='bbox 3020 5000 3096 5044; x_wconf 89' lang='lat' dir='ltr'><strong>est</strong></span> <span class='ocrx_word' id='word_1_1044' title='bbox 3123 4989 3359 5061; x_wconf 67' lang='lat' dir='ltr'><strong>amicitia</strong></span> <span class='ocrx_word' id='word_1_1045' title='bbox 3379 4991 3622 5057; x_wconf 79' lang='lat' dir='ltr'><strong>qutedam</strong></span> <span class='ocrx_word' id='word_1_1046' title='bbox 3653 4990 3752 5044; x_wconf 85' lang='lat' dir='ltr'><strong>ho-</strong></span> 
     </span>
    </p>
   </div>
   <div class='ocr_carea' id='block_1_131' title="bbox 2149 5057 3751 5130">
    <p class='ocr_par' dir='ltr' id='par_1_131' title="bbox 2149 5057 3751 5130">
     <span class='ocr_line' id='line_1_133' title="bbox 2149 5057 3751 5130; baseline 0.001 -16"><span class='ocrx_word' id='word_1_1047' title='bbox 2149 5057 2304 5116; x_wconf 83' lang='lat' dir='ltr'><strong>minis</strong></span> <span class='ocrx_word' id='word_1_1048' title='bbox 2330 5063 2398 5114; x_wconf 86' lang='lat' dir='ltr'><strong>ad</strong></span> <span class='ocrx_word' id='word_1_1049' title='bbox 2427 5057 2619 5116; x_wconf 75' lang='lat' dir='ltr'><strong>Deum.</strong></span> <span class='ocrx_word' id='word_1_1050' title='bbox 2650 5060 2774 5115; x_wconf 63' lang='lat' dir='ltr'><strong>Hec</strong></span> <span class='ocrx_word' id='word_1_1051' title='bbox 2795 5059 2856 5116; x_wconf 88' lang='lat' dir='ltr'><strong>S.</strong></span> <span class='ocrx_word' id='word_1_1052' title='bbox 2882 5059 3140 5114; x_wconf 76' lang='lat' dir='ltr'><strong>Thomas.</strong></span> <span class='ocrx_word' id='word_1_1053' title='bbox 3175 5059 3250 5114; x_wconf 82' lang='lat' dir='ltr'><strong>Ex</strong></span> <span class='ocrx_word' id='word_1_1054' title='bbox 3294 5061 3494 5126; x_wconf 83' lang='lat' dir='ltr'><strong>quibus</strong></span> <span class='ocrx_word' id='word_1_1055' title='bbox 3533 5061 3751 5130; x_wconf 83' lang='lat' dir='ltr'><strong>colligit</strong></span> 
     </span>
    </p>
   </div>
   <div class='ocr_carea' id='block_1_132' title="bbox 2147 5130 3751 5202">
    <p class='ocr_par' dir='ltr' id='par_1_132' title="bbox 2147 5130 3751 5202">
     <span class='ocr_line' id='line_1_134' title="bbox 2147 5130 3751 5202; baseline 0 -15"><span class='ocrx_word' id='word_1_1056' title='bbox 2147 5132 2444 5202; x_wconf 84' lang='lat' dir='ltr'><strong>Cajetanus</strong></span> <span class='ocrx_word' id='word_1_1057' title='bbox 2481 5131 2732 5186; x_wconf 68' lang='lat' dir='ltr'><strong>amicitiae</strong></span> <span class='ocrx_word' id='word_1_1058' title='bbox 2770 5133 3008 5202; x_wconf 82' lang='lat' dir='ltr'><strong>nomine</strong></span> <span class='ocrx_word' id='word_1_1059' title='bbox 3053 5130 3339 5200; x_wconf 89' lang='lat' dir='ltr'><strong>importari</strong></span> <span class='ocrx_word' id='word_1_1060' title='bbox 3387 5145 3482 5186; x_wconf 88' lang='lat' dir='ltr'><strong>seu</strong></span> <span class='ocrx_word' id='word_1_1061' title='bbox 3535 5130 3751 5187; x_wconf 81' lang='lat' dir='ltr'><strong>involvi</strong></span> 
     </span>
    </p>
   </div>
   <div class='ocr_carea' id='block_1_133' title="bbox 2150 5201 3751 5268">
    <p class='ocr_par' dir='ltr' id='par_1_133' title="bbox 2150 5201 3751 5268">
     <span class='ocr_line' id='line_1_135' title="bbox 2150 5201 3751 5268; baseline 0.001 -11"><span class='ocrx_word' id='word_1_1062' title='bbox 2150 5201 2263 5259; x_wconf 89' lang='lat' dir='ltr'><strong>tres</strong></span> <span class='ocrx_word' id='word_1_1063' title='bbox 2301 5203 2661 5268; x_wconf 88' lang='lat' dir='ltr'><strong>conditiones,</strong></span> <span class='ocrx_word' id='word_1_1064' title='bbox 2686 5201 2894 5257; x_wconf 90' lang='lat' dir='ltr'><strong>scilicet</strong></span> <span class='ocrx_word' id='word_1_1065' title='bbox 2915 5201 3377 5267; x_wconf 86' lang='lat' dir='ltr'><strong>benevolentiam,</strong></span> <span class='ocrx_word' id='word_1_1066' title='bbox 3410 5202 3751 5258; x_wconf 79' lang='lat' dir='ltr'><strong>redainatio-</strong></span> 
     </span>
    </p>
   </div>
   <div class='ocr_carea' id='block_1_134' title="bbox 2154 5274 3751 5343">
    <p class='ocr_par' dir='ltr' id='par_1_134' title="bbox 2154 5274 3751 5343">
     <span class='ocr_line' id='line_1_136' title="bbox 2154 5274 3751 5343; baseline 0 -14"><span class='ocrx_word' id='word_1_1067' title='bbox 2154 5291 2311 5340; x_wconf 92' lang='lat' dir='ltr'><strong>nem,</strong></span> <span class='ocrx_word' id='word_1_1068' title='bbox 2363 5290 2460 5329; x_wconf 88' lang='lat' dir='ltr'><strong>seu</strong></span> <span class='ocrx_word' id='word_1_1069' title='bbox 2501 5289 2741 5329; x_wconf 91' lang='lat' dir='ltr'><strong>amorem</strong></span> <span class='ocrx_word' id='word_1_1070' title='bbox 2781 5274 3142 5343; x_wconf 91' lang='lat' dir='ltr'><strong>reciprocum,</strong></span> <span class='ocrx_word' id='word_1_1071' title='bbox 3193 5282 3248 5328; x_wconf 89' lang='lat' dir='ltr'><strong>et.</strong></span> <span class='ocrx_word' id='word_1_1072' title='bbox 3293 5274 3751 5329; x_wconf 83' lang='lat' dir='ltr'><strong>communicatio-</strong></span> 
     </span>
    </p>
   </div>
   <div class='ocr_carea' id='block_1_135' title="bbox 2152 5343 3751 5416">
    <p class='ocr_par' dir='ltr' id='par_1_135' title="bbox 2152 5343 3751 5416">
     <span class='ocr_line' id='line_1_137' title="bbox 2152 5343 3751 5416; baseline 0 -16"><span class='ocrx_word' id='word_1_1073' title='bbox 2152 5362 2298 5412; x_wconf 89' lang='lat' dir='ltr'><strong>nem,</strong></span> <span class='ocrx_word' id='word_1_1074' title='bbox 2350 5347 2401 5400; x_wconf 91' lang='lat' dir='ltr'><strong>id</strong></span> <span class='ocrx_word' id='word_1_1075' title='bbox 2429 5354 2533 5412; x_wconf 89' lang='lat' dir='ltr'><strong>est,</strong></span> <span class='ocrx_word' id='word_1_1076' title='bbox 2560 5346 2636 5400; x_wconf 86' lang='lat' dir='ltr'><strong>rei</strong></span> <span class='ocrx_word' id='word_1_1077' title='bbox 2669 5343 2896 5416; x_wconf 86' lang='lat' dir='ltr'><strong>alicujus</strong></span> <span class='ocrx_word' id='word_1_1078' title='bbox 2941 5344 3399 5412; x_wconf 91' lang='lat' dir='ltr'><strong>communionem,</strong></span> <span class='ocrx_word' id='word_1_1079' title='bbox 3429 5353 3583 5416; x_wconf 80' lang='lat' dir='ltr'><strong>puta</strong></span> <span class='ocrx_word' id='word_1_1080' title='bbox 3618 5360 3751 5400; x_wconf 83' lang='lat' dir='ltr'><strong>san-</strong></span> 
     </span>
    </p>
   </div>
   <div class='ocr_carea' id='block_1_136' title="bbox 2149 5414 3744 5487">
    <p class='ocr_par' dir='ltr' id='par_1_136' title="bbox 2149 5414 3744 5487">
     <span class='ocr_line' id='line_1_138' title="bbox 2149 5414 3744 5487; baseline 0 -17"><span class='ocrx_word' id='word_1_1081' title='bbox 2149 5417 2361 5487; x_wconf 88' lang='lat' dir='ltr'><strong>guinis,</strong></span> <span class='ocrx_word' id='word_1_1082' title='bbox 2419 5418 2594 5487; x_wconf 91' lang='lat' dir='ltr'><strong>qualis</strong></span> <span class='ocrx_word' id='word_1_1083' title='bbox 2641 5419 2781 5470; x_wconf 90' lang='lat' dir='ltr'><strong>inter</strong></span> <span class='ocrx_word' id='word_1_1084' title='bbox 2811 5414 3298 5487; x_wconf 68' lang='lat' dir='ltr'><strong>consanguineos;</strong></span> <span class='ocrx_word' id='word_1_1085' title='bbox 3341 5415 3443 5487; x_wconf 75' lang='lat' dir='ltr'><strong>vel</strong></span> <span class='ocrx_word' id='word_1_1086' title='bbox 3492 5414 3744 5487; x_wconf 66' lang='lat' dir='ltr'><strong>militiae,</strong></span> 
     </span>
    </p>
   </div>
   <div class='ocr_carea' id='block_1_137' title="bbox 2149 5485 3748 5558">
    <p class='ocr_par' dir='ltr' id='par_1_137' title="bbox 2149 5485 3748 5558">
     <span class='ocr_line' id='line_1_139' title="bbox 2149 5485 3748 5558; baseline 0 -18"><span class='ocrx_word' id='word_1_1087' title='bbox 2149 5485 2325 5558; x_wconf 78' lang='lat' dir='ltr'><strong>qualis</strong></span> <span class='ocrx_word' id='word_1_1088' title='bbox 2350 5485 2496 5543; x_wconf 34' lang='lat' dir='ltr'><strong>&#39;inter</strong></span> <span class='ocrx_word' id='word_1_1089' title='bbox 2525 5487 2953 5548; x_wconf 88' lang='lat' dir='ltr'><strong>commilitones;</strong></span> <span class='ocrx_word' id='word_1_1090' title='bbox 2986 5487 3073 5542; x_wconf 86' lang='lat' dir='ltr'><strong>vel</strong></span> <span class='ocrx_word' id='word_1_1091' title='bbox 3103 5486 3382 5558; x_wconf 80' lang='lat' dir='ltr'><strong>religionis</strong></span> <span class='ocrx_word' id='word_1_1092' title='bbox 3409 5494 3500 5540; x_wconf 88' lang='lat' dir='ltr'><strong>aut</strong></span> <span class='ocrx_word' id='word_1_1093' title='bbox 3525 5485 3748 5558; x_wconf 59' lang='lat' dir='ltr'><strong>profeso</strong></span> 
     </span>
    </p>
   </div>
   <div class='ocr_carea' id='block_1_138' title="bbox 2147 5557 3747 5630">
    <p class='ocr_par' dir='ltr' id='par_1_138' title="bbox 2147 5557 3747 5630">
     <span class='ocr_line' id='line_1_140' title="bbox 2147 5557 3747 5630; baseline 0.001 -17"><span class='ocrx_word' id='word_1_1094' title='bbox 2147 5557 2340 5624; x_wconf 86' lang='lat' dir='ltr'><strong>sionis,</strong></span> <span class='ocrx_word' id='word_1_1095' title='bbox 2363 5560 2537 5630; x_wconf 91' lang='lat' dir='ltr'><strong>qualis</strong></span> <span class='ocrx_word' id='word_1_1096' title='bbox 2559 5559 2700 5614; x_wconf 91' lang='lat' dir='ltr'><strong>inter</strong></span> <span class='ocrx_word' id='word_1_1097' title='bbox 2717 5558 3033 5624; x_wconf 86' lang='lat' dir='ltr'><strong>monachos,</strong></span> <span class='ocrx_word' id='word_1_1098' title='bbox 3059 5566 3168 5612; x_wconf 90' lang='lat' dir='ltr'><strong>etc.</strong></span> <span class='ocrx_word' id='word_1_1099' title='bbox 3189 5557 3254 5613; x_wconf 88' lang='lat' dir='ltr'><strong>Et</strong></span> <span class='ocrx_word' id='word_1_1100' title='bbox 3276 5558 3379 5630; x_wconf 88' lang='lat' dir='ltr'><strong>has</strong></span> <span class='ocrx_word' id='word_1_1101' title='bbox 3397 5557 3747 5630; x_wconf 80' lang='lat' dir='ltr'><strong>conditiones</strong></span> 
     </span>
    </p>
   </div>
   <div class='ocr_carea' id='block_1_139' title="bbox 2148 5627 3750 5700">
    <p class='ocr_par' dir='ltr' id='par_1_139' title="bbox 2148 5627 3750 5700">
     <span class='ocr_line' id='line_1_141' title="bbox 2148 5627 3750 5700; baseline -0.001 -16"><span class='ocrx_word' id='word_1_1102' title='bbox 2148 5627 2391 5686; x_wconf 81' lang='lat' dir='ltr'><strong>ostendit</strong></span> <span class='ocrx_word' id='word_1_1103' title='bbox 2426 5632 2478 5686; x_wconf 91' lang='lat' dir='ltr'><strong>in</strong></span> <span class='ocrx_word' id='word_1_1104' title='bbox 2521 5629 2843 5700; x_wconf 84' lang='lat' dir='ltr'><strong>charitatem</strong></span> <span class='ocrx_word' id='word_1_1105' title='bbox 2876 5632 3146 5700; x_wconf 69' lang='lat' dir='ltr'><strong>praecipue</strong></span> <span class='ocrx_word' id='word_1_1106' title='bbox 3198 5628 3447 5699; x_wconf 90' lang='lat' dir='ltr'><strong>reperiri.</strong></span> <span class='ocrx_word' id='word_1_1107' title='bbox 3487 5627 3750 5690; x_wconf 85' lang='lat' dir='ltr'><strong>Secundo</strong></span> 
     </span>
    </p>
   </div>
   <div class='ocr_carea' id='block_1_140' title="bbox 2147 5699 3750 5768">
    <p class='ocr_par' dir='ltr' id='par_1_140' title="bbox 2147 5699 3750 5768">
     <span class='ocr_line' id='line_1_142' title="bbox 2147 5699 3750 5768; baseline -0.001 -12"><span class='ocrx_word' id='word_1_1108' title='bbox 2147 5702 2467 5768; x_wconf 89' lang='lat' dir='ltr'><strong>notandum,</strong></span> <span class='ocrx_word' id='word_1_1109' title='bbox 2525 5717 2646 5757; x_wconf 92' lang='lat' dir='ltr'><strong>cum</strong></span> <span class='ocrx_word' id='word_1_1110' title='bbox 2697 5699 2896 5756; x_wconf 91' lang='lat' dir='ltr'><strong>dicitur</strong></span> <span class='ocrx_word' id='word_1_1111' title='bbox 2947 5699 3238 5756; x_wconf 90' lang='lat' dir='ltr'><strong>amicitiam</strong></span> <span class='ocrx_word' id='word_1_1112' title='bbox 3288 5701 3434 5755; x_wconf 87' lang='lat' dir='ltr'><strong>inter</strong></span> <span class='ocrx_word' id='word_1_1113' title='bbox 3481 5712 3644 5768; x_wconf 82' lang='lat' dir='ltr'><strong>pares</strong></span> <span class='ocrx_word' id='word_1_1114' title='bbox 3693 5708 3750 5755; x_wconf 82' lang='lat' dir='ltr'><strong>et</strong></span> 
     </span>
    </p>
   </div>
   <div class='ocr_carea' id='block_1_141' title="bbox 2144 5770 3747 5842">
    <p class='ocr_par' dir='ltr' id='par_1_141' title="bbox 2144 5770 3747 5842">
     <span class='ocr_line' id='line_1_143' title="bbox 2144 5770 3747 5842; baseline -0.003 -13"><span class='ocrx_word' id='word_1_1115' title='bbox 2144 5773 2378 5842; x_wconf 70' lang='lat' dir='ltr'><strong>aequales</strong></span> <span class='ocrx_word' id='word_1_1116' title='bbox 2407 5774 2608 5829; x_wconf 87' lang='lat' dir='ltr'><strong>virtute</strong></span> <span class='ocrx_word' id='word_1_1117' title='bbox 2634 5782 2732 5830; x_wconf 85' lang='lat' dir='ltr'><strong>aut</strong></span> <span class='ocrx_word' id='word_1_1118' title='bbox 2756 5772 2974 5828; x_wconf 90' lang='lat' dir='ltr'><strong>virtutis</strong></span> <span class='ocrx_word' id='word_1_1119' title='bbox 2994 5772 3181 5829; x_wconf 88' lang='lat' dir='ltr'><strong>studio</strong></span> <span class='ocrx_word' id='word_1_1120' title='bbox 3211 5785 3333 5828; x_wconf 88' lang='lat' dir='ltr'><strong>esse</strong></span> <span class='ocrx_word' id='word_1_1121' title='bbox 3361 5770 3560 5829; x_wconf 83' lang='lat' dir='ltr'><strong>debere</strong></span> <span class='ocrx_word' id='word_1_1122' title='bbox 3582 5806 3601 5830; x_wconf 85' lang='lat'><strong>.</strong></span> <span class='ocrx_word' id='word_1_1123' title='bbox 3629 5785 3747 5830; x_wconf 68' lang='lat' dir='ltr'><strong>non</strong></span> 
     </span>
    </p>
   </div>
  </div>
