4072 6324
483 267 621 329 iit“.

478 490 568 551 ut,
616 484 861 556 expulsis
901 482 1150 557 primitus
1189 480 1375 549 vitiis,
1429 479 1771 539 mortificetis
1826 478 2070 551 proprias

478 576 815 642 voluntates,
836 584 890 631 et
916 584 996 642 ut,
1019 574 1174 632 unito
1200 572 1381 630 studio
1401 584 1561 645 atque
1584 573 1870 644 proposito
1893 614 1907 639 ,
1936 572 2070 629 illud

477 686 585 741 quo
610 670 879 741 PrOpbeta
902 669 1194 726 admodum
1225 668 1540 734 delectatur,
1573 669 1821 739 gnaviter
1845 668 2072 738 implea-

476 764 547 819 tis
585 782 599 817 :
642 761 780 817 Ecce
806 778 961 833 quam
1006 763 1200 817 bonum
1224 771 1272 817 et
1311 778 1467 831 quam
1497 762 1792 835 jucundum
1836 761 2072 819 habitare

478 856 663 926 fratres
703 856 757 909 in
795 868 955 909 unum
988 851 1163 926 (Psal.
1208 854 1433 928 cxxxtt).
1468 854 1621 924 Quod
1662 869 1768 910 non
1799 853 2065 926 localiter,

476 948 573 1006 sed
617 949 936 1020 spiritaliter
965 956 1187 1020 oportet
1210 948 1466 1022 intelligi.
1494 948 1640 1006 Nihil
1669 949 1812 1007 enim
1850 949 2072 1020 prodest

475 1044 523 1100 si
550 1043 797 1099 moribus
814 1058 879 1101 ac
909 1044 1192 1116 proposito
1222 1042 1555 1100 dissidentes
1585 1058 1691 1099 una
1732 1042 2085 1100 habitatione-

471 1137 787 1207 juugantur,
819 1150 920 1192 nec
946 1136 1102 1194 obest
1126 1136 1283 1206 parili
1307 1137 1505 1193 virtute
1530 1135 2069 1207 fundatis,perloco-

476 1243 594 1285 rum
621 1230 902 1287 intervalla
923 1230 1176 1305 disjungi.
1202 1231 1359 1304 Apud
1386 1232 1561 1289 Deum
1586 1247 1820 1303 namque
1852 1247 2067 1289 morum

474 1322 826 1392 cobabitatio,
870 1339 977 1381 non
1006 1324 1249 1381 locorum
1281 1365 1296 1393 ,
1325 1325 1475 1381 unita
1501 1324 1704 1381 fratres
1732 1325 2071 1382 habitatione

475 1418 780 1489 coniungit;
813 1433 913 1474 nec
955 1428 1132 1489 potest
1163 1434 1417 1493 umquam
1457 1420 1605 1491 pacis
1644 1420 1929 1492 integritas
1969 1434 2064 1476 cu-

477 1511 687 1578 stodiri,
720 1510 812 1567 ubi
842 1511 1177 1573 voluntatum
1208 1512 1495 1569 diversitas
1518 1510 1812 1575 invenitur.

1090 1603 1317 1662 CAPUT
1357 1604 1448 1662 ιν.

476 1694 852 1769 lnterroyatio,
889 1705 1062 1751 utrum
1102 1696 1226 1752 utile
1261 1697 1458 1769 aliquid
1494 1697 1646 1752 etiam
1682 1706 1862 1752 contra
1897 1703 2072 1752 votum

996 1770 1175 1843 fratris
1198 1770 1325 1841 eﬁici
1351 1769 1552 1823 debeat.

547 1859 887 1917 Germanus:
923 1869 948 1899 ο
976 1860 1118 1929 Quid
1146 1877 1296 1933 ergo,
1322 1862 1366 1917 si
1408 1877 1518 1918 uno
1560 1861 1778 1918 volente
1817 1862 2077 1934 perlicere

476 1952 678 2023 aliquid
709 1953 855 2024 quod
886 1952 1180 2009 secundum
1214 1954 1381 2010 Deum
1408 1954 1749 2010 commodum
1782 1962 1836 2011 et
1857 1955 2078 2012 salubre

476 2046 835 2115 persp'merit,
868 2046 1007 2101 alius
1044 2061 1149 2102 non
1188 2054 1408 2117 praestet
1436 2061 1740 2113 assensum,
1777 2062 2080 2119 exsequen-

478 2139 678 2211 tiutnne
706 2138 868 2194 etiam
900 2147 1086 2195 contra
1117 2147 1299 2196 votum
1334 2138 1520 2196 fratris
1549 2149 1655 2209 est,
1700 2154 1768 2196 an
1816 2156 1917 2213 pro
1962 2141 2079 2213 ejus

479 2233 705 2291 arbitrio
731 2233 1148 2302 negligendum?

1538 268 1821 328 JOANNIS
1857 262 2164 325 CASSIANI
2202 262 2696 326 COLLATIONES.

477 386 675 461 cupitis
698 387 1061 446 inviolabilem
1095 393 1394 458 retentare,
1425 384 1788 443 festinandum
1808 396 1891 443 est
1912 384 2068 442 vobis
2092 388 2147 449 Α

3630 269 3770 329 1020

2800 382 3028 445 CAPUT
3065 386 3133 444 ν.

2172 585 2455 659 Responsio
2482 587 2621 659 quod
2655 598 2900 674 perpetua
2934 589 3177 674 amicitia
3198 588 3299 645 nisi
3336 589 3470 645 inter
3512 592 3766 662 perfectos

2728 670 2866 717 stare
2892 677 2996 716 non
3019 669 3200 735 possit.

2240 833 2444 905 Ioseph
2470 853 2483 889 :
2509 834 2716 893 ideirco
2737 836 2975 895 diximus
2994 836 3025 880 ι
3047 839 3265 909 plenam
3289 848 3449 911 atque
3469 837 3775 910 perfectam

2170 926 2423 983 amiticiu:
2451 929 2677 999 gratiam
2710 930 2812 985 nisi
2842 930 2986 987 inter
3019 931 3291 1002 perfectos
3318 932 3467 987 viros
3497 932 3777 1002 ejusdem-

2169 1035 2277 1091 que
2330 1021 2548 1080 virtutis
2592 1038 2945 1094 perseverare
2990 1041 3101 1082 non
3150 1040 3352 1098 posse,
3394 1040 3531 1097 quos
3577 1027 3772 1081 eadem

2168 1114 2423 1172 voluntas
2480 1130 2752 1188 unumque
2799 1121 3140 1190 propositum
3189 1130 3285 1177 aut
3330 1137 3622 1192 numquam
3677 1130 3779 1178 aut

2170 1218 2318 1264 certe
2357 1223 2483 1263 raro
2530 1209 2743 1268 diversa
2789 1214 3015 1281 sentire,
3051 1221 3146 1268 aut
3183 1213 3237 1268 in
3278 1213 3364 1273 Itis
3397 1228 3517 1285 qua:
3546 1215 3612 1268 ad
3642 1227 3782 1285 pro-

2170 1300 2369 1359 tectum
2422 1302 2682 1374 Spiritalis
2730 1304 3005 1378 pertinent
3052 1308 3179 1364 vitae
3232 1310 3434 1381 patitur
3478 1307 3774 1364 dissidere.

2169 1396 2325 1465 Quod
2351 1398 2398 1454 si
2424 1398 2684 1456 animosis
2722 1403 2987 1474 cmperint
3031 1403 3474 1460 contentionibus
3516 1412 3781 1471 aestuare,

2169 1490 2340 1562 liquet
2366 1493 2554 1564 utique
2573 1506 2671 1549 eos
2696 1509 2990 1566 numquam
3017 1495 3316 1553 secundum
3349 1496 3589 1566 regulam
3610 1509 3780 1566 quam

2171 1584 2529 1654 praediximus
2556 1586 2725 1644 fuisse
2760 1587 3083 1647 concordes.
3112 1588 3219 1646 Sed
3248 1590 3372 1661 quia
3404 1604 3566 1645 neruo
3597 1596 3783 1660 potest

2172 1693 2201 1732 a
2246 1680 2582 1748 perfectione
2624 1680 2825 1738 habere
2864 1682 3214 1754 principium,
3259 1681 3366 1739 nisi
3409 1682 3498 1753 qui
3545 1682 3614 1737 ab
3653 1683 3782 1753 ejus

2101 1778 2152 1847 Β
2178 1774 2405 1839 caruerit
2433 1772 2801 1838 fundamento,
2834 1785 2889 1831 et
2918 1790 3012 1831 vos
3046 1790 3153 1830 non
3187 1784 3386 1846 quanta
3416 1776 3534 1846 ejus
3557 1776 3632 1831 sit
3656 1791 3786 1830 ma-

2180 1865 2424 1934 gnitudo,
2452 1865 2546 1921 sed
2572 1868 3027 1937 quemadmodum
3050 1868 3115 1924 ad
3137 1884 3255 1924 eam
3277 1870 3549 1942 perveniri
3581 1868 3781 1941 possit,

2181 1958 2469 2030 inquiritis,
2507 1961 2879 2018 necessarium
2908 1977 3033 2018 reor
3058 1972 3117 2017 ut
3143 1963 3329 2033 paucis
3357 1963 3600 2034 regulam
3625 1961 3787 2018 vobis

2182 2053 2303 2124 ejus
2323 2069 2387 2110 ac
2414 2054 2682 2110 tramitem
2708 2054 3017 2125 quemdam,
3049 2070 3148 2126 per
3171 2069 3333 2126 quem
3364 2069 3590 2125 gressus
3613 2053 3789 2111 vestri

2181 2147 2506 2219 dirigantur,
2540 2148 2803 2219 aperiam,
2844 2156 2904 2204 ut
2952 2148 3230 2222 patientia:
3277 2163 3343 2205 ac
3387 2148 3536 2220 pacis
3582 2148 3790 2205 bonum

2185 2238 2396 2297 facilius
2419 2242 2667 2298 obtinere
2691 2240 2931 2313 possitis.

1555 2350 1816 2409 ALARDI
1856 2351 2092 2411 GAZAEI
2129 2355 2698 2415 COMMENTARIUS.

481 2466 821 2521 occasionem
859 2473 915 2521 et
949 2480 1137 2521 ansam
1173 2466 1406 2536 arripuit
1450 2465 1505 2520 in
1548 2465 1650 2520 hac
1683 2465 1974 2521 collatione
2011 2466 2080 2521 de

479 2538 715 2591 amicitia
751 2538 1073 2593 disserendi.

554 2617 580 2647 ἰ
624 2610 815 2663 Affinis
863 2619 947 2663 est
991 2609 1224 2679 quaestio
1264 2610 1405 2680 apud
1454 2607 1777 2664 Ciceronem
1825 2607 1962 2679 (Lib.
2016 2609 2084 2663 de

479 2680 781 2750 Amicitia).
838 2692 893 2737 et
940 2680 1140 2736 Aulum
1192 2679 1425 2737 Gellium
1479 2679 1675 2751 (Noct.
1718 2681 1873 2733 Attic.
1929 2680 2018 2734 lib.
2063 2696 2079 2734 t

481 2768 596 2826 cap.
633 2752 711 2826 ὅ),
747 2754 888 2807 Num
933 2754 1085 2807 amici
1131 2754 1300 2826 gratia
1345 2751 1631 2826 aliquando
1677 2752 2081 2826 delinquendum

481 2825 588 2879 sit?
614 2823 684 2880 At
715 2828 830 2879 inec
865 2827 1094 2892 quaestio
1127 2823 1269 2879 inter
1306 2825 1666 2888 Christianos,
1699 2825 1898 2877 nedum
1942 2823 2082 2877 inter

483 2896 780 2951 ttionaritos
827 2905 885 2949 ut
929 2896 1235 2964 religiosos,
1286 2898 1460 2950 locum
1505 2911 1611 2949 non
1656 2896 1839 2953 habet,
1888 2895 2084 2963 quibus

485 2967 617 3021 illud
663 2976 874 3022 constat
913 2968 1057 3036 quod
1106 2969 1175 3023 ab
1214 2968 1488 3034 Apostoils
1530 2976 1612 3019 cst
1653 2967 1932 3029 traditum,
1976 2965 2084 3019 Deo

487 3039 829 3092 obedientium
850 3055 962 3093 esse
988 3041 1152 3109 magis
1181 3055 1337 3108 quam
1360 3037 1655 3091 hominibus
1688 3037 1889 3106 (Actor.
1920 3036 2005 3107 v);
2031 3046 2087 3090 ct

488 3110 736 3176 dissipari
758 3127 787 3162 a
809 3109 917 3163 Deo
937 3128 1053 3164 ossa
1075 3128 1276 3173 earnm,
1294 3124 1378 3175 qui
1401 3109 1689 3161 hominibus
1705 3109 1932 3179 placent,
1958 3124 2085 3177 quo-

488 3181 629 3233 niam
651 3181 785 3235 Deus
802 3183 989 3250 sprevit
1018 3199 1101 3235 ens
1121 3179 1295 3251 (Psal.
1322 3181 1443 3249 ιιι).
1475 3180 1627 3247 Quod
1652 3178 1714 3234 et
1733 3178 1924 3233 Cicero
1952 3179 2085 3232 satis

488 3252 773 3317 intellexit,
792 3252 919 3306 dum
944 3252 1045 3305 ait:
1081 3251 1244 3307 Nulla
1260 3260 1331 3305 est
1354 3252 1619 3305 excusatio
1639 3252 1853 3320 peccati,
1870 3252 1915 3303 si
1932 3252 2089 3303 amici

488 3338 647 3377 causa
686 3324 1000 3396 peccaveris.
1043 3325 1106 3378 Et
1146 3339 1336 3377 rursus
1374 3322 1500 3393 (Ubi
1521 3323 1745 3396 supra):
1783 3320 1905 3375 Ha'c
1933 3324 2091 3392 igitur

489 3396 657 3466 prima
686 3394 770 3451 lea:
812 3397 865 3450 in
905 3397 1134 3450 amicitia
1163 3396 1449 3453 sanciatur.
1476 3403 1530 3447 ut
1557 3394 1719 3465 neque
1744 3410 1982 3464 rogemus
2011 3410 2091 3446 res

492 3476 689 3538 turpes,
721 3485 883 3539 neque
921 3468 1177 3538 faciamus
1222 3467 1427 3537 rogati;
1458 3468 1624 3539 turpis
1660 3466 1797 3519 enim
1826 3466 2090 3539 excusatio

491 3537 586 3606 est,
609 3556 723 3593 cum
743 3537 1015 3593 ht'cmteris
1034 3540 1275 3611 peccatis,
1308 3550 1417 3591 tum
1445 3540 1488 3591 si
1516 3537 1632 3608 quis
1656 3548 1834 3611 contra
1854 3537 2087 3611 rempub.

493 3626 547 3665 se
574 3605 724 3665 amici
749 3627 907 3664 causa
937 3605 1118 3681 fecisse
1148 3612 1393 3680 fateatur.
1432 3611 1496 3665 Et
1522 3605 1644 3678 post
1673 3608 1836 3660 multa
1866 3625 1879 3660 :
1912 3605 1979 3681 In
2010 3618 2091 3681 ta-

493 3683 626 3737 libus
653 3684 907 3737 stabilitas
937 3678 1187 3737 tamicitice
1218 3682 1517 3748 conﬁrmari
1547 3689 1729 3748 potest.
1769 3695 1887 3732 cum
1924 3678 2094 3733 homi-

493 3770 583 3809 nes
626 3755 975 3809 benevolentia
1017 3754 1279 3825 conjuncti
1334 3753 1561 3821 primum
1608 3749 1987 3825 cupiditatibus
2027 3752 2091 3803 iis

493 3826 677 3895 quibus
721 3830 887 3879 elateri
934 3822 1162 3879 serviunt
1216 3825 1571 3895 imperabunt.
1626 3822 1814 3876 deinde
1855 3822 2094 3895 a'quitate

488 3893 798 3969 iustitiaque
824 3895 1138 3965 gaudebunt,
1172 3893 1597 3969 omniaque‘alter
1626 3909 1719 3963 pro
1745 3895 1908 3946 altero
1930 3893 2093 3946 susci-

494 3965 598 4037 piet
612 3985 631 4033 ;
651 3984 812 4039 neque
826 3970 1113 4039 quidquam,
1126 3983 1390 4039 umquam,
1408 3966 1513 4039 nisi
1525 3965 1795 4039 honestum
1813 3974 2090 4039 arrectum,

494 4036 630 4092 alter
659 4036 734 4092 ab
751 4036 914 4093 altero
944 4038 1246 4108 postulabit.
1282 4036 1469 4107 Itaque
1500 4038 1551 4089 in
1582 4038 1647 4089 iis
1678 4036 1992 4107 perniciosus
2018 4045 2094 4089 est

496 4120 661 4181 error,
709 4111 799 4181 qui
850 4110 1147 4163 existimant
1193 4108 1464 4181 libidinum
1505 4118 1929 4181 peccatorumque
1978 4123 2092 4160 om-

495 4177 651 4234 nium
688 4177 861 4251 patere
908 4182 965 4235 in
1014 4182 1245 4234 amicitia
1290 4177 1547 4234 licentiam
1599 4193 1617 4231 :
1665 4177 2093 4251 virtutumgem’m

495 4249 727 4308 amicitia
770 4253 1008 4317 adiutrix
1052 4270 1086 4305 a
1127 4263 1317 4306 natura
1367 4252 1491 4303 data
1542 4261 1649 4315 est,
1701 4264 1806 4302 non
1852 4249 2093 4302 vitiorum

493 4338 683 4379 6011188.

571 4393 599 4433 δ
637 4395 996 4452 Commendat
1040 4408 1229 4451 rursus
1268 4404 1323 4450 et
1364 4393 1599 4448 inculcat
1632 4393 1771 4448 hanc
1814 4391 2092 4446 seniorum

496 4469 856 4532 sententiam,
912 4468 1097 4523 verbis
1150 4466 1394 4521 nonnihil
1438 4466 1767 4531 immutatis,
1813 4479 1932 4531 cap.
1980 4462 2091 4517 24:

499 4536 737 4611 Charitas
758 4537 961 4611 stabilis
981 4549 1136 4611 atque
1154 4538 1544 4611 indiruptanon
1573 4537 1759 4605 poterit
1786 4536 2091 4611 perdurare,

498 4609 601 4664 nisi
644 4611 778 4664 inter
816 4610 950 4664 viros
987 4607 1217 4681 ejusdem
1260 4607 1462 4664 virtutis
1492 4617 1645 4676 atque
1686 4607 2095 4681 propositisiia-

2114 3291 2161 3353 C

2183 2470 2352 2525 cubat.
2388 2470 2514 2524 Erat
2536 2472 2674 2525 enim
2703 2486 2875 2525 rerum
2899 2473 3256 2526 tantummodo
3280 2473 3653 2537 humanarum,
3683 2490 3791 2529 non

2184 2543 2339 2597 etiam
2360 2543 2669 2601 divinarum.
2698 2542 2928 2612 quamvis
2948 2559 3064 2596 cum
3091 2544 3440 2599 benevolentia
3461 2556 3510 2598 et
3532 2546 3793 2600 charitate

2184 2615 2469 2679 cbnsensio,
2492 2625 2599 2669 etc.
2632 2612 2787 2667 Nunc
2812 2629 2931 2666 vero
2959 2624 3212 2680 quantum
3249 2616 3312 2668 de
3338 2628 3386 2669 te
3412 2619 3642 2683 gaudeo,
3670 2619 3794 2684 quis

2187 2685 2280 2739 bus
2318 2687 2566 2756 explicem
2599 2684 2784 2751 verbis,
2818 2686 3024 2754 quando
3046 2701 3182 2747 eum,
3218 2702 3363 2755 quem
3393 2688 3787 2755 quodammodo

2187 2758 2344 2811 habui
2370 2755 2461 2811 diu
2490 2759 2745 2822 amicum,
2777 2755 2940 2810 habeo
2960 2759 3078 2828 jam
3105 2772 3279 2811 verum
3302 2760 3527 2811 amicum
3546 2760 3571 2811 .9
3602 2760 3791 2813 Acces-

2187 2830 2253 2881 sit
2298 2830 2431 2882 enim
2482 2830 2635 2881 etiam
2676 2844 2848 2882 rerum
2890 2828 3152 2882 consensio
3182 2829 3508 2893 divinarum;
3534 2830 3792 2899 quoniam

2186 2902 2272 2969 qui
2304 2916 2498 2973 mecum
2543 2900 2874 2973 temporalem
2921 2901 3078 2953 vitam
3110 2901 3374 2973 quandam
3419 2900 3795 2973 benignissima

2180 2971 2511 3041 juctmditate
2534 2971 2753 3035 duxisti,
2784 2987 2923 3023 nunc
2951 2987 3042 3041 spe
3076 2972 3189 3025 vita:
3213 2980 3417 3025 celerare
3445 2971 3643 3025 mecum
3670 2988 3794 3027 esse

2188 3044 2405 3111 coepisti.
2455 3040 2540 3095 Ita
2590 3042 2649 3110 fit
2695 3050 2747 3094 ut
2790 3042 2924 3095 inter
2960 3040 3098 3113 quos
3138 3043 3329 3097 amicos
3373 3059 3473 3095 non
3508 3054 3581 3097 est
3610 3058 3794 3097 rerum

2189 3116 2456 3168 consensio
2487 3115 2797 3175 divinarum,
2824 3128 2917 3167 nec
2946 3112 3291 3169 humanarum
3311 3115 3466 3184 plena
3493 3130 3605 3169 esse
3625 3117 3796 3182 possit

2189 3202 2250 3236 ac
2282 3203 2416 3238 vera.
2456 3184 2675 3239 Necesse
2702 3194 2777 3237 est
2809 3201 2945 3237 enim
2982 3193 3035 3238 ut
3072 3187 3224 3238 aliter
3264 3201 3416 3253 quam
3445 3194 3651 3253 oportet
3690 3186 3795 3239 hu-

2195 3273 2347 3310 mana
2400 3259 2635 3321 restituet,
2682 3256 2770 3325 qui
2820 3254 2993 3309 dicina
3039 3256 3349 3321 contemnit;
3389 3272 3479 3308 nec
3526 3256 3796 3312 hominem

2196 3339 2329 3380 recte
2372 3329 2585 3395 diligere
2634 3329 2854 3381 noverit.
2899 3329 3129 3397 qu’squis
3177 3343 3290 3381 eum
3340 3344 3442 3380 non
3484 3327 3655 3396 diligit
3700 3330 3795 3397 qui
3856 3352 3863 3359 ·

2195 3398 2452 3452 hominem
2484 3400 2620 3467 fecit.
2658 3397 2889 3451 Proinde
2918 3415 3017 3451 non
3055 3400 3192 3465 dico,
3230 3398 3383 3451 Nunc
3418 3398 3543 3451 mihi
3585 3398 3796 3464 plenius

2194 3473 2392 3523 amicus
2422 3487 2493 3531 es,
2525 3472 2611 3537 qui
2648 3486 2762 3523 cras
2789 3485 2854 3523 ex.
2883 3482 3058 3540 parte;
3087 3472 3177 3523 sed
3205 3481 3452 3540 quantum
3480 3471 3618 3523 ratio
3646 3470 3793 3524 indi-

2193 3551 2298 3607 cat,
2332 3558 2423 3594 nec
2452 3558 2517 3596 ex
2556 3552 2700 3612 parte
2726 3558 2861 3601 eras.
2892 3542 3104 3609 quando
3145 3557 3233 3594 nec
3272 3544 3322 3594 in
3365 3540 3515 3595 rebus
3544 3543 3794 3595 humanis

2194 3629 2391 3665 mecum
2434 3615 2717 3665 amicitiam
2744 3629 2913 3665 veram
2956 3614 3176 3666 (melius.
3214 3612 3407 3667 Rerum
3436 3616 3628 3678 quinpe
3656 3613 3797 3667 diei.-

2193 3700 2401 3743 narnm.
2428 3701 2490 3737 ea:
2516 3683 2698 3751 quibus
2729 3695 2862 3736 recte
2887 3684 3112 3737 humana
3135 3693 3435 3753 pensantur,
3458 3683 3632 3737 socius
3660 3685 3797 3736 mihi

2196 3756 2423 3807 nondum
2451 3772 2584 3817 eras,
2616 3757 2719 3808 sive
2746 3754 2954 3822 quando
3002 3771 3090 3808 nec
3134 3756 3242 3825 ipse
3282 3756 3334 3807 in
3374 3756 3445 3808 eis
3491 3770 3655 3825 erant,
3687 3757 3798 3809 sive

2197 3836 2525 3897 posteaquam
2557 3841 2646 3879 eas
2680 3841 2857 3889 sapere
2886 3826 3034 3897 (πρε.
3068 3842 3098 3879 a
3124 3824 3306 3897 quibus
3332 3836 3387 3878 tu
3415 3824 3568 3893 longe
3597 3824 3797 3897 abhor-

2195 3897 2361 3950 rebas.
2401 3896 2538 3949 Nolo
2567 3907 2741 3950 autem
2774 3896 3091 3960 succenseas,
3121 3913 3211 3950 nec
3238 3896 3327 3949 tibi
3353 3898 3585 3950 uideatur
3606 3896 3798 3952 absur-

2196 3968 2343 4033 dum,
2386 3969 2524 4038 quod
2562 3968 2659 4022 illo
2699 3977 2944 4038 tempore.
2976 3984 3092 4023 cum
3137 3969 3191 4021 in
3236 3984 3364 4020 vana
3410 3967 3591 4020 mundi
3632 3965 3797 4037 hujus

2196 4051 2488 4104 testuarem,
2521 4039 2749 4109 quamvis
2782 4054 2858 4091 tne
2890 4039 3109 4093 multum
3147 4055 3323 4092 amare
3363 4038 3627 4109 videreris,
3658 4056 3798 4093 nort-

2197 4111 2319 4163 dum
2347 4127 2461 4163 eras
2494 4108 2690 4164 amicus
2732 4126 2894 4170 meus.
2936 4111 3139 4181 quando
3178 4127 3270 4164 nec
3300 4110 3407 4181 ipse
3439 4108 3562 4161 mihi
3588 4111 3796 4166 amicus

2195 4197 2359 4245 eram,
2388 4182 2477 4234 sed
2506 4184 2675 4246 potius
2696 4182 2975 4245 inimicus;
3010 4180 3286 4252 diligebam
3310 4182 3500 4250 quippe
3543 4181 3798 4248 iniquita-

2197 4262 2318 4316 tem,
2347 4262 2393 4305 et
2423 4270 2618 4311 revera.
2647 4254 2766 4317 quia
2797 4254 2966 4304 dicina
2988 4254 3239 4307 sententia
3263 4260 3359 4315 est,
3388 4252 3509 4322 quia
3533 4252 3796 4320 scriptum

2195 4333 2271 4377 est
2300 4325 2351 4377 in
2379 4326 2571 4378 sanctis
2604 4324 2747 4377 libris
2773 4338 2790 4376 :
2820 4324 3116 4393 Quidiligit
3154 4324 3495 4393 iniquitatem,
3531 4324 3638 4375 odit
3671 4326 3797 4378 ani-

2195 4411 2335 4448 mum
2367 4412 2530 4448 suam.
2562 4394 2691 4450 Cum
2720 4410 2840 4465 ergo
2876 4392 3099 4447 odissent
3124 4396 3351 4447 animum
3385 4411 3577 4465 uicum,
3612 4410 3796 4449 verum

2197 4468 2416 4520 amicum
2454 4467 2712 4535 quomodo
2751 4463 2939 4518 habere
2979 4478 3229 4533 poterant,
3257 4483 3315 4518 ea
3342 4463 3470 4517 mihi
3493 4475 3787 4535 aptantem,

2198 4538 2250 4590 in
2296 4533 2480 4609 quibus
2527 4540 2636 4603 ipse
2678 4537 2926 4609 meipsum
2961 4537 3188 4603 patiebar
3233 4535 3536 4590 inimicum?
3564 4533 3793 4609 (Gratias

2199 4607 2370 4678 itaque
2416 4608 2542 4672 Deo,
2572 4610 2710 4677 quod
2748 4617 2794 4660 te
2825 4608 2947 4661 mihi
2976 4610 3198 4661 anticum
3240 4609 3411 4674 facere
3448 4607 3655 4660 tandem
3682 4609 3792 4661 ali-

497 4681 734 4747 demque
758 4696 945 4737 rursus
974 4676 1112 4735 lianc
1138 4681 1481 4735 collationem
1516 4682 1583 4733 ita
1613 4676 1891 4751 concludit
1916 4696 1926 4728 :
1962 4676 2081 4729 (Σιτιό
2115 4684 2169 4745 1)
2194 4676 2401 4747 quando
2424 4676 2669 4751 dignatur
2694 4696 2709 4740 ;
2742 4695 2881 4731 nilne
2909 4679 3041 4751 enim
3066 4679 3209 4732 nobis
3235 4687 3307 4731 est
3332 4678 3793 4751 reruntghumana-

498 4754 698 4808 tissima
738 4769 860 4825 ergo
901 4762 975 4806 est
1019 4752 1543 4825 prudentissimorum
1568 4751 1794 4825 virorum
1828 4748 1922 4825 illa
1963 4764 2087 4801 sett-

499 4827 657 4879 tentia
699 4841 718 4879 :
752 4820 925 4879 verum
970 4820 1295 4879 concordiam
1338 4833 1385 4876 et
1431 4820 1756 4875 individuam
1800 4820 2088 4873 societatem

499 4897 602 4950 nisi
630 4897 765 4951 inter
789 4895 1081 4951 emendatos
1108 4910 1274 4949 mores
1302 4892 1634 4968 ejusdemque
1653 4894 1857 4968 virtutis
1883 4907 1945 4943 ac
1967 4907 2088 4968 pro—

502 4970 659 5035 positi
686 4969 821 5022 viros
849 4977 989 5022 stare
1016 4983 1116 5021 non
1151 4963 1338 5035 posse.’
1354 4966 1525 5020 Porro
1557 4967 1659 5019 imc
1684 4963 1919 5035 pertinet
1947 4964 2086 5015 ami-

499 5034 640 5093 citiae
668 5038 914 5095 deﬁnitio
955 5054 983 5092 a
1015 5034 1277 5093 Cicerone
1306 5038 1524 5099 tradita,
1556 5043 1662 5090 eta
1694 5038 1753 5088 Ι).
1787 5034 2090 5103 Augustino

499 5125 826 5181 magnopere
845 5110 1243 5175 commendata,
1266 5124 1390 5165 eum
1413 5108 1478 5163 ad
1506 5107 1874 5181 Marcellinum
1903 5121 2088 5175 quem-

497 5177 621 5236 claui
669 5177 910 5239 veterem
959 5182 1191 5236 amicum
1236 5191 1293 5236 et
1332 5197 1364 5236 e
1402 5180 1587 5250 gentili
1637 5177 2085 5250 catechumennm

499 5259 697 5309 iactum
736 5256 808 5309 ita
847 5253 1037 5310 scribit
1077 5251 1271 5324 (Epist.
1316 5248 1440 5323 155)
1481 5269 1493 5304 :
1536 5249 1690 5324 Nosti
1730 5259 1785 5302 ut
1834 5248 2089 5324 deﬁnierit

496 5328 781 5380 amicitiam
814 5325 1035 5381 Romani
1079 5318 1178 5394 (ita
1221 5326 1295 5378 ait
1325 5318 1537 5394 quidam
1587 5321 1811 5394 [Lucam
1845 5320 1883 5373 l.
1916 5318 2085 5389 vnti),

496 5400 751 5454 maximus
779 5405 960 5451 auctor
978 5393 1186 5451 Tullius
1210 5393 1417 5466 eloquii.
1450 5393 1597 5448 Dixit
1614 5393 1769 5455 enim,
1794 5396 2085 5466 etsanctis~

491 5472 623 5523 sime
660 5486 722 5523 ae
760 5468 1025 5523 verissime
1058 5468 1231 5521 dixit:
1260 5464 1502 5522 Amicitia
1526 5474 1597 5519 est
1628 5478 1803 5517 rerum
1838 5464 2089 5515 humana-

495 5555 612 5593 rum
642 5549 691 5595 et
718 5540 1013 5594 divinarum
1028 5554 1143 5593 cum
1170 5538 1516 5593 benevolentia
1542 5545 1588 5590 et
1612 5535 1861 5588 charitate
1888 5551 2089 5587 summa

496 5624 790 5665 consensio.
832 5609 913 5665 Tu
950 5621 1142 5674 autem,
1180 5612 1251 5664 mi
1291 5612 1606 5669 charissima,
1642 5606 1926 5675 aliquando
1964 5607 2087 5659 mihi

495 5686 847 5740 consentiebas
882 5686 935 5739 in
965 5687 1114 5740 rebus
1150 5685 1388 5737 humanis
1415 5698 1433 5737 :
1462 5698 1614 5753 porro
1641 5680 1695 5753 in
1724 5679 1930 5753 divinis,
1963 5696 2089 5753 qua-

491 5767 619 5811 ‘rum
652 5757 781 5810 mihi
812 5758 901 5809 illo
942 5767 1165 5825 tempore
1201 5757 1347 5809 nulla
1377 5752 1575 5809 luxerat
1606 5752 1792 5825 virtus,
1820 5752 1999 5825 utique
2034 5752 2089 5825 in

496 5829 697 5902 majore
722 5827 865 5883 illius
895 5820 1209 5896 deﬁnitionis
1238 5836 1405 5897 parte,
1434 5836 1609 5880 nostra
1635 5823 1865 5878 amicitia
1890 5820 2092 5877 claudi-

2191 4767 2309 4804 rum
2347 4768 2461 4804 cum
2482 4748 2849 4804 benevolentia
2870 4758 2917 4802 et
2943 4749 3191 4803 chrtritate
3217 4749 3482 4803 consensio
3507 4749 3558 4802 in
3581 4748 3794 4805 Christo

2190 4819 2316 4902 {esu
2352 4820 2573 4902 Domino
2606 4830 2801 4879 nostro.
2832 4822 3095 4902 verissima
3117 4836 3258 4902 .pqce
3294 4830 3485 4902 nostra,
3512 4821 3620 4902 qui
3655 4821 3794 4875 duo-

2190 4895 2283 4964 bus
2311 4893 2575 4964 prleceplis
2604 4902 2787 4964 cuncta
2815 4894 3073 4956 prleconia
3093 4889 3267 4945 divina
3293 4889 3543 4964 conclusit
3566 4890 3750 4945 dicens
3773 4908 3791 4945 :

2194 4961 2396 5037 Diliges
2428 4961 2703 5018 hominum
2738 4961 2903 5016 Deum
2930 4974 3073 5017 tuum
3096 4979 3161 5018 ea:
3190 4972 3295 5015 toto
3321 4962 3613 5037 cordegtuo,
3645 4973 3694 5015 et
3725 4979 3794 5037 ea:

2191 5032 2497 5090 tota'anima
2527 5045 2637 5098 tua,
2664 5046 2711 5087 et
2747 5049 2810 5088 ea:
2844 5043 2950 5087 tota
2980 5044 3146 5087 mente
3172 5043 3292 5098 tua;
3324 5042 3371 5087 et
3394 5032 3570 5102 diliges
3606 5034 3792 5101 proxi-

2194 5124 2335 5160 mum
2361 5119 2503 5161 tuum
2532 5118 2792 5176 tamquam
2820 5104 3055 5176 teipsum.
3082 5103 3146 5158 In
3179 5105 3257 5176 his
3284 5104 3793 5176 duobusprwceptts

2197 5188 2303 5233 tota
2333 5178 2418 5233 lea:
2447 5173 2704 5245 pendatet
2749 5173 3011 5246 propheta:
3050 5174 3264 5243 (Matth.
3296 5178 3449 5245 uti).
3484 5173 3609 5230 [hac
3650 5176 3788 5243 duo,

2194 5249 2239 5303 si
2273 5265 2465 5303 mecum
2510 5248 2804 5318 ﬁrmissime
2839 5257 3034 5313 teneas,
3064 5248 3291 5303 amicitia
3334 5255 3509 5302 nostra
3555 5262 3676 5301 vera
3723 5262 3790 5301 ac

2194 5317 2649 5393 sempiternnferit,
2692 5328 2739 5393 et
2770 5336 2992 5393 nosnon
3023 5318 3190 5393 solum
3236 5317 3789 5393 invicem._sed_et_iaua

2193 5386 2807 5463 ipsi'Dominosociultit.
2854 5390 2977 5445 Haec
3014 5391 3081 5443 de
3117 5404 3245 5444 vera
3271 5388 3537 5463 proicitur}
3579 5386 3752 5463 deﬂui
3784 5418 3792 5428 -

2197 5458 2345 5518 tione
2367 5480 2472 5517 non
2503 5462 2678 5516 minus
2704 5463 2985 5531 eleganter
3012 5475 3168 5530 quam
3200 5459 3472 5515 subtiliter
3504 5458 3565 5531 Ι),
3597 5460 3761 5531 Augu

2196 5539 2398 5600 slinus;
2438 5551 2556 5604 qum
2585 5533 2707 5587 licet
2742 5528 2949 5599 prolixe
2973 5528 3133 5594 diota.
3165 5541 3343 5587 tatiien
3375 5530 3439 5585 ad
3473 5528 3787 5604 liiijllS_l0¢_i,

2196 5606 2360 5661 itnmu
2387 5596 2468 5657 ’δεῖ
2496 5606 2657 5658 totius
2679 5596 2856 5670 ‘hlijlls
2891 5606 3198 5659 collationis
3223 5613 3278 5655 et
3305 5596 3684 5669 disputationis
3710 5596 3789 5658 ἆὲ

2195 5695 2322 5733 vera
2348 5678 2582 5731 amicitia
2612 5675 3020 5745 intelligentiam
3043 5674 3564 5744 elucidationeutque
3589 5672 3788 5735 existi-

2195 5752 2341 5806 mavi
2362 5749 2584 5806 omnino
2614 5747 2910 5803 recitanda.
