4072 6324
309 307 434 378 lilii

913 427 1136 486 CAPUT
1177 427 1263 484 Vl.

376 519 571 588 Quibus
598 523 762 576 modis
788 521 1096 578 inviolabilis
1121 525 1280 594 possit
1307 524 1522 579 societas
1551 525 1807 578 retentari.

373 613 547 668 Prima
581 623 606 650 ι
643 613 804 686 igitur
842 625 966 672 sunt
1011 631 1152 670 vera:
1199 615 1445 672 amicitiae
1482 617 1532 672 in
1573 623 1884 684 contemptu

305 705 616 758 substantia:
653 705 939 762 mundialis
968 715 1026 762 et
1055 707 1293 762 omnium
1339 723 1472 778 quas
1503 709 1759 764 habemus
1801 723 1886 764 re-

305 813 416 851 rum
449 797 796 866 destructione
823 797 1150 856 fundamina.
1179 798 1439 868 Pcrquam
1462 799 1602 854 enim
1627 799 1880 870 injustutn

304 903 458 958 atque
487 889 715 956 impium
748 897 846 956 est,
883 889 926 944 si
973 900 1094 962 post
1140 889 1566 944 abrenuntiata":
1613 890 1794 946 mundi
1831 899 1886 946 et

303 983 540 1036 muniam
590 999 710 1053 qua:
749 981 800 1036 in
841 998 906 1037 eo
955 993 1078 1036 sunt
1125 983 1431 1052 vanitatem,
1483 983 1884 1052 pretiOsissimae

305 1077 482 1130 fratris
535 1075 808 1132 dilectioni
851 1077 1090 1146 supellex
1139 1077 1394 1132 vilissima
1451 1093 1571 1147 quae
1621 1077 1885 1147 superfuit

303 1167 466 1240 (Lips.
523 1171 572 1221 in
623 1185 786 1240 marg.
835 1165 1162 1238 supertluit],
1201 1169 1557 1242 przrferatur:
1587 1168 1880 1224 secundum

303 1271 376 1314 rst
413 1274 464 1314 ιιι
500 1263 568 1314 ita
599 1278 725 1314 suas
751 1261 1117 1330 unusquisque
1147 1273 1351 1316 resecet
1377 1262 1702 1324 voluntates,
1730 1275 1796 1316 ne
1824 1275 1882 1316 se

301 1355 598 1424 sipientcm
625 1367 786 1424 atque
817 1355 1122 1408 consoltum
1153 1369 1272 1410 esse
1298 1355 1568 1424 judicans,
1599 1356 1709 1410 suis
1735 1355 1883 1412 malit

304 1464 462 1516 quam
507 1445 734 1516 proximi
780 1445 1182 1500 definitionibus
1227 1447 1467 1504 obedire.
1517 1447 1757 1502 Tertitttn
1801 1455 1884 1502 est

299 1551 352 1590 ut
383 1539 520 1592 sciat
550 1541 754 1604 omnia,
786 1541 945 1594 etiam
985 1557 1102 1610 quae
1124 1537 1274 1592 utilia
1305 1554 1368 1592 ac
1398 1539 1701 1592 necessaria
1735 1539 1880 1592 testi-

299 1641 430 1692 ntat,
465 1631 832 1700 pnstponenda
864 1633 1002 1685 bono
1029 1629 1308 1685 charitalis
1333 1646 1394 1684 ac
1421 1631 1602 1700 pacis;
1626 1641 1878 1700 quartum

299 1729 354 1776 ttt
395 1721 586 1776 credat
632 1739 730 1778 nec
770 1721 931 1794 jnstis
979 1738 1080 1778 nec
1125 1721 1336 1792 injustis
1363 1721 1428 1776 de
1459 1722 1635 1777 causis
1668 1721 1880 1792 penitus

1393 308 1732 372 cntum
1773 307 1910 366 XVI.
1951 309 2130 368 ...ηε
2169 301 2502 375 Αιιιοιτιιιὲ

1902 433 1954 493 Α
1981 446 2067 484 ma
2093 433 2378 486 communia
2403 431 2600 504 (Actor.
2626 429 2724 502 tv).
2753 430 2932 492 Deind
3003 407 3454 504 quemadmanum
3495 431 3562 486 ab

3421 313 3560 374 {Dii

1985 537 2050 578 eo
2082 525 2430 580 seminarium
2461 516 2819 586 dissensionis
2845 529 3128 594 exsurget,
3157 521 3248 592 qui
3288 535 3394 574 non
3427 534 3560 588 suae,

1985 615 2080 672 sed
2113 613 2296 670 fratris
2315 615 2556 670 serviens
2579 613 2870 682 voluntati,
2899 614 3108 670 Domini
3140 621 3300 684 atque
3324 613 3562 668 auctoi-is

1985 707 2068 762 sui
2099 706 2256 762 fuerit
2285 707 2520 764 imitator
2570 706 2826 774 effectus,
2857 707 2950 778 qui
2981 707 3208 776 loquens
3237 721 3306 760 ex
3333 720 3562 776 persona

1987 799 2217 854 hominis
2245 814 2408 870 quem
2435 799 2683 870 gerebat,
2717 799 2840 856 Non
2869 799 3001 868 veni,
3031 799 3224 868 inquit,
3257 806 3310 854 ut
3345 799 3566 870 facerem

1983 893 2294 948 voluntatem
2335 909 2520 960 meam,
2560 895 2654 950 sed
2693 894 3006 950 voluntatem
3035 894 3146 966 ejus
3182 891 3272 962 qui
3312 908 3391 948 me
3429 891 3564 948 misit

1986 987 2157 1058 (Jaan.
2189 985 2284 1057 v)?
2325 986 2441 1058 Quo
2469 995 2652 1044 autem
2685 987 2846 1048 modo
2878 987 3044 1042 ullum
3093 985 3458 1044 contentionis
3485 983 3566 1039 fo-

1985 1079 2168 1134 mitem
2199 1078 2508 1147 suscitabit,
2541 1079 2629 1148 qui
2661 1079 2729 1134 de
2762 1078 3109 1148 intelligentia
3143 1091 3206 1131 ac
3253 1092 3411 1132 sensu
3441 1090 3558 1148 suo,

1985 1189 2090 1228 non
2121 1180 2226 1226 tam
2259 1171 2485 1241 proprio
2515 1171 2723 1242 judicio
2757 1185 2916 1242 quam
2952 1169 3139 1228 fratris
3169 1168 3362 1224 cedere
3393 1167 3560 1242 [Lips.

1983 1267 2038 1320 in
2063 1282 2226 1338 marg.
2262 1263 2514 1336 credere]
2537 1265 2780 1322 decrevit
2807 1265 3060 1330 examini,
3093 1279 3189 1334 pro
3219 1262 3337 1332 ejus
3359 1262 3568 1320 scilicet

1982 1359 2227 1424 arbitrio,
2257 1360 2342 1414 vel
2374 1359 2609 1429 probans
2639 1373 2732 1412 sua
2763 1358 3008 1426 inventa,
3038 1357 3120 1412 vel
3147 1356 3484 1425 improbans,
3511 1363 3564 1408 et

1983 1451 2368 1522 Evangelicum
2393 1452 2522 1506 illud
2549 1451 2620 1520 pii
2639 1449 2820 1506 cordis
2839 1451 3140 1506 humilitate
3160 1462 3561 1510 consummans.

1993 1541 2354 1596 Verumtamen
2403 1559 2508 1596 non
2550 1543 2682 1598 sicut
2734 1557 2826 1612 ego
2876 1541 3024 1608 volo,
3073 1541 3162 1596 sed
3209 1540 3342 1596 sicut
3391 1547 3445 1592 tu
3491 1538 3566 1592 vis

1985 1633 2203 1706 (Matth.
2235 1634 2419 1704 xxvi)?
2459 1635 2566 1688 Aut
2609 1647 2712 1702 qua
2757 1633 2966 1688 ratione
3006 1631 3207 1702 aliquid
3247 1645 3355 1698 quo
3402 1629 3565 1684 frater

1983 1726 2381 1790 mrestitieetur,
2408 1725 2680 1790 admittet,
2711 1721 2804 1794 qui
2829 1725 2971 1778 bono
3005 1723 3147 1792 pacis
3185 1721 3317 1776 nihil
3359 1720 3566 1791 judicat

299 1813 668 1880 inurendum;
718 1815 966 1884 quintum
1017 1827 1074 1868 ut
1122 1815 1380 1870 adversus
1433 1831 1494 1869 se
1547 1815 1877 1868 iracundiam
1910 1814 1956 1874 Β
1984 1833 2104 1872 esse
2147 1819 2457 1887 pretiosius,
2503 1817 2797 1876 Dominica:
2845 1814 2988 1870 illius
3032 1813 3314 1870 sententiae
3361 1825 3567 1868 memo-

297 1905 498 1972 ftatris,
529 1905 690 1958 etiam
721 1905 839 1962 sine
869 1907 1078 1960 ratione
1107 1917 1448 1976 conceptam,
1483 1907 1673 1962 eodem
1721 1907 1881 1962 modo

297 2015 398 2070 quo
447 2015 598 2052 suam
648 2013 838 2052 curare
877 1999 1173 2066 desideret,
1225 2001 1404 2054 sciens
1453 2001 1730 2072 aequaliter
1779 2001 1881 2055 sibi

297 2091 654 2162 pitt'ttlcltlsalll
685 2091 908 2146 alterius
937 2108 1058 2148 esse
1089 2091 1384 2158 tristitiam,
1428 2107 1490 2146 ac
1533 2093 1576 2148 si
1621 2093 1882 2148 adversus

295 2187 456 2238 alium
489 2185 602 2254 ipse
633 2193 935 2250 moveatur,
975 2185 1076 2238 nisi
1124 2200 1264 2252 eam,
1304 2195 1560 2256 quantum
1595 2185 1645 2238 in
1688 2201 1747 2240 se
1775 2195 1876 2254 est,

296 2279 456 2334 etiam
501 2279 567 2332 de
611 2277 796 2332 fratris
841 2287 1022 2332 mente
1062 2277 1350 2348 depulerit.
1384 2277 1719 2332 Postremum
1752 2278 1878 2334 illud

295 2381 395 2440 est,
429 2369 570 2440 qttod
609 2371 866 2440 generale
899 2371 1150 2424 vitiorum
1189 2372 1425 2426 omnium
1457 2373 1880 2442 peretnptoriutn

295 2479 412 2518 esse
450 2479 554 2517 non
591 2463 812 2516 dubiutn
859 2472 962 2530 est,
997 2471 1054 2517 ut
1083 2477 1141 2518 se
1181 2463 1248 2518 de
1301 2463 1400 2517 hoc
1447 2463 1650 2517 mundo
1699 2463 1882 2520 credat

295 2557 534 2626 quotidie
559 2557 933 2628 migraturum.
967 2556 1096 2625 Quae
1127 2557 1402 2628 persuasio
1429 2573 1535 2611 non
1563 2557 1736 2612 solum
1767 2557 1883 2611 nul-

298 2651 396 2704 lam
446 2651 496 2706 in
544 2650 707 2704 corde
751 2649 1028 2704 tristitiam
1073 2649 1312 2705 residere
1357 2647 1636 2720 permittit,
1693 2664 1879 2704 verum

297 2743 456 2796 etiam
493 2741 774 2795 universos
821 2741 1380 2810 concupiscentiarum
1427 2755 1489 2794 ac
1537 2751 1880 2810 peccatorum

297 2837 536 2889 tnnnium
583 2835 909 2904 comprimet
951 2843 1148 2888 motus.
1197 2833 1321 2889 flare
1368 2833 1527 2904 igitur
1561 2833 1882 2904 quicumque

299 2929 554 2992 tenuerit,
582 2927 996 2982 amaritudinem
1025 2927 1118 2982 irae
1141 2937 1300 2997 atque
1329 2926 1616 2982 discordiae
1645 2943 1746 2984 nec
1775 2928 1882 2997 pati

299 3025 496 3094 pulerit
520 3037 618 3078 nec
637 3021 870 3082 inferre.
901 3021 1000 3078 His
1023 3032 1200 3076 autem
1234 3021 1590 3090 cessantibus,
1620 3035 1742 3076 cum
1773 3022 1884 3090 pri-

297 3131 438 3168 mum
463 3115 490 3154 ιι
515 3115 606 3169 ille
635 3114 862 3169 seruulus
889 3113 1172 3168 cbaritatis
1215 3114 1270 3167 in
1303 3113 1560 3168 cordibus
1587 3113 1880 3167 amicorum

1985 1911 2121 1966 riam
2167 1927 2274 1965 non
2305 1909 2582 1976 amittens,
2626 1907 2692 1962 In
2735 1907 2831 1964 hoc
2873 1915 3175 1978 cognoscent
3223 1922 3391 1962 omnes
3427 1905 3566 1976 quod

1981 2007 2082 2062 mei
2125 2007 2244 2060 estis
2289 2003 2556 2072 discipuli,
2598 2005 2642 2058 si
2673 2001 2998 2058 dilectionem
3037 2000 3316 2056 habueritis
3368 2000 3567 2054 adinvi-

1985 2113 2090 2152 cem
2123 2095 2300 2168 (Joan.
2333 2095 2479 2166 xm),
2520 2110 2615 2166 per
2643 2111 2802 2164 quam
2835 2095 2984 2150 velut
3023 2093 3252 2164 spiritali
3294 2091 3569 2162 signaculo

1984 2205 2197 2261 gregem
2229 2190 2410 2244 ovium
2441 2203 2658 2244 suarum
2691 2189 2742 2242 in
2771 2189 2873 2242 hoc
2897 2185 3096 2244 mundo
3127 2184 3293 2239 voluit
3321 2182 3570 2238 Christus

1986 2285 2227 2356 agnosci,
2259 2294 2419 2354 atque
2447 2283 2552 2338 hoc
2577 2297 2606 2336 a
2633 2283 2870 2346 casteria,
2899 2289 2958 2336 ut
2985 2281 3060 2336 ita
3085 2279 3336 2348 dixerim,
3379 2277 3566 2332 chara-

1983 2389 2130 2434 ctere
2155 2377 2426 2434 discerni?
2456 2375 2568 2446 Qua
2594 2388 2820 2430 vero-ex
2856 2387 3016 2428 causa
3043 2371 3128 2428 vel
3156 2370 3210 2426 in
3236 2385 3296 2426 se
3321 2368 3567 2438 recipere

1984 2471 2066 2526 vel
2096 2471 2148 2525 in
2180 2469 2287 2524 alio
2309 2469 2555 2524 residere
2577 2479 2864 2522 rancorem
2893 2463 3122 2520 tristitiae
3149 2460 3456 2524 sustinebit,
3479 2459 3563 2514 cui

1984 2577 2192 2618 summa
2224 2559 2466 2618 definitio
2496 2567 2598 2626 est,
2629 2569 2651 2597 ο
2677 2555 2972 2613 iracundias
3004 2569 3156 2626 ,quae
3179 2551 3480 2624 perniciosa
3512 2558 3565 2604 et

1985 2655 2170 2710 illicita
2201 2661 2306 2720 est,
2335 2652 2506 2724 justas
2534 2664 2728 2706 causas
2768 2663 2890 2704 esse
2921 2661 3026 2702 non
3052 2660 3230 2718 posse,
3264 2643 3566 2712 eodemque

1983 2763 2046 2804 se
2073 2749 2256 2814 modo,
2277 2757 2628 2802 succensente
2674 2744 2778 2802 sibi
2830 2742 3019 2812 fratre,
3054 2756 3214 2798 orare
3255 2754 3360 2796 non
3383 2753 3564 2809 posse,

1983 2859 2108 2900 cum
2132 2843 2282 2914 quasi
2304 2843 2456 2898 fratri
2479 2855 2580 2896 suo
2603 2841 2720 2912 ipse
2742 2845 3077 2902 succenseat,
3105 2837 3392 2906 irrogatam
3420 2834 3566 2887 illam

1985 2937 2197 2992 Domini
2254 2935 2551 2992 Salvatoris
2603 2932 2791 2988 humili
2845 2945 3062 3000 semper
3109 2930 3348 2984 retinens
3407 2926 3569 2981 corde

1985 3030 2330 3090 sententiam,
2362 3027 2424 3084 Si
2451 3025 2606 3094 offers
2641 3039 2830 3080 manus
2867 3031 3012 3084 tuum
3051 3019 3124 3078 ad
3163 3019 3360 3085 altare,
3410 3029 3458 3074 et
3499 3019 3570 3072 ibi

1983 3123 2285 3176 recordatus
2313 3120 2474 3192 fueris
2502 3119 2638 3189 quod
2666 3121 2824 3188 frater
2853 3125 2970 3170 tuus
2991 3113 3138 3168 habet
3161 3111 3362 3184 aliquid
3386 3111 3569 3164 adver-

299 3209 530 3264 tristitite
576 3207 776 3264 sensim
829 3222 1036 3263 venena
1078 3207 1386 3274 suffuderit,
1435 3221 1656 3262 necesse
1699 3217 1782 3262 est
1823 3215 1882 3262 ut

1987 3231 2100 3270 sum
2131 3223 2198 3280 te,
2232 3215 2466 3284 relinque
2493 3213 2565 3268 ibi
2603 3227 2789 3266 munus
2817 3219 2960 3264 tuum
2993 3213 3112 3262 ante
3143 3207 3328 3272 altare,
3364 3213 3414 3260 et
3445 3203 3571 3258 uade

297 3303 670 3376 frequentibus
711 3305 900 3374 jurgiis
946 3303 1204 3374 paulatim
1255 3303 1548 3359 dilectione
1593 3303 1876 3373 tepefacta,

195 3403 202 3408 '
297 3403 590 3457 amantium
615 3401 778 3456 Corda
801 3399 892 3455 diu
915 3400 1226 3454 exulcerata
1257 3399 1579 3468 quandoque
1604 3397 1878 3453 dissociet.

297 3493 429 3550 Nam
457 3494 552 3564 qui
581 3509 680 3566 per
706 3495 898 3550 callem
923 3493 1198 3564 prtedictte
1227 3493 1538 3548 directionis
1563 3491 1880 3562 ingreditur,

297 3587 350 3642 in
382 3603 490 3657 quo
519 3587 589 3642 ab
618 3587 793 3642 amico
823 3601 1076 3656 umquam
1106 3601 1206 3640 suo
1239 3586 1437 3654 poterit
1475 3583 1760 3652 dissidere,
1794 3583 1886 3654 qui

299 3683 532 3750 primam
562 3681 738 3735 litium
781 3695 996 3735 causam
1026 3695 1146 3750 qum
1187 3695 1252 3734 ex
1283 3679 1521 3749 parvulis
1551 3677 1712 3733 rebus
1739 3679 1885 3732 vilis-

301 3775 558 3846 simisque
598 3773 838 3830 materiis
873 3771 1122 3848 generari
1161 3774 1330 3839 solet,
1360 3771 1488 3826 nihil
1521 3787 1676 3826 suum
1707 3769 1880 3825 vindi-

299 3885 450 3936 cans,
481 3867 746 3924 radicitus
765 3867 1150 3938 amputaverit,
1195 3865 1326 3922 illud
1372 3866 1514 3936 quod
1560 3865 1614 3922 in
1661 3864 1886 3920 Actibus

302 3961 688 4032 Apostolorum
729 3963 960 4031 legimus
1005 3961 1074 4016 de
1119 3960 1326 4014 unitate
1369 3958 1708 4014 credentium
1740 3957 1890 4014 omni

301 4053 498 4108 virtute
543 4053 892 4109 custodiens?
943 4049 1295 4106 Multitudinis
1345 4062 1518 4106 autem
1571 4051 1886 4106 credentium

302 4153 410 4200 erat
431 4163 522 4200 cor
549 4163 710 4200 unum
728 4153 776 4202 et
800 4146 973 4202 aninta
999 4163 1120 4212 una,
1153 4163 1244 4202 nec
1273 4147 1546 4217 quisquam
1575 4163 1750 4202 eorum
1775 4160 1888 4214 qute

301 4239 620 4308 possidebat,
642 4239 844 4308 aliquid
862 4255 1012 4294 suum
1031 4255 1136 4294 esse
1151 4239 1370 4304 dicebat,
1393 4238 1484 4292 sed
1503 4247 1648 4294 erant
1663 4236 1768 4292 illis
1779 4252 1890 4292 ons-

1987 3311 2137 3379 prius
2165 3307 2497 3364 reconciliari
2519 3305 2670 3374 fratri
2701 3315 2805 3370 tuo,
2835 3313 2880 3358 et
2909 3301 2982 3356 sic
3009 3301 3214 3356 ueniens
3235 3297 3364 3366 offer
3387 3313 3573 3352 munus

1989 3411 2134 3454 tuu-m
2167 3398 2385 3470 (Matth.
2425 3399 2506 3466 ν).
2550 3396 2692 3450 Nihil
2737 3394 2883 3449 enim
2915 3391 3162 3464 proderit
3203 3391 3247 3445 si
3281 3399 3334 3445 te
3357 3389 3569 3460 quidem

1989 3505 2202 3548 asseras
2235 3505 2340 3546 non
2379 3487 2561 3554 irasci,
2593 3495 2646 3542 et
2678 3483 2872 3540 credas
2905 3493 2956 3540 te
2985 3481 3214 3552 implere
3249 3480 3382 3536 illud
3421 3495 3572 3533 man-

1989 3585 2170 3642 datum
2196 3597 2304 3652 quo
2333 3581 2554 3644 dicitur,
2585 3575 2681 3634 Sol
2707 3594 2808 3634 non
2843 3575 3044 3630 occidat
3066 3589 3220 3644 super
3249 3571 3574 3628 iracundiam

1988 3686 2228 3741 uestram,
2259 3683 2335 3742 et,
2368 3673 2467 3740 Qui
2491 3671 2738 3726 irascitur
2765 3669 2916 3740 fratri
2945 3683 3066 3736 suo,
3089 3682 3206 3722 reus
3227 3665 3324 3720 erit
3333 3663 3573 3735 judicio;

1991 3769 2212 3824 alterius
2242 3781 2377 3823 vero
2403 3763 2672 3821 tristitiam
2706 3777 2867 3832 quam
2891 3759 3118 3816 delinire
3145 3767 3233 3812 tua
3261 3765 3574 3810 mansuetu-

1993 3863 2116 3920 dine
2165 3861 2418 3934 potuisti,
2461 3857 2767 3916 contumaci
2814 3858 2979 3914 corde
3027 3853 3317 3924 deepicias.
3367 3849 3569 3906 Eodem

1995 3972 2230 4027 namque
2283 3955 2444 4010 modo
2500 3953 2758 4025 praecepti
2808 3950 3076 4008 Domiuici
3131 3945 3576 4018 praevaricatione

1992 4051 2274 4122 plecteris.
2303 4049 2406 4118 Qui
2435 4049 2577 4104 enim
2607 4055 2660 4103 te
2688 4047 2848 4102 irasci
2883 4045 3144 4100 adversus
3192 4041 3418 4097 alterum
3463 4053 3570 4094 non

1993 4145 2193 4202 debere
2219 4143 2378 4211 dixit,
2409 4157 2510 4200 nec
2531 4141 2752 4198 alterius
2774 4137 3050 4196 contemni
3077 4135 3348 4194 trisdtiam
3375 4134 3577 4190 debere

1997 4235 2162 4303 dixit;
2195 4238 2320 4306 quia
2351 4250 2458 4292 non
2488 4235 2722 4291 interest
2747 4234 2888 4304 apud
2918 4232 3110 4299 Deum,
3141 4231 3232 4301 qui
3257 4242 3448 4285 omnes
3477 4226 3576 4280 ho-

1370 4371 1622 4428 ALARDI
1661 4371 1896 4428 GAZIEI
1933 4369 2490 4428 COMMENTARIUS.

381 4491 736 4548 ﬂTraduntur
761 4489 849 4545 hic
887 4495 1012 4544 octo
1041 4487 1217 4558 media
1246 4485 1442 4558 quibus
1469 4501 1598 4540 vera
1621 4493 1678 4540 et
1705 4485 1885 4556 perfe-

307 4573 394 4620 cta
419 4567 566 4620 inter
608 4561 903 4616 monachos
925 4559 1160 4614 amicitia
1191 4557 1428 4622 ineatur,
1458 4567 1808 4611 conservetur
1836 4563 1890 4612 et

306 4645 604 4706 augeatur:
634 4645 754 4702 qum
783 4631 1055 4706 memoria:
1071 4627 1325 4698 juvanda:
1355 4643 1513 4706 causa
1549 4627 1791 4706 breviter
1815 4627 1888 4682 ita

304 4697 482 4776 colligi
517 4697 746 4772 possunt
767 4701 946 4776 :_l°_ut
969 4697 1180 4755 firmum
1210 4709 1266 4754 et
1291 4699 1522 4755 solidum
1543 4697 1746 4768 jaciant
1771 4699 1888 4776 fun-

304 4769 615 4831 daméntum
645 4777 696 4830 in
725 4773 975 4844 religiosa
1005 4777 1680 4844 paupertatetcontemptu
1707 4781 1761 4844 et
1789 4769 1888 4824 ab-

305 4849 582 4902 dicatione
621 4861 798 4900 rerum
833 4840 1256 4912 temporalium;
1301 4840 1362 4894 2‘
1393 4851 1450 4896 ut
1494 4855 1620 4896 suas
1664 4841 1887 4912 quisque

305 4927 522 4973 resecet
559 4917 888 4980 voluntates,
925 4911 1026 4968 nec
1053 4922 1159 4984 tam
1187 4913 1300 4967 suis
1330 4927 1488 4984 quam
1515 4913 1747 4984 proximi
1784 4911 1886 4984 ide-

306 4989 643 5044 finitionibus
675 4987 822 5040 malit
846 4984 1100 5050 obedire;
1130 4983 1192 5038 5ο
1223 4991 1277 5037 ιιι
1316 4983 1451 5038 sciat
1483 4983 1662 5036 omnia
1682 5023 1696 5046 ,
1725 4983 1888 5037 etiam

306 5077 427 5128 quae
452 5057 754 5114 necessaria
777 5067 865 5110 aut
893 5057 1042 5110 utilia
1065 5053 1314 5116 aestimat,
1346 5053 1718 5128 postponenda
1745 5053 1889 5107 bono

307 5123 594 5185 charitatis
633 5135 686 5184 et
715 5131 892 5197 pacis;
947 5129 1010 5182 4°
1043 5136 1098 5180 ut
1140 5134 1326 5178 caveat
1365 5123 1720 5197 iracundiam,
1769 5137 1889 5193 quae

307 5215 488 5255 mater
516 5207 599 5254 est
640 5193 954 5263 discindite;
993 5197 1054 5252 5°
1086 5207 1142 5250 ut
1185 5197 1317 5248 iram
1359 5193 1542 5250 fratris
1581 5203 1768 5248 contra
1807 5209 1887 5262 se,

307 5275 470 5326 etiam
503 5271 620 5326 sine
649 5269 860 5324 ratione
906 5277 1246 5334 conceptam,
1289 5279 1479 5320 curare
1524 5279 1586 5319 ac
1617 5265 1884 5334 mitigare,

308 5359 463 5414 teque
515 5359 576 5394 at:
626 5355 776 5414 suam
819 5333 1124 5414 desideret;
1181 5333 1237 5389 6°
1291 5343 1434 5414 nt_se
1461 5335 1528 5390 de
1561 5335 1663 5390 hoc
1691 5333 1894 5414 mundo

309 5405 500 5468 credat
551 5409 792 5482 quotidie
824 5411 1206 5482 migraturum,
1234 5407 1376 5482 quod
1415 5417 1498 5461 est
1529 5406 1780 5482 generale
1809 5405 1894 5482 vi-

313 5485 515 5539 tiorum
549 5476 787 5536 omnium
824 5476 1276 5544 peremptorium;
1309 5477 1366 5532 7’
1397 5487 1452 5531 ιιι
1493 5479 1650 5532 etiam
1689 5476 1740 5530 in
1773 5477 1894 5546 opi-

309 5557 568 5610 nionibus
589 5554 654 5606 ad
689 5553 1020 5606 intellectum
1046 5549 1462 5618 pertinentibus,
1489 5547 1654 5618 fugiat
1673 5559 1898 5618 conten-

313 5627 520 5692 tioites;
552 5625 608 5681 8'
635 5631 697 5678 ut
723 5637 1013 5694 numquam
1042 5617 1164 5686 suo,
1197 5619 1292 5674 sed
1321 5619 1492 5690 magis
1534 5623 1710 5674 alieno
1750 5617 1896 5688 judi-

313 5699 402 5753 cio
435 5699 584 5752 fidat.

383 5768 414 5808 δ
450 5769 727 5830 Diabolus,
755 5765 832 5820 vel
859 5765 1014 5820 radix
1052 5765 1276 5820 omnium
1321 5761 1578 5817 malorum
1625 5761 1898 5832 cupiditas.

313 5841 601 5896 charitatis
642 5839 856 5904 aemula,
905 5847 959 5892 et
994 5835 1236 5902 inimica,
1270 5851 1426 5904 quam
1476 5835 1698 5888 informs
1749 5843 1900 5884 vorat

1991 4486 2220 4555 primam
2243 4498 2457 4555 causam
2483 4481 2654 4555 litium
2672 4480 2777 4555 :_de
2799 4489 2902 4555 qua
2927 4473 3406 4555 Cassiodorus_(_l)e
3431 4477 3576 4530 Ami-

1991 4548 2114 4610 citia
2144 4573 2266 4628 (cap.
2315 4553 2369 4624 1)
2403 4563 2536 4628 apte
2586 4553 2638 4628 i_n
2686 4548 3084 4628 bu.tté_lo_cum‘:
3113 4548 3380 4628 ΔΑιιιὶιῆιὶιι
3419 4563 3573 4628 quant

1991 4617 2254 4681 mundana
2296 4617 2549 4695 cupiditas
2594 4621 2874 4695 introducit
2907 4619 3256 4695 fraudulenta.
3289 4625 3363 4672 est
3385 4617 3576 4695 :_nih_il

1989 4713 2182 4762 verum,
2213 4695 2344 4749 nihil
2359 4687 2631 4758 "securum,
2663 4691 2792 4746 nihil
2819 4687 2996 4745 stabile
3023 4689 3210 4762 habet;
3239 4689 3376 4742 bona
3401 4687 3572 4740 homi—

1992 4771 2071 4822 nis
2101 4761 2260 4836 atnat,
2305 4781 2406 4818 non
2435 4763 2726 4836 hominem;
2764 4777 2989 4816 antorem
3029 4761 3232 4814 metitur
3258 4767 3576 4836 exqutesttt;

1992 4829 2258 4910 fortunam
2281 4837 2408 4890 uotis
2447 4833 2792 4906 amplectitur,
2834 4847 2935 4886 non
2973 4845 3278 4898 personant;
3317 4829 3476 4900 juxta
3507 4829 3573 4882 il-

1995 4909 2088 4965 lud
2113 4927 2126 4963 :

2115 4999 2220 5051 Non
2248 5005 2323 5048 est
2345 5008 2588 5058 personte,
2612 4995 2700 5045 sed
2727 4991 3064 5058 prosperitatis
3085 4992 3284 5058 amicus,

2180 5051 2555 5120 Quem'forluna
2577 5051 2912 5117 tenet—dulcis,
2935 5053 3115 5105 acerba
3135 5051 3275 5114 fugat

1997 5191 2216 5247 Etinfra
2245 5207 2258 5244 :
2283 5187 2420 5244 Audi
2447 5187 2509 5242 Β.
2537 5188 2862 5243 Ambrosium
2887 5183 3022 5257 (Lib.
3049 5197 3110 5239 tn
3135 5181 3243 5257 Off.
3273 5199 3387 5257 cap».
3413 5182 3540 5257 ult.)
3570 5203 3580 5236 :

1997 5263 2120 5318 Non
2149 5271 2246 5328 est,
2280 5261 2470 5332 inquit,
2501 5260 2730 5314 amicitia
2751 5255 3034 5328 vectigalis,
3064 5255 3154 5310 sed
3178 5255 3448 5332 liberalis-5
3483 5256 3587 5308 vir-

1999 5345 2076 5388 tus
2099 5325 2359 5392 enimvest.’
2381 5342 2428 5384 et
2457 5325 2560 5384 non
2583 5339 2842 5401 quwstus;
2875 5325 2974 5401 non
3017 5331 3234 5396 pecunia
3256 5325 3584 5401 conciliatur,

1999 5405 2086 5459 sed
2127 5405 2334 5476 gratia;
2368 5419 2468 5476 non
2500 5397 2784 5476 litigatione
2811 5399 3144 5476 pretiorum,
3183 5397 3274 5452 sed
3316 5405 3584 5449 concerta-

2001 5469 2358 5530 tione'mutua'
2386 5469 2742 5526 benevolentia
2773 5469 2998 5538 gignitur
3025 5479 3073 5522 et
3101 5473 3318 5541 fovetur,
3355 5475 3458 5541 etc.

2077 5557 2096 5580 ν
2132 5547 2279 5608 ilzec,
2309 5555 2362 5599 et
2391 5559 2509 5614 qntc
2533 5535 2852 5614 sequuntur,
2895 5555 3002 5614 quo
3019 5535 3192 5614 sensu
3235 5535 3586 5614 intelligenda

2003 5627 2146 5684 sunt,
2189 5607 2308 5669 vide
2349 5607 2878 5684 in'annotationibus
2915 5607 2980 5684 ad
3019 5610 3112 5663 lib.
3149 5623 3244 5684 Ytll
3290 5607 3588 5684 Institutio-

2009 5680 2155 5742 ttum'.
2199 5687 2503 5742 Prudenter
2543 5695 2722 5736 autem
2767 5683 2904 5736 dixit
2954 5681 3275 5740 iracundite,
3311 5695 3416 5732 non
3473 5680 3587 5730 fftt’.

2007 5759 2134 5814 Nam
2173 5761 2246 5812 ira
2283 5773 2425 5818 same,
2451 5757 2588 5820 jusm
2623 5763 2722 5812 est,
2759 5761 2810 5804 et
2839 5754 3010 5818 justas
3041 5765 3230 5807 cauSa-s
3261 5751 3448 5817 habet;
3483 5763 3589 5804 non

2003 5830 2300 5888 iracundia,
2335 5839 2388 5880 ut
2418 5843 2516 5881 suo
2543 5825 2661 5879 loco
2689 5824 2890 5878 dictum
2923 5833 3030 5877 est.
