  <div class='ocr_page' id='page_1' title='image "/cluster/home/n/w/nwhite01/storage/ocr_20150623/49/hvd.32044015471543/523.png"; bbox 0 0 4072 6324; ppageno 0'>
   <div class='ocr_carea' id='block_1_1' title="bbox 464 326 605 386">
    <p class='ocr_par' dir='ltr' id='par_1_1' title="bbox 464 326 605 386">
     <span class='ocr_line' id='line_1_1' title="bbox 464 326 605 386; baseline 0.028 -4"><span class='ocrx_word' id='word_1_1' title='bbox 464 326 605 386; x_wconf 69' lang='grc' dir='ltr'><strong>ΙΟΞδ</strong></span> 
     </span>
    </p>
   </div>
   <div class='ocr_carea' id='block_1_2' title="bbox 1519 321 2680 382">
    <p class='ocr_par' dir='ltr' id='par_1_2' title="bbox 1519 321 2680 382">
     <span class='ocr_line' id='line_1_2' title="bbox 1519 321 2680 382; baseline -0.004 -1"><span class='ocrx_word' id='word_1_2' title='bbox 1519 322 1797 382; x_wconf 76' lang='lat' dir='ltr'><strong>JOANNIS</strong></span> <span class='ocrx_word' id='word_1_3' title='bbox 1833 321 2140 380; x_wconf 81' lang='lat' dir='ltr'><strong>CASSIANI</strong></span> <span class='ocrx_word' id='word_1_4' title='bbox 2179 321 2680 379; x_wconf 76' lang='lat' dir='ltr'><strong>COLLATIONES.</strong></span> 
     </span>
    </p>
   </div>
   <div class='ocr_carea' id='block_1_3' title="bbox 3615 325 3756 385">
    <p class='ocr_par' dir='ltr' id='par_1_3' title="bbox 3615 325 3756 385">
     <span class='ocr_line' id='line_1_3' title="bbox 3615 325 3756 385; baseline 0.021 -3"><span class='ocrx_word' id='word_1_5' title='bbox 3615 325 3756 385; x_wconf 67' lang='grc' dir='ltr'>ιιιιιι</span> 
     </span>
    </p>
   </div>
   <div class='ocr_carea' id='block_1_4' title="bbox 462 437 3753 514">
    <p class='ocr_par' dir='ltr' id='par_1_4' title="bbox 462 437 3753 514">
     <span class='ocr_line' id='line_1_4' title="bbox 462 437 3753 514; baseline 0 -14"><span class='ocrx_word' id='word_1_6' title='bbox 462 445 636 500; x_wconf 80' lang='lat' dir='ltr'><strong>mines</strong></span> <span class='ocrx_word' id='word_1_7' title='bbox 666 442 785 499; x_wconf 99' lang='lat' dir='ltr'><strong>vult</strong></span> <span class='ocrx_word' id='word_1_8' title='bbox 805 442 985 499; x_wconf 85' lang='lat' dir='ltr'><strong>salvos</strong></span> <span class='ocrx_word' id='word_1_9' title='bbox 1014 443 1153 505; x_wconf 81' lang='lat' dir='ltr'><strong>fieri,</strong></span> <span class='ocrx_word' id='word_1_10' title='bbox 1180 450 1361 496; x_wconf 91' lang='lat' dir='ltr'><strong>utrum</strong></span> <span class='ocrx_word' id='word_1_11' title='bbox 1385 449 1441 496; x_wconf 90' lang='lat' dir='ltr'><strong>te</strong></span> <span class='ocrx_word' id='word_1_12' title='bbox 1465 455 1532 495; x_wconf 91' lang='lat' dir='ltr'><strong>an</strong></span> <span class='ocrx_word' id='word_1_13' title='bbox 1562 439 1726 494; x_wconf 91' lang='lat' dir='ltr'><strong>alium</strong></span> <span class='ocrx_word' id='word_1_14' title='bbox 1749 438 2055 510; x_wconf 87' lang='lat' dir='ltr'><strong>quempiam</strong></span> <span class='ocrx_word' id='word_1_15' title='bbox 2081 443 2132 503; x_wconf 77' lang='grc' dir='ltr'><strong>Α</strong></span> <span class='ocrx_word' id='word_1_16' title='bbox 2161 453 2263 508; x_wconf 90' lang='lat' dir='ltr'><strong>qua</strong></span> <span class='ocrx_word' id='word_1_17' title='bbox 2287 437 2402 493; x_wconf 87' lang='lat' dir='ltr'><strong>sine</strong></span> <span class='ocrx_word' id='word_1_18' title='bbox 2423 437 2588 494; x_wconf 92' lang='lat' dir='ltr'><strong>dubio</strong></span> <span class='ocrx_word' id='word_1_19' title='bbox 2611 439 2989 496; x_wconf 74' lang='lat' dir='ltr'><strong>contentiones</strong></span> <span class='ocrx_word' id='word_1_20' title='bbox 3009 440 3250 512; x_wconf 70' lang='lat' dir='ltr'><strong>rixaeque</strong></span> <span class='ocrx_word' id='word_1_21' title='bbox 3272 441 3592 508; x_wconf 80' lang='lat' dir='ltr'><strong>verborum,</strong></span> <span class='ocrx_word' id='word_1_22' title='bbox 3615 459 3753 514; x_wconf 87' lang='lat' dir='ltr'><strong>quas</strong></span> 
     </span>
    </p>
   </div>
   <div class='ocr_carea' id='block_1_5' title="bbox 461 525 2056 604">
    <p class='ocr_par' dir='ltr' id='par_1_5' title="bbox 461 525 2056 604">
     <span class='ocr_line' id='line_1_5' title="bbox 461 525 2056 604; baseline -0.004 -14"><span class='ocrx_word' id='word_1_23' title='bbox 461 533 682 604; x_wconf 80' lang='lat' dir='ltr'><strong>perdas.</strong></span> <span class='ocrx_word' id='word_1_24' title='bbox 705 543 728 572; x_wconf 79' lang='grc' dir='ltr'><strong>ι</strong></span> <span class='ocrx_word' id='word_1_25' title='bbox 751 525 925 590; x_wconf 79' lang='lat' dir='ltr'><strong>Uiium</strong></span> <span class='ocrx_word' id='word_1_26' title='bbox 945 531 1212 602; x_wconf 77' lang='lat' dir='ltr'><strong>siquidem</strong></span> <span class='ocrx_word' id='word_1_27' title='bbox 1235 531 1528 602; x_wconf 77' lang='lat' dir='ltr'><strong>cujuslibet</strong></span> <span class='ocrx_word' id='word_1_28' title='bbox 1557 528 1778 586; x_wconf 90' lang='lat' dir='ltr'><strong>interitu</strong></span> <span class='ocrx_word' id='word_1_29' title='bbox 1796 529 1848 584; x_wconf 90' lang='lat' dir='ltr'><strong>ei</strong></span> <span class='ocrx_word' id='word_1_30' title='bbox 1877 531 2056 585; x_wconf 84' lang='lat' dir='ltr'><strong>nasci-</strong></span> 
     </span>
    </p>
   </div>
   <div class='ocr_carea' id='block_1_6' title="bbox 461 623 2056 697">
    <p class='ocr_par' dir='ltr' id='par_1_6' title="bbox 461 623 2056 697">
     <span class='ocr_line' id='line_1_6' title="bbox 461 623 2056 697; baseline -0.003 -15"><span class='ocrx_word' id='word_1_31' title='bbox 461 632 547 682; x_wconf 82' lang='lat' dir='ltr'><strong>fur</strong></span> <span class='ocrx_word' id='word_1_32' title='bbox 579 628 1004 693; x_wconf 69' lang='lat' dir='ltr'><strong>detrimentum;</strong></span> <span class='ocrx_word' id='word_1_33' title='bbox 1035 625 1331 697; x_wconf 83' lang='lat' dir='ltr'><strong>itidemque</strong></span> <span class='ocrx_word' id='word_1_34' title='bbox 1371 623 1450 680; x_wconf 85' lang='lat' dir='ltr'><strong>illi</strong></span> <span class='ocrx_word' id='word_1_35' title='bbox 1497 624 1584 680; x_wconf 92' lang='lat' dir='ltr'><strong>cui</strong></span> <span class='ocrx_word' id='word_1_36' title='bbox 1632 633 1784 694; x_wconf 89' lang='lat' dir='ltr'><strong>grata</strong></span> <span class='ocrx_word' id='word_1_37' title='bbox 1816 623 2056 678; x_wconf 90' lang='lat' dir='ltr'><strong>omnium</strong></span> 
     </span>
    </p>
   </div>
   <div class='ocr_carea' id='block_1_7' title="bbox 466 715 2059 787">
    <p class='ocr_par' dir='ltr' id='par_1_7' title="bbox 466 715 2059 787">
     <span class='ocr_line' id='line_1_7' title="bbox 466 715 2059 787; baseline 0.001 -18"><span class='ocrx_word' id='word_1_38' title='bbox 466 719 707 787; x_wconf 80' lang='lat' dir='ltr'><strong>perditio</strong></span> <span class='ocrx_word' id='word_1_39' title='bbox 737 727 844 784; x_wconf 87' lang='lat' dir='ltr'><strong>est,</strong></span> <span class='ocrx_word' id='word_1_40' title='bbox 877 733 1041 773; x_wconf 92' lang='lat' dir='ltr'><strong>unum</strong></span> <span class='ocrx_word' id='word_1_41' title='bbox 1073 718 1308 783; x_wconf 90' lang='lat' dir='ltr'><strong>lucrum,</strong></span> <span class='ocrx_word' id='word_1_42' title='bbox 1335 717 1419 773; x_wconf 86' lang='lat' dir='ltr'><strong>vel</strong></span> <span class='ocrx_word' id='word_1_43' title='bbox 1453 726 1543 772; x_wconf 91' lang='lat' dir='ltr'><strong>tua</strong></span> <span class='ocrx_word' id='word_1_44' title='bbox 1571 716 1657 771; x_wconf 85' lang='lat' dir='ltr'><strong>vel</strong></span> <span class='ocrx_word' id='word_1_45' title='bbox 1681 715 1862 771; x_wconf 80' lang='lat' dir='ltr'><strong>fratris</strong></span> <span class='ocrx_word' id='word_1_46' title='bbox 1885 725 2059 771; x_wconf 90' lang='lat' dir='ltr'><strong>morte</strong></span> 
     </span>
    </p>
   </div>
   <div class='ocr_carea' id='block_1_8' title="bbox 463 808 2059 884">
    <p class='ocr_par' dir='ltr' id='par_1_8' title="bbox 463 808 2059 884">
     <span class='ocr_line' id='line_1_8' title="bbox 463 808 2059 884; baseline -0.002 -17"><span class='ocrx_word' id='word_1_47' title='bbox 463 813 825 884; x_wconf 87' lang='lat' dir='ltr'><strong>conquiritur.</strong></span> <span class='ocrx_word' id='word_1_48' title='bbox 874 812 1344 880; x_wconf 84' lang='lat' dir='ltr'><strong>Quemadmodum</strong></span> <span class='ocrx_word' id='word_1_49' title='bbox 1398 820 1676 883; x_wconf 90' lang='lat' dir='ltr'><strong>postremo</strong></span> <span class='ocrx_word' id='word_1_50' title='bbox 1726 810 1928 880; x_wconf 89' lang='lat' dir='ltr'><strong>poterit</strong></span> <span class='ocrx_word' id='word_1_51' title='bbox 1971 808 2059 865; x_wconf 91' lang='lat' dir='ltr'><strong>vel</strong></span> 
     </span>
    </p>
   </div>
   <div class='ocr_carea' id='block_1_9' title="bbox 465 902 2060 973">
    <p class='ocr_par' dir='ltr' id='par_1_9' title="bbox 465 902 2060 973">
     <span class='ocr_line' id='line_1_9' title="bbox 465 902 2060 973; baseline 0 -15"><span class='ocrx_word' id='word_1_52' title='bbox 465 915 679 960; x_wconf 88' lang='lat' dir='ltr'><strong>tenuem</strong></span> <span class='ocrx_word' id='word_1_53' title='bbox 725 913 915 961; x_wconf 90' lang='lat' dir='ltr'><strong>contra</strong></span> <span class='ocrx_word' id='word_1_54' title='bbox 962 905 1187 962; x_wconf 79' lang='lat' dir='ltr'><strong>fratrem</strong></span> <span class='ocrx_word' id='word_1_55' title='bbox 1238 905 1483 962; x_wconf 88' lang='lat' dir='ltr'><strong>retinere</strong></span> <span class='ocrx_word' id='word_1_56' title='bbox 1524 903 1824 970; x_wconf 83' lang='lat' dir='ltr'><strong>tristitiam,</strong></span> <span class='ocrx_word' id='word_1_57' title='bbox 1871 902 1962 973; x_wconf 89' lang='lat' dir='ltr'><strong>qui</strong></span> <span class='ocrx_word' id='word_1_58' title='bbox 2001 916 2060 958; x_wconf 87' lang='lat' dir='ltr'><strong>se</strong></span> 
     </span>
    </p>
   </div>
   <div class='ocr_carea' id='block_1_10' title="bbox 463 995 2061 1069">
    <p class='ocr_par' dir='ltr' id='par_1_10' title="bbox 463 995 2061 1069">
     <span class='ocr_line' id='line_1_10' title="bbox 463 995 2061 1069; baseline -0.001 -18"><span class='ocrx_word' id='word_1_59' title='bbox 463 998 638 1053; x_wconf 82' lang='lat' dir='ltr'><strong>credit</strong></span> <span class='ocrx_word' id='word_1_60' title='bbox 669 998 937 1069; x_wconf 91' lang='lat' dir='ltr'><strong>quotidie,</strong></span> <span class='ocrx_word' id='word_1_61' title='bbox 963 999 1130 1055; x_wconf 91' lang='lat' dir='ltr'><strong>immo</strong></span> <span class='ocrx_word' id='word_1_62' title='bbox 1152 999 1410 1056; x_wconf 88' lang='lat' dir='ltr'><strong>continuo</strong></span> <span class='ocrx_word' id='word_1_63' title='bbox 1429 997 1498 1054; x_wconf 90' lang='lat' dir='ltr'><strong>ab</strong></span> <span class='ocrx_word' id='word_1_64' title='bbox 1529 997 1632 1054; x_wconf 88' lang='lat' dir='ltr'><strong>hoc</strong></span> <span class='ocrx_word' id='word_1_65' title='bbox 1656 996 1854 1054; x_wconf 70' lang='lat' dir='ltr'><strong>saeculo</strong></span> <span class='ocrx_word' id='word_1_66' title='bbox 1867 995 2061 1066; x_wconf 79' lang='lat' dir='ltr'><strong>migra-</strong></span> 
     </span>
    </p>
   </div>
   <div class='ocr_carea' id='block_1_11' title="bbox 466 1090 686 1146">
    <p class='ocr_par' dir='ltr' id='par_1_11' title="bbox 466 1090 686 1146">
     <span class='ocr_line' id='line_1_11' title="bbox 466 1090 686 1146; baseline 0 -2"><span class='ocrx_word' id='word_1_67' title='bbox 466 1090 686 1146; x_wconf 87' lang='lat' dir='ltr'><strong>turum?</strong></span> 
     </span>
    </p>
   </div>
   <div class='ocr_carea' id='block_1_12' title="bbox 1057 1187 1461 1246">
    <p class='ocr_par' dir='ltr' id='par_1_12' title="bbox 1057 1187 1461 1246">
     <span class='ocr_line' id='line_1_12' title="bbox 1057 1187 1461 1246; baseline 0 -2"><span class='ocrx_word' id='word_1_68' title='bbox 1057 1187 1286 1246; x_wconf 82' lang='lat' dir='ltr'><strong>CAPUT</strong></span> <span class='ocrx_word' id='word_1_69' title='bbox 1346 1188 1461 1244; x_wconf 82' lang='grc' dir='ltr'>νιι.</span> 
     </span>
    </p>
   </div>
   <div class='ocr_carea' id='block_1_13' title="bbox 470 1278 2062 1350">
    <p class='ocr_par' dir='ltr' id='par_1_13' title="bbox 470 1278 2062 1350">
     <span class='ocr_line' id='line_1_13' title="bbox 470 1278 2062 1350; baseline 0.001 -17"><span class='ocrx_word' id='word_1_70' title='bbox 470 1279 624 1345; x_wconf 84' lang='lat' dir='ltr'><strong>Quod</strong></span> <span class='ocrx_word' id='word_1_71' title='bbox 652 1279 784 1334; x_wconf 80' lang='lat' dir='ltr'><strong>nihil</strong></span> <span class='ocrx_word' id='word_1_72' title='bbox 815 1281 1060 1334; x_wconf 88' lang='lat' dir='ltr'><strong>charitati</strong></span> <span class='ocrx_word' id='word_1_73' title='bbox 1091 1282 1501 1350; x_wconf 68' lang='lat' dir='ltr'><strong>praeponendum</strong></span> <span class='ocrx_word' id='word_1_74' title='bbox 1522 1281 1620 1348; x_wconf 90' lang='lat' dir='ltr'><strong>sit,</strong></span> <span class='ocrx_word' id='word_1_75' title='bbox 1653 1296 1745 1336; x_wconf 90' lang='lat' dir='ltr'><strong>nec</strong></span> <span class='ocrx_word' id='word_1_76' title='bbox 1770 1278 2062 1334; x_wconf 78' lang='lat' dir='ltr'><strong>iracundia:</strong></span> 
     </span>
    </p>
   </div>
   <div class='ocr_carea' id='block_1_14' title="bbox 1041 1353 1480 1423">
    <p class='ocr_par' dir='ltr' id='par_1_14' title="bbox 1041 1353 1480 1423">
     <span class='ocr_line' id='line_1_14' title="bbox 1041 1353 1480 1423; baseline -0.002 -18"><span class='ocrx_word' id='word_1_77' title='bbox 1041 1353 1480 1423; x_wconf 89' lang='lat' dir='ltr'><strong>postponcndum.</strong></span> 
     </span>
    </p>
   </div>
   <div class='ocr_carea' id='block_1_15' title="bbox 539 1462 2060 1535">
    <p class='ocr_par' dir='ltr' id='par_1_15' title="bbox 539 1462 2060 1535">
     <span class='ocr_line' id='line_1_15' title="bbox 539 1462 2060 1535; baseline 0.001 -17"><span class='ocrx_word' id='word_1_78' title='bbox 539 1463 691 1519; x_wconf 84' lang='lat' dir='ltr'><strong>Sicut</strong></span> <span class='ocrx_word' id='word_1_79' title='bbox 719 1478 849 1535; x_wconf 86' lang='lat' dir='ltr'><strong>ergo</strong></span> <span class='ocrx_word' id='word_1_80' title='bbox 891 1463 1027 1519; x_wconf 85' lang='lat' dir='ltr'><strong>nihil</strong></span> <span class='ocrx_word' id='word_1_81' title='bbox 1058 1463 1484 1534; x_wconf 68' lang='lat' dir='ltr'><strong>praeponendum</strong></span> <span class='ocrx_word' id='word_1_82' title='bbox 1530 1472 1616 1519; x_wconf 87' lang='lat' dir='ltr'><strong>est</strong></span> <span class='ocrx_word' id='word_1_83' title='bbox 1661 1462 1950 1530; x_wconf 86' lang='lat' dir='ltr'><strong>charitati,</strong></span> <span class='ocrx_word' id='word_1_84' title='bbox 1988 1464 2060 1519; x_wconf 88' lang='lat' dir='ltr'><strong>ita</strong></span> 
     </span>
    </p>
   </div>
   <div class='ocr_carea' id='block_1_16' title="bbox 469 1555 2062 1626">
    <p class='ocr_par' dir='ltr' id='par_1_16' title="bbox 469 1555 2062 1626">
     <span class='ocr_line' id='line_1_16' title="bbox 469 1555 2062 1626; baseline 0 -16"><span class='ocrx_word' id='word_1_85' title='bbox 469 1555 636 1610; x_wconf 87' lang='lat' dir='ltr'><strong>furori</strong></span> <span class='ocrx_word' id='word_1_86' title='bbox 692 1556 777 1610; x_wconf 91' lang='lat' dir='ltr'><strong>vel</strong></span> <span class='ocrx_word' id='word_1_87' title='bbox 825 1556 1122 1611; x_wconf 71' lang='lat' dir='ltr'><strong>iracundia:</strong></span> <span class='ocrx_word' id='word_1_88' title='bbox 1169 1555 1304 1610; x_wconf 90' lang='lat' dir='ltr'><strong>nihil</strong></span> <span class='ocrx_word' id='word_1_89' title='bbox 1347 1564 1433 1611; x_wconf 91' lang='lat' dir='ltr'><strong>est</strong></span> <span class='ocrx_word' id='word_1_90' title='bbox 1481 1555 1791 1612; x_wconf 87' lang='lat' dir='ltr'><strong>econtrario</strong></span> <span class='ocrx_word' id='word_1_91' title='bbox 1835 1564 2062 1626; x_wconf 91' lang='lat' dir='ltr'><strong>postpo-</strong></span> 
     </span>
    </p>
   </div>
   <div class='ocr_carea' id='block_1_17' title="bbox 465 1647 2062 1720">
    <p class='ocr_par' dir='ltr' id='par_1_17' title="bbox 465 1647 2062 1720">
     <span class='ocr_line' id='line_1_17' title="bbox 465 1647 2062 1720; baseline 0 -18"><span class='ocrx_word' id='word_1_92' title='bbox 465 1648 726 1703; x_wconf 91' lang='lat' dir='ltr'><strong>nendum.</strong></span> <span class='ocrx_word' id='word_1_93' title='bbox 760 1647 956 1704; x_wconf 86' lang='lat' dir='ltr'><strong>Omnia</strong></span> <span class='ocrx_word' id='word_1_94' title='bbox 989 1664 1222 1720; x_wconf 90' lang='lat' dir='ltr'><strong>namque</strong></span> <span class='ocrx_word' id='word_1_95' title='bbox 1248 1651 1494 1720; x_wconf 86' lang='lat' dir='ltr'><strong>quamvis</strong></span> <span class='ocrx_word' id='word_1_96' title='bbox 1523 1649 1676 1704; x_wconf 88' lang='lat' dir='ltr'><strong>utilia</strong></span> <span class='ocrx_word' id='word_1_97' title='bbox 1711 1663 1772 1704; x_wconf 89' lang='lat' dir='ltr'><strong>ac</strong></span> <span class='ocrx_word' id='word_1_98' title='bbox 1803 1663 2062 1704; x_wconf 86' lang='lat' dir='ltr'><strong>necessa-</strong></span> 
     </span>
    </p>
   </div>
   <div class='ocr_carea' id='block_1_18' title="bbox 466 1741 2056 1812">
    <p class='ocr_par' dir='ltr' id='par_1_18' title="bbox 466 1741 2056 1812">
     <span class='ocr_line' id='line_1_18' title="bbox 466 1741 2056 1812; baseline 0.001 -17"><span class='ocrx_word' id='word_1_99' title='bbox 466 1744 546 1796; x_wconf 88' lang='lat' dir='ltr'><strong>ria</strong></span> <span class='ocrx_word' id='word_1_100' title='bbox 571 1741 878 1808; x_wconf 89' lang='lat' dir='ltr'><strong>videantur,</strong></span> <span class='ocrx_word' id='word_1_101' title='bbox 905 1742 1210 1812; x_wconf 88' lang='lat' dir='ltr'><strong>spernenda</strong></span> <span class='ocrx_word' id='word_1_102' title='bbox 1243 1751 1421 1798; x_wconf 90' lang='lat' dir='ltr'><strong>tamen</strong></span> <span class='ocrx_word' id='word_1_103' title='bbox 1454 1752 1604 1807; x_wconf 90' lang='lat' dir='ltr'><strong>sunt,</strong></span> <span class='ocrx_word' id='word_1_104' title='bbox 1631 1749 1692 1796; x_wconf 90' lang='lat' dir='ltr'><strong>ut</strong></span> <span class='ocrx_word' id='word_1_105' title='bbox 1719 1743 1814 1796; x_wconf 75' lang='lat' dir='ltr'><strong>ira:</strong></span> <span class='ocrx_word' id='word_1_106' title='bbox 1841 1751 2056 1812; x_wconf 89' lang='lat' dir='ltr'><strong>pertur-</strong></span> 
     </span>
    </p>
   </div>
   <div class='ocr_carea' id='block_1_19' title="bbox 2162 528 3753 607">
    <p class='ocr_par' dir='ltr' id='par_1_19' title="bbox 2162 528 3753 607">
     <span class='ocr_line' id='line_1_19' title="bbox 2162 528 3753 607; baseline 0.003 -21"><span class='ocrx_word' id='word_1_107' title='bbox 2162 530 2458 601; x_wconf 82' lang='lat' dir='ltr'><strong>Apostolus</strong></span> <span class='ocrx_word' id='word_1_108' title='bbox 2481 530 2698 585; x_wconf 85' lang='lat' dir='ltr'><strong>damnat</strong></span> <span class='ocrx_word' id='word_1_109' title='bbox 2725 528 2927 602; x_wconf 87' lang='lat' dir='ltr'><strong>(Galat.</strong></span> <span class='ocrx_word' id='word_1_110' title='bbox 2951 531 3030 604; x_wconf 89' lang='lat' dir='ltr'><strong>v),</strong></span> <span class='ocrx_word' id='word_1_111' title='bbox 3051 532 3370 605; x_wconf 89' lang='lat' dir='ltr'><strong>plerumque</strong></span> <span class='ocrx_word' id='word_1_112' title='bbox 3393 548 3753 607; x_wconf 82' lang='lat' dir='ltr'><strong>consurgunt;</strong></span> 
     </span>
    </p>
   </div>
   <div class='ocr_carea' id='block_1_20' title="bbox 2163 625 3753 694">
    <p class='ocr_par' dir='ltr' id='par_1_20' title="bbox 2163 625 3753 694">
     <span class='ocr_line' id='line_1_20' title="bbox 2163 625 3753 694; baseline 0.005 -15"><span class='ocrx_word' id='word_1_113' title='bbox 2163 625 2303 680; x_wconf 93' lang='lat' dir='ltr'><strong>unde</strong></span> <span class='ocrx_word' id='word_1_114' title='bbox 2331 635 2730 694; x_wconf 87' lang='lat' dir='ltr'><strong>consequenter</strong></span> <span class='ocrx_word' id='word_1_115' title='bbox 2758 625 2996 682; x_wconf 85' lang='lat' dir='ltr'><strong>divortia</strong></span> <span class='ocrx_word' id='word_1_116' title='bbox 3028 628 3174 684; x_wconf 90' lang='lat' dir='ltr'><strong>inter</strong></span> <span class='ocrx_word' id='word_1_117' title='bbox 3219 631 3505 686; x_wconf 86' lang='lat' dir='ltr'><strong>unanimes</strong></span> <span class='ocrx_word' id='word_1_118' title='bbox 3549 629 3753 687; x_wconf 82' lang='lat' dir='ltr'><strong>fratres</strong></span> 
     </span>
    </p>
   </div>
   <div class='ocr_carea' id='block_1_21' title="bbox 2162 719 3756 792">
    <p class='ocr_par' dir='ltr' id='par_1_21' title="bbox 2162 719 3756 792">
     <span class='ocr_line' id='line_1_21' title="bbox 2162 719 3756 792; baseline 0.004 -18"><span class='ocrx_word' id='word_1_119' title='bbox 2162 719 2333 775; x_wconf 89' lang='lat' dir='ltr'><strong>hostis</strong></span> <span class='ocrx_word' id='word_1_120' title='bbox 2365 719 2582 775; x_wconf 90' lang='lat' dir='ltr'><strong>invidus</strong></span> <span class='ocrx_word' id='word_1_121' title='bbox 2603 735 2668 776; x_wconf 90' lang='lat' dir='ltr'><strong>ac</strong></span> <span class='ocrx_word' id='word_1_122' title='bbox 2695 722 2963 792; x_wconf 90' lang='lat' dir='ltr'><strong>malignus</strong></span> <span class='ocrx_word' id='word_1_123' title='bbox 2991 721 3289 780; x_wconf 85' lang='lat' dir='ltr'><strong>interserit.</strong></span> <span class='ocrx_word' id='word_1_124' title='bbox 3319 723 3456 780; x_wconf 80' lang='lat' dir='ltr'><strong>Vera</strong></span> <span class='ocrx_word' id='word_1_125' title='bbox 3487 736 3572 781; x_wconf 89' lang='lat' dir='ltr'><strong>est</strong></span> <span class='ocrx_word' id='word_1_126' title='bbox 3601 741 3756 780; x_wconf 87' lang='lat' dir='ltr'><strong>nam-</strong></span> 
     </span>
    </p>
   </div>
   <div class='ocr_carea' id='block_1_22' title="bbox 2160 813 3755 885">
    <p class='ocr_par' dir='ltr' id='par_1_22' title="bbox 2160 813 3755 885">
     <span class='ocr_line' id='line_1_22' title="bbox 2160 813 3755 885; baseline 0.007 -20"><span class='ocrx_word' id='word_1_127' title='bbox 2160 826 2264 882; x_wconf 91' lang='lat' dir='ltr'><strong>que</strong></span> <span class='ocrx_word' id='word_1_128' title='bbox 2291 813 2675 884; x_wconf 81' lang='lat' dir='ltr'><strong>sapientissimi</strong></span> <span class='ocrx_word' id='word_1_129' title='bbox 2705 813 3016 870; x_wconf 90' lang='lat' dir='ltr'><strong>Salomonis</strong></span> <span class='ocrx_word' id='word_1_130' title='bbox 3044 816 3133 871; x_wconf 90' lang='lat' dir='ltr'><strong>illa</strong></span> <span class='ocrx_word' id='word_1_131' title='bbox 3161 819 3430 874; x_wconf 87' lang='lat' dir='ltr'><strong>sententia</strong></span> <span class='ocrx_word' id='word_1_132' title='bbox 3449 860 3464 885; x_wconf 94' lang='lat'><strong>,</strong></span> <span class='ocrx_word' id='word_1_133' title='bbox 3498 817 3526 856; x_wconf 70' lang='grc' dir='ltr'><strong><em>ἀ</em></strong></span> <span class='ocrx_word' id='word_1_134' title='bbox 3561 819 3755 876; x_wconf 83' lang='lat' dir='ltr'><strong>Odium</strong></span> 
     </span>
    </p>
   </div>
   <div class='ocr_carea' id='block_1_23' title="bbox 2161 905 3754 979">
    <p class='ocr_par' dir='ltr' id='par_1_23' title="bbox 2161 905 3754 979">
     <span class='ocr_line' id='line_1_23' title="bbox 2161 905 3754 979; baseline 0.003 -21"><span class='ocrx_word' id='word_1_135' title='bbox 2161 905 2373 958; x_wconf 89' lang='lat' dir='ltr'><strong>suscitat</strong></span> <span class='ocrx_word' id='word_1_136' title='bbox 2403 906 2704 971; x_wconf 88' lang='lat' dir='ltr'><strong>contentio;</strong></span> <span class='ocrx_word' id='word_1_137' title='bbox 2729 906 2996 962; x_wconf 90' lang='lat' dir='ltr'><strong>universos</strong></span> <span class='ocrx_word' id='word_1_138' title='bbox 3021 922 3144 962; x_wconf 86' lang='lat' dir='ltr'><strong>vero</strong></span> <span class='ocrx_word' id='word_1_139' title='bbox 3176 908 3267 978; x_wconf 91' lang='lat' dir='ltr'><strong>qui</strong></span> <span class='ocrx_word' id='word_1_140' title='bbox 3293 926 3396 964; x_wconf 90' lang='lat' dir='ltr'><strong>non</strong></span> <span class='ocrx_word' id='word_1_141' title='bbox 3413 911 3754 979; x_wconf 88' lang='lat' dir='ltr'><strong>contendunt,</strong></span> 
     </span>
    </p>
   </div>
   <div class='ocr_carea' id='block_1_24' title="bbox 2162 998 2956 1073">
    <p class='ocr_par' dir='ltr' id='par_1_24' title="bbox 2162 998 2956 1073">
     <span class='ocr_line' id='line_1_24' title="bbox 2162 998 2956 1073; baseline 0.003 -19"><span class='ocrx_word' id='word_1_142' title='bbox 2162 1000 2378 1073; x_wconf 81' lang='lat' dir='ltr'><strong>protegit</strong></span> <span class='ocrx_word' id='word_1_143' title='bbox 2401 1001 2636 1055; x_wconf 87' lang='lat' dir='ltr'><strong>amicitia</strong></span> <span class='ocrx_word' id='word_1_144' title='bbox 2657 998 2842 1072; x_wconf 84' lang='lat' dir='ltr'><strong>(Prov.</strong></span> <span class='ocrx_word' id='word_1_145' title='bbox 2871 1001 2956 1067; x_wconf 83' lang='lat' dir='ltr'><strong>x).</strong></span> 
     </span>
    </p>
   </div>
   <div class='ocr_carea' id='block_1_25' title="bbox 2776 1091 3148 1153">
    <p class='ocr_par' dir='ltr' id='par_1_25' title="bbox 2776 1091 3148 1153">
     <span class='ocr_line' id='line_1_25' title="bbox 2776 1091 3148 1153; baseline 0.016 -5"><span class='ocrx_word' id='word_1_146' title='bbox 2776 1091 3002 1151; x_wconf 84' lang='lat' dir='ltr'><strong>CAPUT</strong></span> <span class='ocrx_word' id='word_1_147' title='bbox 3050 1094 3148 1153; x_wconf 77' lang='grc' dir='ltr'>ιι.</span> 
     </span>
    </p>
   </div>
   <div class='ocr_carea' id='block_1_26' title="bbox 2161 1182 3756 1261">
    <p class='ocr_par' dir='ltr' id='par_1_26' title="bbox 2161 1182 3756 1261">
     <span class='ocr_line' id='line_1_26' title="bbox 2161 1182 3756 1261; baseline 0.006 -22"><span class='ocrx_word' id='word_1_148' title='bbox 2161 1182 2242 1241; x_wconf 88' lang='lat' dir='ltr'><strong>De</strong></span> <span class='ocrx_word' id='word_1_149' title='bbox 2267 1188 2601 1258; x_wconf 89' lang='lat' dir='ltr'><strong>amputandis</strong></span> <span class='ocrx_word' id='word_1_150' title='bbox 2627 1190 2784 1244; x_wconf 90' lang='lat' dir='ltr'><strong>etiam</strong></span> <span class='ocrx_word' id='word_1_151' title='bbox 2811 1190 3136 1261; x_wconf 80' lang='lat' dir='ltr'><strong>spiritalibus</strong></span> <span class='ocrx_word' id='word_1_152' title='bbox 3155 1191 3327 1245; x_wconf 83' lang='lat' dir='ltr'><strong>causis</strong></span> <span class='ocrx_word' id='word_1_153' title='bbox 3350 1191 3756 1248; x_wconf 82' lang='lat' dir='ltr'><strong>discordiarum.</strong></span> 
     </span>
    </p>
   </div>
   <div class='ocr_carea' id='block_1_27' title="bbox 2232 1279 3761 1352">
    <p class='ocr_par' dir='ltr' id='par_1_27' title="bbox 2232 1279 3761 1352">
     <span class='ocr_line' id='line_1_27' title="bbox 2232 1279 3761 1352; baseline 0.002 -19"><span class='ocrx_word' id='word_1_154' title='bbox 2232 1279 2581 1350; x_wconf 86' lang='lat' dir='ltr'><strong>Quapropter</strong></span> <span class='ocrx_word' id='word_1_155' title='bbox 2615 1280 2682 1335; x_wconf 92' lang='lat' dir='ltr'><strong>ad</strong></span> <span class='ocrx_word' id='word_1_156' title='bbox 2709 1283 3140 1337; x_wconf 87' lang='lat' dir='ltr'><strong>conservandam</strong></span> <span class='ocrx_word' id='word_1_157' title='bbox 3174 1290 3490 1352; x_wconf 91' lang='lat' dir='ltr'><strong>perpetuam</strong></span> <span class='ocrx_word' id='word_1_158' title='bbox 3522 1291 3579 1336; x_wconf 91' lang='lat' dir='ltr'><strong>et</strong></span> <span class='ocrx_word' id='word_1_159' title='bbox 3615 1281 3761 1337; x_wconf 79' lang='lat' dir='ltr'><strong>indi-</strong></span> 
     </span>
    </p>
   </div>
   <div class='ocr_carea' id='block_1_28' title="bbox 2160 1373 3758 1449">
    <p class='ocr_par' dir='ltr' id='par_1_28' title="bbox 2160 1373 3758 1449">
     <span class='ocr_line' id='line_1_28' title="bbox 2160 1373 3758 1449; baseline 0.002 -20"><span class='ocrx_word' id='word_1_160' title='bbox 2160 1373 2375 1430; x_wconf 84' lang='lat' dir='ltr'><strong>viduam</strong></span> <span class='ocrx_word' id='word_1_161' title='bbox 2403 1375 2758 1446; x_wconf 88' lang='lat' dir='ltr'><strong>charitatem,</strong></span> <span class='ocrx_word' id='word_1_162' title='bbox 2791 1386 2814 1414; x_wconf 84' lang='lat'><strong><em>°</em></strong></span> <span class='ocrx_word' id='word_1_163' title='bbox 2848 1377 2979 1431; x_wconf 90' lang='lat' dir='ltr'><strong>nihil</strong></span> <span class='ocrx_word' id='word_1_164' title='bbox 3024 1377 3246 1448; x_wconf 89' lang='lat' dir='ltr'><strong>prodest</strong></span> <span class='ocrx_word' id='word_1_165' title='bbox 3272 1377 3501 1449; x_wconf 89' lang='lat' dir='ltr'><strong>primam</strong></span> <span class='ocrx_word' id='word_1_166' title='bbox 3533 1391 3758 1432; x_wconf 84' lang='lat' dir='ltr'><strong>causam</strong></span> 
     </span>
    </p>
   </div>
   <div class='ocr_carea' id='block_1_29' title="bbox 2160 1466 3757 1538">
    <p class='ocr_par' dir='ltr' id='par_1_29' title="bbox 2160 1466 3757 1538">
     <span class='ocr_line' id='line_1_29' title="bbox 2160 1466 3757 1538; baseline 0.001 -17"><span class='ocrx_word' id='word_1_167' title='bbox 2160 1475 2467 1537; x_wconf 84' lang='lat' dir='ltr'><strong>amputasse</strong></span> <span class='ocrx_word' id='word_1_168' title='bbox 2499 1466 2732 1535; x_wconf 87' lang='lat' dir='ltr'><strong>dissidii,</strong></span> <span class='ocrx_word' id='word_1_169' title='bbox 2756 1483 2876 1538; x_wconf 83' lang='lat' dir='ltr'><strong>quae</strong></span> <span class='ocrx_word' id='word_1_170' title='bbox 2906 1472 3056 1524; x_wconf 89' lang='lat' dir='ltr'><strong>nasci</strong></span> <span class='ocrx_word' id='word_1_171' title='bbox 3105 1469 3244 1524; x_wconf 87' lang='lat' dir='ltr'><strong>solet</strong></span> <span class='ocrx_word' id='word_1_172' title='bbox 3280 1467 3349 1523; x_wconf 92' lang='lat' dir='ltr'><strong>de</strong></span> <span class='ocrx_word' id='word_1_173' title='bbox 3378 1473 3546 1523; x_wconf 87' lang='lat' dir='ltr'><strong>rebus</strong></span> <span class='ocrx_word' id='word_1_174' title='bbox 3583 1468 3757 1524; x_wconf 88' lang='lat' dir='ltr'><strong>cadu-</strong></span> 
     </span>
    </p>
   </div>
   <div class='ocr_carea' id='block_1_30' title="bbox 2161 1560 3756 1631">
    <p class='ocr_par' dir='ltr' id='par_1_30' title="bbox 2161 1560 3756 1631">
     <span class='ocr_line' id='line_1_30' title="bbox 2161 1560 3756 1631; baseline -0.001 -15"><span class='ocrx_word' id='word_1_175' title='bbox 2161 1560 2242 1616; x_wconf 86' lang='lat' dir='ltr'><strong>cis</strong></span> <span class='ocrx_word' id='word_1_176' title='bbox 2285 1569 2445 1631; x_wconf 91' lang='lat' dir='ltr'><strong>atque</strong></span> <span class='ocrx_word' id='word_1_177' title='bbox 2476 1562 2736 1628; x_wconf 88' lang='lat' dir='ltr'><strong>terrenis,</strong></span> <span class='ocrx_word' id='word_1_178' title='bbox 2773 1568 2827 1616; x_wconf 89' lang='lat' dir='ltr'><strong>et</strong></span> <span class='ocrx_word' id='word_1_179' title='bbox 2855 1561 3114 1616; x_wconf 87' lang='lat' dir='ltr'><strong>universa</strong></span> <span class='ocrx_word' id='word_1_180' title='bbox 3142 1560 3459 1631; x_wconf 84' lang='lat' dir='ltr'><strong>despexisse</strong></span> <span class='ocrx_word' id='word_1_181' title='bbox 3489 1560 3756 1628; x_wconf 87' lang='lat' dir='ltr'><strong>carnalia,</strong></span> 
     </span>
    </p>
   </div>
   <div class='ocr_carea' id='block_1_31' title="bbox 2161 1653 3760 1725">
    <p class='ocr_par' dir='ltr' id='par_1_31' title="bbox 2161 1653 3760 1725">
     <span class='ocr_line' id='line_1_31' title="bbox 2161 1653 3760 1725; baseline 0.001 -17"><span class='ocrx_word' id='word_1_182' title='bbox 2161 1665 2322 1725; x_wconf 88' lang='lat' dir='ltr'><strong>atque</strong></span> <span class='ocrx_word' id='word_1_183' title='bbox 2351 1655 2592 1710; x_wconf 92' lang='lat' dir='ltr'><strong>omnium</strong></span> <span class='ocrx_word' id='word_1_184' title='bbox 2623 1654 2816 1725; x_wconf 88' lang='lat' dir='ltr'><strong>quibus</strong></span> <span class='ocrx_word' id='word_1_185' title='bbox 2842 1664 3030 1711; x_wconf 89' lang='lat' dir='ltr'><strong>noster</strong></span> <span class='ocrx_word' id='word_1_186' title='bbox 3060 1669 3192 1710; x_wconf 90' lang='lat' dir='ltr'><strong>usus</strong></span> <span class='ocrx_word' id='word_1_187' title='bbox 3225 1653 3430 1724; x_wconf 75' lang='lat' dir='ltr'><strong>indiget</strong></span> <span class='ocrx_word' id='word_1_188' title='bbox 3458 1669 3644 1708; x_wconf 92' lang='lat' dir='ltr'><strong>rerum</strong></span> <span class='ocrx_word' id='word_1_189' title='bbox 3669 1655 3760 1710; x_wconf 87' lang='lat' dir='ltr'><strong>in-</strong></span> 
     </span>
    </p>
   </div>
   <div class='ocr_carea' id='block_1_32' title="bbox 2161 1746 3763 1816">
    <p class='ocr_par' dir='ltr' id='par_1_32' title="bbox 2161 1746 3763 1816">
     <span class='ocr_line' id='line_1_32' title="bbox 2161 1746 3763 1816; baseline 0.002 -16"><span class='ocrx_word' id='word_1_190' title='bbox 2161 1746 2450 1801; x_wconf 88' lang='lat' dir='ltr'><strong>discretam</strong></span> <span class='ocrx_word' id='word_1_191' title='bbox 2480 1747 2916 1802; x_wconf 90' lang='lat' dir='ltr'><strong>communionem</strong></span> <span class='ocrx_word' id='word_1_192' title='bbox 2966 1746 3229 1802; x_wconf 79' lang='lat' dir='ltr'><strong>fratribus</strong></span> <span class='ocrx_word' id='word_1_193' title='bbox 3270 1746 3613 1816; x_wconf 88' lang='lat' dir='ltr'><strong>permisisse,</strong></span> <span class='ocrx_word' id='word_1_194' title='bbox 3653 1747 3763 1803; x_wconf 89' lang='lat' dir='ltr'><strong>nisi</strong></span> 
     </span>
    </p>
   </div>
   <div class='ocr_carea' id='block_1_33' title="bbox 465 1827 3765 1912">
    <p class='ocr_par' dir='ltr' id='par_1_33' title="bbox 465 1827 3765 1912">
     <span class='ocr_line' id='line_1_33' title="bbox 465 1827 3765 1912; baseline -0 -15"><span class='ocrx_word' id='word_1_195' title='bbox 465 1833 613 1888; x_wconf 74' lang='lat' dir='ltr'><strong>balio</strong></span> <span class='ocrx_word' id='word_1_196' title='bbox 656 1834 954 1898; x_wconf 68' lang='lat' dir='ltr'><strong>deVilellll&#39;;</strong></span> <span class='ocrx_word' id='word_1_197' title='bbox 1001 1843 1057 1890; x_wconf 71' lang='lat' dir='ltr'><strong>et</strong></span> <span class='ocrx_word' id='word_1_198' title='bbox 1095 1835 1278 1889; x_wconf 73' lang='lat' dir='ltr'><strong>omnia</strong></span> <span class='ocrx_word' id='word_1_199' title='bbox 1319 1834 1481 1888; x_wconf 68' lang='lat' dir='ltr'><strong>etiam</strong></span> <span class='ocrx_word' id='word_1_200' title='bbox 1524 1849 1647 1904; x_wconf 74' lang='lat' dir='ltr'><strong>quae</strong></span> <span class='ocrx_word' id='word_1_201' title='bbox 1680 1843 1932 1904; x_wconf 77' lang='lat' dir='ltr'><strong>pulanlur</strong></span> <span class='ocrx_word' id='word_1_202' title='bbox 1964 1835 2058 1888; x_wconf 66' lang='grc' dir='ltr'><strong>δά·</strong></span> <span class='ocrx_word' id='word_1_203' title='bbox 2090 1827 2139 1888; x_wconf 84' lang='grc' dir='ltr'><strong>Β</strong></span> <span class='ocrx_word' id='word_1_204' title='bbox 2164 1843 2329 1896; x_wconf 89' lang='lat' dir='ltr'><strong>etiam</strong></span> <span class='ocrx_word' id='word_1_205' title='bbox 2353 1841 2646 1897; x_wconf 89' lang='lat' dir='ltr'><strong>secundam</strong></span> <span class='ocrx_word' id='word_1_206' title='bbox 2672 1856 2795 1912; x_wconf 64' lang='lat' dir='ltr'><strong>quas</strong></span> <span class='ocrx_word' id='word_1_207' title='bbox 2818 1841 2920 1897; x_wconf 90' lang='lat' dir='ltr'><strong>sub</strong></span> <span class='ocrx_word' id='word_1_208' title='bbox 2943 1842 3121 1912; x_wconf 90' lang='lat' dir='ltr'><strong>specie</strong></span> <span class='ocrx_word' id='word_1_209' title='bbox 3147 1839 3469 1911; x_wconf 87' lang='lat' dir='ltr'><strong>spiritalium</strong></span> <span class='ocrx_word' id='word_1_210' title='bbox 3499 1855 3765 1896; x_wconf 89' lang='lat' dir='ltr'><strong>sensuum</strong></span> 
     </span>
    </p>
   </div>
   <div class='ocr_carea' id='block_1_34' title="bbox 465 1924 2063 1995">
    <p class='ocr_par' dir='ltr' id='par_1_34' title="bbox 465 1924 2063 1995">
     <span class='ocr_line' id='line_1_34' title="bbox 465 1924 2063 1995; baseline 0.002 -16"><span class='ocrx_word' id='word_1_211' title='bbox 465 1941 645 1993; x_wconf 82' lang='lat' dir='ltr'><strong>versa,</strong></span> <span class='ocrx_word' id='word_1_212' title='bbox 689 1926 1037 1995; x_wconf 89' lang='lat' dir='ltr'><strong>suscipienda</strong></span> <span class='ocrx_word' id='word_1_213' title='bbox 1068 1935 1232 1995; x_wconf 88' lang='lat' dir='ltr'><strong>atque</strong></span> <span class='ocrx_word' id='word_1_214' title='bbox 1262 1925 1544 1981; x_wconf 89' lang='lat' dir='ltr'><strong>toleranda</strong></span> <span class='ocrx_word' id='word_1_215' title='bbox 1592 1936 1743 1992; x_wconf 90' lang='lat' dir='ltr'><strong>sunt,</strong></span> <span class='ocrx_word' id='word_1_216' title='bbox 1771 1924 1800 1964; x_wconf 70' lang='grc' dir='ltr'>δ</span> <span class='ocrx_word' id='word_1_217' title='bbox 1829 1934 1888 1980; x_wconf 91' lang='lat' dir='ltr'><strong>ut</strong></span> <span class='ocrx_word' id='word_1_218' title='bbox 1926 1925 2063 1982; x_wconf 89' lang='lat' dir='ltr'><strong>dile-</strong></span> 
     </span>
    </p>
   </div>
   <div class='ocr_carea' id='block_1_35' title="bbox 468 2019 2062 2091">
    <p class='ocr_par' dir='ltr' id='par_1_35' title="bbox 468 2019 2062 2091">
     <span class='ocr_line' id='line_1_35' title="bbox 468 2019 2062 2091; baseline 0 -17"><span class='ocrx_word' id='word_1_219' title='bbox 468 2020 668 2076; x_wconf 91' lang='lat' dir='ltr'><strong>ctionis</strong></span> <span class='ocrx_word' id='word_1_220' title='bbox 703 2020 957 2090; x_wconf 87' lang='lat' dir='ltr'><strong>pacisque</strong></span> <span class='ocrx_word' id='word_1_221' title='bbox 991 2019 1356 2091; x_wconf 82' lang='lat' dir='ltr'><strong>tranquillitas</strong></span> <span class='ocrx_word' id='word_1_222' title='bbox 1384 2019 1589 2074; x_wconf 88' lang='lat' dir='ltr'><strong>illibata</strong></span> <span class='ocrx_word' id='word_1_223' title='bbox 1628 2029 1905 2085; x_wconf 88' lang='lat' dir='ltr'><strong>servetur;</strong></span> <span class='ocrx_word' id='word_1_224' title='bbox 1935 2019 2062 2090; x_wconf 85' lang='lat' dir='ltr'><strong>quia</strong></span> 
     </span>
    </p>
   </div>
   <div class='ocr_carea' id='block_1_36' title="bbox 468 2112 2063 2185">
    <p class='ocr_par' dir='ltr' id='par_1_36' title="bbox 468 2112 2063 2185">
     <span class='ocr_line' id='line_1_36' title="bbox 468 2112 2063 2185; baseline 0.002 -18"><span class='ocrx_word' id='word_1_225' title='bbox 468 2127 570 2168; x_wconf 90' lang='lat' dir='ltr'><strong>nec</strong></span> <span class='ocrx_word' id='word_1_226' title='bbox 614 2113 691 2166; x_wconf 89' lang='lat' dir='ltr'><strong>ira</strong></span> <span class='ocrx_word' id='word_1_227' title='bbox 738 2122 904 2182; x_wconf 91' lang='lat' dir='ltr'><strong>atque</strong></span> <span class='ocrx_word' id='word_1_228' title='bbox 945 2112 1160 2168; x_wconf 87' lang='lat' dir='ltr'><strong>tristitia</strong></span> <span class='ocrx_word' id='word_1_229' title='bbox 1208 2112 1570 2183; x_wconf 89' lang='lat' dir='ltr'><strong>perniciosius</strong></span> <span class='ocrx_word' id='word_1_230' title='bbox 1608 2113 1922 2185; x_wconf 91' lang='lat' dir='ltr'><strong>quidquam,</strong></span> <span class='ocrx_word' id='word_1_231' title='bbox 1964 2128 2063 2170; x_wconf 91' lang='lat' dir='ltr'><strong>nec</strong></span> 
     </span>
    </p>
   </div>
   <div class='ocr_carea' id='block_1_37' title="bbox 467 2203 1445 2260">
    <p class='ocr_par' dir='ltr' id='par_1_37' title="bbox 467 2203 1445 2260">
     <span class='ocr_line' id='line_1_37' title="bbox 467 2203 1445 2260; baseline 0.001 -3"><span class='ocrx_word' id='word_1_232' title='bbox 467 2205 733 2260; x_wconf 83' lang='lat' dir='ltr'><strong>cltaritate</strong></span> <span class='ocrx_word' id='word_1_233' title='bbox 759 2203 942 2259; x_wconf 88' lang='lat' dir='ltr'><strong>utilius</strong></span> <span class='ocrx_word' id='word_1_234' title='bbox 971 2205 1309 2260; x_wconf 90' lang='lat' dir='ltr'><strong>credendum</strong></span> <span class='ocrx_word' id='word_1_235' title='bbox 1337 2216 1445 2260; x_wconf 91' lang='lat' dir='ltr'><strong>est.</strong></span> 
     </span>
    </p>
   </div>
   <div class='ocr_carea' id='block_1_38' title="bbox 1058 2298 1471 2356">
    <p class='ocr_par' dir='ltr' id='par_1_38' title="bbox 1058 2298 1471 2356">
     <span class='ocr_line' id='line_1_38' title="bbox 1058 2298 1471 2356; baseline -0.005 -1"><span class='ocrx_word' id='word_1_236' title='bbox 1058 2299 1291 2356; x_wconf 84' lang='lat' dir='ltr'><strong>CAPUT</strong></span> <span class='ocrx_word' id='word_1_237' title='bbox 1335 2298 1471 2354; x_wconf 83' lang='lat' dir='ltr'>VIII.</span> 
     </span>
    </p>
   </div>
   <div class='ocr_carea' id='block_1_39' title="bbox 504 2390 2024 2465">
    <p class='ocr_par' dir='ltr' id='par_1_39' title="bbox 504 2390 2024 2465">
     <span class='ocr_line' id='line_1_39' title="bbox 504 2390 2024 2465; baseline 0.004 -22"><span class='ocrx_word' id='word_1_238' title='bbox 504 2390 702 2456; x_wconf 82' lang='lat' dir='ltr'><strong>Quibus</strong></span> <span class='ocrx_word' id='word_1_239' title='bbox 730 2392 796 2445; x_wconf 89' lang='lat' dir='ltr'><strong>de</strong></span> <span class='ocrx_word' id='word_1_240' title='bbox 824 2393 996 2447; x_wconf 84' lang='lat' dir='ltr'><strong>causis</strong></span> <span class='ocrx_word' id='word_1_241' title='bbox 1017 2392 1151 2447; x_wconf 90' lang='lat' dir='ltr'><strong>inter</strong></span> <span class='ocrx_word' id='word_1_242' title='bbox 1172 2393 1436 2465; x_wconf 89' lang='lat' dir='ltr'><strong>spiritales</strong></span> <span class='ocrx_word' id='word_1_243' title='bbox 1457 2402 1707 2448; x_wconf 89' lang='lat' dir='ltr'><strong>nascatur</strong></span> <span class='ocrx_word' id='word_1_244' title='bbox 1732 2394 2024 2449; x_wconf 81' lang='lat' dir='ltr'><strong>dissensio?</strong></span> 
     </span>
    </p>
   </div>
   <div class='ocr_carea' id='block_1_40' title="bbox 539 2482 2059 2552">
    <p class='ocr_par' dir='ltr' id='par_1_40' title="bbox 539 2482 2059 2552">
     <span class='ocr_line' id='line_1_40' title="bbox 539 2482 2059 2552; baseline 0.004 -15"><span class='ocrx_word' id='word_1_245' title='bbox 539 2482 671 2538; x_wconf 88' lang='lat' dir='ltr'><strong>Nam</strong></span> <span class='ocrx_word' id='word_1_246' title='bbox 703 2485 1162 2552; x_wconf 90' lang='lat' dir='ltr'><strong>quemadmodum</strong></span> <span class='ocrx_word' id='word_1_247' title='bbox 1193 2487 1444 2542; x_wconf 89' lang='lat' dir='ltr'><strong>carnales</strong></span> <span class='ocrx_word' id='word_1_248' title='bbox 1471 2487 1648 2543; x_wconf 91' lang='lat' dir='ltr'><strong>adhuc</strong></span> <span class='ocrx_word' id='word_1_249' title='bbox 1675 2498 1730 2544; x_wconf 90' lang='lat' dir='ltr'><strong>et</strong></span> <span class='ocrx_word' id='word_1_250' title='bbox 1761 2488 2059 2545; x_wconf 87' lang='lat' dir='ltr'><strong>imbecilles</strong></span> 
     </span>
    </p>
   </div>
   <div class='ocr_carea' id='block_1_41' title="bbox 467 2578 2058 2653">
    <p class='ocr_par' dir='ltr' id='par_1_41' title="bbox 467 2578 2058 2653">
     <span class='ocr_line' id='line_1_41' title="bbox 467 2578 2058 2653; baseline 0.003 -21"><span class='ocrx_word' id='word_1_251' title='bbox 467 2578 662 2634; x_wconf 86' lang='lat' dir='ltr'><strong>fratres</strong></span> <span class='ocrx_word' id='word_1_252' title='bbox 695 2580 764 2634; x_wconf 92' lang='lat' dir='ltr'><strong>ob</strong></span> <span class='ocrx_word' id='word_1_253' title='bbox 791 2583 948 2636; x_wconf 89' lang='lat' dir='ltr'><strong>vilem</strong></span> <span class='ocrx_word' id='word_1_254' title='bbox 993 2589 1374 2653; x_wconf 90' lang='lat' dir='ltr'><strong>terrenamque</strong></span> <span class='ocrx_word' id='word_1_255' title='bbox 1417 2583 1773 2638; x_wconf 88' lang='lat' dir='ltr'><strong>substantiam</strong></span> <span class='ocrx_word' id='word_1_256' title='bbox 1804 2584 1915 2638; x_wconf 92' lang='lat' dir='ltr'><strong>cito</strong></span> <span class='ocrx_word' id='word_1_257' title='bbox 1953 2581 2058 2638; x_wconf 87' lang='lat' dir='ltr'><strong>ini-</strong></span> 
     </span>
    </p>
   </div>
   <div class='ocr_carea' id='block_1_42' title="bbox 467 2670 2062 2746">
    <p class='ocr_par' dir='ltr' id='par_1_42' title="bbox 467 2670 2062 2746">
     <span class='ocr_line' id='line_1_42' title="bbox 467 2670 2062 2746; baseline 0.004 -23"><span class='ocrx_word' id='word_1_258' title='bbox 467 2670 638 2725; x_wconf 88' lang='lat' dir='ltr'><strong>micus</strong></span> <span class='ocrx_word' id='word_1_259' title='bbox 678 2671 770 2726; x_wconf 73' lang='lat' dir='ltr'><strong>ille</strong></span> <span class='ocrx_word' id='word_1_260' title='bbox 822 2671 1120 2742; x_wconf 88' lang='lat' dir='ltr'><strong>disjungit,</strong></span> <span class='ocrx_word' id='word_1_261' title='bbox 1177 2675 1249 2729; x_wconf 92' lang='lat' dir='ltr'><strong>ita</strong></span> <span class='ocrx_word' id='word_1_262' title='bbox 1302 2685 1325 2714; x_wconf 81' lang='grc' dir='ltr'><strong>ο</strong></span> <span class='ocrx_word' id='word_1_263' title='bbox 1372 2675 1535 2730; x_wconf 87' lang='lat' dir='ltr'><strong>etiam</strong></span> <span class='ocrx_word' id='word_1_264' title='bbox 1592 2677 1734 2731; x_wconf 91' lang='lat' dir='ltr'><strong>inter</strong></span> <span class='ocrx_word' id='word_1_265' title='bbox 1787 2675 2062 2746; x_wconf 87' lang='lat' dir='ltr'><strong>spiritales</strong></span> 
     </span>
    </p>
   </div>
   <div class='ocr_carea' id='block_1_43' title="bbox 465 2762 2063 2834">
    <p class='ocr_par' dir='ltr' id='par_1_43' title="bbox 465 2762 2063 2834">
     <span class='ocr_line' id='line_1_43' title="bbox 465 2762 2063 2834; baseline 0.006 -19"><span class='ocrx_word' id='word_1_266' title='bbox 465 2762 639 2833; x_wconf 83' lang='lat' dir='ltr'><strong>gignit</strong></span> <span class='ocrx_word' id='word_1_267' title='bbox 664 2778 764 2834; x_wconf 93' lang='lat' dir='ltr'><strong>pro</strong></span> <span class='ocrx_word' id='word_1_268' title='bbox 794 2763 1166 2822; x_wconf 90' lang='lat' dir='ltr'><strong>intellectuum</strong></span> <span class='ocrx_word' id='word_1_269' title='bbox 1214 2767 1535 2826; x_wconf 88' lang='lat' dir='ltr'><strong>diversitate</strong></span> <span class='ocrx_word' id='word_1_270' title='bbox 1581 2769 1936 2826; x_wconf 89' lang='lat' dir='ltr'><strong>discordiam.</strong></span> <span class='ocrx_word' id='word_1_271' title='bbox 1981 2769 2063 2825; x_wconf 77' lang='lat' dir='ltr'><strong>Ex</strong></span> 
     </span>
    </p>
   </div>
   <div class='ocr_carea' id='block_1_44' title="bbox 2168 1932 3764 2003">
    <p class='ocr_par' dir='ltr' id='par_1_44' title="bbox 2168 1932 3764 2003">
     <span class='ocr_line' id='line_1_44' title="bbox 2168 1932 3764 2003; baseline 0.001 -17"><span class='ocrx_word' id='word_1_272' title='bbox 2168 1935 2315 1988; x_wconf 88' lang='lat' dir='ltr'><strong>nasci</strong></span> <span class='ocrx_word' id='word_1_273' title='bbox 2357 1935 2497 1989; x_wconf 91' lang='lat' dir='ltr'><strong>solet</strong></span> <span class='ocrx_word' id='word_1_274' title='bbox 2523 1933 2777 1989; x_wconf 89' lang='lat' dir='ltr'><strong>similiter</strong></span> <span class='ocrx_word' id='word_1_275' title='bbox 2806 1933 3221 2001; x_wconf 88' lang='lat' dir='ltr'><strong>abscindentes,</strong></span> <span class='ocrx_word' id='word_1_276' title='bbox 3253 1932 3666 2003; x_wconf 87' lang='lat' dir='ltr'><strong>acquisierimus</strong></span> <span class='ocrx_word' id='word_1_277' title='bbox 3707 1933 3764 1988; x_wconf 88' lang='lat' dir='ltr'><strong>in</strong></span> 
     </span>
    </p>
   </div>
   <div class='ocr_carea' id='block_1_45' title="bbox 2167 2024 3673 2081">
    <p class='ocr_par' dir='ltr' id='par_1_45' title="bbox 2167 2024 3673 2081">
     <span class='ocr_line' id='line_1_45' title="bbox 2167 2024 3673 2081; baseline -0.001 0"><span class='ocrx_word' id='word_1_278' title='bbox 2167 2025 2419 2081; x_wconf 90' lang='lat' dir='ltr'><strong>omnibus</strong></span> <span class='ocrx_word' id='word_1_279' title='bbox 2447 2024 2704 2080; x_wconf 88' lang='lat' dir='ltr'><strong>humilem</strong></span> <span class='ocrx_word' id='word_1_280' title='bbox 2728 2040 2950 2081; x_wconf 93' lang='lat' dir='ltr'><strong>sensum</strong></span> <span class='ocrx_word' id='word_1_281' title='bbox 2979 2033 3036 2081; x_wconf 88' lang='lat' dir='ltr'><strong>et</strong></span> <span class='ocrx_word' id='word_1_282' title='bbox 3067 2039 3337 2081; x_wconf 90' lang='lat' dir='ltr'><strong>consonas</strong></span> <span class='ocrx_word' id='word_1_283' title='bbox 3365 2024 3673 2080; x_wconf 86' lang='lat' dir='ltr'><strong>voluntates</strong></span> 
     </span>
    </p>
   </div>
   <div class='ocr_carea' id='block_1_46' title="bbox 2793 2118 3119 2176">
    <p class='ocr_par' dir='ltr' id='par_1_46' title="bbox 2793 2118 3119 2176">
     <span class='ocr_line' id='line_1_46' title="bbox 2793 2118 3119 2176; baseline -0.003 -1"><span class='ocrx_word' id='word_1_284' title='bbox 2793 2118 3019 2176; x_wconf 82' lang='lat' dir='ltr'><strong>CAPUT</strong></span> <span class='ocrx_word' id='word_1_285' title='bbox 3051 2119 3119 2175; x_wconf 84' lang='lat' dir='ltr'><strong>X.</strong></span> 
     </span>
    </p>
   </div>
   <div class='ocr_carea' id='block_1_47' title="bbox 2546 2215 3380 2286">
    <p class='ocr_par' dir='ltr' id='par_1_47' title="bbox 2546 2215 3380 2286">
     <span class='ocr_line' id='line_1_47' title="bbox 2546 2215 3380 2286; baseline 0.002 -18"><span class='ocrx_word' id='word_1_286' title='bbox 2546 2215 2624 2269; x_wconf 88' lang='lat' dir='ltr'><strong>De</strong></span> <span class='ocrx_word' id='word_1_287' title='bbox 2652 2215 2847 2286; x_wconf 90' lang='lat' dir='ltr'><strong>optimo</strong></span> <span class='ocrx_word' id='word_1_288' title='bbox 2875 2216 3114 2270; x_wconf 75' lang='lat' dir='ltr'><strong>examine</strong></span> <span class='ocrx_word' id='word_1_289' title='bbox 3134 2215 3380 2270; x_wconf 87' lang='lat' dir='ltr'><strong>veritatis.</strong></span> 
     </span>
    </p>
   </div>
   <div class='ocr_carea' id='block_1_48' title="bbox 2241 2306 3770 2378">
    <p class='ocr_par' dir='ltr' id='par_1_48' title="bbox 2241 2306 3770 2378">
     <span class='ocr_line' id='line_1_48' title="bbox 2241 2306 3770 2378; baseline -0.001 -15"><span class='ocrx_word' id='word_1_290' title='bbox 2241 2307 2458 2363; x_wconf 79' lang='lat' dir='ltr'><strong>Memini</strong></span> <span class='ocrx_word' id='word_1_291' title='bbox 2489 2321 2724 2378; x_wconf 90' lang='lat' dir='ltr'><strong>namque</strong></span> <span class='ocrx_word' id='word_1_292' title='bbox 2751 2323 2874 2362; x_wconf 92' lang='lat' dir='ltr'><strong>cum</strong></span> <span class='ocrx_word' id='word_1_293' title='bbox 2909 2322 2993 2362; x_wconf 94' lang='lat' dir='ltr'><strong>me</strong></span> <span class='ocrx_word' id='word_1_294' title='bbox 3021 2306 3198 2362; x_wconf 87' lang='lat' dir='ltr'><strong>adhuc</strong></span> <span class='ocrx_word' id='word_1_295' title='bbox 3227 2306 3508 2361; x_wconf 67' lang='lat' dir='ltr'><strong>adhaerere</strong></span> <span class='ocrx_word' id='word_1_296' title='bbox 3538 2320 3770 2362; x_wconf 88' lang='lat' dir='ltr'><strong>consor-</strong></span> 
     </span>
    </p>
   </div>
   <div class='ocr_carea' id='block_1_49' title="bbox 2169 2399 3770 2471">
    <p class='ocr_par' dir='ltr' id='par_1_49' title="bbox 2169 2399 3770 2471">
     <span class='ocr_line' id='line_1_49' title="bbox 2169 2399 3770 2471; baseline -0.001 -15"><span class='ocrx_word' id='word_1_297' title='bbox 2169 2401 2245 2456; x_wconf 92' lang='lat' dir='ltr'><strong>tio</strong></span> <span class='ocrx_word' id='word_1_298' title='bbox 2273 2400 2502 2456; x_wconf 88' lang='lat' dir='ltr'><strong>fratrum</strong></span> <span class='ocrx_word' id='word_1_299' title='bbox 2532 2411 2664 2456; x_wconf 72' lang='lat' dir='ltr'><strong>mtas</strong></span> <span class='ocrx_word' id='word_1_300' title='bbox 2691 2402 2876 2471; x_wconf 82' lang='lat' dir='ltr'><strong>junior</strong></span> <span class='ocrx_word' id='word_1_301' title='bbox 2907 2401 3238 2466; x_wconf 79' lang='lat' dir='ltr'><strong>hortaretur,</strong></span> <span class='ocrx_word' id='word_1_302' title='bbox 3265 2399 3573 2470; x_wconf 71' lang='lat' dir='ltr'><strong>huiusmodi</strong></span> <span class='ocrx_word' id='word_1_303' title='bbox 3605 2399 3770 2454; x_wconf 87' lang='lat' dir='ltr'><strong>nobis</strong></span> 
     </span>
    </p>
   </div>
   <div class='ocr_carea' id='block_1_50' title="bbox 2167 2488 3768 2561">
    <p class='ocr_par' dir='ltr' id='par_1_50' title="bbox 2167 2488 3768 2561">
     <span class='ocr_line' id='line_1_50' title="bbox 2167 2488 3768 2561; baseline -0.002 -15"><span class='ocrx_word' id='word_1_304' title='bbox 2167 2490 2588 2561; x_wconf 78' lang='lat' dir='ltr'><strong>intelligentiam</strong></span> <span class='ocrx_word' id='word_1_305' title='bbox 2635 2490 2724 2546; x_wconf 85' lang='lat' dir='ltr'><strong>vel</strong></span> <span class='ocrx_word' id='word_1_306' title='bbox 2775 2491 2827 2544; x_wconf 93' lang='lat' dir='ltr'><strong>in</strong></span> <span class='ocrx_word' id='word_1_307' title='bbox 2878 2489 3173 2544; x_wconf 92' lang='lat' dir='ltr'><strong>moralibus</strong></span> <span class='ocrx_word' id='word_1_308' title='bbox 3222 2488 3521 2560; x_wconf 88' lang='lat' dir='ltr'><strong>disciplinis</strong></span> <span class='ocrx_word' id='word_1_309' title='bbox 3572 2489 3659 2544; x_wconf 89' lang='lat' dir='ltr'><strong>vel</strong></span> <span class='ocrx_word' id='word_1_310' title='bbox 3714 2490 3768 2543; x_wconf 90' lang='lat' dir='ltr'><strong>in</strong></span> 
     </span>
    </p>
   </div>
   <div class='ocr_carea' id='block_1_51' title="bbox 2169 2581 3769 2656">
    <p class='ocr_par' dir='ltr' id='par_1_51' title="bbox 2169 2581 3769 2656">
     <span class='ocr_line' id='line_1_51' title="bbox 2169 2581 3769 2656; baseline -0.003 -16"><span class='ocrx_word' id='word_1_311' title='bbox 2169 2584 2464 2656; x_wconf 87' lang='lat' dir='ltr'><strong>Scripturis</strong></span> <span class='ocrx_word' id='word_1_312' title='bbox 2513 2584 2682 2639; x_wconf 87' lang='lat' dir='ltr'><strong>sacris</strong></span> <span class='ocrx_word' id='word_1_313' title='bbox 2732 2584 3044 2654; x_wconf 90' lang='lat' dir='ltr'><strong>frequenter</strong></span> <span class='ocrx_word' id='word_1_314' title='bbox 3085 2583 3367 2647; x_wconf 89' lang='lat' dir='ltr'><strong>insertam,</strong></span> <span class='ocrx_word' id='word_1_315' title='bbox 3410 2591 3469 2636; x_wconf 93' lang='lat' dir='ltr'><strong>ut</strong></span> <span class='ocrx_word' id='word_1_316' title='bbox 3516 2581 3651 2636; x_wconf 87' lang='lat' dir='ltr'><strong>nihil</strong></span> <span class='ocrx_word' id='word_1_317' title='bbox 3701 2596 3769 2636; x_wconf 84' lang='lat' dir='ltr'><strong>ea</strong></span> 
     </span>
    </p>
   </div>
   <div class='ocr_carea' id='block_1_52' title="bbox 2170 2670 3770 2746">
    <p class='ocr_par' dir='ltr' id='par_1_52' title="bbox 2170 2670 3770 2746">
     <span class='ocr_line' id='line_1_52' title="bbox 2170 2670 3770 2746; baseline -0.003 -14"><span class='ocrx_word' id='word_1_318' title='bbox 2170 2679 2355 2733; x_wconf 89' lang='lat' dir='ltr'><strong>verius</strong></span> <span class='ocrx_word' id='word_1_319' title='bbox 2386 2676 2629 2746; x_wconf 86' lang='lat' dir='ltr'><strong>nihilque</strong></span> <span class='ocrx_word' id='word_1_320' title='bbox 2656 2675 3036 2731; x_wconf 91' lang='lat' dir='ltr'><strong>rationabilius</strong></span> <span class='ocrx_word' id='word_1_321' title='bbox 3064 2673 3432 2730; x_wconf 85' lang='lat' dir='ltr'><strong>crederemus.</strong></span> <span class='ocrx_word' id='word_1_322' title='bbox 3464 2672 3574 2730; x_wconf 90' lang='lat' dir='ltr'><strong>Sed</strong></span> <span class='ocrx_word' id='word_1_323' title='bbox 3600 2670 3621 2711; x_wconf 72' lang='grc' dir='ltr'>ί</span> <span class='ocrx_word' id='word_1_324' title='bbox 3637 2687 3770 2728; x_wconf 90' lang='lat' dir='ltr'><strong>cum</strong></span> 
     </span>
    </p>
   </div>
   <div class='ocr_carea' id='block_1_53' title="bbox 2172 2767 3772 2834">
    <p class='ocr_par' dir='ltr' id='par_1_53' title="bbox 2172 2767 3772 2834">
     <span class='ocr_line' id='line_1_53' title="bbox 2172 2767 3772 2834; baseline -0.003 -10"><span class='ocrx_word' id='word_1_325' title='bbox 2172 2771 2225 2825; x_wconf 93' lang='lat' dir='ltr'><strong>in</strong></span> <span class='ocrx_word' id='word_1_326' title='bbox 2257 2786 2423 2824; x_wconf 90' lang='lat' dir='ltr'><strong>unum</strong></span> <span class='ocrx_word' id='word_1_327' title='bbox 2471 2770 2866 2825; x_wconf 82' lang='lat' dir='ltr'><strong>convenientes</strong></span> <span class='ocrx_word' id='word_1_328' title='bbox 2917 2767 3217 2823; x_wconf 82' lang='lat' dir='ltr'><strong>sententias</strong></span> <span class='ocrx_word' id='word_1_329' title='bbox 3258 2775 3472 2821; x_wconf 85' lang='lat' dir='ltr'><strong>nostras</strong></span> <span class='ocrx_word' id='word_1_330' title='bbox 3515 2780 3772 2834; x_wconf 89' lang='lat' dir='ltr'><strong>promere</strong></span> 
     </span>
    </p>
   </div>
   <div class='ocr_carea' id='block_1_54' title="bbox 1556 2901 2672 2961">
    <p class='ocr_par' dir='ltr' id='par_1_54' title="bbox 1556 2901 2672 2961">
     <span class='ocr_line' id='line_1_54' title="bbox 1556 2901 2672 2961; baseline -0.001 -2"><span class='ocrx_word' id='word_1_331' title='bbox 1556 2903 1815 2961; x_wconf 76' lang='lat' dir='ltr'><strong>ALARDI</strong></span> <span class='ocrx_word' id='word_1_332' title='bbox 1854 2901 2091 2961; x_wconf 73' lang='lat' dir='ltr'><strong>CAZ/EI</strong></span> <span class='ocrx_word' id='word_1_333' title='bbox 2127 2901 2672 2959; x_wconf 76' lang='lat' dir='ltr'><strong>COMMENTARIUS</strong></span> 
     </span>
    </p>
   </div>
   <div class='ocr_carea' id='block_1_55' title="bbox 545 3014 2058 3088">
    <p class='ocr_par' dir='ltr' id='par_1_55' title="bbox 545 3014 2058 3088">
     <span class='ocr_line' id='line_1_55' title="bbox 545 3014 2058 3088; baseline 0.002 -18"><span class='ocrx_word' id='word_1_334' title='bbox 545 3014 686 3088; x_wconf 59' lang='lat' dir='ltr'><strong>FSic</strong></span> <span class='ocrx_word' id='word_1_335' title='bbox 732 3015 1025 3073; x_wconf 87' lang='lat' dir='ltr'><strong>Cassianus</strong></span> <span class='ocrx_word' id='word_1_336' title='bbox 1059 3018 1159 3072; x_wconf 92' lang='lat' dir='ltr'><strong>lib.</strong></span> <span class='ocrx_word' id='word_1_337' title='bbox 1197 3032 1293 3072; x_wconf 82' lang='lat' dir='ltr'><strong>vni</strong></span> <span class='ocrx_word' id='word_1_338' title='bbox 1332 3016 1567 3072; x_wconf 90' lang='lat' dir='ltr'><strong>lnstitut.</strong></span> <span class='ocrx_word' id='word_1_339' title='bbox 1619 3032 1721 3088; x_wconf 94' lang='lat' dir='ltr'><strong>cap</strong></span> <span class='ocrx_word' id='word_1_340' title='bbox 1771 3019 1836 3088; x_wconf 61' lang='grc'><strong>15</strong></span> <span class='ocrx_word' id='word_1_341' title='bbox 1871 3035 1884 3072; x_wconf 90' lang='lat'><strong>:</strong></span> <span class='ocrx_word' id='word_1_342' title='bbox 1937 3018 2058 3073; x_wconf 85' lang='lat' dir='ltr'><strong>Non</strong></span> 
     </span>
    </p>
   </div>
   <div class='ocr_carea' id='block_1_56' title="bbox 467 3086 2058 3158">
    <p class='ocr_par' dir='ltr' id='par_1_56' title="bbox 467 3086 2058 3158">
     <span class='ocr_line' id='line_1_56' title="bbox 467 3086 2058 3158; baseline 0.003 -18"><span class='ocrx_word' id='word_1_343' title='bbox 467 3086 604 3158; x_wconf 86' lang='lat' dir='ltr'><strong>enim</strong></span> <span class='ocrx_word' id='word_1_344' title='bbox 648 3088 720 3139; x_wconf 88' lang='lat' dir='ltr'><strong>ita</strong></span> <span class='ocrx_word' id='word_1_345' title='bbox 744 3089 932 3142; x_wconf 84' lang='lat' dir='ltr'><strong>nostris</strong></span> <span class='ocrx_word' id='word_1_346' title='bbox 958 3089 1209 3158; x_wconf 84' lang='lat' dir='ltr'><strong>obsequiis</strong></span> <span class='ocrx_word' id='word_1_347' title='bbox 1235 3091 1521 3143; x_wconf 88' lang='lat' dir='ltr'><strong>communis</strong></span> <span class='ocrx_word' id='word_1_348' title='bbox 1544 3086 1770 3143; x_wconf 84' lang='lat' dir='ltr'><strong>omnium</strong></span> <span class='ocrx_word' id='word_1_349' title='bbox 1801 3087 2058 3144; x_wconf 81' lang='lat' dir='ltr'><strong>Dominus</strong></span> 
     </span>
    </p>
   </div>
   <div class='ocr_carea' id='block_1_57' title="bbox 466 3157 2057 3230">
    <p class='ocr_par' dir='ltr' id='par_1_57' title="bbox 466 3157 2057 3230">
     <span class='ocr_line' id='line_1_57' title="bbox 466 3157 2057 3230; baseline 0.003 -21"><span class='ocrx_word' id='word_1_350' title='bbox 466 3157 774 3230; x_wconf 82' lang='lat' dir='ltr'><strong>delectatur,</strong></span> <span class='ocrx_word' id='word_1_351' title='bbox 820 3169 874 3228; x_wconf 75' lang='lat' dir='ltr'><strong>ut</strong></span> <span class='ocrx_word' id='word_1_352' title='bbox 903 3159 1041 3228; x_wconf 87' lang='lat' dir='ltr'><strong>quod</strong></span> <span class='ocrx_word' id='word_1_353' title='bbox 1080 3157 1134 3230; x_wconf 84' lang='lat' dir='ltr'><strong>in</strong></span> <span class='ocrx_word' id='word_1_354' title='bbox 1166 3176 1268 3214; x_wconf 92' lang='lat' dir='ltr'><strong>uno</strong></span> <span class='ocrx_word' id='word_1_355' title='bbox 1303 3161 1540 3227; x_wconf 90' lang='lat' dir='ltr'><strong>acquirit,</strong></span> <span class='ocrx_word' id='word_1_356' title='bbox 1579 3159 1766 3230; x_wconf 86' lang='lat' dir='ltr'><strong>perdat</strong></span> <span class='ocrx_word' id='word_1_357' title='bbox 1795 3161 1851 3214; x_wconf 88' lang='lat' dir='ltr'><strong>in</strong></span> <span class='ocrx_word' id='word_1_358' title='bbox 1876 3163 2057 3227; x_wconf 81' lang='lat' dir='ltr'><strong>altero,</strong></span> 
     </span>
    </p>
   </div>
   <div class='ocr_carea' id='block_1_58' title="bbox 2169 3014 3769 3086">
    <p class='ocr_par' dir='ltr' id='par_1_58' title="bbox 2169 3014 3769 3086">
     <span class='ocr_line' id='line_1_58' title="bbox 2169 3014 3769 3086; baseline -0.001 -15"><span class='ocrx_word' id='word_1_359' title='bbox 2169 3016 2390 3086; x_wconf 86' lang='lat' dir='ltr'><strong>(Ephes.</strong></span> <span class='ocrx_word' id='word_1_360' title='bbox 2426 3015 2502 3086; x_wconf 93' lang='grc' dir='ltr'>ιιι)</span> <span class='ocrx_word' id='word_1_361' title='bbox 2533 3035 2544 3068; x_wconf 90' lang='lat'><strong>:</strong></span> <span class='ocrx_word' id='word_1_362' title='bbox 2574 3015 2800 3072; x_wconf 86' lang='lat' dir='ltr'><strong>Solliciti</strong></span> <span class='ocrx_word' id='word_1_363' title='bbox 2826 3032 3028 3070; x_wconf 86' lang='lat' dir='ltr'><strong>servare</strong></span> <span class='ocrx_word' id='word_1_364' title='bbox 3047 3016 3298 3070; x_wconf 87' lang='lat' dir='ltr'><strong>unitatem</strong></span> <span class='ocrx_word' id='word_1_365' title='bbox 3323 3016 3537 3083; x_wconf 80' lang='lat' dir='ltr'><strong>spiritus</strong></span> <span class='ocrx_word' id='word_1_366' title='bbox 3563 3014 3619 3068; x_wconf 89' lang='lat' dir='ltr'><strong>in</strong></span> <span class='ocrx_word' id='word_1_367' title='bbox 3649 3015 3769 3070; x_wconf 82' lang='lat' dir='ltr'><strong>vin-</strong></span> 
     </span>
    </p>
   </div>
   <div class='ocr_carea' id='block_1_59' title="bbox 2166 3086 3606 3215">
    <p class='ocr_par' dir='ltr' id='par_1_59' title="bbox 2166 3086 3606 3215">
     <span class='ocr_line' id='line_1_59' title="bbox 2166 3086 3606 3159; baseline -0.002 -17"><span class='ocrx_word' id='word_1_368' title='bbox 2166 3091 2284 3142; x_wconf 88' lang='lat' dir='ltr'><strong>culo</strong></span> <span class='ocrx_word' id='word_1_369' title='bbox 2351 3089 2454 3141; x_wconf 86' lang='lat' dir='ltr'><strong>acis</strong></span> <span class='ocrx_word' id='word_1_370' title='bbox 2486 3086 2669 3159; x_wconf 71' lang='lat' dir='ltr'><strong>(Gr-eg.</strong></span> <span class='ocrx_word' id='word_1_371' title='bbox 2698 3086 2963 3141; x_wconf 86' lang='lat' dir='ltr'><strong>Pastoral.</strong></span> <span class='ocrx_word' id='word_1_372' title='bbox 2992 3097 3127 3156; x_wconf 88' lang='lat' dir='ltr'><strong>part.</strong></span> <span class='ocrx_word' id='word_1_373' title='bbox 3165 3103 3255 3152; x_wconf 86' lang='lat' dir='ltr'><strong>Ill,</strong></span> <span class='ocrx_word' id='word_1_374' title='bbox 3289 3087 3498 3140; x_wconf 89' lang='lat' dir='ltr'><strong>admon.</strong></span> <span class='ocrx_word' id='word_1_375' title='bbox 3526 3086 3606 3153; x_wconf 74' lang='lat'><strong>2).</strong></span> 
     </span>
     <span class='ocr_line' id='line_1_60' title="bbox 2238 3106 3606 3215; baseline -0.004 0"><span class='ocrx_word' id='word_1_376' title='bbox 2238 3157 2265 3197; x_wconf 73' lang='grc' dir='ltr'><strong>ἀ</strong></span> <span class='ocrx_word' id='word_1_377' title='bbox 2298 3106 2488 3215; x_wconf 51' lang='lat' dir='ltr'><strong>(graece</strong></span> <span class='ocrx_word' id='word_1_378' title='bbox 2516 3167 2669 3215; x_wconf 78' lang='grc' dir='ltr'><strong>μῖσος</strong></span> <span class='ocrx_word' id='word_1_379' title='bbox 2699 3161 2880 3215; x_wconf 69' lang='grc' dir='ltr'><strong>ἐναίρει</strong></span> <span class='ocrx_word' id='word_1_380' title='bbox 2914 3167 3098 3215; x_wconf 76' lang='grc' dir='ltr'><strong>νεῖκος.</strong></span> <span class='ocrx_word' id='word_1_381' title='bbox 3138 3157 3291 3215; x_wconf 92' lang='lat' dir='ltr'><strong>Ouod</strong></span> <span class='ocrx_word' id='word_1_382' title='bbox 3325 3167 3552 3215; x_wconf 85' lang='lat' dir='ltr'><strong>utroque</strong></span> <span class='ocrx_word' id='word_1_383' title='bbox 3591 3174 3606 3210; x_wconf 91' lang='grc' dir='ltr'><strong>ι</strong></span> 
     </span>
    </p>
   </div>
   <div class='ocr_carea' id='block_1_60' title="bbox 2238 3156 3762 3234">
    <p class='ocr_par' dir='ltr' id='par_1_60' title="bbox 2238 3156 3762 3234">
     <span class='ocr_line' id='line_1_61' title="bbox 2238 3156 3762 3234; baseline -0.002 -19"><span class='ocrx_word' id='word_1_384' title='bbox 2238 3157 2265 3197; x_wconf 73' lang='grc' dir='ltr'><strong>ἀ</strong></span> <span class='ocrx_word' id='word_1_385' title='bbox 2289 3156 2669 3234; x_wconf 63' lang='lat' dir='ltr'><strong>_Grmce_ng_bg</strong></span> <span class='ocrx_word' id='word_1_386' title='bbox 2699 3161 2880 3234; x_wconf 66' lang='grc' dir='ltr'><strong>ἐγείρῃ</strong></span> <span class='ocrx_word' id='word_1_387' title='bbox 2914 3167 3116 3234; x_wconf 67' lang='grc' dir='ltr'><strong>νεῖκος.⁸</strong></span> <span class='ocrx_word' id='word_1_388' title='bbox 3138 3157 3291 3226; x_wconf 83' lang='lat' dir='ltr'><strong>Quod</strong></span> <span class='ocrx_word' id='word_1_389' title='bbox 3325 3167 3552 3234; x_wconf 84' lang='lat' dir='ltr'><strong>utroque</strong></span> <span class='ocrx_word' id='word_1_390' title='bbox 3591 3156 3762 3234; x_wconf 71' lang='lat' dir='ltr'><strong>modo</strong></span> 
     </span>
    </p>
   </div>
   <div class='ocr_carea' id='block_1_61' title="bbox 467 3225 3768 3304">
    <p class='ocr_par' dir='ltr' id='par_1_61' title="bbox 467 3225 3768 3304">
     <span class='ocr_line' id='line_1_62' title="bbox 467 3225 3768 3304; baseline 0 -22"><span class='ocrx_word' id='word_1_391' title='bbox 467 3229 773 3304; x_wconf 81' lang='lat' dir='ltr'><strong>dominante</strong></span> <span class='ocrx_word' id='word_1_392' title='bbox 808 3225 1034 3304; x_wconf 72' lang='lat' dir='ltr'><strong>tristitia.</strong></span> <span class='ocrx_word' id='word_1_393' title='bbox 1093 3229 1160 3285; x_wconf 90' lang='lat' dir='ltr'><strong>In</strong></span> <span class='ocrx_word' id='word_1_394' title='bbox 1204 3225 1475 3304; x_wconf 80' lang='lat' dir='ltr'><strong>cujuslibet</strong></span> <span class='ocrx_word' id='word_1_395' title='bbox 1515 3225 1754 3304; x_wconf 79' lang='lat' dir='ltr'><strong>namque</strong></span> <span class='ocrx_word' id='word_1_396' title='bbox 1786 3225 2060 3300; x_wconf 83' lang='lat' dir='ltr'><strong>dispendio</strong></span> <span class='ocrx_word' id='word_1_397' title='bbox 2089 3225 2135 3290; x_wconf 90' lang='lat' dir='ltr'><strong>C</strong></span> <span class='ocrx_word' id='word_1_398' title='bbox 2167 3232 2302 3304; x_wconf 82' lang='lat' dir='ltr'><strong>verti</strong></span> <span class='ocrx_word' id='word_1_399' title='bbox 2349 3225 2540 3304; x_wconf 84' lang='lat' dir='ltr'><strong>potuit.</strong></span> <span class='ocrx_word' id='word_1_400' title='bbox 2584 3225 2741 3284; x_wconf 62' lang='lat' dir='ltr'><strong>Nam&#39;</strong></span> <span class='ocrx_word' id='word_1_401' title='bbox 2765 3225 2946 3284; x_wconf 73' lang='lat' dir='ltr'><strong>cilium</strong></span> <span class='ocrx_word' id='word_1_402' title='bbox 2977 3225 3200 3304; x_wconf 59' lang='lat' dir='ltr'><strong>suscitat</strong></span> <span class='ocrx_word' id='word_1_403' title='bbox 3241 3225 3534 3292; x_wconf 83' lang='lat' dir='ltr'><strong>contentio,</strong></span> <span class='ocrx_word' id='word_1_404' title='bbox 3567 3238 3625 3283; x_wconf 92' lang='lat' dir='ltr'><strong>ut</strong></span> <span class='ocrx_word' id='word_1_405' title='bbox 3672 3228 3768 3284; x_wconf 85' lang='lat' dir='ltr'><strong>hic</strong></span> 
     </span>
    </p>
   </div>
   <div class='ocr_carea' id='block_1_62' title="bbox 466 3300 2057 3370">
    <p class='ocr_par' dir='ltr' id='par_1_62' title="bbox 466 3300 2057 3370">
     <span class='ocr_line' id='line_1_63' title="bbox 466 3300 2057 3370; baseline 0.004 -18"><span class='ocrx_word' id='word_1_406' title='bbox 466 3316 627 3352; x_wconf 88' lang='lat' dir='ltr'><strong>unum</strong></span> <span class='ocrx_word' id='word_1_407' title='bbox 663 3301 861 3368; x_wconf 88' lang='lat' dir='ltr'><strong>patitur</strong></span> <span class='ocrx_word' id='word_1_408' title='bbox 889 3300 1274 3368; x_wconf 69' lang='lat' dir='ltr'><strong>detrimentum,</strong></span> <span class='ocrx_word' id='word_1_409' title='bbox 1311 3303 1398 3370; x_wconf 89' lang='lat' dir='ltr'><strong>qui</strong></span> <span class='ocrx_word' id='word_1_410' title='bbox 1428 3300 1608 3356; x_wconf 87' lang='lat' dir='ltr'><strong>eodem</strong></span> <span class='ocrx_word' id='word_1_411' title='bbox 1636 3302 1790 3355; x_wconf 87' lang='lat' dir='ltr'><strong>modo</strong></span> <span class='ocrx_word' id='word_1_412' title='bbox 1824 3306 2057 3358; x_wconf 90' lang='lat' dir='ltr'><strong>omnium</strong></span> 
     </span>
    </p>
   </div>
   <div class='ocr_carea' id='block_1_63' title="bbox 467 3372 1938 3443">
    <p class='ocr_par' dir='ltr' id='par_1_63' title="bbox 467 3372 1938 3443">
     <span class='ocr_line' id='line_1_64' title="bbox 467 3372 1938 3443; baseline 0.003 -19"><span class='ocrx_word' id='word_1_413' title='bbox 467 3372 781 3443; x_wconf 81' lang='lat' dir='ltr'><strong>famulorum</strong></span> <span class='ocrx_word' id='word_1_414' title='bbox 809 3389 1022 3426; x_wconf 87' lang='lat' dir='ltr'><strong>suorum</strong></span> <span class='ocrx_word' id='word_1_415' title='bbox 1048 3375 1266 3428; x_wconf 88' lang='lat' dir='ltr'><strong>salutem</strong></span> <span class='ocrx_word' id='word_1_416' title='bbox 1295 3373 1552 3427; x_wconf 85' lang='lat' dir='ltr'><strong>desiderat</strong></span> <span class='ocrx_word' id='word_1_417' title='bbox 1581 3382 1628 3443; x_wconf 88' lang='lat' dir='ltr'><strong>et</strong></span> <span class='ocrx_word' id='word_1_418' title='bbox 1661 3384 1938 3443; x_wconf 72' lang='lat' dir='ltr'><strong>exspectat.</strong></span> 
     </span>
    </p>
   </div>
   <div class='ocr_carea' id='block_1_64' title="bbox 538 3440 2060 3513">
    <p class='ocr_par' dir='ltr' id='par_1_64' title="bbox 538 3440 2060 3513">
     <span class='ocr_line' id='line_1_65' title="bbox 538 3440 2060 3513; baseline 0.002 -15"><span class='ocrx_word' id='word_1_419' title='bbox 538 3440 566 3480; x_wconf 71' lang='grc' dir='ltr'>δ</span> <span class='ocrx_word' id='word_1_420' title='bbox 594 3444 651 3498; x_wconf 85' lang='lat' dir='ltr'><strong>S.</strong></span> <span class='ocrx_word' id='word_1_421' title='bbox 683 3444 1023 3513; x_wconf 73' lang='lat' dir='ltr'><strong>Augustinus</strong></span> <span class='ocrx_word' id='word_1_422' title='bbox 1043 3445 1109 3498; x_wconf 90' lang='lat' dir='ltr'><strong>de</strong></span> <span class='ocrx_word' id='word_1_423' title='bbox 1134 3445 1366 3499; x_wconf 86' lang='lat' dir='ltr'><strong>Civitate</strong></span> <span class='ocrx_word' id='word_1_424' title='bbox 1392 3444 1483 3498; x_wconf 86' lang='lat' dir='ltr'><strong>Dei</strong></span> <span class='ocrx_word' id='word_1_425' title='bbox 1511 3461 1522 3496; x_wconf 90' lang='lat'><strong>:</strong></span> <span class='ocrx_word' id='word_1_426' title='bbox 1557 3440 1784 3498; x_wconf 86' lang='lat' dir='ltr'><strong>Tantum</strong></span> <span class='ocrx_word' id='word_1_427' title='bbox 1813 3455 1888 3499; x_wconf 85' lang='lat' dir='ltr'><strong>est</strong></span> <span class='ocrx_word' id='word_1_428' title='bbox 1919 3448 2060 3513; x_wconf 85' lang='lat' dir='ltr'><strong>pacis</strong></span> 
     </span>
    </p>
   </div>
   <div class='ocr_carea' id='block_1_65' title="bbox 467 3514 2060 3580">
    <p class='ocr_par' dir='ltr' id='par_1_65' title="bbox 467 3514 2060 3580">
     <span class='ocr_line' id='line_1_66' title="bbox 467 3514 2060 3580; baseline 0.002 -14"><span class='ocrx_word' id='word_1_429' title='bbox 467 3514 672 3578; x_wconf 89' lang='lat' dir='ltr'><strong>bonum,</strong></span> <span class='ocrx_word' id='word_1_430' title='bbox 709 3526 762 3570; x_wconf 90' lang='lat' dir='ltr'><strong>ut</strong></span> <span class='ocrx_word' id='word_1_431' title='bbox 789 3516 942 3569; x_wconf 88' lang='lat' dir='ltr'><strong>etiam</strong></span> <span class='ocrx_word' id='word_1_432' title='bbox 969 3516 1020 3569; x_wconf 91' lang='lat' dir='ltr'><strong>in</strong></span> <span class='ocrx_word' id='word_1_433' title='bbox 1050 3516 1198 3570; x_wconf 90' lang='lat' dir='ltr'><strong>rebus</strong></span> <span class='ocrx_word' id='word_1_434' title='bbox 1231 3517 1443 3570; x_wconf 89' lang='lat' dir='ltr'><strong>terrenis</strong></span> <span class='ocrx_word' id='word_1_435' title='bbox 1464 3525 1614 3580; x_wconf 89' lang='lat' dir='ltr'><strong>atque</strong></span> <span class='ocrx_word' id='word_1_436' title='bbox 1643 3515 1948 3569; x_wconf 85' lang='lat' dir='ltr'><strong>mortalibus</strong></span> <span class='ocrx_word' id='word_1_437' title='bbox 1979 3519 2060 3570; x_wconf 84' lang='lat' dir='ltr'><strong>ni-</strong></span> 
     </span>
    </p>
   </div>
   <div class='ocr_carea' id='block_1_66' title="bbox 465 3584 2062 3658">
    <p class='ocr_par' dir='ltr' id='par_1_66' title="bbox 465 3584 2062 3658">
     <span class='ocr_line' id='line_1_67' title="bbox 465 3584 2062 3658; baseline 0.004 -23"><span class='ocrx_word' id='word_1_438' title='bbox 465 3584 541 3658; x_wconf 83' lang='lat' dir='ltr'><strong>hil</strong></span> <span class='ocrx_word' id='word_1_439' title='bbox 585 3585 751 3658; x_wconf 82' lang='lat' dir='ltr'><strong>soleat</strong></span> <span class='ocrx_word' id='word_1_440' title='bbox 794 3587 994 3658; x_wconf 88' lang='lat' dir='ltr'><strong>gratius</strong></span> <span class='ocrx_word' id='word_1_441' title='bbox 1033 3587 1229 3654; x_wconf 88' lang='lat' dir='ltr'><strong>audiri,</strong></span> <span class='ocrx_word' id='word_1_442' title='bbox 1270 3586 1402 3640; x_wconf 82' lang='lat' dir='ltr'><strong>nihil</strong></span> <span class='ocrx_word' id='word_1_443' title='bbox 1443 3587 1836 3642; x_wconf 88' lang='lat' dir='ltr'><strong>desiderabilius</strong></span> <span class='ocrx_word' id='word_1_444' title='bbox 1873 3604 2062 3642; x_wconf 86' lang='lat' dir='ltr'><strong>concu-</strong></span> 
     </span>
    </p>
   </div>
   <div class='ocr_carea' id='block_1_67' title="bbox 466 3655 2059 3729">
    <p class='ocr_par' dir='ltr' id='par_1_67' title="bbox 466 3655 2059 3729">
     <span class='ocr_line' id='line_1_68' title="bbox 466 3655 2059 3729; baseline 0.004 -22"><span class='ocrx_word' id='word_1_445' title='bbox 466 3655 620 3729; x_wconf 75' lang='lat' dir='ltr'><strong>pisci,</strong></span> <span class='ocrx_word' id='word_1_446' title='bbox 645 3656 775 3712; x_wconf 84' lang='lat' dir='ltr'><strong>nihil</strong></span> <span class='ocrx_word' id='word_1_447' title='bbox 796 3655 1056 3729; x_wconf 79' lang='lat' dir='ltr'><strong>postremo</strong></span> <span class='ocrx_word' id='word_1_448' title='bbox 1087 3661 1247 3726; x_wconf 87' lang='lat' dir='ltr'><strong>possit</strong></span> <span class='ocrx_word' id='word_1_449' title='bbox 1275 3657 1455 3712; x_wconf 85' lang='lat' dir='ltr'><strong>melius</strong></span> <span class='ocrx_word' id='word_1_450' title='bbox 1478 3659 1714 3729; x_wconf 83' lang='lat' dir='ltr'><strong>inveniri.</strong></span> <span class='ocrx_word' id='word_1_451' title='bbox 1756 3659 1928 3724; x_wconf 89' lang='lat' dir='ltr'><strong>Idem,</strong></span> <span class='ocrx_word' id='word_1_452' title='bbox 1962 3675 2059 3714; x_wconf 89' lang='lat' dir='ltr'><strong>seu</strong></span> 
     </span>
    </p>
   </div>
   <div class='ocr_carea' id='block_1_68' title="bbox 467 3727 2057 3799">
    <p class='ocr_par' dir='ltr' id='par_1_68' title="bbox 467 3727 2057 3799">
     <span class='ocr_line' id='line_1_69' title="bbox 467 3727 2057 3799; baseline 0.006 -23"><span class='ocrx_word' id='word_1_453' title='bbox 467 3727 589 3799; x_wconf 85' lang='lat' dir='ltr'><strong>quis</strong></span> <span class='ocrx_word' id='word_1_454' title='bbox 615 3727 809 3782; x_wconf 77' lang='lat' dir='ltr'><strong>auctor</strong></span> <span class='ocrx_word' id='word_1_455' title='bbox 826 3729 890 3782; x_wconf 81' lang='lat' dir='ltr'><strong>ad</strong></span> <span class='ocrx_word' id='word_1_456' title='bbox 917 3728 1112 3784; x_wconf 87' lang='lat' dir='ltr'><strong>fratres</strong></span> <span class='ocrx_word' id='word_1_457' title='bbox 1136 3731 1187 3784; x_wconf 92' lang='lat' dir='ltr'><strong>in</strong></span> <span class='ocrx_word' id='word_1_458' title='bbox 1218 3744 1403 3784; x_wconf 90' lang='lat' dir='ltr'><strong>eremo</strong></span> <span class='ocrx_word' id='word_1_459' title='bbox 1433 3746 1444 3780; x_wconf 91' lang='lat'><strong>:</strong></span> <span class='ocrx_word' id='word_1_460' title='bbox 1475 3728 1643 3794; x_wconf 87' lang='lat' dir='ltr'><strong>Scire,</strong></span> <span class='ocrx_word' id='word_1_461' title='bbox 1674 3729 1870 3799; x_wconf 85' lang='lat' dir='ltr'><strong>inquit,</strong></span> <span class='ocrx_word' id='word_1_462' title='bbox 1902 3731 2057 3785; x_wconf 84' lang='lat' dir='ltr'><strong>debe-</strong></span> 
     </span>
    </p>
   </div>
   <div class='ocr_carea' id='block_1_69' title="bbox 467 3797 2060 3871">
    <p class='ocr_par' dir='ltr' id='par_1_69' title="bbox 467 3797 2060 3871">
     <span class='ocr_line' id='line_1_70' title="bbox 467 3797 2060 3871; baseline 0.004 -23"><span class='ocrx_word' id='word_1_463' title='bbox 467 3797 554 3862; x_wconf 89' lang='lat' dir='ltr'><strong>tis,</strong></span> <span class='ocrx_word' id='word_1_464' title='bbox 585 3800 791 3868; x_wconf 80' lang='lat' dir='ltr'><strong>fratres,</strong></span> <span class='ocrx_word' id='word_1_465' title='bbox 821 3801 961 3871; x_wconf 87' lang='lat' dir='ltr'><strong>quod</strong></span> <span class='ocrx_word' id='word_1_466' title='bbox 979 3803 1214 3870; x_wconf 59' lang='lat' dir='ltr'><strong>quaedam</strong></span> <span class='ocrx_word' id='word_1_467' title='bbox 1235 3809 1352 3853; x_wconf 89' lang='lat' dir='ltr'><strong>sunt</strong></span> <span class='ocrx_word' id='word_1_468' title='bbox 1382 3800 1513 3853; x_wconf 89' lang='lat' dir='ltr'><strong>bona</strong></span> <span class='ocrx_word' id='word_1_469' title='bbox 1545 3845 1558 3866; x_wconf 90' lang='lat'><strong>,</strong></span> <span class='ocrx_word' id='word_1_470' title='bbox 1617 3817 1730 3871; x_wconf 72' lang='lat' dir='ltr'><strong>quae</strong></span> <span class='ocrx_word' id='word_1_471' title='bbox 1752 3797 1759 3799; x_wconf 42' lang='lat'>&#39;</span> <span class='ocrx_word' id='word_1_472' title='bbox 1778 3817 1884 3856; x_wconf 86' lang='lat' dir='ltr'><strong>non</strong></span> <span class='ocrx_word' id='word_1_473' title='bbox 1939 3810 2060 3856; x_wconf 88' lang='lat' dir='ltr'><strong>sunt</strong></span> 
     </span>
    </p>
   </div>
   <div class='ocr_carea' id='block_1_70' title="bbox 467 3870 2055 3941">
    <p class='ocr_par' dir='ltr' id='par_1_70' title="bbox 467 3870 2055 3941">
     <span class='ocr_line' id='line_1_71' title="bbox 467 3870 2055 3941; baseline 0.004 -22"><span class='ocrx_word' id='word_1_474' title='bbox 467 3872 778 3935; x_wconf 87' lang='lat' dir='ltr'><strong>commoda;</strong></span> <span class='ocrx_word' id='word_1_475' title='bbox 815 3870 1048 3940; x_wconf 76' lang='lat' dir='ltr'><strong>quaedam</strong></span> <span class='ocrx_word' id='word_1_476' title='bbox 1066 3871 1332 3941; x_wconf 87' lang='lat' dir='ltr'><strong>jucunda,</strong></span> <span class='ocrx_word' id='word_1_477' title='bbox 1371 3887 1486 3940; x_wconf 80' lang='lat' dir='ltr'><strong>qua:</strong></span> <span class='ocrx_word' id='word_1_478' title='bbox 1514 3870 1634 3924; x_wconf 83' lang='lat' dir='ltr'><strong>non</strong></span> <span class='ocrx_word' id='word_1_479' title='bbox 1653 3881 1772 3926; x_wconf 89' lang='lat' dir='ltr'><strong>sunt</strong></span> <span class='ocrx_word' id='word_1_480' title='bbox 1799 3873 1932 3926; x_wconf 89' lang='lat' dir='ltr'><strong>bona</strong></span> <span class='ocrx_word' id='word_1_481' title='bbox 1958 3890 1976 3930; x_wconf 91' lang='lat'><strong><em>:</em></strong></span> <span class='ocrx_word' id='word_1_482' title='bbox 2007 3889 2055 3926; x_wconf 87' lang='lat' dir='ltr'><strong>v.</strong></span> 
     </span>
    </p>
   </div>
   <div class='ocr_carea' id='block_1_71' title="bbox 465 3941 2056 4014">
    <p class='ocr_par' dir='ltr' id='par_1_71' title="bbox 465 3941 2056 4014">
     <span class='ocr_line' id='line_1_72' title="bbox 465 3941 2056 4014; baseline 0.004 -22"><span class='ocrx_word' id='word_1_483' title='bbox 465 3955 521 4014; x_wconf 54' lang='grc' dir='ltr'>εί.</span> <span class='ocrx_word' id='word_1_484' title='bbox 552 3941 824 4014; x_wconf 14' lang='grc' dir='ltr'>ὺοιιαγσιιιιε</span> <span class='ocrx_word' id='word_1_485' title='bbox 841 3943 1071 4012; x_wconf 87' lang='lat' dir='ltr'><strong>jejunia,</strong></span> <span class='ocrx_word' id='word_1_486' title='bbox 1095 3943 1304 4014; x_wconf 78' lang='lat' dir='ltr'><strong>vigilite,</strong></span> <span class='ocrx_word' id='word_1_487' title='bbox 1333 3945 1721 4006; x_wconf 89' lang='lat' dir='ltr'><strong>macerationes,</strong></span> <span class='ocrx_word' id='word_1_488' title='bbox 1761 3951 1811 3996; x_wconf 87' lang='lat' dir='ltr'><strong>et</strong></span> <span class='ocrx_word' id='word_1_489' title='bbox 1845 3943 2056 3998; x_wconf 88' lang='lat' dir='ltr'><strong>similia.</strong></span> 
     </span>
    </p>
   </div>
   <div class='ocr_carea' id='block_1_72' title="bbox 467 4008 2059 4082">
    <p class='ocr_par' dir='ltr' id='par_1_72' title="bbox 467 4008 2059 4082">
     <span class='ocr_line' id='line_1_73' title="bbox 467 4008 2059 4082; baseline 0.005 -20"><span class='ocrx_word' id='word_1_490' title='bbox 467 4008 598 4064; x_wconf 78' lang='lat' dir='ltr'><strong>Haec</strong></span> <span class='ocrx_word' id='word_1_491' title='bbox 622 4013 756 4065; x_wconf 91' lang='lat' dir='ltr'><strong>enim</strong></span> <span class='ocrx_word' id='word_1_492' title='bbox 778 4008 910 4082; x_wconf 80' lang='lat' dir='ltr'><strong>bona</strong></span> <span class='ocrx_word' id='word_1_493' title='bbox 933 4025 1070 4074; x_wconf 89' lang='lat' dir='ltr'><strong>sunt,</strong></span> <span class='ocrx_word' id='word_1_494' title='bbox 1093 4008 1184 4066; x_wconf 75' lang='lat' dir='ltr'><strong>sed</strong></span> <span class='ocrx_word' id='word_1_495' title='bbox 1210 4031 1312 4067; x_wconf 89' lang='lat' dir='ltr'><strong>non</strong></span> <span class='ocrx_word' id='word_1_496' title='bbox 1335 4014 1587 4082; x_wconf 79' lang='lat' dir='ltr'><strong>iucunda,</strong></span> <span class='ocrx_word' id='word_1_497' title='bbox 1609 4015 1730 4080; x_wconf 89' lang='lat' dir='ltr'><strong>quia</strong></span> <span class='ocrx_word' id='word_1_498' title='bbox 1756 4028 1884 4068; x_wconf 88' lang='lat' dir='ltr'><strong>caro</strong></span> <span class='ocrx_word' id='word_1_499' title='bbox 1900 4016 1954 4068; x_wconf 89' lang='lat' dir='ltr'><strong>in</strong></span> <span class='ocrx_word' id='word_1_500' title='bbox 1978 4015 2059 4070; x_wconf 87' lang='lat' dir='ltr'><strong>his</strong></span> 
     </span>
    </p>
   </div>
   <div class='ocr_carea' id='block_1_73' title="bbox 467 4081 2060 4152">
    <p class='ocr_par' dir='ltr' id='par_1_73' title="bbox 467 4081 2060 4152">
     <span class='ocr_line' id='line_1_74' title="bbox 467 4081 2060 4152; baseline 0.005 -20"><span class='ocrx_word' id='word_1_501' title='bbox 467 4096 572 4135; x_wconf 88' lang='lat' dir='ltr'><strong>non</strong></span> <span class='ocrx_word' id='word_1_502' title='bbox 613 4081 962 4152; x_wconf 85' lang='lat' dir='ltr'><strong>jucundatur,</strong></span> <span class='ocrx_word' id='word_1_503' title='bbox 1005 4084 1095 4137; x_wconf 91' lang='lat' dir='ltr'><strong>sed</strong></span> <span class='ocrx_word' id='word_1_504' title='bbox 1146 4081 1377 4139; x_wconf 73' lang='lat' dir='ltr'><strong>laeditur.</strong></span> <span class='ocrx_word' id='word_1_505' title='bbox 1431 4082 1677 4138; x_wconf 77' lang='lat' dir='ltr'><strong>Iucunda</strong></span> <span class='ocrx_word' id='word_1_506' title='bbox 1718 4100 1893 4140; x_wconf 80' lang='lat' dir='ltr'><strong>autem</strong></span> <span class='ocrx_word' id='word_1_507' title='bbox 1941 4096 2060 4140; x_wconf 88' lang='lat' dir='ltr'><strong>sunt</strong></span> 
     </span>
    </p>
   </div>
   <div class='ocr_carea' id='block_1_74' title="bbox 470 4155 2054 4221">
    <p class='ocr_par' dir='ltr' id='par_1_74' title="bbox 470 4155 2054 4221">
     <span class='ocr_line' id='line_1_75' title="bbox 470 4155 2054 4221; baseline 0.005 -18"><span class='ocrx_word' id='word_1_508' title='bbox 470 4155 878 4218; x_wconf 87' lang='lat' dir='ltr'><strong>comessationes,</strong></span> <span class='ocrx_word' id='word_1_509' title='bbox 923 4155 1213 4218; x_wconf 80' lang='lat' dir='ltr'><strong>ebrietates,</strong></span> <span class='ocrx_word' id='word_1_510' title='bbox 1255 4157 1343 4209; x_wconf 90' lang='lat' dir='ltr'><strong>sed</strong></span> <span class='ocrx_word' id='word_1_511' title='bbox 1374 4172 1475 4209; x_wconf 91' lang='lat' dir='ltr'><strong>non</strong></span> <span class='ocrx_word' id='word_1_512' title='bbox 1505 4158 1657 4210; x_wconf 86' lang='lat' dir='ltr'><strong>bona.</strong></span> <span class='ocrx_word' id='word_1_513' title='bbox 1707 4155 1752 4208; x_wconf 87' lang='lat'><strong><em>0</em></strong></span> <span class='ocrx_word' id='word_1_514' title='bbox 1788 4158 2054 4221; x_wconf 88' lang='lat' dir='ltr'><strong>monache,</strong></span> 
     </span>
    </p>
   </div>
   <div class='ocr_carea' id='block_1_75' title="bbox 468 4222 2061 4295">
    <p class='ocr_par' dir='ltr' id='par_1_75' title="bbox 468 4222 2061 4295">
     <span class='ocr_line' id='line_1_76' title="bbox 468 4222 2061 4295; baseline 0.004 -21"><span class='ocrx_word' id='word_1_515' title='bbox 468 4222 554 4276; x_wconf 82' lang='lat' dir='ltr'><strong>via:</strong></span> <span class='ocrx_word' id='word_1_516' title='bbox 579 4225 768 4292; x_wconf 86' lang='lat' dir='ltr'><strong>poteris</strong></span> <span class='ocrx_word' id='word_1_517' title='bbox 795 4226 1021 4279; x_wconf 88' lang='lat' dir='ltr'><strong>invenire</strong></span> <span class='ocrx_word' id='word_1_518' title='bbox 1057 4227 1112 4279; x_wconf 89' lang='lat' dir='ltr'><strong>in</strong></span> <span class='ocrx_word' id='word_1_519' title='bbox 1143 4227 1381 4295; x_wconf 65' lang='lat' dir='ltr'><strong>presenti</strong></span> <span class='ocrx_word' id='word_1_520' title='bbox 1413 4243 1570 4278; x_wconf 88' lang='lat' dir='ltr'><strong>unum</strong></span> <span class='ocrx_word' id='word_1_521' title='bbox 1613 4227 1752 4295; x_wconf 89' lang='lat' dir='ltr'><strong>quod</strong></span> <span class='ocrx_word' id='word_1_522' title='bbox 1781 4230 1847 4282; x_wconf 89' lang='lat' dir='ltr'><strong>sit</strong></span> <span class='ocrx_word' id='word_1_523' title='bbox 1876 4230 2061 4280; x_wconf 88' lang='lat' dir='ltr'><strong>bonum</strong></span> 
     </span>
    </p>
   </div>
   <div class='ocr_carea' id='block_1_76' title="bbox 470 4295 2061 4367">
    <p class='ocr_par' dir='ltr' id='par_1_76' title="bbox 470 4295 2061 4367">
     <span class='ocr_line' id='line_1_77' title="bbox 470 4295 2061 4367; baseline 0.003 -20"><span class='ocrx_word' id='word_1_524' title='bbox 470 4302 518 4347; x_wconf 89' lang='lat' dir='ltr'><strong>et</strong></span> <span class='ocrx_word' id='word_1_525' title='bbox 538 4295 851 4366; x_wconf 86' lang='lat' dir='ltr'><strong>jucundum.</strong></span> <span class='ocrx_word' id='word_1_526' title='bbox 897 4295 1055 4365; x_wconf 84' lang='lat' dir='ltr'><strong>Cupis</strong></span> <span class='ocrx_word' id='word_1_527' title='bbox 1089 4307 1256 4350; x_wconf 87' lang='lat' dir='ltr'><strong>tamen</strong></span> <span class='ocrx_word' id='word_1_528' title='bbox 1293 4297 1424 4367; x_wconf 88' lang='lat' dir='ltr'><strong>illud</strong></span> <span class='ocrx_word' id='word_1_529' title='bbox 1456 4297 1718 4350; x_wconf 84' lang='lat' dir='ltr'><strong>invenire?</strong></span> <span class='ocrx_word' id='word_1_530' title='bbox 1754 4314 2061 4367; x_wconf 84' lang='lat' dir='ltr'><strong>persequere</strong></span> 
     </span>
    </p>
   </div>
   <div class='ocr_carea' id='block_1_77' title="bbox 469 4366 2059 4434">
    <p class='ocr_par' dir='ltr' id='par_1_77' title="bbox 469 4366 2059 4434">
     <span class='ocr_line' id='line_1_78' title="bbox 469 4366 2059 4434; baseline 0.003 -17"><span class='ocrx_word' id='word_1_531' title='bbox 469 4381 667 4432; x_wconf 90' lang='lat' dir='ltr'><strong>pacem,</strong></span> <span class='ocrx_word' id='word_1_532' title='bbox 699 4377 744 4420; x_wconf 88' lang='lat' dir='ltr'><strong>et</strong></span> <span class='ocrx_word' id='word_1_533' title='bbox 775 4369 1082 4432; x_wconf 83' lang='lat' dir='ltr'><strong>amplectere</strong></span> <span class='ocrx_word' id='word_1_534' title='bbox 1121 4384 1254 4422; x_wconf 90' lang='lat' dir='ltr'><strong>eam.</strong></span> <span class='ocrx_word' id='word_1_535' title='bbox 1293 4366 1418 4422; x_wconf 67' lang='lat' dir='ltr'><strong>Hac</strong></span> <span class='ocrx_word' id='word_1_536' title='bbox 1459 4377 1533 4421; x_wconf 73' lang='lat' dir='ltr'><strong>(st</strong></span> <span class='ocrx_word' id='word_1_537' title='bbox 1571 4369 1704 4421; x_wconf 90' lang='lat' dir='ltr'><strong>enim</strong></span> <span class='ocrx_word' id='word_1_538' title='bbox 1733 4366 1850 4423; x_wconf 86' lang='lat' dir='ltr'><strong>sola</strong></span> <span class='ocrx_word' id='word_1_539' title='bbox 1878 4369 2059 4434; x_wconf 88' lang='lat' dir='ltr'><strong>virtus,</strong></span> 
     </span>
    </p>
   </div>
   <div class='ocr_carea' id='block_1_78' title="bbox 467 4437 2060 4508">
    <p class='ocr_par' dir='ltr' id='par_1_78' title="bbox 467 4437 2060 4508">
     <span class='ocr_line' id='line_1_79' title="bbox 467 4437 2060 4508; baseline 0.003 -19"><span class='ocrx_word' id='word_1_540' title='bbox 467 4453 581 4505; x_wconf 76' lang='lat' dir='ltr'><strong>qua:</strong></span> <span class='ocrx_word' id='word_1_541' title='bbox 628 4437 774 4490; x_wconf 83' lang='lat' dir='ltr'><strong>habet</strong></span> <span class='ocrx_word' id='word_1_542' title='bbox 815 4439 1001 4492; x_wconf 90' lang='lat' dir='ltr'><strong>bonum</strong></span> <span class='ocrx_word' id='word_1_543' title='bbox 1044 4448 1093 4494; x_wconf 90' lang='lat' dir='ltr'><strong>et</strong></span> <span class='ocrx_word' id='word_1_544' title='bbox 1121 4439 1436 4508; x_wconf 86' lang='lat' dir='ltr'><strong>jucundum.</strong></span> <span class='ocrx_word' id='word_1_545' title='bbox 1469 4438 1598 4493; x_wconf 70' lang='lat' dir='ltr'><strong>Haec</strong></span> <span class='ocrx_word' id='word_1_546' title='bbox 1633 4449 1706 4494; x_wconf 89' lang='lat' dir='ltr'><strong>est</strong></span> <span class='ocrx_word' id='word_1_547' title='bbox 1746 4441 1840 4494; x_wconf 91' lang='lat' dir='ltr'><strong>illa</strong></span> <span class='ocrx_word' id='word_1_548' title='bbox 1865 4441 2060 4493; x_wconf 88' lang='lat' dir='ltr'><strong>bonitas</strong></span> 
     </span>
    </p>
   </div>
   <div class='ocr_carea' id='block_1_79' title="bbox 467 4508 2060 4577">
    <p class='ocr_par' dir='ltr' id='par_1_79' title="bbox 467 4508 2060 4577">
     <span class='ocr_line' id='line_1_80' title="bbox 467 4508 2060 4577; baseline 0.003 -17"><span class='ocrx_word' id='word_1_549' title='bbox 467 4522 583 4574; x_wconf 67' lang='lat' dir='ltr'><strong>quia</strong></span> <span class='ocrx_word' id='word_1_550' title='bbox 614 4525 704 4562; x_wconf 91' lang='lat' dir='ltr'><strong>nos</strong></span> <span class='ocrx_word' id='word_1_551' title='bbox 729 4508 958 4564; x_wconf 89' lang='lat' dir='ltr'><strong>habitare</strong></span> <span class='ocrx_word' id='word_1_552' title='bbox 986 4510 1110 4577; x_wconf 80' lang='lat' dir='ltr'><strong>facit</strong></span> <span class='ocrx_word' id='word_1_553' title='bbox 1141 4511 1293 4564; x_wconf 88' lang='lat' dir='ltr'><strong>unius</strong></span> <span class='ocrx_word' id='word_1_554' title='bbox 1327 4511 1481 4564; x_wconf 87' lang='lat' dir='ltr'><strong>ntoris</strong></span> <span class='ocrx_word' id='word_1_555' title='bbox 1514 4511 1565 4562; x_wconf 91' lang='lat' dir='ltr'><strong>in</strong></span> <span class='ocrx_word' id='word_1_556' title='bbox 1599 4511 1778 4576; x_wconf 86' lang='lat' dir='ltr'><strong>domo,</strong></span> <span class='ocrx_word' id='word_1_557' title='bbox 1817 4519 1870 4564; x_wconf 90' lang='lat' dir='ltr'><strong>ut</strong></span> <span class='ocrx_word' id='word_1_558' title='bbox 1903 4511 2060 4564; x_wconf 88' lang='lat' dir='ltr'><strong>simul</strong></span> 
     </span>
    </p>
   </div>
   <div class='ocr_carea' id='block_1_80' title="bbox 468 4579 2059 4650">
    <p class='ocr_par' dir='ltr' id='par_1_80' title="bbox 468 4579 2059 4650">
     <span class='ocr_line' id='line_1_81' title="bbox 468 4579 2059 4650; baseline 0.003 -19"><span class='ocrx_word' id='word_1_559' title='bbox 468 4579 630 4650; x_wconf 79' lang='lat' dir='ltr'><strong>vivere</strong></span> <span class='ocrx_word' id='word_1_560' title='bbox 655 4579 908 4648; x_wconf 87' lang='lat' dir='ltr'><strong>simulque</strong></span> <span class='ocrx_word' id='word_1_561' title='bbox 930 4582 1061 4634; x_wconf 90' lang='lat' dir='ltr'><strong>mori</strong></span> <span class='ocrx_word' id='word_1_562' title='bbox 1087 4596 1288 4650; x_wconf 85' lang='lat' dir='ltr'><strong>semper</strong></span> <span class='ocrx_word' id='word_1_563' title='bbox 1313 4590 1568 4650; x_wconf 90' lang='lat' dir='ltr'><strong>optemus.</strong></span> <span class='ocrx_word' id='word_1_564' title='bbox 1606 4581 1650 4635; x_wconf 92' lang='grc' dir='ltr'><em>Ο</em></span> <span class='ocrx_word' id='word_1_565' title='bbox 1681 4599 1799 4646; x_wconf 70' lang='lat' dir='ltr'><strong>pax,</strong></span> <span class='ocrx_word' id='word_1_566' title='bbox 1832 4592 1886 4635; x_wconf 88' lang='lat' dir='ltr'><strong>tu</strong></span> <span class='ocrx_word' id='word_1_567' title='bbox 1914 4598 2059 4636; x_wconf 86' lang='lat' dir='ltr'><strong>men-</strong></span> 
     </span>
    </p>
   </div>
   <div class='ocr_carea' id='block_1_81' title="bbox 2164 3301 3769 3372">
    <p class='ocr_par' dir='ltr' id='par_1_81' title="bbox 2164 3301 3769 3372">
     <span class='ocr_line' id='line_1_82' title="bbox 2164 3301 3769 3372; baseline -0.001 -15"><span class='ocrx_word' id='word_1_568' title='bbox 2164 3303 2382 3366; x_wconf 81' lang='lat' dir='ltr'><strong>citatur,</strong></span> <span class='ocrx_word' id='word_1_569' title='bbox 2417 3301 2504 3355; x_wconf 86' lang='lat' dir='ltr'><strong>ubi</strong></span> <span class='ocrx_word' id='word_1_570' title='bbox 2531 3310 2684 3372; x_wconf 84' lang='grc' dir='ltr'><strong>μῖσος</strong></span> <span class='ocrx_word' id='word_1_571' title='bbox 2711 3313 2792 3356; x_wconf 92' lang='lat' dir='ltr'><strong>est</strong></span> <span class='ocrx_word' id='word_1_572' title='bbox 2835 3302 3128 3355; x_wconf 82' lang='lat' dir='ltr'><strong>accusativi</strong></span> <span class='ocrx_word' id='word_1_573' title='bbox 3176 3315 3355 3364; x_wconf 88' lang='lat' dir='ltr'><strong>casus,</strong></span> <span class='ocrx_word' id='word_1_574' title='bbox 3383 3312 3436 3354; x_wconf 87' lang='lat' dir='ltr'><strong>et</strong></span> <span class='ocrx_word' id='word_1_575' title='bbox 3459 3307 3621 3361; x_wconf 79' lang='grc' dir='ltr'><strong>νεῖκος</strong></span> <span class='ocrx_word' id='word_1_576' title='bbox 3659 3313 3769 3356; x_wconf 79' lang='lat' dir='ltr'><strong>no—</strong></span> 
     </span>
    </p>
   </div>
   <div class='ocr_carea' id='block_1_82' title="bbox 2167 3372 3767 3437">
    <p class='ocr_par' dir='ltr' id='par_1_82' title="bbox 2167 3372 3767 3437">
     <span class='ocr_line' id='line_1_83' title="bbox 2167 3372 3767 3437; baseline -0.001 -10"><span class='ocrx_word' id='word_1_577' title='bbox 2167 3373 2446 3437; x_wconf 88' lang='lat' dir='ltr'><strong>minativi;</strong></span> <span class='ocrx_word' id='word_1_578' title='bbox 2478 3383 2531 3427; x_wconf 93' lang='lat' dir='ltr'><strong>et</strong></span> <span class='ocrx_word' id='word_1_579' title='bbox 2560 3373 2745 3427; x_wconf 88' lang='lat' dir='ltr'><strong>odium</strong></span> <span class='ocrx_word' id='word_1_580' title='bbox 2777 3372 3002 3426; x_wconf 80' lang='lat' dir='ltr'><strong>suscitat</strong></span> <span class='ocrx_word' id='word_1_581' title='bbox 3019 3373 3450 3433; x_wconf 92' lang='lat' dir='ltr'><strong>contentionem,</strong></span> <span class='ocrx_word' id='word_1_582' title='bbox 3469 3373 3513 3426; x_wconf 90' lang='lat' dir='ltr'><strong>si</strong></span> <span class='ocrx_word' id='word_1_583' title='bbox 3538 3379 3767 3425; x_wconf 82' lang='lat' dir='ltr'><strong>contra-</strong></span> 
     </span>
    </p>
   </div>
   <div class='ocr_carea' id='block_1_83' title="bbox 2167 3442 3762 3509">
    <p class='ocr_par' dir='ltr' id='par_1_83' title="bbox 2167 3442 3762 3509">
     <span class='ocr_line' id='line_1_84' title="bbox 2167 3442 3762 3509; baseline -0.001 -11"><span class='ocrx_word' id='word_1_584' title='bbox 2167 3444 2229 3498; x_wconf 90' lang='lat' dir='ltr'><strong>rii</strong></span> <span class='ocrx_word' id='word_1_585' title='bbox 2273 3444 2384 3498; x_wconf 91' lang='lat' dir='ltr'><strong>sint</strong></span> <span class='ocrx_word' id='word_1_586' title='bbox 2429 3458 2621 3509; x_wconf 87' lang='lat' dir='ltr'><strong>casus;</strong></span> <span class='ocrx_word' id='word_1_587' title='bbox 2655 3443 2930 3508; x_wconf 92' lang='lat' dir='ltr'><strong>quomodo</strong></span> <span class='ocrx_word' id='word_1_588' title='bbox 2976 3443 3197 3498; x_wconf 83' lang='lat' dir='ltr'><strong>Latinus</strong></span> <span class='ocrx_word' id='word_1_589' title='bbox 3239 3445 3506 3506; x_wconf 84' lang='lat' dir='ltr'><strong>interpres</strong></span> <span class='ocrx_word' id='word_1_590' title='bbox 3549 3442 3762 3496; x_wconf 82' lang='lat' dir='ltr'><strong>vertit:</strong></span> 
     </span>
    </p>
   </div>
   <div class='ocr_carea' id='block_1_84' title="bbox 2169 3513 3764 3638">
    <p class='ocr_par' dir='ltr' id='par_1_84' title="bbox 2169 3513 3764 3638">
     <span class='ocr_line' id='line_1_85' title="bbox 2169 3513 3764 3638; baseline -0.001 -70"><span class='ocrx_word' id='word_1_591' title='bbox 2169 3514 2357 3638; x_wconf 47' lang='lat' dir='ltr'><strong>Odit”;</strong></span> <span class='ocrx_word' id='word_1_592' title='bbox 2385 3515 2602 3638; x_wconf 42' lang='lat' dir='ltr'><strong>susciiat</strong></span> <span class='ocrx_word' id='word_1_593' title='bbox 2632 3517 2792 3582; x_wconf 78' lang='lat' dir='ltr'><strong>rixas,</strong></span> <span class='ocrx_word' id='word_1_594' title='bbox 2825 3524 2870 3570; x_wconf 91' lang='lat' dir='ltr'><strong>et</strong></span> <span class='ocrx_word' id='word_1_595' title='bbox 2905 3516 3141 3569; x_wconf 84' lang='lat' dir='ltr'><strong>universa</strong></span> <span class='ocrx_word' id='word_1_596' title='bbox 3168 3513 3356 3569; x_wconf 90' lang='lat' dir='ltr'><strong>delicta</strong></span> <span class='ocrx_word' id='word_1_597' title='bbox 3386 3513 3548 3585; x_wconf 88' lang='lat' dir='ltr'><strong>operit</strong></span> <span class='ocrx_word' id='word_1_598' title='bbox 3577 3513 3764 3566; x_wconf 81' lang='lat' dir='ltr'><strong>chari-</strong></span> 
     </span>
     <span class='ocr_line' id='line_1_86' title="bbox 2169 3597 2566 3638; baseline 0 0"><span class='ocrx_word' id='word_1_599' title='bbox 2169 3597 2244 3638; x_wconf 90' lang='lat' dir='ltr'><strong>tas</strong></span> <span class='ocrx_word' id='word_1_600' title='bbox 2351 3603 2461 3638; x_wconf 89' lang='lat' dir='ltr'><strong>rov.</strong></span> <span class='ocrx_word' id='word_1_601' title='bbox 2487 3602 2516 3638; x_wconf 73' lang='grc' dir='ltr'>χ</span> <span class='ocrx_word' id='word_1_602' title='bbox 2553 3623 2566 3638; x_wconf 93' lang='grc'><strong>.</strong></span> 
     </span>
    </p>
   </div>
   <div class='ocr_carea' id='block_1_85' title="bbox 2166 3589 2566 3654">
    <p class='ocr_par' dir='ltr' id='par_1_85' title="bbox 2166 3589 2566 3654">
     <span class='ocr_line' id='line_1_87' title="bbox 2166 3589 2566 3654; baseline -0.003 -15"><span class='ocrx_word' id='word_1_603' title='bbox 2166 3597 2244 3639; x_wconf 88' lang='lat' dir='ltr'><strong>tas</strong></span> <span class='ocrx_word' id='word_1_604' title='bbox 2277 3589 2461 3654; x_wconf 86' lang='lat' dir='ltr'><strong>(Prov.</strong></span> <span class='ocrx_word' id='word_1_605' title='bbox 2487 3589 2566 3653; x_wconf 74' lang='grc' dir='ltr'><strong>χ).</strong></span> 
     </span>
    </p>
   </div>
   <div class='ocr_carea' id='block_1_86' title="bbox 2241 3654 3768 3712">
    <p class='ocr_par' dir='ltr' id='par_1_86' title="bbox 2241 3654 3768 3712">
     <span class='ocr_line' id='line_1_88' title="bbox 2241 3654 3768 3712; baseline 0 -2"><span class='ocrx_word' id='word_1_606' title='bbox 2241 3666 2264 3694; x_wconf 78' lang='grc' dir='ltr'>θ</span> <span class='ocrx_word' id='word_1_607' title='bbox 2292 3654 2481 3710; x_wconf 61' lang='lat' dir='ltr'><strong>Causae</strong></span> <span class='ocrx_word' id='word_1_608' title='bbox 2535 3656 2883 3712; x_wconf 90' lang='lat' dir='ltr'><strong>dissidiorum</strong></span> <span class='ocrx_word' id='word_1_609' title='bbox 2931 3665 2986 3712; x_wconf 89' lang='lat' dir='ltr'><strong>et</strong></span> <span class='ocrx_word' id='word_1_610' title='bbox 3021 3655 3416 3711; x_wconf 90' lang='lat' dir='ltr'><strong>discordiarum</strong></span> <span class='ocrx_word' id='word_1_611' title='bbox 3461 3656 3603 3711; x_wconf 89' lang='lat' dir='ltr'><strong>inter</strong></span> <span class='ocrx_word' id='word_1_612' title='bbox 3645 3655 3768 3711; x_wconf 84' lang='lat' dir='ltr'><strong>fra-</strong></span> 
     </span>
    </p>
   </div>
   <div class='ocr_carea' id='block_1_87' title="bbox 2169 3728 3766 3798">
    <p class='ocr_par' dir='ltr' id='par_1_87' title="bbox 2169 3728 3766 3798">
     <span class='ocr_line' id='line_1_89' title="bbox 2169 3728 3766 3798; baseline 0.001 -16"><span class='ocrx_word' id='word_1_613' title='bbox 2169 3739 2279 3784; x_wconf 89' lang='lat' dir='ltr'><strong>tres</strong></span> <span class='ocrx_word' id='word_1_614' title='bbox 2309 3738 2436 3781; x_wconf 88' lang='lat' dir='ltr'><strong>sunt</strong></span> <span class='ocrx_word' id='word_1_615' title='bbox 2463 3728 2514 3782; x_wconf 92' lang='lat' dir='ltr'><strong>in</strong></span> <span class='ocrx_word' id='word_1_616' title='bbox 2547 3729 2749 3798; x_wconf 88' lang='lat' dir='ltr'><strong>duplici</strong></span> <span class='ocrx_word' id='word_1_617' title='bbox 2793 3742 2993 3798; x_wconf 86' lang='lat' dir='ltr'><strong>genere</strong></span> <span class='ocrx_word' id='word_1_618' title='bbox 3023 3744 3036 3781; x_wconf 90' lang='lat'><strong>:</strong></span> <span class='ocrx_word' id='word_1_619' title='bbox 3069 3728 3312 3782; x_wconf 87' lang='lat' dir='ltr'><strong>carnales</strong></span> <span class='ocrx_word' id='word_1_620' title='bbox 3340 3729 3482 3788; x_wconf 76' lang='lat' dir='ltr'><strong>aliae,</strong></span> <span class='ocrx_word' id='word_1_621' title='bbox 3514 3743 3638 3782; x_wconf 90' lang='lat' dir='ltr'><strong>cum</strong></span> <span class='ocrx_word' id='word_1_622' title='bbox 3688 3730 3766 3783; x_wconf 88' lang='lat' dir='ltr'><strong>de</strong></span> 
     </span>
    </p>
   </div>
   <div class='ocr_carea' id='block_1_88' title="bbox 2165 3798 3765 3868">
    <p class='ocr_par' dir='ltr' id='par_1_88' title="bbox 2165 3798 3765 3868">
     <span class='ocr_line' id='line_1_90' title="bbox 2165 3798 3765 3868; baseline 0 -15"><span class='ocrx_word' id='word_1_623' title='bbox 2165 3815 2287 3854; x_wconf 91' lang='lat' dir='ltr'><strong>meo</strong></span> <span class='ocrx_word' id='word_1_624' title='bbox 2336 3808 2389 3853; x_wconf 90' lang='lat' dir='ltr'><strong>et</strong></span> <span class='ocrx_word' id='word_1_625' title='bbox 2431 3808 2541 3863; x_wconf 88' lang='lat' dir='ltr'><strong>tuo,</strong></span> <span class='ocrx_word' id='word_1_626' title='bbox 2577 3799 2678 3854; x_wconf 80' lang='lat' dir='ltr'><strong>huc</strong></span> <span class='ocrx_word' id='word_1_627' title='bbox 2708 3809 2810 3863; x_wconf 87' lang='lat' dir='ltr'><strong>est,</strong></span> <span class='ocrx_word' id='word_1_628' title='bbox 2843 3798 2911 3853; x_wconf 91' lang='lat' dir='ltr'><strong>de</strong></span> <span class='ocrx_word' id='word_1_629' title='bbox 2960 3799 3122 3854; x_wconf 87' lang='lat' dir='ltr'><strong>rebus</strong></span> <span class='ocrx_word' id='word_1_630' title='bbox 3167 3800 3428 3864; x_wconf 81' lang='lat' dir='ltr'><strong>externis,</strong></span> <span class='ocrx_word' id='word_1_631' title='bbox 3471 3813 3607 3868; x_wconf 88' lang='lat' dir='ltr'><strong>quas</strong></span> <span class='ocrx_word' id='word_1_632' title='bbox 3667 3798 3765 3853; x_wconf 85' lang='lat' dir='ltr'><strong>hic</strong></span> 
     </span>
    </p>
   </div>
   <div class='ocr_carea' id='block_1_89' title="bbox 2165 3868 3766 3939">
    <p class='ocr_par' dir='ltr' id='par_1_89' title="bbox 2165 3868 3766 3939">
     <span class='ocr_line' id='line_1_91' title="bbox 2165 3868 3766 3939; baseline 0.001 -16"><span class='ocrx_word' id='word_1_633' title='bbox 2165 3871 2329 3924; x_wconf 87' lang='lat' dir='ltr'><strong>abbas</strong></span> <span class='ocrx_word' id='word_1_634' title='bbox 2357 3879 2513 3924; x_wconf 81' lang='lat' dir='ltr'><strong>vocat</strong></span> <span class='ocrx_word' id='word_1_635' title='bbox 2532 3871 2850 3925; x_wconf 86' lang='lat' dir='ltr'><strong>utilissimas</strong></span> <span class='ocrx_word' id='word_1_636' title='bbox 2873 3872 2956 3939; x_wconf 89' lang='lat' dir='ltr'><strong>(ut</strong></span> <span class='ocrx_word' id='word_1_637' title='bbox 2978 3879 3102 3924; x_wconf 90' lang='lat' dir='ltr'><strong>sunt</strong></span> <span class='ocrx_word' id='word_1_638' title='bbox 3127 3884 3317 3925; x_wconf 88' lang='lat' dir='ltr'><strong>revera</strong></span> <span class='ocrx_word' id='word_1_639' title='bbox 3345 3868 3766 3938; x_wconf 81' lang='lat' dir='ltr'><strong>comparatione</strong></span> 
     </span>
    </p>
   </div>
   <div class='ocr_carea' id='block_1_90' title="bbox 2165 3940 3766 4011">
    <p class='ocr_par' dir='ltr' id='par_1_90' title="bbox 2165 3940 3766 4011">
     <span class='ocr_line' id='line_1_92' title="bbox 2165 3940 3766 4011; baseline -0.001 -16"><span class='ocrx_word' id='word_1_640' title='bbox 2165 3941 2491 4011; x_wconf 80' lang='lat' dir='ltr'><strong>Spiritalium</strong></span> <span class='ocrx_word' id='word_1_641' title='bbox 2516 3951 2571 3996; x_wconf 95' lang='lat' dir='ltr'><strong>et</strong></span> <span class='ocrx_word' id='word_1_642' title='bbox 2600 3942 2949 4005; x_wconf 79' lang='lat' dir='ltr'><strong>ctelestium),</strong></span> <span class='ocrx_word' id='word_1_643' title='bbox 2980 3951 3108 4010; x_wconf 88' lang='lat' dir='ltr'><strong>puta</strong></span> <span class='ocrx_word' id='word_1_644' title='bbox 3133 3940 3201 3996; x_wconf 91' lang='lat' dir='ltr'><strong>de</strong></span> <span class='ocrx_word' id='word_1_645' title='bbox 3228 3943 3491 4004; x_wconf 74' lang='lat' dir='ltr'><strong>vestibus,</strong></span> <span class='ocrx_word' id='word_1_646' title='bbox 3524 3940 3766 3996; x_wconf 83' lang='lat' dir='ltr'><strong>alimen-</strong></span> 
     </span>
    </p>
   </div>
   <div class='ocr_carea' id='block_1_91' title="bbox 2167 4011 3764 4083">
    <p class='ocr_par' dir='ltr' id='par_1_91' title="bbox 2167 4011 3764 4083">
     <span class='ocr_line' id='line_1_93' title="bbox 2167 4011 3764 4083; baseline -0.001 -17"><span class='ocrx_word' id='word_1_647' title='bbox 2167 4014 2256 4080; x_wconf 84' lang='lat' dir='ltr'><strong>tis,</strong></span> <span class='ocrx_word' id='word_1_648' title='bbox 2290 4013 2408 4066; x_wconf 78' lang='lat' dir='ltr'><strong>loco</strong></span> <span class='ocrx_word' id='word_1_649' title='bbox 2449 4012 2727 4083; x_wconf 76' lang='lat' dir='ltr'><strong>digniora,</strong></span> <span class='ocrx_word' id='word_1_650' title='bbox 2777 4011 3128 4083; x_wconf 70' lang='lat' dir='ltr'><strong>praafectura,</strong></span> <span class='ocrx_word' id='word_1_651' title='bbox 3161 4011 3464 4083; x_wconf 91' lang='lat' dir='ltr'><strong>domicilio,</strong></span> <span class='ocrx_word' id='word_1_652' title='bbox 3511 4013 3764 4083; x_wconf 81' lang='lat' dir='ltr'><strong>utensili-</strong></span> 
     </span>
    </p>
   </div>
   <div class='ocr_carea' id='block_1_92' title="bbox 2165 4081 3759 4153">
    <p class='ocr_par' dir='ltr' id='par_1_92' title="bbox 2165 4081 3759 4153">
     <span class='ocr_line' id='line_1_94' title="bbox 2165 4081 3759 4153; baseline -0.001 -16"><span class='ocrx_word' id='word_1_653' title='bbox 2165 4083 2286 4146; x_wconf 82' lang='lat' dir='ltr'><strong>bus,</strong></span> <span class='ocrx_word' id='word_1_654' title='bbox 2323 4081 2560 4152; x_wconf 77' lang='lat' dir='ltr'><strong>juribus,</strong></span> <span class='ocrx_word' id='word_1_655' title='bbox 2591 4081 2820 4153; x_wconf 86' lang='lat' dir='ltr'><strong>aliisque</strong></span> <span class='ocrx_word' id='word_1_656' title='bbox 2864 4082 3342 4138; x_wconf 88' lang='lat' dir='ltr'><strong>commoditatibus</strong></span> <span class='ocrx_word' id='word_1_657' title='bbox 3368 4081 3759 4148; x_wconf 74' lang='lat' dir='ltr'><strong>contenditur;</strong></span> 
     </span>
    </p>
   </div>
   <div class='ocr_carea' id='block_1_93' title="bbox 2164 4153 3764 4223">
    <p class='ocr_par' dir='ltr' id='par_1_93' title="bbox 2164 4153 3764 4223">
     <span class='ocr_line' id='line_1_95' title="bbox 2164 4153 3764 4223; baseline 0.001 -16"><span class='ocrx_word' id='word_1_658' title='bbox 2164 4155 2285 4210; x_wconf 72' lang='lat' dir='ltr'><strong>alia:</strong></span> <span class='ocrx_word' id='word_1_659' title='bbox 2313 4154 2606 4221; x_wconf 79' lang='lat' dir='ltr'><strong>spiritales,</strong></span> <span class='ocrx_word' id='word_1_660' title='bbox 2630 4171 2753 4210; x_wconf 89' lang='lat' dir='ltr'><strong>cum</strong></span> <span class='ocrx_word' id='word_1_661' title='bbox 2777 4154 2846 4209; x_wconf 90' lang='lat' dir='ltr'><strong>de</strong></span> <span class='ocrx_word' id='word_1_662' title='bbox 2871 4154 3042 4208; x_wconf 86' lang='lat' dir='ltr'><strong>variis</strong></span> <span class='ocrx_word' id='word_1_663' title='bbox 3065 4153 3475 4223; x_wconf 68' lang='lat' dir='ltr'><strong>qumstionibus,</strong></span> <span class='ocrx_word' id='word_1_664' title='bbox 3501 4153 3764 4208; x_wconf 88' lang='lat' dir='ltr'><strong>sensibus</strong></span> 
     </span>
    </p>
   </div>
   <div class='ocr_carea' id='block_1_94' title="bbox 2164 4225 3766 4294">
    <p class='ocr_par' dir='ltr' id='par_1_94' title="bbox 2164 4225 3766 4294">
     <span class='ocr_line' id='line_1_96' title="bbox 2164 4225 3766 4294; baseline -0.002 -13"><span class='ocrx_word' id='word_1_665' title='bbox 2164 4225 2482 4294; x_wconf 86' lang='lat' dir='ltr'><strong>Scripturae,</strong></span> <span class='ocrx_word' id='word_1_666' title='bbox 2530 4227 2757 4294; x_wconf 88' lang='lat' dir='ltr'><strong>aliisque</strong></span> <span class='ocrx_word' id='word_1_667' title='bbox 2797 4225 2962 4280; x_wconf 91' lang='lat' dir='ltr'><strong>rebus</strong></span> <span class='ocrx_word' id='word_1_668' title='bbox 3007 4226 3373 4280; x_wconf 89' lang='lat' dir='ltr'><strong>controversis</strong></span> <span class='ocrx_word' id='word_1_669' title='bbox 3421 4225 3488 4279; x_wconf 89' lang='lat' dir='ltr'><strong>ad</strong></span> <span class='ocrx_word' id='word_1_670' title='bbox 3541 4225 3766 4279; x_wconf 83' lang='lat' dir='ltr'><strong>intelle-</strong></span> 
     </span>
    </p>
   </div>
   <div class='ocr_carea' id='block_1_95' title="bbox 2165 4296 3762 4366">
    <p class='ocr_par' dir='ltr' id='par_1_95' title="bbox 2165 4296 3762 4366">
     <span class='ocr_line' id='line_1_97' title="bbox 2165 4296 3762 4366; baseline 0 -16"><span class='ocrx_word' id='word_1_671' title='bbox 2165 4305 2334 4364; x_wconf 93' lang='lat' dir='ltr'><strong>ctum,</strong></span> <span class='ocrx_word' id='word_1_672' title='bbox 2364 4305 2422 4350; x_wconf 89' lang='lat' dir='ltr'><strong>ut</strong></span> <span class='ocrx_word' id='word_1_673' title='bbox 2453 4297 2542 4350; x_wconf 85' lang='lat' dir='ltr'><strong>hic</strong></span> <span class='ocrx_word' id='word_1_674' title='bbox 2568 4297 2788 4360; x_wconf 88' lang='lat' dir='ltr'><strong>dicitur,</strong></span> <span class='ocrx_word' id='word_1_675' title='bbox 2823 4296 3218 4366; x_wconf 88' lang='lat' dir='ltr'><strong>pertinentibus</strong></span> <span class='ocrx_word' id='word_1_676' title='bbox 3246 4296 3602 4366; x_wconf 86' lang='lat' dir='ltr'><strong>disceptatur,</strong></span> <span class='ocrx_word' id='word_1_677' title='bbox 3640 4310 3762 4364; x_wconf 83' lang='lat' dir='ltr'><strong>pro-</strong></span> 
     </span>
    </p>
   </div>
   <div class='ocr_carea' id='block_1_96' title="bbox 2205 4366 3757 4437">
    <p class='ocr_par' dir='ltr' id='par_1_96' title="bbox 2205 4366 3757 4437">
     <span class='ocr_line' id='line_1_98' title="bbox 2205 4366 3757 4437; baseline 0.001 -18"><span class='ocrx_word' id='word_1_678' title='bbox 2205 4368 2297 4422; x_wconf 90' lang='lat' dir='ltr'><strong>riis</strong></span> <span class='ocrx_word' id='word_1_679' title='bbox 2350 4366 2697 4433; x_wconf 87' lang='lat' dir='ltr'><strong>opinionibus</strong></span> <span class='ocrx_word' id='word_1_680' title='bbox 2741 4370 2882 4422; x_wconf 90' lang='lat' dir='ltr'><strong>ultra</strong></span> <span class='ocrx_word' id='word_1_681' title='bbox 2929 4383 3087 4437; x_wconf 87' lang='lat' dir='ltr'><strong>quam</strong></span> <span class='ocrx_word' id='word_1_682' title='bbox 3145 4383 3240 4436; x_wconf 88' lang='lat' dir='ltr'><strong>par</strong></span> <span class='ocrx_word' id='word_1_683' title='bbox 3285 4377 3368 4421; x_wconf 90' lang='lat' dir='ltr'><strong>est</strong></span> <span class='ocrx_word' id='word_1_684' title='bbox 3407 4367 3757 4437; x_wconf 73' lang='lat' dir='ltr'><strong>inhaerendo.</strong></span> 
     </span>
    </p>
   </div>
   <div class='ocr_carea' id='block_1_97' title="bbox 2165 4383 3763 4508">
    <p class='ocr_par' dir='ltr' id='par_1_97' title="bbox 2165 4383 3763 4508">
     <span class='ocr_line' id='line_1_99' title="bbox 2205 4383 3757 4437; baseline 0.001 -18"><span class='ocrx_word' id='word_1_685' title='bbox 2205 4383 2297 4422; x_wconf 88' lang='lat' dir='ltr'><strong>rus</strong></span> <span class='ocrx_word' id='word_1_686' title='bbox 2350 4383 2697 4433; x_wconf 77' lang='lat' dir='ltr'><strong>opinionibus</strong></span> <span class='ocrx_word' id='word_1_687' title='bbox 2741 4383 2882 4422; x_wconf 77' lang='lat' dir='ltr'><strong>ultra</strong></span> <span class='ocrx_word' id='word_1_688' title='bbox 2929 4383 3087 4437; x_wconf 87' lang='lat' dir='ltr'><strong>quam</strong></span> <span class='ocrx_word' id='word_1_689' title='bbox 3145 4383 3240 4436; x_wconf 89' lang='lat' dir='ltr'><strong>par</strong></span> <span class='ocrx_word' id='word_1_690' title='bbox 3285 4383 3368 4421; x_wconf 90' lang='lat' dir='ltr'><strong>est</strong></span> <span class='ocrx_word' id='word_1_691' title='bbox 3407 4383 3757 4421; x_wconf 74' lang='lat' dir='ltr'><strong>innzerenuo.</strong></span> 
     </span>
     <span class='ocr_line' id='line_1_100' title="bbox 2165 4383 3763 4508; baseline -0.001 -15"><span class='ocrx_word' id='word_1_692' title='bbox 2165 4383 2302 4493; x_wconf 52' lang='lat' dir='ltr'><strong>hinc</strong></span> <span class='ocrx_word' id='word_1_693' title='bbox 2348 4439 2410 4492; x_wconf 90' lang='lat' dir='ltr'><strong>D.</strong></span> <span class='ocrx_word' id='word_1_694' title='bbox 2457 4437 2754 4508; x_wconf 80' lang='lat' dir='ltr'><strong>Gregorius</strong></span> <span class='ocrx_word' id='word_1_695' title='bbox 2802 4439 3168 4493; x_wconf 84' lang='lat' dir='ltr'><strong>Nazianzenus</strong></span> <span class='ocrx_word' id='word_1_696' title='bbox 3200 4439 3514 4506; x_wconf 73' lang='lat' dir='ltr'><strong>praeclaram</strong></span> <span class='ocrx_word' id='word_1_697' title='bbox 3564 4436 3763 4492; x_wconf 84' lang='lat' dir='ltr'><strong>habuit</strong></span> 
     </span>
    </p>
   </div>
   <div class='ocr_carea' id='block_1_98' title="bbox 2165 4508 3760 4579">
    <p class='ocr_par' dir='ltr' id='par_1_98' title="bbox 2165 4508 3760 4579">
     <span class='ocr_line' id='line_1_101' title="bbox 2165 4508 3760 4579; baseline -0.003 -15"><span class='ocrx_word' id='word_1_698' title='bbox 2165 4509 2463 4564; x_wconf 84' lang='lat' dir='ltr'><strong>oralionem</strong></span> <span class='ocrx_word' id='word_1_699' title='bbox 2491 4511 2552 4563; x_wconf 88' lang='lat' dir='ltr'><strong>de</strong></span> <span class='ocrx_word' id='word_1_700' title='bbox 2579 4510 2924 4564; x_wconf 85' lang='lat' dir='ltr'><strong>moderatione</strong></span> <span class='ocrx_word' id='word_1_701' title='bbox 2948 4510 3001 4562; x_wconf 88' lang='lat' dir='ltr'><strong>in</strong></span> <span class='ocrx_word' id='word_1_702' title='bbox 3022 4510 3456 4579; x_wconf 86' lang='lat' dir='ltr'><strong>disputationibus</strong></span> <span class='ocrx_word' id='word_1_703' title='bbox 3477 4508 3760 4572; x_wconf 80' lang='lat' dir='ltr'><strong>servanda,</strong></span> 
     </span>
    </p>
   </div>
   <div class='ocr_carea' id='block_1_99' title="bbox 2167 4580 3763 4652">
    <p class='ocr_par' dir='ltr' id='par_1_99' title="bbox 2167 4580 3763 4652">
     <span class='ocr_line' id='line_1_102' title="bbox 2167 4580 3763 4652; baseline -0.001 -17"><span class='ocrx_word' id='word_1_704' title='bbox 2167 4581 2258 4635; x_wconf 90' lang='lat' dir='ltr'><strong>ubi</strong></span> <span class='ocrx_word' id='word_1_705' title='bbox 2287 4580 2398 4635; x_wconf 71' lang='lat' dir='ltr'><strong>haec</strong></span> <span class='ocrx_word' id='word_1_706' title='bbox 2424 4581 2566 4635; x_wconf 89' lang='lat' dir='ltr'><strong>inter</strong></span> <span class='ocrx_word' id='word_1_707' title='bbox 2594 4580 2698 4634; x_wconf 87' lang='lat' dir='ltr'><strong>alia</strong></span> <span class='ocrx_word' id='word_1_708' title='bbox 2734 4581 2909 4652; x_wconf 77' lang='lat' dir='ltr'><strong>(Orat.</strong></span> <span class='ocrx_word' id='word_1_709' title='bbox 2938 4582 3031 4649; x_wconf 66' lang='lat' dir='ltr'><strong>Q6)</strong></span> <span class='ocrx_word' id='word_1_710' title='bbox 3058 4599 3097 4652; x_wconf 10' lang='lat'><strong>7:,</strong></span> <span class='ocrx_word' id='word_1_711' title='bbox 3129 4581 3391 4648; x_wconf 85' lang='lat' dir='ltr'><strong>Quidnam</strong></span> <span class='ocrx_word' id='word_1_712' title='bbox 3425 4581 3480 4652; x_wconf 87' lang='lat' dir='ltr'><strong>in</strong></span> <span class='ocrx_word' id='word_1_713' title='bbox 3502 4580 3763 4652; x_wconf 85' lang='lat' dir='ltr'><strong>doctrina</strong></span> 
     </span>
    </p>
   </div>
   <div class='ocr_carea' id='block_1_100' title="bbox 467 4625 3758 4723">
    <p class='ocr_par' dir='ltr' id='par_1_100' title="bbox 467 4625 3758 4723">
     <span class='ocr_line' id='line_1_103' title="bbox 467 4625 3758 4723; baseline 0.001 -19"><span class='ocrx_word' id='word_1_714' title='bbox 467 4649 532 4723; x_wconf 76' lang='lat' dir='ltr'><strong>tis</strong></span> <span class='ocrx_word' id='word_1_715' title='bbox 553 4625 838 4715; x_wconf 68' lang='lat' dir='ltr'><strong>serenitas,1</strong></span> <span class='ocrx_word' id='word_1_716' title='bbox 840 4652 998 4704; x_wconf 89' lang='lat' dir='ltr'><strong>animi</strong></span> <span class='ocrx_word' id='word_1_717' title='bbox 1021 4625 1396 4723; x_wconf 51' lang='lat' dir='ltr'><strong>tranquillitag,</strong></span> <span class='ocrx_word' id='word_1_718' title='bbox 1413 4653 1607 4704; x_wconf 75' lang='lat' dir='ltr'><strong>artioris</strong></span> <span class='ocrx_word' id='word_1_719' title='bbox 1627 4625 1908 4713; x_wconf 66' lang='lat' dir='ltr'><strong>vinculum,</strong></span> <span class='ocrx_word' id='word_1_720' title='bbox 1933 4651 2058 4707; x_wconf 89' lang='lat' dir='ltr'><strong>cha-</strong></span> <span class='ocrx_word' id='word_1_721' title='bbox 2084 4625 2140 4685; x_wconf 68' lang='grc' dir='ltr'><strong><em>Β</em></strong></span> <span class='ocrx_word' id='word_1_722' title='bbox 2162 4655 2637 4723; x_wconf 65' lang='lat' dir='ltr'><strong>praestantissimum</strong></span> <span class='ocrx_word' id='word_1_723' title='bbox 2668 4625 2781 4708; x_wconf 59' lang='lat' dir='ltr'><strong>est‘?</strong></span> <span class='ocrx_word' id='word_1_724' title='bbox 2812 4651 2949 4705; x_wconf 76' lang='lat' dir='ltr'><strong>Pax.</strong></span> <span class='ocrx_word' id='word_1_725' title='bbox 2984 4625 3183 4704; x_wconf 46' lang='lat' dir='ltr'><strong>Aldda&#39;rit</strong></span> <span class='ocrx_word' id='word_1_726' title='bbox 3213 4653 3365 4706; x_wconf 88' lang='lat' dir='ltr'><strong>etiam</strong></span> <span class='ocrx_word' id='word_1_727' title='bbox 3393 4650 3758 4723; x_wconf 83' lang='lat' dir='ltr'><strong>utilissimum.</strong></span> 
     </span>
    </p>
   </div>
   <div class='ocr_carea' id='block_1_101' title="bbox 465 4721 2058 4794">
    <p class='ocr_par' dir='ltr' id='par_1_101' title="bbox 465 4721 2058 4794">
     <span class='ocr_line' id='line_1_104' title="bbox 465 4721 2058 4794; baseline 0.003 -21"><span class='ocrx_word' id='word_1_728' title='bbox 465 4721 636 4794; x_wconf 78' lang='lat' dir='ltr'><strong>ritatis</strong></span> <span class='ocrx_word' id='word_1_729' title='bbox 657 4725 997 4775; x_wconf 89' lang='lat' dir='ltr'><strong>consortium.</strong></span> <span class='ocrx_word' id='word_1_730' title='bbox 1043 4721 1172 4776; x_wconf 71' lang='lat' dir='ltr'><strong>Hac</strong></span> <span class='ocrx_word' id='word_1_731' title='bbox 1195 4724 1391 4794; x_wconf 87' lang='lat' dir='ltr'><strong>estilla</strong></span> <span class='ocrx_word' id='word_1_732' title='bbox 1426 4739 1631 4776; x_wconf 85' lang='lat' dir='ltr'><strong>summa</strong></span> <span class='ocrx_word' id='word_1_733' title='bbox 1664 4726 1906 4794; x_wconf 77' lang='lat' dir='ltr'><strong>felicitas,</strong></span> <span class='ocrx_word' id='word_1_734' title='bbox 1942 4740 2058 4794; x_wconf 80' lang='lat' dir='ltr'><strong>qtae</strong></span> 
     </span>
    </p>
   </div>
   <div class='ocr_carea' id='block_1_102' title="bbox 468 4791 2059 4864">
    <p class='ocr_par' dir='ltr' id='par_1_102' title="bbox 468 4791 2059 4864">
     <span class='ocr_line' id='line_1_105' title="bbox 468 4791 2059 4864; baseline 0.003 -20"><span class='ocrx_word' id='word_1_735' title='bbox 468 4791 601 4846; x_wconf 87' lang='lat' dir='ltr'><strong>bella</strong></span> <span class='ocrx_word' id='word_1_736' title='bbox 630 4795 929 4864; x_wconf 87' lang='lat' dir='ltr'><strong>compescit,</strong></span> <span class='ocrx_word' id='word_1_737' title='bbox 961 4795 1063 4847; x_wconf 80' lang='lat' dir='ltr'><strong>iras</strong></span> <span class='ocrx_word' id='word_1_738' title='bbox 1090 4793 1399 4863; x_wconf 81' lang='lat' dir='ltr'><strong>comprimit,</strong></span> <span class='ocrx_word' id='word_1_739' title='bbox 1450 4791 1715 4850; x_wconf 80' lang='lat' dir='ltr'><strong>discordes</strong></span> <span class='ocrx_word' id='word_1_740' title='bbox 1742 4796 1907 4858; x_wconf 88' lang='lat' dir='ltr'><strong>sedat,</strong></span> <span class='ocrx_word' id='word_1_741' title='bbox 1940 4791 2059 4864; x_wconf 9' lang='lat' dir='ltr'><strong>Vini-</strong></span> 
     </span>
    </p>
   </div>
   <div class='ocr_carea' id='block_1_103' title="bbox 467 4863 2059 4935">
    <p class='ocr_par' dir='ltr' id='par_1_103' title="bbox 467 4863 2059 4935">
     <span class='ocr_line' id='line_1_106' title="bbox 467 4863 2059 4935; baseline 0.003 -21"><span class='ocrx_word' id='word_1_742' title='bbox 467 4864 626 4918; x_wconf 88' lang='lat' dir='ltr'><strong>micas</strong></span> <span class='ocrx_word' id='word_1_743' title='bbox 647 4863 946 4930; x_wconf 85' lang='lat' dir='ltr'><strong>concordat,</strong></span> <span class='ocrx_word' id='word_1_744' title='bbox 970 4865 1165 4935; x_wconf 87' lang='lat' dir='ltr'><strong>cunctis</strong></span> <span class='ocrx_word' id='word_1_745' title='bbox 1187 4865 1376 4933; x_wconf 86' lang='lat' dir='ltr'><strong>placet,</strong></span> <span class='ocrx_word' id='word_1_746' title='bbox 1397 4880 1430 4916; x_wconf 91' lang='lat' dir='ltr'><strong>a</strong></span> <span class='ocrx_word' id='word_1_747' title='bbox 1451 4865 1651 4918; x_wconf 89' lang='lat' dir='ltr'><strong>cunctis</strong></span> <span class='ocrx_word' id='word_1_748' title='bbox 1674 4875 1898 4935; x_wconf 89' lang='lat' dir='ltr'><strong>optatur.</strong></span> <span class='ocrx_word' id='word_1_749' title='bbox 1925 4863 2059 4920; x_wconf 80' lang='lat' dir='ltr'><strong>Bea-</strong></span> 
     </span>
    </p>
   </div>
   <div class='ocr_carea' id='block_1_104' title="bbox 468 4934 2060 5008">
    <p class='ocr_par' dir='ltr' id='par_1_104' title="bbox 468 4934 2060 5008">
     <span class='ocr_line' id='line_1_107' title="bbox 468 4934 2060 5008; baseline 0.001 -21"><span class='ocrx_word' id='word_1_750' title='bbox 468 4945 546 4988; x_wconf 90' lang='lat' dir='ltr'><strong>tus</strong></span> <span class='ocrx_word' id='word_1_751' title='bbox 577 4937 663 5004; x_wconf 87' lang='lat' dir='ltr'><strong>qui</strong></span> <span class='ocrx_word' id='word_1_752' title='bbox 689 4949 735 4990; x_wconf 92' lang='lat' dir='ltr'><strong>te</strong></span> <span class='ocrx_word' id='word_1_753' title='bbox 761 4935 934 5001; x_wconf 85' lang='lat' dir='ltr'><strong>habet,</strong></span> <span class='ocrx_word' id='word_1_754' title='bbox 966 4934 1267 5008; x_wconf 82' lang='lat' dir='ltr'><strong>maledictus</strong></span> <span class='ocrx_word' id='word_1_755' title='bbox 1288 4935 1376 5008; x_wconf 87' lang='lat' dir='ltr'><strong>qui</strong></span> <span class='ocrx_word' id='word_1_756' title='bbox 1397 4945 1448 4990; x_wconf 87' lang='lat' dir='ltr'><strong>te</strong></span> <span class='ocrx_word' id='word_1_757' title='bbox 1469 4936 1600 5002; x_wconf 84' lang='lat' dir='ltr'><strong>odit,</strong></span> <span class='ocrx_word' id='word_1_758' title='bbox 1629 4944 1676 4991; x_wconf 88' lang='lat' dir='ltr'><strong>et</strong></span> <span class='ocrx_word' id='word_1_759' title='bbox 1699 4934 1891 5008; x_wconf 79' lang='lat' dir='ltr'><strong>frangit</strong></span> <span class='ocrx_word' id='word_1_760' title='bbox 1925 4937 2060 4989; x_wconf 77' lang='lat' dir='ltr'><strong>inter</strong></span> 
     </span>
    </p>
   </div>
   <div class='ocr_carea' id='block_1_105' title="bbox 467 5005 2060 5080">
    <p class='ocr_par' dir='ltr' id='par_1_105' title="bbox 467 5005 2060 5080">
     <span class='ocr_line' id='line_1_108' title="bbox 467 5005 2060 5080; baseline 0.004 -25"><span class='ocrx_word' id='word_1_761' title='bbox 467 5008 732 5073; x_wconf 84' lang='lat' dir='ltr'><strong>homines,</strong></span> <span class='ocrx_word' id='word_1_762' title='bbox 781 5009 1030 5078; x_wconf 90' lang='lat' dir='ltr'><strong>quoniant</strong></span> <span class='ocrx_word' id='word_1_763' title='bbox 1071 5005 1414 5061; x_wconf 79' lang='lat' dir='ltr'><strong>Antichristus</strong></span> <span class='ocrx_word' id='word_1_764' title='bbox 1462 5016 1568 5075; x_wconf 89' lang='lat' dir='ltr'><strong>est,</strong></span> <span class='ocrx_word' id='word_1_765' title='bbox 1615 5016 1664 5063; x_wconf 91' lang='lat' dir='ltr'><strong>et</strong></span> <span class='ocrx_word' id='word_1_766' title='bbox 1699 5005 1845 5079; x_wconf 70' lang='lat' dir='ltr'><strong>ﬁlius</strong></span> <span class='ocrx_word' id='word_1_767' title='bbox 1887 5009 2060 5080; x_wconf 86' lang='lat' dir='ltr'><strong>perdi-</strong></span> 
     </span>
    </p>
   </div>
   <div class='ocr_carea' id='block_1_106' title="bbox 464 5080 642 5131">
    <p class='ocr_par' dir='ltr' id='par_1_106' title="bbox 464 5080 642 5131">
     <span class='ocr_line' id='line_1_109' title="bbox 464 5080 642 5131; baseline 0.022 -5"><span class='ocrx_word' id='word_1_768' title='bbox 464 5080 642 5131; x_wconf 80' lang='lat' dir='ltr'><strong>tionis.</strong></span> 
     </span>
    </p>
   </div>
   <div class='ocr_carea' id='block_1_107' title="bbox 540 5149 2064 5224">
    <p class='ocr_par' dir='ltr' id='par_1_107' title="bbox 540 5149 2064 5224">
     <span class='ocr_line' id='line_1_110' title="bbox 540 5149 2064 5224; baseline 0.004 -22"><span class='ocrx_word' id='word_1_769' title='bbox 540 5161 562 5224; x_wconf 57' lang='grc' dir='ltr'><strong>ς</strong></span> <span class='ocrx_word' id='word_1_770' title='bbox 597 5149 676 5204; x_wconf 84' lang='lat' dir='ltr'><strong>Ad</strong></span> <span class='ocrx_word' id='word_1_771' title='bbox 694 5149 805 5224; x_wconf 75' lang='lat' dir='ltr'><strong>_lios</strong></span> <span class='ocrx_word' id='word_1_772' title='bbox 835 5157 1043 5224; x_wconf 84' lang='lat' dir='ltr'><strong>spectat</strong></span> <span class='ocrx_word' id='word_1_773' title='bbox 1085 5150 1176 5205; x_wconf 88' lang='lat' dir='ltr'><strong>illa</strong></span> <span class='ocrx_word' id='word_1_774' title='bbox 1209 5150 1269 5204; x_wconf 91' lang='lat' dir='ltr'><strong>D.</strong></span> <span class='ocrx_word' id='word_1_775' title='bbox 1305 5150 1555 5224; x_wconf 78' lang='lat' dir='ltr'><strong>Gregorii</strong></span> <span class='ocrx_word' id='word_1_776' title='bbox 1593 5153 1846 5208; x_wconf 88' lang='lat' dir='ltr'><strong>salutaris</strong></span> <span class='ocrx_word' id='word_1_777' title='bbox 1874 5151 2064 5208; x_wconf 88' lang='lat' dir='ltr'><strong>admo-</strong></span> 
     </span>
    </p>
   </div>
   <div class='ocr_carea' id='block_1_108' title="bbox 466 5221 2061 5292">
    <p class='ocr_par' dir='ltr' id='par_1_108' title="bbox 466 5221 2061 5292">
     <span class='ocr_line' id='line_1_111' title="bbox 466 5221 2061 5292; baseline 0.005 -22"><span class='ocrx_word' id='word_1_778' title='bbox 466 5222 598 5273; x_wconf 72' lang='lat' dir='ltr'><strong>nitio</strong></span> <span class='ocrx_word' id='word_1_779' title='bbox 633 5238 644 5273; x_wconf 88' lang='lat'><strong>:</strong></span> <span class='ocrx_word' id='word_1_780' title='bbox 678 5221 974 5288; x_wconf 84' lang='lat' dir='ltr'><strong>Discordes,</strong></span> <span class='ocrx_word' id='word_1_781' title='bbox 1018 5223 1210 5292; x_wconf 87' lang='lat' dir='ltr'><strong>inquit,</strong></span> <span class='ocrx_word' id='word_1_782' title='bbox 1261 5221 1575 5278; x_wconf 79' lang='lat' dir='ltr'><strong>admonendi</strong></span> <span class='ocrx_word' id='word_1_783' title='bbox 1603 5234 1746 5288; x_wconf 86' lang='lat' dir='ltr'><strong>sunt.</strong></span> <span class='ocrx_word' id='word_1_784' title='bbox 1786 5232 1843 5278; x_wconf 91' lang='lat' dir='ltr'><strong>ut</strong></span> <span class='ocrx_word' id='word_1_785' title='bbox 1880 5225 2061 5278; x_wconf 86' lang='lat' dir='ltr'><strong>certis-</strong></span> 
     </span>
    </p>
   </div>
   <div class='ocr_carea' id='block_1_109' title="bbox 463 5293 2066 5378">
    <p class='ocr_par' dir='ltr' id='par_1_109' title="bbox 463 5293 2066 5378">
     <span class='ocr_line' id='line_1_112' title="bbox 463 5293 2066 5378; baseline 0.006 -37"><span class='ocrx_word' id='word_1_786' title='bbox 463 5294 586 5378; x_wconf 62' lang='lat' dir='ltr'><strong>sime</strong></span> <span class='ocrx_word' id='word_1_787' title='bbox 615 5293 962 5378; x_wconf 57' lang='lat' dir='ltr'><strong>sciantuquia,</strong></span> <span class='ocrx_word' id='word_1_788' title='bbox 1003 5294 1334 5378; x_wconf 68' lang='lat' dir='ltr'><strong>quantislibct</strong></span> <span class='ocrx_word' id='word_1_789' title='bbox 1369 5295 1639 5378; x_wconf 72' lang='lat' dir='ltr'><strong>virtutibus</strong></span> <span class='ocrx_word' id='word_1_790' title='bbox 1665 5294 1923 5378; x_wconf 83' lang='lat' dir='ltr'><strong>polleant,</strong></span> <span class='ocrx_word' id='word_1_791' title='bbox 1958 5297 2066 5366; x_wconf 70' lang='lat' dir='ltr'><strong>spi-</strong></span> 
     </span>
    </p>
   </div>
   <div class='ocr_carea' id='block_1_110' title="bbox 463 5364 2060 5436">
    <p class='ocr_par' dir='ltr' id='par_1_110' title="bbox 463 5364 2060 5436">
     <span class='ocr_line' id='line_1_113' title="bbox 463 5364 2060 5436; baseline 0.004 -24"><span class='ocrx_word' id='word_1_792' title='bbox 463 5364 639 5436; x_wconf 59' lang='lat' dir='ltr'><strong>ritales</strong></span> <span class='ocrx_word' id='word_1_793' title='bbox 689 5365 986 5419; x_wconf 89' lang='lat' dir='ltr'><strong>nullatenus</strong></span> <span class='ocrx_word' id='word_1_794' title='bbox 1023 5365 1137 5435; x_wconf 79' lang='lat' dir='ltr'><strong>ﬁeri</strong></span> <span class='ocrx_word' id='word_1_795' title='bbox 1175 5377 1430 5436; x_wconf 87' lang='lat' dir='ltr'><strong>possunt,</strong></span> <span class='ocrx_word' id='word_1_796' title='bbox 1469 5368 1512 5419; x_wconf 93' lang='lat' dir='ltr'><strong>si</strong></span> <span class='ocrx_word' id='word_1_797' title='bbox 1542 5364 1680 5420; x_wconf 86' lang='lat' dir='ltr'><strong>uniri</strong></span> <span class='ocrx_word' id='word_1_798' title='bbox 1730 5383 1819 5434; x_wconf 88' lang='lat' dir='ltr'><strong>per</strong></span> <span class='ocrx_word' id='word_1_799' title='bbox 1847 5364 2060 5420; x_wconf 87' lang='lat' dir='ltr'><strong>concor-</strong></span> 
     </span>
    </p>
   </div>
   <div class='ocr_carea' id='block_1_111' title="bbox 463 5435 2063 5508">
    <p class='ocr_par' dir='ltr' id='par_1_111' title="bbox 463 5435 2063 5508">
     <span class='ocr_line' id='line_1_114' title="bbox 463 5435 2063 5508; baseline 0.004 -24"><span class='ocrx_word' id='word_1_800' title='bbox 463 5435 600 5486; x_wconf 83' lang='lat' dir='ltr'><strong>diam</strong></span> <span class='ocrx_word' id='word_1_801' title='bbox 625 5437 875 5508; x_wconf 77' lang='lat' dir='ltr'><strong>proximis</strong></span> <span class='ocrx_word' id='word_1_802' title='bbox 897 5435 1183 5508; x_wconf 86' lang='lat' dir='ltr'><strong>negligant.</strong></span> <span class='ocrx_word' id='word_1_803' title='bbox 1206 5439 1471 5507; x_wconf 80' lang='lat' dir='ltr'><strong>Scriptum</strong></span> <span class='ocrx_word' id='word_1_804' title='bbox 1493 5439 1679 5508; x_wconf 82' lang='lat' dir='ltr'><strong>quippe</strong></span> <span class='ocrx_word' id='word_1_805' title='bbox 1703 5448 1773 5490; x_wconf 88' lang='lat' dir='ltr'><strong>est</strong></span> <span class='ocrx_word' id='word_1_806' title='bbox 1798 5455 1814 5491; x_wconf 93' lang='lat'><strong><em>:</em></strong></span> <span class='ocrx_word' id='word_1_807' title='bbox 1840 5436 2063 5491; x_wconf 66' lang='lat' dir='ltr'><strong>Fructus</strong></span> 
     </span>
    </p>
   </div>
   <div class='ocr_carea' id='block_1_112' title="bbox 462 5507 2055 5579">
    <p class='ocr_par' dir='ltr' id='par_1_112' title="bbox 462 5507 2055 5579">
     <span class='ocr_line' id='line_1_115' title="bbox 462 5507 2055 5579; baseline 0.004 -23"><span class='ocrx_word' id='word_1_808' title='bbox 462 5516 632 5579; x_wconf 67' lang='lat' dir='ltr'><strong>autem</strong></span> <span class='ocrx_word' id='word_1_809' title='bbox 660 5507 886 5576; x_wconf 90' lang='lat' dir='ltr'><strong>Spiritus</strong></span> <span class='ocrx_word' id='word_1_810' title='bbox 907 5507 982 5562; x_wconf 88' lang='lat' dir='ltr'><strong>est</strong></span> <span class='ocrx_word' id='word_1_811' title='bbox 1003 5508 1248 5570; x_wconf 78' lang='lat' dir='ltr'><strong>Charitas,</strong></span> <span class='ocrx_word' id='word_1_812' title='bbox 1274 5508 1544 5578; x_wconf 81' lang='lat' dir='ltr'><strong>gaudium.</strong></span> <span class='ocrx_word' id='word_1_813' title='bbox 1569 5507 1625 5562; x_wconf 87' lang='lat' dir='ltr'><strong>et</strong></span> <span class='ocrx_word' id='word_1_814' title='bbox 1639 5525 1741 5577; x_wconf 76' lang='lat' dir='ltr'><strong>pax</strong></span> <span class='ocrx_word' id='word_1_815' title='bbox 1761 5508 1959 5579; x_wconf 82' lang='lat' dir='ltr'><strong>(Galat.</strong></span> <span class='ocrx_word' id='word_1_816' title='bbox 1983 5513 2055 5577; x_wconf 76' lang='grc' dir='ltr'><strong>ν).</strong></span> 
     </span>
    </p>
   </div>
   <div class='ocr_carea' id='block_1_113' title="bbox 467 5574 2062 5651">
    <p class='ocr_par' dir='ltr' id='par_1_113' title="bbox 467 5574 2062 5651">
     <span class='ocr_line' id='line_1_116' title="bbox 467 5574 2062 5651; baseline 0.001 -22"><span class='ocrx_word' id='word_1_817' title='bbox 467 5574 569 5641; x_wconf 82' lang='lat' dir='ltr'><strong>Qui</strong></span> <span class='ocrx_word' id='word_1_818' title='bbox 596 5574 714 5647; x_wconf 81' lang='lat' dir='ltr'><strong>ergo</strong></span> <span class='ocrx_word' id='word_1_819' title='bbox 739 5596 938 5651; x_wconf 78' lang='lat' dir='ltr'><strong>servare</strong></span> <span class='ocrx_word' id='word_1_820' title='bbox 963 5595 1138 5651; x_wconf 77' lang='lat' dir='ltr'><strong>pacem</strong></span> <span class='ocrx_word' id='word_1_821' title='bbox 1162 5574 1464 5651; x_wconf 52' lang='lat' dir='ltr'><strong>non&#39;curat,</strong></span> <span class='ocrx_word' id='word_1_822' title='bbox 1491 5574 1881 5649; x_wconf 43' lang='lat' dir='ltr'><strong>{errc&#39;fruc&#39;tum</strong></span> <span class='ocrx_word' id='word_1_823' title='bbox 1910 5574 2062 5651; x_wconf 84' lang='lat' dir='ltr'><strong>spiri-</strong></span> 
     </span>
    </p>
   </div>
   <div class='ocr_carea' id='block_1_114' title="bbox 465 5649 2062 5706">
    <p class='ocr_par' dir='ltr' id='par_1_114' title="bbox 465 5649 2062 5706">
     <span class='ocr_line' id='line_1_117' title="bbox 465 5649 2062 5706; baseline 0.004 -7"><span class='ocrx_word' id='word_1_824' title='bbox 465 5656 546 5700; x_wconf 88' lang='lat' dir='ltr'><strong>tus</strong></span> <span class='ocrx_word' id='word_1_825' title='bbox 571 5661 789 5705; x_wconf 85' lang='lat' dir='ltr'><strong>recusat.</strong></span> <span class='ocrx_word' id='word_1_826' title='bbox 818 5649 958 5704; x_wconf 86' lang='lat' dir='ltr'><strong>Hinc</strong></span> <span class='ocrx_word' id='word_1_827' title='bbox 991 5649 1196 5704; x_wconf 85' lang='lat' dir='ltr'><strong>Paulus</strong></span> <span class='ocrx_word' id='word_1_828' title='bbox 1225 5650 1299 5704; x_wconf 89' lang='lat' dir='ltr'><strong>ait</strong></span> <span class='ocrx_word' id='word_1_829' title='bbox 1327 5667 1346 5704; x_wconf 91' lang='lat'><strong><em>:</em></strong></span> <span class='ocrx_word' id='word_1_830' title='bbox 1389 5650 1516 5705; x_wconf 82' lang='lat' dir='ltr'><strong>Cum</strong></span> <span class='ocrx_word' id='word_1_831' title='bbox 1545 5651 1607 5705; x_wconf 91' lang='lat' dir='ltr'><strong>sit</strong></span> <span class='ocrx_word' id='word_1_832' title='bbox 1644 5651 1775 5705; x_wconf 90' lang='lat' dir='ltr'><strong>inter</strong></span> <span class='ocrx_word' id='word_1_833' title='bbox 1803 5668 1890 5706; x_wconf 89' lang='lat' dir='ltr'><strong>vos</strong></span> <span class='ocrx_word' id='word_1_834' title='bbox 1921 5649 2062 5705; x_wconf 73' lang='lat' dir='ltr'><strong>zelus</strong></span> 
     </span>
    </p>
   </div>
   <div class='ocr_carea' id='block_1_115' title="bbox 465 5720 2064 5793">
    <p class='ocr_par' dir='ltr' id='par_1_115' title="bbox 465 5720 2064 5793">
     <span class='ocr_line' id='line_1_118' title="bbox 465 5720 2064 5793; baseline 0.003 -21"><span class='ocrx_word' id='word_1_835' title='bbox 465 5729 510 5793; x_wconf 81' lang='lat' dir='ltr'><strong>et</strong></span> <span class='ocrx_word' id='word_1_836' title='bbox 555 5722 830 5793; x_wconf 86' lang='lat' dir='ltr'><strong>contentio,</strong></span> <span class='ocrx_word' id='word_1_837' title='bbox 879 5739 1044 5793; x_wconf 87' lang='lat' dir='ltr'><strong>nonne</strong></span> <span class='ocrx_word' id='word_1_838' title='bbox 1081 5723 1320 5776; x_wconf 87' lang='lat' dir='ltr'><strong>carnales</strong></span> <span class='ocrx_word' id='word_1_839' title='bbox 1368 5723 1487 5777; x_wconf 87' lang='lat' dir='ltr'><strong>estis</strong></span> <span class='ocrx_word' id='word_1_840' title='bbox 1517 5721 1560 5793; x_wconf 93' lang='lat' dir='ltr'><strong>(l</strong></span> <span class='ocrx_word' id='word_1_841' title='bbox 1602 5720 1724 5776; x_wconf 87' lang='lat' dir='ltr'><strong>Cor.</strong></span> <span class='ocrx_word' id='word_1_842' title='bbox 1755 5722 1882 5792; x_wconf 81' lang='lat' dir='ltr'><strong>In)?</strong></span> <span class='ocrx_word' id='word_1_843' title='bbox 1927 5721 2064 5776; x_wconf 83' lang='lat' dir='ltr'><strong>Hinc</strong></span> 
     </span>
    </p>
   </div>
   <div class='ocr_carea' id='block_1_116' title="bbox 465 5791 2065 5862">
    <p class='ocr_par' dir='ltr' id='par_1_116' title="bbox 465 5791 2065 5862">
     <span class='ocr_line' id='line_1_119' title="bbox 465 5791 2065 5862; baseline 0.002 -19"><span class='ocrx_word' id='word_1_844' title='bbox 465 5791 649 5844; x_wconf 86' lang='lat' dir='ltr'><strong>iterum</strong></span> <span class='ocrx_word' id='word_1_845' title='bbox 679 5792 802 5845; x_wconf 89' lang='lat' dir='ltr'><strong>dicit</strong></span> <span class='ocrx_word' id='word_1_846' title='bbox 832 5807 849 5846; x_wconf 91' lang='lat'><strong><em>:</em></strong></span> <span class='ocrx_word' id='word_1_847' title='bbox 881 5792 1068 5847; x_wconf 89' lang='lat' dir='ltr'><strong>Pacem</strong></span> <span class='ocrx_word' id='word_1_848' title='bbox 1099 5795 1369 5862; x_wconf 87' lang='lat' dir='ltr'><strong>sequimini</strong></span> <span class='ocrx_word' id='word_1_849' title='bbox 1411 5791 1534 5846; x_wconf 82' lang='lat' dir='ltr'><strong>cum</strong></span> <span class='ocrx_word' id='word_1_850' title='bbox 1554 5791 1823 5858; x_wconf 80' lang='lat' dir='ltr'><strong>omnibus,</strong></span> <span class='ocrx_word' id='word_1_851' title='bbox 1851 5803 1898 5848; x_wconf 90' lang='lat' dir='ltr'><strong>et</strong></span> <span class='ocrx_word' id='word_1_852' title='bbox 1944 5810 2065 5847; x_wconf 81' lang='lat' dir='ltr'><strong>san-</strong></span> 
     </span>
    </p>
   </div>
   <div class='ocr_carea' id='block_1_117' title="bbox 467 5862 2062 5932">
    <p class='ocr_par' dir='ltr' id='par_1_117' title="bbox 467 5862 2062 5932">
     <span class='ocr_line' id='line_1_120' title="bbox 467 5862 2062 5932; baseline 0.001 -15"><span class='ocrx_word' id='word_1_853' title='bbox 467 5864 758 5917; x_wconf 88' lang='lat' dir='ltr'><strong>ctimoniam</strong></span> <span class='ocrx_word' id='word_1_854' title='bbox 816 5862 996 5932; x_wconf 85' lang='lat' dir='ltr'><strong>(H-eb.</strong></span> <span class='ocrx_word' id='word_1_855' title='bbox 1031 5880 1106 5918; x_wconf 73' lang='lat' dir='ltr'><strong>xu</strong></span> <span class='ocrx_word' id='word_1_856' title='bbox 1135 5865 1173 5931; x_wconf 93' lang='lat'><strong>).</strong></span> <span class='ocrx_word' id='word_1_857' title='bbox 1232 5864 1369 5920; x_wconf 76' lang='lat' dir='ltr'><strong>Hinc</strong></span> <span class='ocrx_word' id='word_1_858' title='bbox 1408 5881 1589 5920; x_wconf 89' lang='lat' dir='ltr'><strong>rursus</strong></span> <span class='ocrx_word' id='word_1_859' title='bbox 1628 5865 1946 5932; x_wconf 82' lang='lat' dir='ltr'><strong>admonens,</strong></span> <span class='ocrx_word' id='word_1_860' title='bbox 1988 5866 2062 5920; x_wconf 91' lang='lat' dir='ltr'><strong>ait</strong></span> 
     </span>
    </p>
   </div>
   <div class='ocr_carea' id='block_1_118' title="bbox 2162 4721 3759 4794">
    <p class='ocr_par' dir='ltr' id='par_1_118' title="bbox 2162 4721 3759 4794">
     <span class='ocr_line' id='line_1_121' title="bbox 2162 4721 3759 4794; baseline -0.002 -17"><span class='ocrx_word' id='word_1_861' title='bbox 2162 4721 2371 4785; x_wconf 85' lang='lat' dir='ltr'><strong>Contra,</strong></span> <span class='ocrx_word' id='word_1_862' title='bbox 2401 4726 2524 4793; x_wconf 89' lang='lat' dir='ltr'><strong>quid</strong></span> <span class='ocrx_word' id='word_1_863' title='bbox 2550 4726 2899 4794; x_wconf 83' lang='lat' dir='ltr'><strong>turpissimum</strong></span> <span class='ocrx_word' id='word_1_864' title='bbox 2938 4732 2985 4775; x_wconf 86' lang='lat' dir='ltr'><strong>et</strong></span> <span class='ocrx_word' id='word_1_865' title='bbox 3011 4721 3534 4794; x_wconf 79' lang='lat' dir='ltr'><strong>perniciosissimum</strong></span> <span class='ocrx_word' id='word_1_866' title='bbox 3559 4721 3759 4774; x_wconf 85' lang='lat' dir='ltr'><strong>volun-</strong></span> 
     </span>
    </p>
   </div>
   <div class='ocr_carea' id='block_1_119' title="bbox 2160 4792 3762 4865">
    <p class='ocr_par' dir='ltr' id='par_1_119' title="bbox 2160 4792 3762 4865">
     <span class='ocr_line' id='line_1_122' title="bbox 2160 4792 3762 4865; baseline -0.002 -17"><span class='ocrx_word' id='word_1_867' title='bbox 2160 4804 2324 4849; x_wconf 84' lang='lat' dir='ltr'><strong>tatum</strong></span> <span class='ocrx_word' id='word_1_868' title='bbox 2355 4792 2652 4865; x_wconf 71' lang='lat' dir='ltr'><strong>disjnnctio.</strong></span> <span class='ocrx_word' id='word_1_869' title='bbox 2679 4794 2736 4848; x_wconf 91' lang='lat' dir='ltr'><strong>S.</strong></span> <span class='ocrx_word' id='word_1_870' title='bbox 2768 4792 3084 4865; x_wconf 75' lang='lat' dir='ltr'><strong>Ambrosius</strong></span> <span class='ocrx_word' id='word_1_871' title='bbox 3118 4792 3432 4848; x_wconf 81' lang='lat' dir='ltr'><strong>Officinrum</strong></span> <span class='ocrx_word' id='word_1_872' title='bbox 3465 4792 3604 4846; x_wconf 89' lang='lat' dir='ltr'><strong>libro</strong></span> <span class='ocrx_word' id='word_1_873' title='bbox 3653 4795 3762 4861; x_wconf 82' lang='lat' dir='ltr'><strong>pri-</strong></span> 
     </span>
    </p>
   </div>
   <div class='ocr_carea' id='block_1_120' title="bbox 2161 4864 3760 4937">
    <p class='ocr_par' dir='ltr' id='par_1_120' title="bbox 2161 4864 3760 4937">
     <span class='ocr_line' id='line_1_123' title="bbox 2161 4864 3760 4937; baseline -0.003 -16"><span class='ocrx_word' id='word_1_874' title='bbox 2161 4883 2252 4921; x_wconf 91' lang='lat' dir='ltr'><strong>mo</strong></span> <span class='ocrx_word' id='word_1_875' title='bbox 2280 4864 2437 4937; x_wconf 74' lang='lat' dir='ltr'><strong>(Cap.</strong></span> <span class='ocrx_word' id='word_1_876' title='bbox 2471 4867 2565 4936; x_wconf 71' lang='lat'><strong>2?.)</strong></span> <span class='ocrx_word' id='word_1_877' title='bbox 2600 4885 2611 4919; x_wconf 76' lang='grc' dir='ltr'><strong>ε</strong></span> <span class='ocrx_word' id='word_1_878' title='bbox 2657 4867 2840 4921; x_wconf 87' lang='lat' dir='ltr'><strong>Sermo</strong></span> <span class='ocrx_word' id='word_1_879' title='bbox 2869 4864 3114 4918; x_wconf 79' lang='lat' dir='ltr'><strong>dividitur</strong></span> <span class='ocrx_word' id='word_1_880' title='bbox 3152 4865 3208 4917; x_wconf 89' lang='lat' dir='ltr'><strong>in</strong></span> <span class='ocrx_word' id='word_1_881' title='bbox 3246 4865 3557 4937; x_wconf 78' lang='lat' dir='ltr'><strong>colloquium</strong></span> <span class='ocrx_word' id='word_1_882' title='bbox 3595 4865 3760 4932; x_wconf 79' lang='lat' dir='ltr'><strong>fami-</strong></span> 
     </span>
    </p>
   </div>
   <div class='ocr_carea' id='block_1_121' title="bbox 2163 4935 3761 5006">
    <p class='ocr_par' dir='ltr' id='par_1_121' title="bbox 2163 4935 3761 5006">
     <span class='ocr_line' id='line_1_124' title="bbox 2163 4935 3761 5006; baseline -0.002 -15"><span class='ocrx_word' id='word_1_883' title='bbox 2163 4935 2295 4992; x_wconf 85' lang='lat' dir='ltr'><strong>liare</strong></span> <span class='ocrx_word' id='word_1_884' title='bbox 2328 4935 2392 4997; x_wconf 77' lang='lat' dir='ltr'><strong>et</strong></span> <span class='ocrx_word' id='word_1_885' title='bbox 2433 4941 2486 4991; x_wconf 89' lang='lat' dir='ltr'><strong>in</strong></span> <span class='ocrx_word' id='word_1_886' title='bbox 2535 4945 2804 4990; x_wconf 81' lang='lat' dir='ltr'><strong>tractatum</strong></span> <span class='ocrx_word' id='word_1_887' title='bbox 2857 4937 3374 5005; x_wconf 81' lang='lat' dir='ltr'><strong>disceptationentque</strong></span> <span class='ocrx_word' id='word_1_888' title='bbox 3437 4935 3558 5004; x_wconf 76' lang='lat' dir='ltr'><strong>ﬁdei</strong></span> <span class='ocrx_word' id='word_1_889' title='bbox 3597 4944 3761 5006; x_wconf 86' lang='lat' dir='ltr'><strong>atque</strong></span> 
     </span>
    </p>
   </div>
   <div class='ocr_carea' id='block_1_122' title="bbox 2151 5007 3759 5082">
    <p class='ocr_par' dir='ltr' id='par_1_122' title="bbox 2151 5007 3759 5082">
     <span class='ocr_line' id='line_1_125' title="bbox 2151 5007 3759 5082; baseline -0.003 -19"><span class='ocrx_word' id='word_1_890' title='bbox 2151 5011 2395 5082; x_wconf 71' lang='lat' dir='ltr'><strong>justitiaz.</strong></span> <span class='ocrx_word' id='word_1_891' title='bbox 2430 5008 2496 5062; x_wconf 86' lang='lat' dir='ltr'><strong>In</strong></span> <span class='ocrx_word' id='word_1_892' title='bbox 2527 5019 2743 5082; x_wconf 81' lang='lat' dir='ltr'><strong>utroque</strong></span> <span class='ocrx_word' id='word_1_893' title='bbox 2764 5009 3073 5082; x_wconf 77' lang='lat' dir='ltr'><strong>servandum</strong></span> <span class='ocrx_word' id='word_1_894' title='bbox 3095 5025 3156 5061; x_wconf 91' lang='lat' dir='ltr'><strong>ne</strong></span> <span class='ocrx_word' id='word_1_895' title='bbox 3183 5009 3250 5061; x_wconf 88' lang='lat' dir='ltr'><strong>sit</strong></span> <span class='ocrx_word' id='word_1_896' title='bbox 3274 5007 3759 5082; x_wconf 25' lang='lat' dir='ltr'><strong>aliqua-perturba-</strong></span> 
     </span>
    </p>
   </div>
   <div class='ocr_carea' id='block_1_123' title="bbox 2165 5076 3762 5150">
    <p class='ocr_par' dir='ltr' id='par_1_123' title="bbox 2165 5076 3762 5150">
     <span class='ocr_line' id='line_1_126' title="bbox 2165 5076 3762 5150; baseline -0.003 -15"><span class='ocrx_word' id='word_1_897' title='bbox 2165 5076 2269 5148; x_wconf 86' lang='lat' dir='ltr'><strong>tio;</strong></span> <span class='ocrx_word' id='word_1_898' title='bbox 2295 5086 2385 5139; x_wconf 87' lang='lat' dir='ltr'><strong>sed</strong></span> <span class='ocrx_word' id='word_1_899' title='bbox 2415 5091 2613 5138; x_wconf 87' lang='lat' dir='ltr'><strong>tantunt</strong></span> <span class='ocrx_word' id='word_1_900' title='bbox 2635 5076 2796 5144; x_wconf 83' lang='lat' dir='ltr'><strong>mitis,</strong></span> <span class='ocrx_word' id='word_1_901' title='bbox 2825 5086 2874 5150; x_wconf 77' lang='lat' dir='ltr'><strong>et</strong></span> <span class='ocrx_word' id='word_1_902' title='bbox 2901 5078 3238 5150; x_wconf 60' lang='lat' dir='ltr'><strong>placidus,“</strong></span> <span class='ocrx_word' id='word_1_903' title='bbox 3265 5076 3620 5132; x_wconf 69' lang='lat' dir='ltr'><strong>benevolentia!</strong></span> <span class='ocrx_word' id='word_1_904' title='bbox 3643 5077 3762 5150; x_wconf 80' lang='lat' dir='ltr'><strong>plc-</strong></span> 
     </span>
    </p>
   </div>
   <div class='ocr_carea' id='block_1_124' title="bbox 2164 5148 3756 5223">
    <p class='ocr_par' dir='ltr' id='par_1_124' title="bbox 2164 5148 3756 5223">
     <span class='ocr_line' id='line_1_127' title="bbox 2164 5148 3756 5223; baseline -0.002 -17"><span class='ocrx_word' id='word_1_905' title='bbox 2164 5170 2282 5218; x_wconf 89' lang='lat' dir='ltr'><strong>nus,</strong></span> <span class='ocrx_word' id='word_1_906' title='bbox 2331 5165 2381 5210; x_wconf 88' lang='lat' dir='ltr'><strong>et</strong></span> <span class='ocrx_word' id='word_1_907' title='bbox 2413 5155 2610 5223; x_wconf 70' lang='lat' dir='ltr'><strong>gratim,</strong></span> <span class='ocrx_word' id='word_1_908' title='bbox 2643 5153 2753 5205; x_wconf 88' lang='lat' dir='ltr'><strong>sine</strong></span> <span class='ocrx_word' id='word_1_909' title='bbox 2800 5148 2920 5223; x_wconf 73' lang='lat' dir='ltr'><strong>ulla</strong></span> <span class='ocrx_word' id='word_1_910' title='bbox 2942 5164 3104 5202; x_wconf 89' lang='lat' dir='ltr'><strong>sermo</strong></span> <span class='ocrx_word' id='word_1_911' title='bbox 3147 5148 3369 5203; x_wconf 90' lang='lat' dir='ltr'><strong>ducatur</strong></span> <span class='ocrx_word' id='word_1_912' title='bbox 3414 5148 3756 5223; x_wconf 82' lang='lat' dir='ltr'><strong>contumelia.</strong></span> 
     </span>
    </p>
   </div>
   <div class='ocr_carea' id='block_1_125' title="bbox 2165 5219 3764 5296">
    <p class='ocr_par' dir='ltr' id='par_1_125' title="bbox 2165 5219 3764 5296">
     <span class='ocr_line' id='line_1_128' title="bbox 2165 5219 3764 5296; baseline -0.005 -17"><span class='ocrx_word' id='word_1_913' title='bbox 2165 5225 2310 5279; x_wconf 84' lang='lat' dir='ltr'><strong>Absit</strong></span> <span class='ocrx_word' id='word_1_914' title='bbox 2337 5219 2573 5296; x_wconf 75' lang='lat' dir='ltr'><strong>pertinax</strong></span> <span class='ocrx_word' id='word_1_915' title='bbox 2595 5224 2647 5296; x_wconf 84' lang='lat' dir='ltr'><strong>in</strong></span> <span class='ocrx_word' id='word_1_916' title='bbox 2675 5221 2923 5296; x_wconf 78' lang='lat' dir='ltr'><strong>fantiliari</strong></span> <span class='ocrx_word' id='word_1_917' title='bbox 2949 5236 3190 5296; x_wconf 67' lang='lat' dir='ltr'><strong>sermone</strong></span> <span class='ocrx_word' id='word_1_918' title='bbox 3208 5219 3764 5296; x_wconf 77' lang='lat' dir='ltr'><strong>contentio;_qutestto-</strong></span> 
     </span>
    </p>
   </div>
   <div class='ocr_carea' id='block_1_126' title="bbox 2165 5291 3759 5362">
    <p class='ocr_par' dir='ltr' id='par_1_126' title="bbox 2165 5291 3759 5362">
     <span class='ocr_line' id='line_1_129' title="bbox 2165 5291 3759 5362; baseline -0.004 -13"><span class='ocrx_word' id='word_1_919' title='bbox 2165 5313 2252 5350; x_wconf 75' lang='lat' dir='ltr'><strong>nes</strong></span> <span class='ocrx_word' id='word_1_920' title='bbox 2317 5291 2451 5351; x_wconf 82' lang='lat' dir='ltr'><strong>enim</strong></span> <span class='ocrx_word' id='word_1_921' title='bbox 2508 5295 2732 5348; x_wconf 73' lang='lat' dir='ltr'><strong>excitare</strong></span> <span class='ocrx_word' id='word_1_922' title='bbox 2776 5293 2956 5344; x_wconf 88' lang='lat' dir='ltr'><strong>inanes</strong></span> <span class='ocrx_word' id='word_1_923' title='bbox 3019 5291 3318 5362; x_wconf 88' lang='lat' dir='ltr'><strong>subtilitatis</strong></span> <span class='ocrx_word' id='word_1_924' title='bbox 3363 5292 3527 5362; x_wconf 83' lang='lat' dir='ltr'><strong>magis</strong></span> <span class='ocrx_word' id='word_1_925' title='bbox 3594 5307 3759 5361; x_wconf 85' lang='lat' dir='ltr'><strong>quant</strong></span> 
     </span>
    </p>
   </div>
   <div class='ocr_carea' id='block_1_127' title="bbox 2165 5361 3761 5434">
    <p class='ocr_par' dir='ltr' id='par_1_127' title="bbox 2165 5361 3761 5434">
     <span class='ocr_line' id='line_1_130' title="bbox 2165 5361 3761 5434; baseline -0.004 -14"><span class='ocrx_word' id='word_1_926' title='bbox 2165 5367 2406 5422; x_wconf 87' lang='lat' dir='ltr'><strong>utilitatis</strong></span> <span class='ocrx_word' id='word_1_927' title='bbox 2429 5364 2615 5432; x_wconf 71' lang='lat' dir='ltr'><strong>afferre</strong></span> <span class='ocrx_word' id='word_1_928' title='bbox 2641 5365 2840 5432; x_wconf 89' lang='lat' dir='ltr'><strong>aliquid</strong></span> <span class='ocrx_word' id='word_1_929' title='bbox 2864 5364 3008 5416; x_wconf 87' lang='lat' dir='ltr'><strong>solet.</strong></span> <span class='ocrx_word' id='word_1_930' title='bbox 3034 5361 3352 5434; x_wconf 83' lang='lat' dir='ltr'><strong>Disceptatio</strong></span> <span class='ocrx_word' id='word_1_931' title='bbox 3375 5379 3485 5416; x_wconf 82' lang='lat' dir='ltr'><strong>stne</strong></span> <span class='ocrx_word' id='word_1_932' title='bbox 3503 5363 3603 5424; x_wconf 88' lang='lat' dir='ltr'><strong>ira,</strong></span> <span class='ocrx_word' id='word_1_933' title='bbox 3632 5379 3761 5415; x_wconf 80' lang='lat' dir='ltr'><strong>sua-</strong></span> 
     </span>
    </p>
   </div>
   <div class='ocr_carea' id='block_1_128' title="bbox 2165 5433 3764 5506">
    <p class='ocr_par' dir='ltr' id='par_1_128' title="bbox 2165 5433 3764 5506">
     <span class='ocr_line' id='line_1_131' title="bbox 2165 5433 3764 5506; baseline -0.005 -14"><span class='ocrx_word' id='word_1_934' title='bbox 2165 5441 2292 5492; x_wconf 88' lang='lat' dir='ltr'><strong>vitas</strong></span> <span class='ocrx_word' id='word_1_935' title='bbox 2317 5439 2427 5493; x_wconf 89' lang='lat' dir='ltr'><strong>sine</strong></span> <span class='ocrx_word' id='word_1_936' title='bbox 2455 5436 2796 5491; x_wconf 88' lang='lat' dir='ltr'><strong>amaritudine</strong></span> <span class='ocrx_word' id='word_1_937' title='bbox 2821 5435 2908 5500; x_wconf 89' lang='lat' dir='ltr'><strong>sit,</strong></span> <span class='ocrx_word' id='word_1_938' title='bbox 2935 5433 3151 5488; x_wconf 89' lang='lat' dir='ltr'><strong>monitio</strong></span> <span class='ocrx_word' id='word_1_939' title='bbox 3175 5433 3287 5489; x_wconf 82' lang='lat' dir='ltr'><strong>sine</strong></span> <span class='ocrx_word' id='word_1_940' title='bbox 3305 5435 3599 5506; x_wconf 87' lang='lat' dir='ltr'><strong>asperitate,</strong></span> <span class='ocrx_word' id='word_1_941' title='bbox 3636 5434 3764 5486; x_wconf 81' lang='lat' dir='ltr'><strong>hor-</strong></span> 
     </span>
    </p>
   </div>
   <div class='ocr_carea' id='block_1_129' title="bbox 2166 5507 2761 5576">
    <p class='ocr_par' dir='ltr' id='par_1_129' title="bbox 2166 5507 2761 5576">
     <span class='ocr_line' id='line_1_132' title="bbox 2166 5507 2761 5576; baseline -0.007 -13"><span class='ocrx_word' id='word_1_942' title='bbox 2166 5511 2292 5563; x_wconf 83' lang='lat' dir='ltr'><strong>tatio</strong></span> <span class='ocrx_word' id='word_1_943' title='bbox 2324 5511 2435 5564; x_wconf 90' lang='lat' dir='ltr'><strong>sine</strong></span> <span class='ocrx_word' id='word_1_944' title='bbox 2462 5507 2761 5576; x_wconf 76' lang='lat' dir='ltr'><strong>offensione.</strong></span> 
     </span>
    </p>
   </div>
   <div class='ocr_carea' id='block_1_130' title="bbox 2242 5577 3762 5648">
    <p class='ocr_par' dir='ltr' id='par_1_130' title="bbox 2242 5577 3762 5648">
     <span class='ocr_line' id='line_1_133' title="bbox 2242 5577 3762 5648; baseline -0.007 -10"><span class='ocrx_word' id='word_1_945' title='bbox 2242 5581 2261 5619; x_wconf 74' lang='lat'><strong><em>‘</em></strong></span> <span class='ocrx_word' id='word_1_946' title='bbox 2292 5580 2662 5638; x_wconf 89' lang='lat' dir='ltr'><strong>Collationum</strong></span> <span class='ocrx_word' id='word_1_947' title='bbox 2688 5579 2802 5632; x_wconf 87' lang='lat' dir='ltr'><strong>sive</strong></span> <span class='ocrx_word' id='word_1_948' title='bbox 2833 5578 3255 5633; x_wconf 86' lang='lat' dir='ltr'><strong>collocutionum</strong></span> <span class='ocrx_word' id='word_1_949' title='bbox 3287 5579 3605 5648; x_wconf 90' lang='lat' dir='ltr'><strong>spiritalium</strong></span> <span class='ocrx_word' id='word_1_950' title='bbox 3640 5577 3762 5629; x_wconf 85' lang='lat' dir='ltr'><strong>fru-</strong></span> 
     </span>
    </p>
   </div>
   <div class='ocr_carea' id='block_1_131' title="bbox 2165 5648 3763 5719">
    <p class='ocr_par' dir='ltr' id='par_1_131' title="bbox 2165 5648 3763 5719">
     <span class='ocr_line' id='line_1_134' title="bbox 2165 5648 3763 5719; baseline -0.003 -11"><span class='ocrx_word' id='word_1_951' title='bbox 2165 5665 2334 5719; x_wconf 88' lang='lat' dir='ltr'><strong>ctum,</strong></span> <span class='ocrx_word' id='word_1_952' title='bbox 2376 5652 2643 5718; x_wconf 89' lang='lat' dir='ltr'><strong>simulque</strong></span> <span class='ocrx_word' id='word_1_953' title='bbox 2695 5649 3010 5706; x_wconf 88' lang='lat' dir='ltr'><strong>earumdem</strong></span> <span class='ocrx_word' id='word_1_954' title='bbox 3040 5650 3201 5704; x_wconf 83' lang='lat' dir='ltr'><strong>ritum</strong></span> <span class='ocrx_word' id='word_1_955' title='bbox 3249 5665 3313 5703; x_wconf 86' lang='lat' dir='ltr'><strong>ac</strong></span> <span class='ocrx_word' id='word_1_956' title='bbox 3346 5651 3566 5705; x_wconf 87' lang='lat' dir='ltr'><strong>modum</strong></span> <span class='ocrx_word' id='word_1_957' title='bbox 3613 5648 3763 5718; x_wconf 88' lang='lat' dir='ltr'><strong>apud</strong></span> 
     </span>
    </p>
   </div>
   <div class='ocr_carea' id='block_1_132' title="bbox 2165 5720 3764 5794">
    <p class='ocr_par' dir='ltr' id='par_1_132' title="bbox 2165 5720 3764 5794">
     <span class='ocr_line' id='line_1_135' title="bbox 2165 5720 3764 5794; baseline -0.003 -15"><span class='ocrx_word' id='word_1_958' title='bbox 2165 5727 2418 5794; x_wconf 87' lang='lat' dir='ltr'><strong>antiquos</strong></span> <span class='ocrx_word' id='word_1_959' title='bbox 2467 5721 2763 5776; x_wconf 87' lang='lat' dir='ltr'><strong>monachos</strong></span> <span class='ocrx_word' id='word_1_960' title='bbox 2793 5721 3001 5794; x_wconf 88' lang='lat' dir='ltr'><strong>servari</strong></span> <span class='ocrx_word' id='word_1_961' title='bbox 3047 5722 3289 5784; x_wconf 84' lang='lat' dir='ltr'><strong>solitum,</strong></span> <span class='ocrx_word' id='word_1_962' title='bbox 3324 5720 3495 5777; x_wconf 85' lang='lat' dir='ltr'><strong>habes</strong></span> <span class='ocrx_word' id='word_1_963' title='bbox 3525 5721 3613 5776; x_wconf 85' lang='lat' dir='ltr'><strong>hic</strong></span> <span class='ocrx_word' id='word_1_964' title='bbox 3665 5735 3764 5775; x_wconf 80' lang='lat' dir='ltr'><strong>es-</strong></span> 
     </span>
    </p>
   </div>
   <div class='ocr_carea' id='block_1_133' title="bbox 2168 5793 3761 5866">
    <p class='ocr_par' dir='ltr' id='par_1_133' title="bbox 2168 5793 3761 5866">
     <span class='ocr_line' id='line_1_136' title="bbox 2168 5793 3761 5866; baseline -0.001 -16"><span class='ocrx_word' id='word_1_965' title='bbox 2168 5793 2436 5866; x_wconf 65' lang='lat' dir='ltr'><strong>presSum.</strong></span> <span class='ocrx_word' id='word_1_966' title='bbox 2470 5794 2547 5849; x_wconf 87' lang='lat' dir='ltr'><strong>De</strong></span> <span class='ocrx_word' id='word_1_967' title='bbox 2582 5808 2690 5863; x_wconf 91' lang='lat' dir='ltr'><strong>quo</strong></span> <span class='ocrx_word' id='word_1_968' title='bbox 2727 5795 2888 5850; x_wconf 87' lang='lat' dir='ltr'><strong>etiam</strong></span> <span class='ocrx_word' id='word_1_969' title='bbox 2921 5793 3042 5850; x_wconf 86' lang='lat' dir='ltr'><strong>vide</strong></span> <span class='ocrx_word' id='word_1_970' title='bbox 3069 5793 3473 5850; x_wconf 87' lang='lat' dir='ltr'><strong>annotationem</strong></span> <span class='ocrx_word' id='word_1_971' title='bbox 3511 5805 3761 5849; x_wconf 73' lang='lat' dir='ltr'><strong>nosuam</strong></span> 
     </span>
    </p>
   </div>
   <div class='ocr_carea' id='block_1_134' title="bbox 2168 5867 2744 5937">
    <p class='ocr_par' dir='ltr' id='par_1_134' title="bbox 2168 5867 2744 5937">
     <span class='ocr_line' id='line_1_137' title="bbox 2168 5867 2744 5937; baseline -0.002 -15"><span class='ocrx_word' id='word_1_972' title='bbox 2168 5867 2236 5922; x_wconf 90' lang='lat' dir='ltr'><strong>ad</strong></span> <span class='ocrx_word' id='word_1_973' title='bbox 2263 5868 2447 5923; x_wconf 83' lang='lat' dir='ltr'><strong>collal.</strong></span> <span class='ocrx_word' id='word_1_974' title='bbox 2477 5868 2511 5922; x_wconf 79' lang='lat'><strong>‘2</strong></span> <span class='ocrx_word' id='word_1_975' title='bbox 2540 5880 2658 5937; x_wconf 86' lang='lat' dir='ltr'><strong>cap.</strong></span> <span class='ocrx_word' id='word_1_976' title='bbox 2691 5867 2744 5921; x_wconf 70' lang='lat'><strong>2.</strong></span> 
     </span>
    </p>
   </div>
  </div>
