4072 6324
309 279 442 340 1025

1379 277 1722 338 consuto
1757 279 1898 336 χιιι.
1941 258 2009 321 -έ
2032 261 2140 345 bi:
2177 275 2506 336 Autcma.

3444 281 3587 342 i096

307 401 682 473 cepissemus,
738 399 987 472 quaedam
1036 399 1310 454 communi
1356 399 1762 454 examinatione
1782 395 1891 451 dis-
1919 393 2170 459 Acordis
2199 395 2454 467 implerit.
2508 393 2572 450 Si
2619 411 2723 465 qua
2764 410 2918 467 ergo,
2961 395 3168 468 inquit,
3218 397 3499 456 consolatio
3528 402 3584 456 in
3647 378 3650 382 ’

307 510 460 552 cussa
521 494 754 566 primum
786 495 856 548 ab
885 495 1060 550 altero
1089 492 1226 549 falsa
1256 509 1320 550 ac
1349 495 1506 550 noxia
1537 493 1888 556 notabantur,

307 605 430 645 mox
465 588 666 644 deinde
696 597 753 643 ut
785 585 1090 658 perniciosa
1121 586 1396 642 communi
1429 585 1777 657 pronuntiata
1808 582 1896 654 ju-

307 679 445 736 dicio
486 680 911 746 damnabantur,
945 694 1066 749 quae
1097 679 1150 734 in
1195 687 1400 734 tantum
1453 679 1601 748 prius
1648 676 1824 732 infusa
1863 689 1894 730 a

306 773 518 828 diabolo
561 772 711 828 velut
759 771 878 826 luce
931 770 1231 841 fulgebant,
1285 777 1344 825 ut
1395 769 1554 825 facile
1597 768 1896 839 potuissent

306 880 566 936 generare
586 865 941 933 discordiam,
969 865 1074 919 nisi
1103 873 1433 934 praeceptum
1455 866 1729 919 seniorum
1752 862 1898 916 velut

307 957 550 1012 divinum
579 956 849 1026 quoddam
873 956 1151 1012 oraculum
1179 954 1508 1011 custoditum
1531 956 1600 1010 ab
1625 954 1773 1009 omni
1795 967 1897 1008 nos

308 1049 656 1105 contentione
702 1055 1049 1113 revocasset,
1082 1063 1188 1118 quo
1215 1048 1283 1102 ab
1321 1047 1435 1102 illis
1464 1046 1622 1117 legali
1666 1044 1898 1116 quadam

307 1141 584 1196 sanctione
615 1141 993 1210 praescriptum
1021 1149 1139 1208 est,
1184 1147 1248 1193 ut
1278 1148 1470 1194 neuter
1505 1149 1749 1193 nostrum
1779 1136 1898 1207 plus

304 1231 508 1304 judicio
535 1247 639 1287 suo
662 1248 822 1304 quam
853 1233 1037 1288 fratris
1073 1231 1351 1300 crederet,
1385 1233 1432 1288 si
1462 1246 1756 1302 numquam
1785 1229 1900 1286 vel-

307 1325 377 1382 let
403 1326 608 1383 diaboli
637 1326 937 1383 calliditate
959 1327 1166 1383 deludi.
1883 1345 1888 1348 ·

906 1417 1136 1478 CAPUT
1176 1421 1269 1478 Χῐ.

311 1513 460 1580 Quod
515 1512 834 1584 impossibile
889 1515 956 1566 sit
1013 1530 1319 1584 quemquam
1375 1514 1465 1582 qui
1529 1512 1739 1584 proprio
1791 1511 1903 1582 ﬁdit

546 1583 784 1655 judicio,
825 1583 1024 1638 diaboli
1054 1583 1297 1639 illusione
1325 1601 1429 1638 non
1455 1583 1644 1656 deeipi.

375 1675 591 1732 Etenim
622 1691 769 1746 saepe
798 1675 930 1731 illud
967 1676 1108 1745 quod
1146 1676 1435 1746 Apostolus
1459 1675 1591 1732 dicit
1622 1676 1901 1746 probatum

1993 483 2224 552 Christo,
2255 489 2300 542 si
2323 488 2457 558 quod
2477 486 2723 542 solatium
2745 487 3010 543 charitatis
3026 531 3040 556 ,
3065 490 3110 544 si
3137 508 3238 560 qua
3260 491 3452 547 viscera
3483 495 3584 547 mi-

1992 579 2292 645 serationis,
2349 579 2554 650 implete
2599 581 2848 653 gaudium
2902 598 3067 635 meum
3091 592 3144 635 ut
3173 583 3309 637 idem
3339 585 3584 656 sapiatis,

1996 671 2226 725 eamdem
2247 674 2550 728 charitatem
2577 674 2818 729 habentes
2838 715 2854 741 ,
2883 677 3153 731 unanimes
3210 678 3436 748 idipsum
3474 695 3593 734 sen-

1998 763 2178 817 tientes
2200 779 2220 828 ,'
2244 761 2375 818 nihil
2398 781 2489 835 per
2512 766 2919 832 contentionem,
2949 783 3110 832 neque
3129 783 3220 838 per
3249 769 3453 823 inanem
3478 771 3592 840 glo-

1996 854 2153 921 riam,
2185 855 2278 910 sed
2305 856 2362 909 in
2395 858 2685 912 humilitate
2715 859 3006 926 superiores
3036 859 3406 930 vobismetipsis
3435 864 3592 916 alter-

1998 958 2174 1002 utrum
2212 949 2518 1004 arbitrantes
2548 951 2566 1018 (
2584 947 2785 1022 Phiitp.
2813 966 2852 1005 ιι
2877 952 2896 1021 )
2925 966 2940 1016 ;
2985 959 3039 1006 et
3071 950 3201 1006 illud
3221 993 3236 1019 ,
3270 951 3487 1008 Honore
3515 957 3593 1008 al-

2001 1053 2253 1096 terutrum
2280 1043 2644 1113 pra'venientes
2666 1042 2846 1114 (Rom.
2873 1043 2993 1113 xu),
3015 1053 3072 1099 ut
3090 1044 3208 1115 plus
3227 1047 3593 1118 unusquisque

2000 1133 2240 1189 consorti
2275 1149 2373 1190 suo
2393 1135 2631 1189 scientiae
2665 1143 2721 1191 et
2745 1134 3044 1190 sanctitatis
3093 1137 3393 1207 ascribens,
3449 1155 3596 1194 sum-

2002 1241 2144 1280 mam
2177 1225 2520 1282 discretionis
2577 1241 2726 1281 νει-ω
2777 1229 2831 1281 in
2882 1227 3110 1285 alterius
3139 1231 3311 1300 magis
3352 1245 3512 1302 quam
3541 1232 3593 1286 in

2000 1335 2104 1376 suo
2132 1319 2321 1376 credat
2348 1329 2497 1376 stare
2522 1320 2750 1391 judicio.

2615 1413 2841 1472 CAPUT
2869 1415 2980 1471 XII.

2009 1509 2178 1578 Quam
2213 1509 2275 1565 ob
2302 1527 2512 1565 causam
2541 1527 2644 1564 non
2676 1511 2891 1564 debeant
2913 1512 3202 1594 inferiores
3240 1511 3294 1566 in
3322 1509 3598 1565 collatione

2671 1591 2946 1636 contemni.

2079 1675 2237 1748 Saepe
2268 1684 2444 1732 autem
2476 1675 2698 1743 accidit,
2757 1676 2872 1732 sive
2916 1676 3165 1733 illusione
3213 1675 3432 1741 diaboli,
3486 1675 3598 1730 sive

305 1777 384 1822 est
394 1767 645 1822 evenire:
664 1777 687 1803 ι
702 1765 823 1856 Ipse
834 1768 970 1822 enim
984 1768 1208 1823 Satanas
1233 1769 1566 1840 transﬁgurat
1583 1785 1636 1823 se
1663 1769 1714 1822 in
1737 1785 1900 1840 ange-
1933 1787 1982 1847 Β
2010 1769 2314 1824 intercessu
2327 1769 2531 1824 erroris
2544 1769 2786 1835 humani,
2809 1784 2920 1840 quo
2943 1771 3125 1826 nullus
3140 1778 3225 1826 est
3242 1771 3294 1824 in
3322 1770 3422 1824 hac
3438 1784 3600 1824 carne

307 1860 411 1914 lum
441 1861 570 1914 lucis
592 1859 800 1929 (llCor.
815 1861 914 1930 xi),
936 1869 994 1915 ut
1013 1861 1300 1917 obscuram
1314 1877 1379 1917 ac
1400 1871 1593 1918 tetram
1613 1861 1898 1933 caliginem

305 1966 560 2006 sensuum
593 1967 688 2020 pro
707 1967 841 2007 vero
872 1951 1073 2007 lumine
1101 1951 1343 2008 scientia:
1395 1951 1764 2009 fraudulenter
1816 1953 1899 2009 ef-

304 2041 488 2097 fundat
505 2040 670 2115 [Lips.
687 2044 740 2096 in
753 2060 919 2117 marg.
938 2043 1220 2117 oﬂ'undat].
1241 2045 1340 2110 Qui
1360 2045 1460 2100 nisi
1478 2045 1666 2100 humili
1681 2053 1733 2100 et
1747 2060 1900 2100 man-

305 2143 459 2188 sueto
471 2133 638 2189 corde
649 2137 910 2205 suscepti,
926 2136 1278 2192 maturissimi
1295 2137 1475 2192 fratris
1490 2138 1573 2193 vel
1589 2137 1901 2206 probatissi-

305 2226 373 2278 mi
393 2225 630 2281 senioris
644 2237 991 2284 reserventur
1009 2230 1263 2298 examini,
1282 2239 1335 2285 et
1348 2245 1534 2286 eorum
1547 2229 1754 2299 judicio
1773 2231 1898 2286 dili-

303 2328 492 2388 genter
502 2319 738 2392 excussi,
757 2321 1314 2392 autabjiciantur,aut
1327 2325 1660 2394 recipiantur
1678 2341 1706 2380 a
1723 2325 1901 2392 nobis,

303 2411 420 2466 sine
459 2411 625 2468 dubio
661 2423 985 2472 venerantes
1028 2418 1081 2472 in
1121 2419 1536 2489 cogitationibus
1573 2420 1768 2474 nostris
1807 2435 1905 2490 pro

303 2501 494 2572 angelo
509 2502 647 2558 lucis
661 2507 908 2576 angelum
925 2508 1298 2578 tenebrarum,
1315 2512 1632 2580 gravissimo
1648 2509 1904 2565 feriemur

303 2593 544 2651 interitu.
584 2595 612 2636 δ
645 2599 814 2666 Quam
857 2602 1150 2672 perniciem
1198 2604 1533 2674 impossibile
1562 2615 1646 2660 est
1674 2605 1904 2660 evadere

301 2689 605 2757 quempiam
626 2689 832 2759 judicio
862 2693 1083 2764 proprio
1108 2693 1505 2764 confidentem,
1547 2696 1651 2751 nisi
1670 2739 1684 2760 ,
1719 2695 1899 2750 humi-

301 2779 464 2835 litatis
483 2797 628 2838 verae
655 2793 866 2840 amator
890 2795 947 2841 et
970 2797 1257 2843 exsecutor
1285 2787 1534 2856 effectus,
1578 2789 1713 2844 illud
1752 2791 1895 2860 quod

302 2873 597 2931 Apostolus
623 2891 950 2948 magnopere
968 2879 1322 2951 deprecatur,
1380 2883 1528 2938 omni
1569 2883 1900 2938 contritione

2010 1863 2100 1931 qui
2124 1863 2234 1917 falli
2261 1863 2404 1918 velut
2425 1863 2591 1918 homo
2620 1878 2726 1918 non
2756 1863 2949 1933 possit,
2983 1874 3041 1918 ut
3065 1873 3121 1919 et
3160 1875 3182 1903 ο
3213 1864 3306 1919 ille
3330 1863 3596 1919 interdum

2010 1954 2103 2025 qui
2130 1955 2358 2011 acrioris
2407 1955 2604 2026 ingenii
2629 1954 2981 2026 scientiaeque
3002 1956 3225 2025 majoris
3267 1966 3372 2025 est,
3399 1955 3598 2026 aliquid

2011 2051 2202 2104 falsum
2226 2058 2407 2104 mente
2437 2049 2746 2119 concipiat;
2774 2058 2831 2104 et
2862 2049 2952 2105 ille
2985 2050 3073 2120 qui
3121 2049 3372 2104 tardioris
3401 2049 3599 2120 ingenii

2009 2157 2073 2197 ac
2120 2141 2345 2196 minoris
2393 2150 2478 2198 est
2527 2141 2748 2208 meriti,
2799 2141 2996 2198 rectius
3048 2140 3252 2210 aliquid
3311 2141 3602 2210 veriusque

2015 2234 2331 2304 persentiat.
2376 2235 2444 2289 Et
2474 2235 2672 2290 idcirco
2727 2234 2911 2289 nullus
2960 2231 2987 2272 ἀ
3035 2234 3160 2300 sibi,
3206 2233 3452 2304 quamvis
3493 2234 3600 2306 [ΑΙ.

2015 2325 2224 2398 quavis]
2254 2328 2478 2383 scientia
2510 2327 2790 2398 praeditus,
2840 2327 2987 2382 inani
3033 2337 3245 2383 tumore
3278 2326 3602 2398 persuadeat

2015 2419 2157 2488 quod
2185 2420 2353 2489 possit
2371 2420 2660 2475 collatione
2672 2419 2898 2475 alterius
2917 2435 3025 2475 non
3047 2435 3228 2489 egere.
3253 2419 3388 2474 Nam
3411 2420 3601 2474 etiam-

2015 2512 2061 2566 si
2087 2511 2347 2582 judicium
2371 2513 2488 2582 ejus
2529 2511 2797 2569 diabolica
2839 2527 2945 2566 non
2999 2511 3152 2566 fallat
3184 2511 3388 2577 illusio,
3417 2510 3603 2566 elatio-

2017 2602 2103 2658 nis
2126 2614 2304 2659 tamen
2329 2611 2385 2659 et
2413 2603 2678 2673 superbiae
2705 2602 2980 2674 graviores
3005 2602 3226 2672 laqueos
3257 2616 3363 2656 non
3389 2601 3599 2657 evadet.

2017 2694 2149 2762 Quis
2169 2696 2314 2750 enim
2340 2695 2440 2750 hoc
2468 2694 2569 2749 sibi
2591 2694 2792 2764 absque
2837 2695 3038 2764 ingenti
3093 2694 3290 2763 poterit
3340 2707 3602 2763 usurpare

2005 2789 2270 2858 pernicie,
2301 2803 2424 2844 cum
2456 2788 2560 2843 Vas
2587 2787 2873 2844 electionis
2899 2789 2952 2842 in
2974 2802 3082 2858 quo
3107 2786 3374 2850 Christus,
3410 2793 3468 2840 ut
3489 2785 3603 2855 ipse

1982 2879 2290 2951 'professus
2319 2889 2404 2937 est
2435 2879 2502 2954 (Il
2549 2879 2671 2936 Cor.
2722 2879 2874 2950 xm),
2895 2878 3234 2950 loquebatur,
3279 2879 3350 2934 ob
3381 2878 3483 2934 boc
3508 2891 3602 2932 so-

1377 3046 1637 3102 ALARDI
1675 3043 1910 3102 ΟΑΖᾸΞΙ
1947 3043 2523 3102 COMMENTARIUS.

374 3186 399 3214 ⁸
425 3175 803 3253 D._G_regori_us
818 3193 984 3253 sum
1004 3179 1280 3253 Moralium
1300 3179 1453 3253 (Cap.
1477 3181 1647 3249 22)ad
1664 3182 1791 3253 illud
1807 3181 1908 3237 Job
1933 3177 1981 3242 C
2015 3180 2223 3253 ciosior,
2254 3195 2356 3250 quo
2377 3177 2540 3253 magis
2561 3177 2791 3233 interior.

301 3263 390 3323 ξω
417 3248 592 3323 :_Quis
618 3249 857 3323 revelabit
881 3250 1067 3323 faciem
1098 3252 1384 3305 indumenti
1401 3248 1560 3323 ejus?
1590 3252 1894 3317 Leviathan,

304 3319 494 3388 inquit,
524 3320 618 3392 iste
647 3319 722 3389 (id
752 3328 854 3385 est,
888 3322 1154 3388 diabolus)
1179 3323 1328 3376 aliter
1349 3319 1616 3392 religiosas
1635 3323 1898 3378 hominum

303 3400 520 3453 mentes,
544 3391 699 3444 aliter
725 3407 841 3445 vero
882 3392 1002 3444 huic
1055 3394 1246 3446 mundo
1293 3391 1494 3448 deditas
1543 3404 1720 3448 tentat.
1755 3394 1897 3448 Nam

302 3463 476 3536 pravis
497 3461 636 3536 mala
659 3477 773 3536 qua
797 3463 1087 3536 desiderant
1115 3474 1289 3534 aperte
1314 3464 1489 3536 objicit
1507 3481 1526 3529 ;
1544 3466 1700 3536 bonis
1727 3476 1897 3536 autem

303 3532 522 3616 latenter
546 3533 822 3616 insidians,
865 3533 982 3616 sub.
1002 3532 1166 3616 specie
1195 3532 1484 3616 sanctitatis
1511 3535 1894 3616 illudit._lllis,

301 3602 435 3676 velut
460 3605 800 3676 familiaribus
821 3605 948 3665 suis.
963 3602 1192 3676 iniquum
1208 3623 1263 3660 se
1284 3608 1603 3676 manifestius
1633 3607 1858 3661 insinuat
1877 3602 1897 3673 ,-

300 3674 408 3729 istis
435 3690 578 3740 vero,
609 3674 746 3728 velut
793 3674 1072 3740 extraneis,
1104 3677 1377 3746 cujusdam
1423 3674 1571 3746 quasi
1613 3677 1898 3732 honestatis

301 3756 556 3815 prietextu
577 3762 630 3800 se
659 3746 858 3814 palliat,
894 3757 948 3800 ut
968 3747 1109 3801 mala
1127 3764 1245 3817 qua:
1271 3749 1344 3801 eis
1369 3747 1570 3818 publice
1603 3765 1707 3802 non
1738 3751 1892 3818 valet,

305 3827 434 3870 tecta
463 3817 610 3870 bona
635 3818 854 3870 actionis
885 3817 1131 3871 velamine
1157 3817 1580 3873 subintramittat.

372 3887 399 3926 ι)
437 3887 740 3942 Perniciem
788 3889 1165 3943 vocatdiaboli
1211 3889 1534 3945 illusionem.
1589 3891 1680 3947 Sic
1728 3890 1896 3947 abbas

302 3957 516 4029 Moyses
546 3959 726 4012 collat.
746 3957 783 4010 2
801 3973 922 4024 cap.
955 3962 1022 4014 10
1055 3977 1068 4013 :
1112 3959 1374 4025 Vera,ait,
1394 3963 1656 4030 discretio,
1682 3979 1783 4016 non
1797 3963 1895 4016 nisi

299 4045 415 4104 vera
449 4031 740 4104 humilitate
766 4032 1070 4104 acquiritur.
1120 4030 1300 4104 Cujus,
1327 4033 1638 4088 humilitatis
1665 4032 1775 4088 haec
1799 4035 1895 4088 erit

298 4102 480 4176 prima
493 4101 747 4168 probatio,
772 4101 814 4153 si
843 4103 1076 4176 universa
1098 4101 1199 4155 non
1219 4102 1387 4176 solum
1403 4120 1514 4174 quae
1530 4106 1727 4176 agenda
1753 4116 1892 4169 sunt,

297 4173 383 4224 sed
408 4172 568 4224 etiam
598 4187 711 4242 ane
749 4174 1069 4242 eugitantnr,
1118 4175 1375 4227 seniorum
1415 4172 1733 4229 reserventur
1770 4192 1893 4230 exa-

300 4243 452 4317 mini,
481 4251 536 4317 ut
581 4241 711 4317 nihil
755 4241 868 4317 quis
911 4245 1228 4315 suojudicio
1259 4246 1493 4310 credens,
1542 4247 1752 4299 illorum
1805 4264 1896 4317 per

297 4315 474 4366 omnia
500 4313 882 4381 deﬁnitionibus
921 4313 1226 4382 acquiescat,
1259 4317 1448 4384 etquid
1469 4319 1655 4370 bonum
1685 4319 1761 4370 vel
1784 4313 1894 4370 ma-

297 4386 401 4434 lum
451 4384 628 4436 debeat
662 4386 902 4455 judicare
952 4403 1126 4439 eorum
1167 4388 1442 4440 traditione
1478 4400 1768 4456 cognoscat.
1830 4391 1894 4442 Et

294 4470 409 4520 cap.
438 4455 687 4529 sequ-flia
722 4473 734 4507 :
771 4456 932 4529 Nullo
982 4473 1204 4529 namque
1241 4456 1346 4510 alio
1374 4459 1496 4511 vitio
1526 4455 1626 4510 tam
1653 4459 1894 4529 prtecipi-

294 4533 391 4577 tem
417 4527 658 4578 diabolus
689 4527 992 4580 monachum
1016 4528 1261 4597 pet-trahit
1288 4545 1347 4580 ac
1377 4529 1609 4594 perducit
1654 4527 1721 4582 ad
1751 4527 1890 4583 mar-

295 4603 411 4659 tem,
446 4612 605 4665 quam
631 4612 744 4648 cum
768 4615 878 4650 tum
907 4601 1142 4668 neglectis
1166 4597 1394 4652 consiliis
1417 4600 1676 4652 seniorum
1703 4602 1756 4652 in
1793 4617 1888 4654 suo

287 4668 490 4739 judicio
521 4669 826 4732 persuaserit
867 4686 926 4720 ac
956 4671 1254 4735 deﬁnitione
1291 4670 1584 4723 doctrinave
1608 4671 1886 4739 conﬁdere.

295 4737 417 4792 llzec
456 4739 566 4805 ille,
595 4740 684 4807 qui
707 4749 757 4790 οτι
802 4741 990 4793 eadem
1045 4740 1332 4794 collatione
1383 4742 1659 4809 complura
1706 4737 1890 4795 'rel'ert

290 4811 541 4871 exempla
575 4809 963 4882 monachorum
987 4821 1039 4862 et
1069 4813 1517 4864 auat-liorctarmn
1559 4813 1648 4882 qui
1675 4827 1770 4865 suo
1803 4815 1886 4866 ιιὶ-

292 4883 460 4932 tnium
488 4880 694 4946 judicio
723 4882 906 4934 toulisi
930 4923 943 4943 ,
999 4882 1050 4934 in
1099 4883 1449 4951 gravissimus
1497 4896 1549 4937 et
1579 4880 1888 4950 VsltlpetldOS

287 4967 509 5004 errores
541 4951 776 5016 prolapsi
803 4962 947 5005 sunt.
981 4951 1038 5007 S.
1077 4953 1377 5006 Durathcus
1407 4969 1570 5008 serm.
1608 4955 1712 5009 19:
1761 4953 1888 5008 Cum

289 5024 451 5074 sintne
476 5062 492 5087 ,
521 5022 715 5089 inquit,
740 5025 953 5086 subjecti
971 5025 1145 5076 multis
1173 5023 1491 5090 passionibus
1522 5028 1788 5091 pravisque
1810 5025 1890 5092 af-

289 5095 530 5158 fectibus,
577 5106 749 5146 nostra
796 5095 996 5162 judicio
1042 5112 1142 5147 non
1167 5095 1404 5147 debemus
1449 5099 1654 5148 omnino
1707 5098 1887 5162 ﬁdere.

293 5165 518 5224 Quando
544 5166 678 5217 enim
702 5181 886 5217 norma
918 5165 992 5216 vel
1048 5165 1223 5235 regula
1271 5180 1426 5216 curva
1471 5177 1544 5217 est
1577 5178 1625 5218 et
1656 5167 1848 5233 inflexa
1871 5208 1886 5229 ,

286 5237 729 5306 numquamquod
773 5238 1051 5288 secundum
1083 5253 1193 5289 eam
1239 5238 1480 5306 dirigitur
1508 5250 1698 5290 rectum
1739 5237 1891 5305 elfici-

288 5313 385 5375 t_u_r.
417 5307 509 5358 sed
549 5305 841 5359 distortum.
879 5306 936 5361 S.
1001 5305 1481 5375 Benedit'ttts’cap.
1540 5308 1574 5361 5
1628 5309 1886 5374 lit-gulae:

287 5372 488 5448 Nullus
518 5377 574 5448 in
604 5378 912 5430 monasterio
963 5379 1160 5445 praprii
1186 5372 1622 5448 sequatur'cordis
1654 5372 1890 5431 voltmta-
1927 5415 1934 5425 .

287 5453 406 5498 lem.
445 5446 508 5500 1).
538 5447 844 5501 Bernardus
870 5463 1034 5503 serm.
1065 5449 1101 5501 ‘2
1140 5460 1194 5503 et
1238 5446 1272 5502 ‘5
1317 5448 1383 5501 de
1416 5448 1835 5504 Resurrectione
1865 5467 1880 5502 :

289 5515 421 5589 Quae
451 5521 623 5589 major
653 5520 890 5586 superbia
937 5536 1044 5572 esse
1079 5531 1238 5585 potest
1268 5536 1418 5589 quam
1483 5521 1528 5572 si
1574 5537 1704 5573 unus
1734 5537 1883 5574 suum

288 5587 546 5642 iudiciuin
589 5592 830 5662 praferal
878 5591 1126 5662 universae
1188 5587 1591 5662 congregatiOnis
1647 5592 1883 5662 judicio,

286 5662 440 5733 quasi
507 5662 648 5713 solus
701 5661 903 5733 haberet
953 5661 1202 5733 Spiritum
1263 5661 1403 5715 Dei?
1441 5661 1508 5715 Et
1559 5661 1747 5716 iterum
1778 5679 1789 5713 :
1819 5661 1884 5715 In

284 5731 446 5802 corde
467 5735 662 5802 duplex
685 5743 758 5786 est
789 5731 954 5795 lepra,
981 5731 1195 5800 propria
1214 5733 1472 5800 voluntas,
1525 5743 1573 5786 et
1618 5733 1885 5802 praprium

283 5801 590 5870 consilium;
613 5803 761 5873 lepra
786 5815 1000 5874 utraque
1047 5803 1200 5858 nimis
1246 5805 1483 5870 pessima,
1514 5801 1671 5874 eoque
1715 5804 1884 5874 perni-

2085 3264 2106 3292 ο
2137 3251 2218 3306 Ob
2239 3248 2484 3323 eamdem
2513 3263 2730 3323 causam
2763 3263 2946 3323 q_uam_
2962 3256 3016 3323 et
3057 3248 3244 3323 titulus
3294 3248 3452 3319 hujus
3476 3264 3596 3323 cap.

2003 3325 2225 3398 pnefert
2256 3321 2317 3375 D.
2347 3321 2672 3398 Benedictus
2707 3319 2726 3390 (
2758 3317 2992 3398 Cap..3)
3037 3322 3257 3398 statuit,
3300 3317 3376 3374 ut‘
3403 3317 3600 3392 quoties

2004 3389 2184 3463 aliqua
2213 3393 2478 3462 praecipua
2501 3391 2702 3463 agenda
2720 3389 2849 3444 sunt
2893 3389 2946 3442 in
2985 3392 3293 3463 monasterio
3315 3436 3329 3460 ,
3359 3389 3600 3449 convocet

2003 3461 2160 3520 abbas
2187 3461 2384 3535 omnem
2407 3461 2861 3535 congregationem
2885 3501 2900 3524 ,
2935 3467 2980 3511 et
3011 3461 3148 3515 dicat
3187 3465 3297 3532 ipse
3326 3464 3464 3516 unde
3485 3467 3598 3535 agi-

2004 3549 2121 3600 tur;
2165 3542 2212 3587 et
2242 3534 2460 3605 audiens
2506 3532 2802 3605 consilium
2835 3531 3075 3605 fratrum,
3122 3541 3301 3586 tractet
3337 3537 3480 3602 apud
3501 3531 3592 3605 se,

2001 3617 2053 3662 et
2079 3598 2216 3674 quod
2241 3604 2416 3657 utilius
2437 3602 2948 3674 judicaveritfat‘iat.
2991 3598 3118 3654 Ideo
3162 3598 3592 3674 autem,'inqttit,

2003 3671 2176 3755 omnes
2199 3675 2268 3729 ad
2297 3671 2568 3755 consilium
2595 3672 2772 3755 vocari
2790 3671 3180 3755 dixintus,_quia
3206 3689 3342 3755 stepe
3386 3671 3594 3755 juniori

2001 3749 2257 3804 Dominus
2276 3747 2464 3801 revelat
2484 3744 2622 3810 quod
2650 3741 2834 3796 melius
2861 3753 2958 3796 est.
2991 3741 3090 3797 Ubi
3147 3741 3416 3813 respicere
3439 3747 3590 3802 vide-

2002 3831 2091 3874 tur
2137 3819 2264 3872 illud
2315 3815 2662 3887 Evangeliqu
2711 3813 3018 3887 {Conﬁteor
3066 3815 3228 3887 tibi,
3266 3813 3442 3881 Pater,
3465 3818 3593 3887 quia

1999 3889 2311 3944 abscondisti
2337 3889 2444 3940 hate
2464 3904 2496 3938 a
2524 3884 2840 3954 sapientibus
2868 3894 2916 3938 et
2939 3885 3293 3955 prudentibus,
3320 3897 3368 3940 et
3396 3884 3590 3942 revela-

1999 3963 2067 4014 sti
2097 3978 2158 4016 ea
2182 3960 2412 4028 parvulis
2465 3955 2680 4028 (Matth.
2735 3960 2839 4028 xi);
2863 3956 3080 4028 etillud
3120 3956 3362 4026 Apostoli
3397 3957 3440 4022 (Ι
3466 3959 3586 4014 Cor.

1998 4033 2110 4102 Xiv)
2147 4027 2254 4087 :Si
2274 4027 2484 4102 jnniori
2514 4027 2989 4102 rerelalumfuerit,
3019 4029 3190 4102 senigr
3234 4030 3588 4102 taceatsﬂittc

2001 4098 2327 4172 Sm'aragdus
2348 4101 2512 4172 abbas
2545 4098 2890 4172 inmeumdetn
2917 4099 3090 4172 locum
3121 4098 3333 4163 Regulae
3354 4119 3380 4172 κε
3414 4101 3586 4171 Swpe,

1999 4169 2428 4244 inquitfpropter
2466 4169 2768 4244 humilitatis
2819 4171 3062 4244 gratiam,
3114 4172 3311 4240 iuniori
3341 4169 3588 4229 Dominus

1997 4239 2186 4299 revelat
2209 4239 2347 4316 quod
2369 4244 2621 4316 seniorem
2644 4241 2810 4316 celat.
2839 4239 2959 4316 _Non
2985 4242 3114 4294 enim
3146 4257 3477 4316 personarum
3501 4262 3590 4298 ac-

1997 4329 2172 4387 ceptor
2198 4313 2270 4370 est
2315 4315 2486 4378 Deus;
2524 4315 2613 4366 sed
2637 4313 2688 4364 in
2712 4313 2848 4364 omni
2875 4321 3050 4378 letale,
3095 4314 3402 4387 conditione,
3436 4331 3586 4387 sexu,

1997 4385 2166 4457 gente,
2223 4388 2267 4440 is
2295 4389 2380 4457 qui
2429 4387 2567 4438 timet
2590 4399 2721 4457 eum
2743 4392 2985 4457 acceptus
3034 4391 3105 4436 est
3158 4385 3236 4436 illi
3252 4385 3464 4457 (Actor.
3483 4386 3585 4457 x');

1999 4451 2046 4511 Et
2074 4461 2126 4511 in
2154 4451 2337 4523 quibus
2369 4457 2496 4518 vult,
2520 4451 2886 4524 spirat_(_Joan.
2917 4456 3020 4523 ιιι),
3051 4463 3100 4507 et
3127 4451 3348 4524 gratiam
3383 4451 3589 4521 sapien-F

2008 4531 2094 4583 tia:
2118 4520 2346 4597 benignis
2369 4527 2642 4597 ministrat.
2677 4520 2801 4597 Non
2827 4520 3044 4597 enim'in
3088 4520 3270 4597 Daniel
3301 4540 3348 4578 et
3373 4520 3589 4581 Samuel

1993 4608 2194 4653 (etatem
2227 4594 2484 4659 discrevit,
2507 4594 2596 4648 sed
2626 4595 2847 4664 gratiam
2879 4595 3182 4666 ministravit
3210 4595 3442 4666 (Daniel.
3467 4613 3583 4660 xm,

2001 4671 2016 4723 Ι
2046 4670 2172 4738 Reg.
2198 4670 2300 4737 ιιι).
2331 4666 2458 4721 Cani
2502 4665 2638 4718 eni-u
2669 4672 2818 4738 sunt,
2842 4735 2851 4738 _
2879 4664 3004 4738 dicit
3055 4664 3328 4738 Scriptura
3357 4709 3372 4732 ,
3409 4685 3587 4722 sensus

1994 4735 2232 4810 hominis,
2259 4735 2306 4810 et
2331 4749 2456 4810 tatas
2483 4735 2751 4810 senectutis
2804 4735 2906 4810 vita
2927 4735 3258 4810 immaculata
3299 4738 3456 4810 (Sap.
3498 4738 3585 4809 ιι).

2067 4809 2317 4864 dScribit
2377 4807 2785 4874 Metapbrastes,
2818 4808 2875 4860 S.
2937 4808 3223 4861 Arsenium
3280 4807 3582 4876 cretititam,

1995 4881 2124 4936 licet
2153 4881 2544 4942 doctissimum,
2579 4889 2753 4930 tamen
2812 4876 3031 4942 majoris
3082 4877 3398 4932 humilitatis
3421 4897 3585 4936 exer-

1995 4953 2182 5006 cenda:
2204 4968 2361 5005 causa
2394 4963 2686 5004 consueSse
2714 4946 2874 5001 etiam
2905 4949 2956 5001 iu
2985 4948 3151 5004 rebus
3173 4949 3469 5004 levioribus
3493 4955 3582 5019 ju-

1997 5024 2208 5077 niomm
2235 5022 2457 5075 consilia
2487 5020 2773 5082 exquirere
2803 5027 2858 5072 et
2881 5019 3051 5087 sequi.
3079 5023 3136 5075 ὃ.
3181 5019 3306 5073 item
3334 5023 3587 5084 Augusti-

1997 5106 2116 5159 nus,
2145 5104 2322 5148 tantus
2355 5093 2611 5147 Eccle~im
2631 5091 2841 5155 doctor,
2878 5101 3018 5144 tanta
3046 5092 3146 5146 fuit
3187 5093 3504 5159 humilitate,
3531 5104 3589 5149 ut

1996 5167 2079 5219 vel
2108 5183 2133 5216 ει
2169 5169 2390 5217 nnuimn
2420 5179 2637 5234 quoque
2667 5163 2847 5214 doceri
2879 5175 2942 5216 ac
2983 5163 3187 5234 moueri
3245 5180 3302 5215 se
3339 5175 3578 5230 paratum

1995 5237 2264 5305 signiticc't
2297 5236 2378 5288 bis
2401 5240 2464 5287 ad
2494 5236 2550 5290 S.
2572 5235 2950 5303 Hieronymum
2975 5233 3190 5304 scriptis
3218 5233 3390 5305 (Epist
3449 5237 3534 5305 15)
3571 5256 3582 5289 ε

1996 5304 2285 5360 Idemidem
2311 5322 2436 5377 rago
2461 5315 2518 5358 ut
2541 5323 2618 5357 me
2639 5305 2854 5377 fidenter
2874 5306 3104 5375 corrigas
3129 5347 3144 5370 ,
3197 5304 3282 5359 ubi
3332 5306 3457 5359 mihi
3486 5308 3586 5360 hoc

1997 5395 2126 5446 Opus
2155 5395 2259 5431 esse
2301 5376 2634 5446 perspexeris.
2696 5376 3017 5444 Quamquam
3065 5380 3230 5434 enim.
3304 5382 3585 5431 secundum

1995 5449 2246 5502 honorum
2286 5447 2530 5501 vocabula
2580 5463 2693 5517 qua:
2713 5448 3091 5514 jamEcclesite
3146 5466 3268 5501 usus
3325 5449 3539 5501 obtinuit
3566 5491 3581 5513 ,

1995 5522 2320 5590 episcopatus
2341 5538 2386 5588 pr
2405 5520 2654 5590 esbyterio
2677 5519 2840 5582 major
2869 5520 2930 5570 sit
2951 5561 2964 5581 ,
3001 5527 3167 5572 tamen
3208 5519 3382 5571 multis
3412 5521 3462 5572 in
3504 5537 3582 5573 re-

1996 5591 2088 5644 bus
2144 5593 2460 5661 Augustinus
2510 5589 2827 5657 Hieronymo
2874 5591 3039 5643 minor
3082 5601 3184 5649 est,
3217 5591 3330 5643 licet
3369 5601 3523 5643 etiam
3550 5608 3584 5643 a

1997 5678 2194 5716 minore
2217 5665 2438 5730 quolibet
2498 5676 2598 5713 non
2652 5670 2718 5712 sit
2766 5662 3068 5731 refugienda
3124 5662 3205 5716 vel
3252 5662 3583 5733 dedignanda

1997 5735 2263 5788 correctio.
