4072 6324
323 223 462 288 i029

1382 223 1725 287 οοιιΑτιο
1761 225 1910 283 XVI.
1943 253 2020 268 —
2053 225 2143 284 DE
2180 225 2512 286 ΔΜΙΟΙΤΙΔ.

3448 231 3583 295 1050

319 337 448 404 bere
470 337 740 396 videatur.
772 336 945 396 Aliter
969 338 1112 394 enim
1141 344 1418 406 parentes,
1438 337 1598 392 aliter
1621 337 1901 408 cnttjuges,
1929 340 1984 402 Α
2005 353 2107 408 que
2134 339 2387 408 praecipui
2413 348 2569 406 sunt,
2603 337 2812 410 aliquos
2849 341 2950 400 sibi
2981 341 3072 412 qui
3097 351 3415 410 caterorum
3454 347 3584 406 δηθά

323 430 480 487 :liter
505 429 724 495 fratres,
752 430 910 486 aliter
931 430 1021 484 lilii
1041 429 1430 499 diliguntur,et
1455 428 1510 483 in
1547 428 1663 500 ipsa
1690 442 1903 498 quoque
2004 429 2116 486 ctui
2143 432 2636 502 superextollantur
2661 432 2924 504 excerpit.
3025 419 3062 434 κ

319 523 509 580 borum
534 522 822 580 aﬂectusm
851 521 1256 579 necessitudine
1298 537 1490 593 magna
1516 521 1766 578 distantia
1793 525 1899 589 est,

316 631 414 672 nec
435 616 725 671 uniformis
746 625 1029 685 parentum
1052 614 1270 670 dilectio
1293 629 1423 684 erga
1448 614 1896 673 ﬁliosinvenitur.

314 709 469 778 Quod
495 710 657 766 etiam
681 707 848 765 lacoh
876 707 1194 780 patriarcha:
1219 707 1478 778 probatur
1507 707 1777 778 exemplo,
1807 708 1900 778 qui

311 817 431 858 cum
461 813 609 858 esset
638 801 922 858 duodecim
973 801 1205 858 illioram
1261 810 1434 873 pater,
1475 816 1770 871 omnesque
1799 816 1897 871 pa-

311 903 464 952 terna
494 895 764 951 cbaritate
805 893 1075 965 diligeret,
1105 903 1287 952 tamen
1311 893 1664 965 propensiore
1697 893 1898 964 Joseph

310 986 499 1042 dilexit
519 985 739 1054 ali‘ectu,
770 985 920 1042 utde
941 999 1010 1042 eo
1028 993 1215 1056 aperte
1261 985 1540 1056 Scriptura
1570 999 1897 1042 commemo-

309 1091 390 1140 ret
418 1102 432 1137 :
467 1082 778 1138 lnm‘dcbant
801 1090 974 1138 autem
996 1082 1044 1137 ei
1067 1083 1254 1152 fratres
1277 1081 1381 1147 sui,
1407 1097 1467 1136 eo
1503 1080 1638 1152 quod
1658 1080 1895 1153 diligeret

310 1193 423 1231 eum
448 1186 596 1246 pater
623 1192 748 1231 suus
764 1173 974 1248 (Gener.
998 1174 1233 1246 xxxvu),
1253 1174 1482 1242 scilicet,
1509 1189 1618 1230 non
1643 1173 1787 1244 quod
1809 1174 1898 1229 vir
1936 1188 1939 1190 ·

304 1269 484 1338 justus
502 1277 556 1323 et
576 1278 729 1339 pater
752 1284 856 1326 non
871 1269 1028 1326 valde
1047 1267 1298 1340 diligeret
1313 1269 1476 1324 etiam
1490 1275 1738 1324 ceteram
1763 1282 1891 1337 pro-

307 1362 546 1424 lem,sed
572 1363 715 1433 quod
747 1363 928 1435 hujus,
955 1363 1076 1435 quia
1101 1373 1285 1435 typum
1316 1363 1526 1418 Domini
1551 1361 1888 1432 praeferebat,

306 1455 521 1510 aliectui
590 1455 804 1514 dulcius
849 1455 1244 1525 quodammodo
1288 1464 1449 1526 atque
1532 1454 1893 1524 indulgentius

303 1548 617 1604 inhaereret.
644 1559 670 1587 ι
717 1549 830 1606 Hoc
857 1549 1021 1605 etiam
1055 1552 1124 1605 de
1148 1550 1354 1604 Joanne
1387 1548 1711 1619 evangelista
1758 1547 1891 1616 legi-

302 1657 420 1698 mus
448 1640 854 1697 evidentissime
879 1640 1181 1712 designari,
1211 1655 1332 1696 cum
1377 1640 1446 1696 de
1501 1640 1618 1708 ipso
1647 1639 1843 1694 dicitur
1873 1657 1884 1692 :

2609 543 2837 604 CAPUT
2877 547 2997 602 XV.

2099 631 2181 688 De
2217 633 2300 689 his
2333 639 2427 709 qui
2465 637 2545 709 sel
2581 653 2731 709 suam
2767 639 2846 694 vel
2873 641 3092 709 fratrum
3129 645 3514 702 commotionem

2393 707 2807 764 dissimulatione
2841 707 3195 768 corroborant.

2073 796 2306 852 Econtra
2331 798 2598 864 novimus,
2640 800 2785 870 quod
2817 801 3018 858 utinam
3051 805 3384 863 nesciremus
3407 808 3422 862 l
3449 825 3583 866 none

1998 889 2176 945 nullos
2201 890 2422 945 fratrum
2445 901 2606 947 tantas
2635 907 2756 950 esse
2775 894 3148 953 obstinationis
3165 907 3326 970 atque
3345 901 3576 974 duritiae,

1997 987 2056 1034 ut
2086 978 2110 1018 ά
2141 995 2262 1036 cum
2284 981 2366 1037 vel
2395 996 2522 1038 suos
2547 976 2806 1042 adversus
2833 988 3053 1044 fratrem
3079 991 3161 1046 vel
3192 990 3371 1049 fratris
3391 996 3580 1053 advero

1995 1086 2114 1128 sum
2137 1087 2197 1127 se
2219 1073 2490 1129 senserint
2517 1075 2727 1131 animos
2743 1078 3024 1146 excitatos,
3052 1081 3119 1135 ad
3135 1081 3578 1143 dissimulandam

1993 1163 2194 1220 mentis
2217 1179 2327 1220 sum
2355 1165 2652 1233 tristitiam,
2678 1182 2797 1237 quae
2821 1185 2886 1223 ex
2918 1170 3282 1241 indignatione
3308 1177 3579 1234 alterutra:

1994 1257 2371 1312 commotionis
2393 1267 2581 1314 exorta
2609 1268 2729 1326 est,
2759 1261 3079 1321 secedentes
3108 1265 3176 1320 ab
3209 1267 3286 1324 eis
3311 1284 3444 1338 quos
3474 1271 3577 1327 hu-

1993 1350 2104 1406 mili
2134 1349 2502 1406 satisfactione
2529 1360 2690 1421 atque
2718 1354 2988 1424 colloquio
3032 1357 3202 1413 lenire
3238 1360 3572 1431 debuerant,

1991 1441 2199 1513 aliquos
2247 1443 2572 1512 psalmorum
2619 1442 2882 1514 incipiunt
2927 1447 3212 1506 decantare
3257 1455 3574 1516 Versiculos.

1991 1533 2093 1602 Qui
2121 1535 2244 1590 dum
2269 1545 2582 1606 conceptam
2614 1537 2794 1593 cordis
2822 1541 3231 1598 amaritudinem
3269 1545 3496 1604 delinire
3517 1564 3577 1606 se

1991 1639 2200 1700 putant,
2234 1632 2543 1688 insultando
2572 1644 2796 1704 augent,
2826 1637 2969 1706 quod
3016 1640 3196 1696 statim
3238 1645 3577 1714 exstinguere

300 1733 598 1804 Discipulus
625 1731 717 1788 ille
734 1749 882 1803 quem
907 1733 1150 1803 diligebat
1173 1731 1329 1788 Iesus
1370 1731 1391 1804 (
1407 1731 1566 1788 Joan.
1593 1729 1733 1802 xm),
1763 1746 1883 1786 cum
1916 1738 1964 1799 Β
1985 1733 2280 1796 pOluerunt
2303 1725 2349 1780 si
2379 1727 2549 1796 magis
2592 1727 2736 1782 anxii
2775 1735 2936 1799 atque
2963 1729 3193 1792 humiles
3221 1749 3342 1792 esse
3373 1738 3576 1796 voluis-

301 1825 487 1892 ntiqne
509 1823 674 1882 etiam
702 1823 944 1894 reliquos
986 1824 1235 1882 undecim
1262 1823 1516 1881 similiter
1564 1823 1768 1880 electos
1811 1823 1884 1878 ita

301 1916 574 1986 prmClplla
590 1916 877 1974 dilectione
896 1915 1209 1986 complexus
1232 1916 1326 1982 sit,
1339 1925 1399 1972 ut
1422 1915 1522 1972 hoc
1539 1914 1700 1972 etiam
1722 1929 1887 1970 evan-

297 2011 470 2079 geliea
519 2009 864 2066 attestatione
891 2009 1158 2080 designet,
1213 2010 1399 2067 dicens
1451 2025 1469 2066 :
1526 2007 1675 2066 Sicut
1723 2007 1885 2064 dilexi

298 2119 386 2158 vos
409 2143 426 2170 ,
451 2112 496 2158 et
517 2120 602 2158 vos
629 2103 830 2173 diligite
854 2103 1071 2159 invicem
1095 2102 1114 2172 (
1135 2102 1295 2160 Joan.
1325 2102 1466 2174 xm).
1512 2102 1590 2158 De
1612 2103 1807 2172 quibus
1827 2109 1885 2157 et

295 2195 421 2250 alibi
451 2195 654 2254 dicitur
685 2213 698 2249 :
733 2193 968 2268 Diligens
992 2211 1114 2252 suos
1134 2195 1224 2267 qui
1261 2202 1407 2252 erant
1455 2195 1508 2248 in
1552 2195 1764 2259 mundo,
1792 2209 1881 2248 us-

295 2303 394 2356 que
433 2287 486 2340 in
512 2287 666 2360 finem
691 2285 873 2343 dilexit
899 2303 986 2342 eos
1009 2285 1225 2358 (Ibid.).
1267 2286 1373 2344 Sed
1409 2285 1526 2342 haec
1551 2287 1709 2342 unius
1747 2286 1885 2342 dile-

295 2380 406 2434 ctio
436 2395 539 2433 non
557 2394 681 2449 erga
712 2379 957 2449 reliquos
983 2379 1280 2450 discipulos
1309 2390 1553 2449 teporem
1582 2378 1878 2445 cbaritatis,

295 2475 390 2528 sed
432 2471 462 2510 δ
491 2472 777 2543 largiorem
813 2487 941 2544 erga
976 2474 1120 2529 hunc
1146 2472 1696 2542 superabundantiam
1729 2487 1882 2528 amo-

295 2565 371 2620 ris
395 2565 690 2635 expressit,
707 2580 869 2636 quam
896 2565 947 2622 ei
968 2565 1295 2638 virginitatis
1324 2565 1661 2636 privilegium
1693 2571 1748 2620 et
1767 2579 1886 2619 car-

294 2658 383 2715 ois
413 2660 747 2728 incorruptio
780 2658 1114 2716 conferebat.
1146 2658 1276 2726 Qua
1309 2658 1514 2716 idcirco
1542 2657 1691 2714 velut
1718 2657 1887 2713 subli-

298 2752 438 2808 mior
459 2767 578 2807 cum
601 2751 830 2822 quadam
845 2751 1164 2821 exceptione
1185 2751 1446 2822 signatur,
1478 2753 1603 2823 quia
1630 2767 1738 2807 non
1764 2766 1884 2807 eam

296 2845 404 2900 odii
429 2845 784 2914 comparatio,
812 2844 909 2900 sed
933 2843 1240 2902 afﬂuentior
1285 2845 1460 2915 gratia
1506 2845 1887 2903 exuberantis-

295 2934 424 2995 simi
471 2936 674 2994 amoris
727 2935 962 2992 extollit.
999 2935 1131 2991 Tale
1158 2935 1286 3006 quid
1317 2936 1478 2996 etiam
1532 2951 1603 2992 ex
1657 2950 1884 3005 persona

297 3043 512 3098 sponsae
563 3027 786 3098 legimus
829 3027 886 3083 in
931 3025 1158 3084 Cantica
1203 3030 1562 3096 canticorum,
1609 3028 1882 3088 dicentis:

1987 1827 2129 1884 sent,
2163 1830 2220 1872 ut
2247 1827 2550 1888 opportuna
2581 1821 2923 1890 compunctio
2947 1830 3002 1876 et
3038 1824 3277 1892 ipsorum
3321 1830 3573 1885 cordibus

1986 1909 2341 1974 mederetur,
2373 1918 2428 1964 et
2474 1911 2695 1966 fratrum
2743 1912 2951 1969 animos
2998 1915 3272 1974 deliniret.
3319 1919 3449 1975 Nam
3483 1922 3576 1978 illo

1987 2001 2168 2072 utique
2199 2003 2360 2056 modo
2412 2003 2866 2072 pusillanitnitatis
2889 2046 2905 2071 ,
2937 2007 3102 2063 immo
3156 2011 3420 2080 superbia:
3463 2029 3577 2069 sua:

1985 2093 2175 2148 vitium
2205 2094 2456 2164 palpant,
2489 2103 2546 2152 et
2586 2096 2830 2152 nutriunt
2874 2097 3052 2167 potius
3079 2115 3238 2170 quam
3282 2105 3579 2174 exstirpant

1985 2184 2225 2242 fomitem
2267 2188 2606 2258 jnrgiorum,
2661 2191 2953 2248 Dominicis
3007 2194 3152 2251 illius
3197 2201 3575 2267 praeceptionis

1987 2275 2333 2334 immemores
2355 2319 2367 2343 ,
2397 2295 2500 2348 qua
2527 2280 2637 2334 ait:
2687 2280 2789 2345 Qui
2816 2283 3059 2338 irascitur
3101 2289 3255 2356 fratri
3299 2306 3396 2342 suo
3419 2330 3434 2356 ,
3459 2308 3577 2344 reus

1985 2371 2079 2424 erit
2099 2370 2303 2441 judicio
2336 2369 2549 2442 (Matth.
2583 2370 2668 2442 v):
2699 2373 2797 2441 Et,
2833 2373 2896 2430 Si
2923 2379 3224 2432 recordatus
3247 2383 3408 2450 fueris
3437 2386 3576 2454 quod

1987 2460 2146 2530 frater
2167 2470 2283 2516 tuus
2310 2461 2456 2517 habet
2481 2461 2682 2534 aliquid
2709 2464 2981 2520 aduersum
3010 2477 3078 2534 te,
3109 2469 3342 2541 relinque
3363 2473 3432 2525 ibi
3460 2493 3574 2527 mu-

1984 2567 2083 2606 nus
2111 2563 2256 2606 tuum
2301 2552 2370 2608 ad
2405 2555 2603 2620 altare,
2638 2564 2683 2610 et
2723 2556 2852 2611 uade
2886 2559 3030 2627 prius
3073 2563 3394 2617 reconciliari
3427 2565 3575 2619 fratri

1987 2653 2097 2711 tuo,
2128 2655 2177 2700 et
2205 2654 2330 2700 tunc
2354 2647 2558 2702 veniens
2581 2646 2763 2715 offeres
2789 2666 2974 2706 munu.
3003 2662 3143 2706 'uum
3173 2653 3359 2724 (Ibid)

2584 2738 2810 2798 CAPUT
2849 2742 2992 2799 XVI.

1990 2833 2142 2902 Quod
2166 2836 2323 2905 fratre
2351 2834 2626 2890 adversum
2653 2851 2745 2889 nos
2783 2835 2984 2905 aliquid
3011 2836 3225 2893 habente
3251 2840 3530 2895 simultatis
3555 2884 3570 2906 ,

2033 2943 2252 2981 munera
2272 2928 2571 2981 orationum
2585 2935 2876 2982 nostrarum
2893 2944 2926 2982 a
2947 2926 3169 2986 Domino
3189 2946 3518 3002 respuantur.

2059 3021 2118 3076 In
2145 3029 2350 3076 tantum
2386 3021 2548 3092 igitur
2580 3035 2686 3076 non
2712 3021 2826 3076 vult
2845 3035 2942 3078 nos
2969 3022 3113 3078 Deus
3140 3035 3324 3081 noster
3353 3028 3574 3083 alterius

301 3131 324 3162 ⁸
356 3120 608 3178 Ordinate
633 3122 686 3175 in
709 3137 790 3176 me
832 3121 1135 3177 alacritatem
1183 3121 1403 3194 (Cantic.
1438 3122 1527 3192 ll).
1557 3122 1685 3178 ﬂare
1739 3124 1884 3178 enim

1998 3113 2267 3183 despectui
2298 3115 2497 3170 habere
2518 3113 2787 3170 tristitiam
2807 3155 2824 3181 ,
2858 3125 2884 3153 °
2910 3117 3032 3172 utsi
3056 3118 3252 3189 aliquid
3285 3120 3572 3178 adversum

298 3225 384 3274 est
404 3232 531 3273 vere
551 3215 788 3271 charitas
814 3215 1060 3274 ordinata
1077 3255 1094 3283 ,
1117 3230 1238 3286 quae
1305 3215 1433 3272 odio
1478 3215 1682 3272 habens
1711 3217 1880 3271 nemi-

301 3327 448 3375 nem,
473 3308 732 3380 quosdam
757 3308 1074 3365 meritorum
1118 3308 1242 3378 jure
1272 3309 1392 3379 plus
1414 3308 1626 3379 diligit;
1656 3323 1882 3379 quaeque

300 3418 422 3458 eum
454 3401 782 3470 generaliter
801 3401 990 3472 diligat
1028 3411 1283 3466 cunctos,
1337 3401 1540 3470 excipit
1569 3411 1748 3456 tamen
1779 3402 1881 3457 sibi

301 3509 369 3550 ex
415 3495 496 3550 his
524 3508 663 3564 quos
701 3493 891 3552 debeat
931 3493 1192 3564 peculiari
1236 3493 1521 3550 adeotione
1565 3494 1880 3564 complecti;

294 3597 358 3644 .et
396 3602 613 3644 rursum
643 3588 780 3643 inter
805 3589 951 3657 ipsos
1001 3589 1092 3658 qui
1138 3588 1191 3643 in
1237 3586 1525 3644 dilectione
1561 3588 1756 3644 summi
1797 3598 1883 3644 at-

1987 3226 2086 3267 nos
2112 3209 2279 3266 frater
2307 3210 2578 3277 habuerit,
2605 3224 2705 3267 nec
2749 3227 2974 3268 munera
3002 3221 3182 3268 nostra
3209 3217 3486 3288 suscipiat,
3521 3219 3574 3273 id

1990 3314 2094 3371 est,
2129 3319 2227 3360 nec
2254 3303 2526 3360 orationes
2555 3304 2658 3360 sibi
2689 3319 2719 3357 a
2751 3304 2906 3358 nobis
2938 3306 3204 3373 permittat
3245 3307 3446 3374 tifferri,
3479 3308 3574 3364 do-

1991 3413 2094 3456 nec
2119 3399 2186 3455 de
2214 3397 2398 3453 animo
2447 3397 2564 3466 ejus
2591 3397 2858 3452 tristitiam
2902 3397 3047 3466 juste
3094 3399 3354 3467 injusteve
3385 3416 3576 3456 conce-

1991 3503 2135 3565 ptam
2161 3535 2178 3559 ,
2218 3493 2384 3550 celeri
2430 3492 2795 3548 satisfactione
2845 3493 3118 3547 tollamus.
3157 3492 3173 3530 ί
3205 3494 3389 3562 Neque
3431 3498 3572 3550 enim

1993 3588 2067 3643 ait
2093 3629 2109 3654 ,
2139 3588 2201 3644 Si
2245 3586 2393 3641 habet
2447 3601 2631 3642 veram
2685 3585 2958 3656 querelam
3007 3586 3279 3642 adversum
3328 3596 3377 3643 te
3415 3589 3574 3659 frater

1365 3725 1622 3782 ALARDI
1660 3725 1888 3783 GAZEI
1927 3725 2495 3784 COMMENTARIUS.

382 3854 406 3882 η
430 3844 494 3899 D.
525 3843 882 3916 Hieronymus
909 3843 1006 3899 lib.
1028 3843 1204 3916 primo
1226 3841 1488 3916 adversus
1515 3841 1888 3916 Joviniannm:

305 3914 556 3976 Joannes,
581 3911 771 3982 inquin,
799 3931 933 3969 unus
959 3911 1046 3968 ρξε’
1069 3911 1340 3985 discipulis
1359 3955 1374 3979 ,
1401 3913 1488 3981 qui
1525 3915 1769 3985 minimus
1787 3924 1894 3969 tra-

306 3988 449 4040 ditur
478 3987 636 4053 fuisse
663 3987 794 4040 inter
813 3985 1094 4054 apostolos,
1116 3993 1164 4039 et
1180 3983 1359 4058 (quem,
1375 3984 1504 4058 ﬁdes
1528 3983 1720 4058 Christi
1740 3987 1896 4058 virgi-

304 4075 420 4112 nem
444 4067 728 4130 repererat,
760 4057 899 4130 virgo
927 4057 1239 4125 permansit,
1270 4067 1315 4130 e_t
1343 4056 1457 4110 ideo
1488 4055 1605 4124 plus
1633 4055 1836 4130 amatur
1861 4074 1894 4112 a

309 4125 553 4192 Domino,
575 4137 622 4182 et
643 4127 889 4198 recumbit
909 4143 1063 4198 super
1082 4136 1256 4195 pectus
1271 4125 1396 4182 Iesu
1417 4143 1435 4192 ;
1455 4136 1502 4180 et
1526 4131 1663 4198 quod
1683 4127 1890 4195 Petrus,

306 4201 395 4270 qui
429 4217 639 4254 uxorem
688 4196 970 4262 habuerat,
999 4197 1315 4269 interrogare
1356 4213 1460 4252 non
1506 4196 1691 4266 audet,
1742 4199 1893 4253 illum

307 4280 454 4340 rogat
485 4280 537 4323 ut
559 4271 860 4340 interroget,
891 4275 997 4323 etc.

384 4341 410 4379 δ
438 4342 553 4395 Non
589 4339 730 4406 quod
751 4337 896 4394 alios
920 4337 1218 4406 apostolos,
1253 4337 1340 4392 vel
1365 4353 1470 4391 non
1502 4337 1774 4406 dilexerit,
1810 4341 1897 4398 vel

309 4412 486 4466 minus
511 4409 798 4476 dilexerit;
821 4409 915 4465 sed
943 4409 1064 4480 quia
1092 4415 1256 4480 certas
1277 4407 1680 4480 significationis
1705 4424 1895 4480 causa,

308 4482 397 4554 vel
441 4480 773 4537 castimoniae
823 4496 885 4535 ac
926 4477 1255 4554 virginitatis
1301 4477 1530 4554 intuitu,
1580 4497 1737 4554 suum
1769 4477 1897 4554 erga

306 4553 575 4610 Joannem
606 4566 841 4606 amorem
867 4595 881 4618 ,
927 4550 1095 4620 signis
1123 4550 1363 4622 externis
1389 4560 1442 4622 et
1467 4548 1721 4622 familiari
1769 4548 1900 4611 con-

310 4624 624 4688 suetudine,
657 4622 822 4691 magis
850 4619 1010 4692 quam
1034 4619 1171 4690 erga’
1192 4621 1326 4674 alios
1356 4619 1686 4679 exhibuerit,

385 4663 1334 4768 ξ’ἱίἶῖιίὶἲεὲξῖξῖιξζρῗῖιῖἔίεέξῖςᾶἐξᾶ
1357 4663 1809 4768 ἱξίξϊᾷῗὲζάέτηιν,
1840 4705 1900 4751 ιιι
1923 4663 1977 4725 Β

309 4766 442 4837 legit
471 4765 633 4820 etiam
662 4763 728 4818 Ι).
760 4763 1117 4837 Hieronymus
1156 4763 1211 4837 in
1259 4761 1567 4837 Ezechielis
1595 4761 1716 4836 cap.
1761 4783 1896 4823 xm.

310 4832 389 4892 Αἱ
418 4837 639 4905 Vulgata
683 4835 864 4905 versio
903 4832 986 4889 est
1013 4851 1026 4887 :
1058 4832 1325 4905 Ordinattit
1351 4835 1408 4889 in
1450 4853 1530 4891 me
1573 4832 1897 4898 charitatem.

310 4909 431 4975 Quo
474 4904 635 4960 inodo
664 4919 692 4959 a
722 4904 971 4960 Patribus
1008 4904 1371 4975 communiter
1417 4908 1633 4963 citatnr.
1661 4909 1798 4964 Vide
1834 4909 1898 4964 D.

311 4971 648 5034 Eernardnm
678 4989 843 5030 serm.
875 4977 946 5032 50
972 4976 1024 5028 in
1053 4971 1292 5029 Cantica.

383 5049 409 5086 ιι
442 5048 578 5103 iluic
625 5046 811 5102 itidem
854 5045 1044 5100 morbo
1093 5046 1429 5103 contrarium
1473 5049 1537 5102 D.
1581 5048 1902 5104 Benedictus

311 5121 551 5178 instituit
598 5129 661 5174 ac
713 5117 1044 5187 praescripsit
1088 5115 1392 5173 antidotum
1442 5118 1527 5173 his
1571 5119 1790 5172 verbis:
1839 5117 1902 5174 Si

309 5195 429 5264 quis
477 5191 641 5259 frater
667 5205 763 5264 pro
793 5187 972 5258 quavis
1001 5187 1216 5264 minima
1263 5201 1444 5264 causa
1468 5191 1528 5243 ab
1556 5189 1737 5264 abbate
1758 5188 1835 5264 vel
1872 5205 1904 5264 a_

311 5258 634 5340 quocumque
662 5258 834 5340 priore
857 5275 950 5314 suo
975 5258 1258 5340 corripitur
1285 5259 1504 5340 quolibet
1548 5259 1720 5323 modo,
1755 5258 1832 5313 uel
1861 5261 1905 5314 si

1993 3846 2188 3898 tamdiu
2208 3843 2411 3899 nullum
2435 3843 2553 3898 boni
2573 3842 2738 3917 operis
2755 3842 3067 3917 sacrificium
3086 3841 3372 3917 immolant,
3397 3862 3576 3917 quam-

1995 3917 2085 3970 diu
2104 3933 2133 3968 a
2157 3917 2509 3986 proximorum
2536 3913 2782 3967 charitate
2803 3913 3121 3967 discordant.
3139 3913 3416 3982 Scriptum
3433 3935 3575 3971 nam-

1993 4004 2091 4058 que
2120 3997 2228 4041 est:
2269 3987 2329 4042 Si
2354 3987 2508 4053 offers
2535 4002 2718 4039 munus
2747 3992 2889 4037 tuum
2918 3987 2986 4037 ad
3016 3985 3209 4053 altare,
3243 3998 3341 4042 etc.
3368 3987 3450 4040 Ex
3476 4006 3576 4057 qua

1995 4060 2343 4129 praceptionc
2368 4058 2686 4129 pensandum
2714 4065 2806 4120 est,
2835 4072 3054 4124 quorum
3092 4058 3260 4129 hostia
3287 4061 3574 4126 repellitur,

1995 4145 2149 4199 quam
2168 4127 2520 4184 intolerabilis
2549 4127 2704 4199 culpa
2726 4136 3060 4181 monstratur.
3116 4127 3249 4180 Nam
3291 4147 3403 4182 cum
3442 4136 3577 4184 mala

1996 4210 2184 4254 cuncta
2214 4201 2356 4254 bonis
2398 4199 2718 4272 sequentibus
2749 4200 3047 4272 diluuntur,
3075 4215 3349 4272 pensemus
3388 4214 3578 4268 quanta

1997 4272 2103 4325 sint
2143 4273 2279 4325 mala
2309 4273 2601 4336 discordiae,
2647 4286 2763 4340 qua
2782 4271 2882 4323 nisi
2912 4271 3430 4341 exstinctawfunditus
3461 4280 3576 4341 fue—

1997 4343 2122 4412 rint,
2153 4345 2338 4396 bonum
2383 4342 2768 4412 subsequinon
2811 4344 3126 4408 permittunt.
3158 4340 3290 4395 Vide
3331 4340 3577 4398 emndetn

1999 4411 2093 4467 lib.
2127 4428 2176 4466 tv
2211 4413 2416 4480 Dialog.
2446 4411 2566 4480 cap.
2599 4411 2808 4464 ultimo.

2075 4483 2094 4521 ί
2132 4484 2331 4538 Eodem
2363 4479 2475 4537 fere
2513 4479 2680 4534 modo
2706 4480 2768 4533 Ι).
2809 4479 3204 4550 Hieronymus:
3246 4481 3366 4535 Non
3396 4484 3529 4538 dixit
3561 4501 3579 4539 :

2001 4553 2064 4610 Si
2092 4563 2145 4607 tu
2173 4554 2329 4606 habes
2369 4552 2566 4618 aliquid
2609 4550 2852 4604 adversus
2902 4554 3110 4618 fratrem
3162 4561 3323 4615 tuum,
3352 4555 3440 4606 sed
3467 4572 3485 4608 .·
3517 4556 3580 4609 Si

2004 4625 2160 4696 frater
2189 4632 2308 4677 tuus
2330 4622 2482 4696 habet
2509 4621 2704 4691 aliquid
2733 4623 3002 4696 aduersum
3028 4631 3176 4696 te,‘t_tt
3197 4625 3374 4696 durior
3399 4641 3577 4678 recon-

2004 4691 2284 4750 ciliationis
2315 4693 2405 4747 tibi
2425 4694 2718 4762 imponatur
2746 4691 3040 4762 necessitas.
3085 4691 3292 4746 Clarius
3318 4693 3456 4747 idem
3487 4712 3580 4750 ex-

2046 4767 2171 4818 Iicat
2199 4772 2254 4819 et
2282 4763 2475 4818 asserit
2501 4761 2808 4817 Cassianus
2857 4761 2944 4815 lib.
2991 4776 3086 4814 vm
3136 4776 3254 4824 cap.
3290 4762 3382 4815 15:
3414 4765 3578 4830 Quin,

2031 4836 2199 4905 nquit,
2224 4835 2523 4905 plerumque
2542 4849 2629 4886 seu
2656 4829 2806 4886 lassos
2833 4837 3014 4901 fratres
3036 4833 3432 4905 ct__centristatos
3460 4852 3582 4889 con-

2009 4902 2303 4966 tentnimus,
2333 4914 2424 4958 aut
2439 4902 2571 4959 certe
2590 4919 2690 4957 non
2711 4905 2833 4957 uitio
2862 4913 3035 4955 nostro
3057 4902 3281 4956 dicentes
3308 4919 3394 4957 eos
3420 4905 3583 4970 υηρη-

2009 4993 2131 5042 sos,
2182 4977 2522 5046 despicimus;
2573 4979 2858 5028 animarum
2904 4973 3128 5046 medicus
3171 4974 3582 5046 etuoccultorunt

2010 5043 2592 5110 conscius,'occasiones
2631 5045 2917 5098 iracundia:
2941 5043 3112 5097 volens
3139 5043 3383 5096 radicitus
3412 5063 3442 5096 a
3472 5064 3584 5100 cor-

2011 5119 2156 5172 dibus
2188 5117 2374 5171 nostris
2402 5117 2634 5180 cvellerc,
2667 5133 2768 5170 non
2789 5116 2954 5188 solum
2983 5115 3028 5168 si
3057 5114 3163 5188 lassi
3193 5115 3461 5184 fuerimus,
3486 5121 3581 5188 ju-

2012 5190 2090 5242 bet
2121 5205 2212 5242 nos
2236 5189 2523 5250 remittere,
2547 5196 2597 5242 et
2620 5185 2940 5240 reconciliari
2968 5183 3209 5254 fratribus
3235 5187 3440 5250 nostris,
3469 5183 3584 5240 nul-

2013 5261 2213 5340 Iamque
2248 5260 2491 5340 adversus
2531 5258 2860 5340 eosOin‘juriw
2898 5271 2987 5340 seu
3024 5255 3247 5309 Iasionis
3291 5260 3585 5340 memoriam

314 5327 491 5390 leuiter
517 5327 728 5386 senserit
746 5332 978 5384 animum
1027 5329 1218 5397 prioris
1250 5327 1620 5401 cujuscumque
1647 5340 1826 5384 contra
1852 5345 1908 5384 se
2009 5327 2263 5394 retinere;
2293 5329 2386 5401 scd
2410 5330 2560 5401 etiam
2597 5328 2643 5401 si
2683 5327 2805 5401 illos
2843 5327 3108 5401 aduersum
3155 5341 3399 5401 nos,__seu
3419 5331 3583 5397 juste,

313 5407 526 5469 iratum,
557 5401 635 5457 uel
673 5410 1000 5462 commotum,
1043 5402 1278 5468 quamvis
1325 5402 1559 5465 modice;
1605 5417 1756 5465 mox,
1797 5402 1908 5454 sine

314 5492 484 5539 mora,
511 5474 710 5528 tamdiu
728 5481 1014 5542 prostratus
1034 5470 1087 5542 in
1115 5477 1182 5522 tet
1199 5487 1255 5522 ra
1283 5480 1401 5524 ante
1429 5471 1581 5542 pedes
1604 5475 1714 5542 ejus
1731 5475 1907 5541 jaceat

317 5546 668 5617 satisfaciens,
699 5539 858 5615 usque
883 5543 1006 5596 dum
1031 5539 1382 5596 benedictione
1411 5539 1745 5597 sanetur'illa‘
1762 5557 1904 5594 com-

317 5629 509 5743 mitti):
538 5686 830 5756 Gregorius
863 5685 918 5738 in
956 5681 1215 5756 Pastorali
1243 5684 1324 5753 (nt
1364 5691 1500 5753 part.
1527 5683 1734 5756 admoti.
1761 5682 1853 5750 25)
1880 5699 1898 5756 ξ

319 5752 674 5816 Δώηοηιηιίἱξ
698 5756 892 5818 inquit.
917 5761 1035 5808 sunt
1055 5752 1388 5812 dissii'mtcs.
1423 5763 1474 5806 ut
1497 5755 1723 5809 norcrint
1761 5755 1898 5815 quod

2015 5417 2102 5455 seu
2133 5403 2343 5468 injuste,
2365 5398 2548 5454 habere
2567 5399 2769 5468 aliquid
2797 5398 3110 5460 noverimus,
3138 5397 3374 5468 similiter
3397 5415 3585 5466 pl'tBCC-

2018 5473 2093 5541 pit
2115 5466 2380 5525 ut'munus
2403 5480 2630 5541 nostrum
2651 5466 3007 5541 relinquentes,
3033 5477 3132 5521 etc.
3167 5466 3430 5541 (litteram
3454 5485 3585 5534 quo-

2018 5537 2178 5596 modo
2198 5542 2311 5595 lure
2337 5540 2648 5608 accipienda
2681 5540 2810 5602 sint,
2833 5551 2886 5591 et
2907 5547 3168 5606 (illatenus
3199 5537 3350 5592 fratri
3376 5541 3465 5608 qui
3491 5555 3586 5595 nos

2013 5613 2300 5667 oflenderit
2349 5611 2688 5666 reconciliari
2734 5609 3049 5672 debeamus,
3082 5618 3363 5675 antequam
3395 5625 3588 5668 munus

2012 5699 2259 5739 nostrum
2288 5681 2579 5737 offeramus
2625 5682 2746 5735 vide
2779 5679 2975 5735 ibidem
3003 5686 3340 5736 annotatum.

2147 5863 2222 5870 -~-—~
2245 5861 2341 5873 ..ν-ο*
