4072 6324
503 277 637 335 1051

1541 271 1822 334 JOANNIS
1859 273 2169 334 CASSIANI
2205 274 2694 342 COLLATIONES.

3632 279 3784 345 1032

503 405 638 458 tuus,
672 391 906 464 relinque
929 391 1000 446 ibi
1031 404 1215 445 munus
1245 397 1388 444 tuum
1411 389 1478 442 ad
1508 392 1693 454 altare,
1717 401 1762 445 et
1790 391 1918 446 vade
1943 408 2086 462 prius
2111 397 2161 455 Α
2190 408 2288 450 nec
2318 393 2489 465 ipsam
2514 396 2802 450 verborum
2830 393 3213 464 proprietatem
3238 393 3410 452 bruta:
3442 400 3635 454 mentis
3659 410 3777 457 stu--

499 485 819 540 reconciliari
843 484 992 556 fratri
1015 492 1102 537 tuo
1115 501 1134 548 ,'
1157 482 1272 549 sed,
1299 481 1360 537 Si
1378 481 1678 537 recordatus
1692 483 1871 552 fueris,
1888 484 2080 555 inquit,

499 581 619 650 quia
642 579 806 650 frater
830 589 946 632 tuus
973 577 1121 631 habet
1150 575 1352 646 aliquid
1392 575 1661 630 adversum
1683 586 1730 632 te
1755 575 1970 650 (Matth.
2002 576 2082 648 v),

501 672 553 727 id
583 680 688 738 est,
716 672 875 726 etiam
902 669 949 725 si
979 668 1098 724 leve
1127 668 1328 739 aliquid
1358 683 1420 723 ac
1441 669 1547 724 vile
1576 667 1647 724 sit
1673 684 1782 740 quo
1825 669 2006 724 fratris
2033 670 2086 724 in

504 760 555 821 te
585 765 746 820 fuerit
773 765 1004 819 excitata
1033 763 1346 830 commotio,
1377 772 1433 818 et
1461 762 1563 818 hoc
1589 764 1900 818 memoriam
1943 771 2086 818 tuam

501 857 677 912 subita
706 855 1080 912 recordatione
1110 853 1442 926 pulsaverit,
1473 853 1613 910 scias
1642 862 1695 910 te
1735 853 1931 909 offerre
1961 869 2085 924 pre-

501 966 624 1005 cum
657 960 866 1004 tuarum
893 949 1154 1018 spiritalia
1185 963 1409 1003 munera
1440 963 1544 1003 non
1567 947 1790 1013 debere,
1813 945 1916 1001 nisi
1941 947 2088 1018 prius

499 1043 738 1114 qualibet
790 1057 854 1098 ex
900 1057 1061 1098 causa
1102 1050 1275 1097 ortam
1308 1041 1579 1095 tristitiam
1614 1040 1682 1095 de
1707 1039 1868 1095 corde
1912 1039 2089 1094 fratris

501 1135 732 1206 benigna
759 1135 1130 1191 satisfactione
1151 1134 1444 1206 depuleris.
1475 1134 1530 1190 Si
1562 1133 1726 1202 igitur
1753 1133 2089 1204 evangelicus

500 1245 683 1286 sermo
711 1229 872 1285 etiam
905 1245 1006 1300 pro
1034 1231 1303 1301 praeterita
1329 1237 1385 1284 et
1414 1228 1629 1282 minima
1681 1227 1954 1282 simultate
1978 1271 1992 1294 ,
2027 1242 2091 1283 ac

502 1323 570 1378 de
595 1323 804 1393 exiguis
824 1323 1012 1377 oborta
1037 1323 1235 1390 causis,
1263 1319 1580 1376 satisfacere
1607 1333 1706 1374 nos
1732 1316 2090 1374 irascentibus

501 1416 691 1487 jubet,
737 1416 862 1486 quid
891 1415 958 1470 de
1008 1415 1162 1470 nobis
1218 1413 1428 1468 miseris
1480 1412 1607 1478 fiet,
1641 1411 1731 1481 qui
1763 1419 2010 1466 recentes
2037 1418 2093 1465 et

503 1509 764 1564 maximas
789 1523 977 1564 causas
1008 1519 1301 1576 nostroque
1326 1518 1514 1561 errore
1542 1504 1859 1558 commissas
1877 1543 1891 1568 ,
1923 1501 2088 1571 perti-

504 1600 622 1656 naci
664 1599 1095 1654 dissimulatione
1119 1599 1516 1653 contemnimus
1539 1639 1554 1663 ,
1587 1605 1642 1651 et
1685 1594 1855 1650 inflati
1883 1604 2091 1649 tumore

504 1695 792 1760 diabolica,
824 1693 950 1747 dum
979 1690 1251 1746 humiliari
1283 1689 1653 1746 erubescimus
1674 1731 1689 1758 ,
1713 1697 1964 1742 auctores
1993 1700 2091 1740 nos

2186 500 2322 557 pore
2349 486 2640 542 discernat.
2672 487 2811 553 Quia
2836 501 2940 542 non
2962 487 3158 544 dicitur
3177 530 3192 554 ,
3218 487 3400 544 Omnis
3418 492 3505 561 qui
3533 491 3785 548 irascitur

2187 577 2506 648 alienigenae
2528 619 2545 646 ,
2593 595 2709 634 reus
2731 580 2827 634 erit
2847 581 3054 652 judicio
3076 623 3092 648 ,
3139 582 3280 651 quod
3307 581 3534 639 fortasse
3563 596 3785 655 poterat

2187 671 2482 726 secundum
2512 671 2724 726 illorum
2766 687 2982 728 sensum
3023 681 3212 728 contra
3248 687 3532 732 consortes
3574 688 3782 733 nostra:

2189 759 2317 816 fidei
2339 770 2396 816 et
2430 764 2804 818 conversionis
2827 766 3080 834 excipere
3101 807 3116 832 ,
3157 765 3253 822 sed
3282 769 3647 837 significanter
3676 787 3783 825 ex-

2190 857 2386 925 pressit
2409 856 2754 926 evangelicns
2782 871 2964 911 sermo
2989 855 3174 912 dicens
3201 875 3213 910 ε
3270 857 3450 914 Omnis
3473 861 3558 931 qui
3587 863 3781 914 irasci-

2191 955 2275 999 tur
2296 946 2446 1016 fratri
2467 963 2580 1013 suo,
2603 962 2723 1001 reus
2742 950 2837 1000 erit
2855 949 3058 1018 judicio
3081 947 3294 1021 (Mattn.
3315 950 3392 1020 v).
3425 951 3575 1007 Licet
3597 953 3785 1023 itaque

2190 1035 2219 1077 δ
2249 1039 2544 1094 secundum
2571 1039 2811 1109 regulam
2837 1038 3078 1095 veritatis
3118 1057 3332 1097 omnem
3362 1043 3630 1100 hominem
3672 1045 3782 1099 fra-

2191 1140 2327 1186 trem
2369 1131 2660 1188 debeamus
2689 1131 2935 1202 accipere
2958 1175 2973 1201 ,
3007 1145 3181 1189 tamen
3231 1136 3331 1190 hoc
3361 1136 3412 1190 in
3445 1138 3564 1191 loco
3603 1139 3783 1206 magis

2192 1221 2368 1277 ﬁdelis
2421 1236 2484 1276 ac
2537 1233 2736 1277 nostras
2801 1225 3227 1281 conversationis
3277 1229 3546 1299 particeps
3613 1245 3779 1299 quam

2191 1314 2438 1370 ethnicus
2465 1313 2645 1370 fratris
2668 1317 2930 1372 vocabulo
2961 1317 3296 1387 designatur.

2755 1429 2981 1486 CAPUT
3012 1431 3193 1486 XVIII.

2193 1522 2270 1578 De
2286 1523 2366 1577 his
2387 1523 2474 1591 qui
2499 1524 2801 1599 patientiam
2831 1526 3126 1599 mentientes
3144 1527 3212 1577 ad
3237 1526 3567 1580 iracundiam
3590 1530 3781 1599 fratres

2721 1594 2924 1649 silentio
2939 1600 3243 1650 accendunt.

2267 1687 2400 1743 Illud
2431 1703 2560 1742 vero
2581 1689 2740 1759 quale
2759 1699 2864 1754 εει,
2895 1689 3039 1758 quod
3073 1689 3338 1744 interdum
3363 1692 3622 1760 patientes
3651 1707 3784 1748 esse

507 1791 757 1844 fraterna:
788 1785 1016 1843 tristitia:
1037 1786 1394 1856 denegamus,
1427 1797 1490 1838 ac
1517 1781 1707 1839 rebelli
1753 1780 1940 1852 spiritu
1968 1779 2096 1833 sub-
2125 1777 2173 1838 B
2199 1794 2301 1836 nos
2331 1781 2620 1846 credimus,
2659 1781 2782 1850 quia
2811 1780 3142 1852 respondere
3183 1783 3576 1837 contemnimus
3606 1785 3787 1838 laces-

504 1881 596 1952 jici
638 1879 918 1951 praeceptis
950 1877 1160 1934 Domini
1214 1877 1568 1947 dedignantes
1592 1915 1607 1940 ,
1651 1889 1989 1944 nequaquam
2029 1887 2092 1928 ea

505 1974 593 2027 vel
617 1971 889 2027 observari
913 1971 1133 2034 debere.
1152 1970 1238 2024 vel
1266 1969 1476 2038 impleri
1501 1983 1657 2037 posse
1677 1966 2093 2021 contendimus?

506 2065 692 2135 quue
723 2066 780 2118 fit
808 2073 866 2118 ut
889 2062 1197 2133 judicantes
1238 2076 1362 2116 eum
1395 2059 1750 2130 impossibilia
1795 2058 1875 2112 vel
1909 2058 2096 2112 incon-

507 2172 638 2226 grua
670 2159 1014 2226 praecepisse,
1043 2155 1364 2221 efficiamur,
1411 2154 1709 2210 secundum
1748 2151 2093 2223 Apostolum,

509 2264 608 2302 non
636 2253 877 2318 factores,
906 2247 996 2302 sed
1018 2247 1223 2320 judices
1254 2247 1378 2317 legis
1410 2243 1666 2316 (Jac.tv).

1092 2359 1318 2416 CAPUT
1357 2358 1521 2414 XVII.

548 2456 627 2510 De
667 2457 744 2510 Itis
791 2457 878 2526 qui
929 2454 1228 2527 patientiam
1281 2450 1614 2527 stecularibus
1669 2449 1832 2527 magis
1880 2455 2063 2520 putant

791 2521 1185 2597 impendentium
1219 2540 1328 2577 esse
1355 2539 1508 2594 quant
1547 2521 1813 2592 fratribus.

583 2619 714 2675 Illud
740 2633 951 2689 quoque
971 2617 1170 2688 quibus
1201 2615 1455 2687 lacrymis
1484 2622 1564 2668 est
1598 2611 1929 2675 deflendum,
1958 2609 2103 2681 quod

517 2712 756 2768 nonnulli
787 2714 1010 2765 fratrum
1043 2724 1166 2765 cum
1195 2706 1396 2763 fuerint
1435 2704 1764 2762 contumelia
1813 2702 2107 2773 cujuslibet

515 2805 780 2861 sermonis
802 2803 1038 2868 accensi,
1067 2803 1112 2856 si
1141 2801 1364 2855 alterius
1391 2799 1692 2868 cujuSpiam
1712 2841 1728 2866 ,
1761 2796 1854 2867 qui
1882 2809 2001 2850 eam
2031 2795 2108 2849 le-

517 2901 635 2954 nire
661 2897 953 2961 desiderat,
985 2895 1234 2965 precibus
1285 2891 1614 2962 fatigentur,
1668 2904 1790 2943 cum
1843 2887 2111 2942 audierint

521 3007 855 3062 nequaquam
899 2988 1096 3044 debere
1117 2985 1380 3040 adversus
1409 2983 1630 3038 fratrem
1662 2980 1874 3051 concipi
1913 2980 2111 3034 retine-

519 3087 635 3140 rive
683 3082 958 3138 tristitiam
983 3122 997 3144 ,
1043 3078 1341 3134 secundum
1365 3075 1498 3130 illud
1525 3074 1667 3146 quod
1703 3073 1960 3142 scriptum
1989 3079 2108 3126 est:

2195 1875 2314 1940 siti;
2347 1874 2441 1930 sed
2492 1878 2566 1929 ita
2609 1887 2911 1931 commotos
2954 1876 3148 1932 fratres
3198 1892 3375 1932 amara
3418 1879 3787 1935 taciturnitate

2197 1968 2284 2024 vel
2336 1975 2484 2023 motu
2523 1977 2784 2038 gestuque
2835 1969 3080 2024 irrisorio
3124 1969 3539 2037 subsannamus,
3571 1983 3628 2026 ut
3681 1986 3785 2026 eos

2197 2060 2370 2131 magis
2397 2061 2463 2115 ad
2497 2061 2825 2115 iracundiam
2859 2063 3003 2116 vultu
3033 2063 3198 2116 tacito
3229 2077 3786 2133 provocemus,quam

2201 2155 2398 2210 tumida
2442 2154 2743 2223 potniSsent
2782 2154 3002 2210 incitare
3041 2156 3304 2218 convicia,
3340 2157 3391 2210 in
3418 2171 3483 2211 eo
3508 2171 3603 2211 nos
3636 2157 3794 2210 aesti-

2201 2257 2411 2302 mantes
2443 2247 2664 2302 minime
2683 2248 2825 2318 apud
2855 2249 3021 2304 Deum
3054 2263 3196 2314 reos,
3219 2249 3340 2319 quia
3368 2248 3504 2303 nihil
3532 2265 3628 2304 ore
3653 2264 3792 2318 pro-

2201 2341 2443 2406 tulimus,
2473 2341 2614 2412 quod
2661 2355 2760 2396 nos
2789 2352 2978 2397 notare
3015 2344 3288 2397 hominum
3312 2343 3517 2412 judicio
3537 2354 3624 2398 aut
3653 2357 3798 2398 con-

2203 2435 2460 2490 demnare
2506 2434 2800 2503 potuisset?
2843 2434 2996 2504 quasi
3040 2450 3166 2490 vero
3212 2435 3354 2505 apud
3401 2435 3566 2490 Deum
3618 2435 3798 2499 verba

2205 2525 2596 2590 tantummodo,
2625 2535 2679 2580 et
2710 2541 2816 2579 non
2850 2526 3118 2595 principue
3165 2527 3412 2581 voluntas
3464 2537 3681 2581 vocetur
3733 2527 3799 2582 in

2205 2620 2443 2691 culpam,
2473 2627 2528 2672 et
2563 2632 2697 2688 opus
2728 2617 2900 2671 solum
2939 2619 3167 2687 peCcati,
3201 2627 3256 2674 et
3284 2631 3388 2672 non
3416 2618 3575 2673 etiam
3605 2625 3799 2672 votum

2208 2726 2274 2766 ac
2305 2711 2634 2780 propositum
2666 2709 2933 2764 habeatur
2963 2713 3014 2765 in
3040 2703 3289 2774 crimine,
3321 2719 3409 2764 aut
3445 2708 3547 2764 hoc
3577 2719 3797 2763 tantum

2209 2805 2352 2876 quod
2380 2804 2748 2874 unusquisque
2771 2803 2961 2858 fecerit
2983 2819 3077 2874 per
3106 2804 3392 2874 loquelam,
3430 2814 3483 2859 et
3511 2819 3616 2858 non
3642 2805 3797 2874 quod

2212 2897 2373 2953 etiam
2403 2913 2498 2967 per
2525 2897 2948 2952 taciturnitatem
2980 2900 3159 2952 facere
3180 2897 3464 2964 studuerit,
3503 2898 3554 2951 in
3583 2896 3803 2967 judicio

2213 2992 2284 3047 sit
2311 2990 2684 3062 quaerendum.
2726 2989 2842 3045 Non
2871 2992 3014 3046 enim
3054 2991 3166 3045 sola
3208 2993 3588 3046 commutionis
3633 2991 3805 3046 illata:

2217 3083 2470 3154 qualitas,
2500 3083 2595 3138 sed
2623 3082 2787 3138 etiam
2839 3083 3175 3152 propositum
3229 3082 3492 3136 irritantis
3544 3082 3598 3136 in
3650 3097 3806 3136 noxa

522 3191 548 3217 ιι
585 3181 686 3246 Qui
710 3178 950 3232 irascitur
978 3175 1127 3246 fratri
1152 3189 1266 3238 suo,
1291 3187 1410 3225 reus
1429 3171 1526 3224 erit
1543 3169 1746 3242 judicio
1790 3166 2004 3238 (Matth.
2025 3163 2107 3236 v);

2219 3187 2319 3233 est.
2352 3177 2419 3232 Et
2463 3177 2666 3231 ideirco
2716 3189 2823 3231 non
2867 3175 3316 3246 quemadmodum
3351 3175 3585 3245 jurgium
3634 3175 3810 3230 fuerit

521 3285 596 3341 ct,
633 3274 728 3330 Sol
754 3289 854 3327 non
885 3269 1087 3325 occidat
1111 3283 1263 3340 super
1295 3263 1619 3320 iracundiam
1651 3273 1871 3317 vestram
1895 3257 2112 3333 (Ephes.

525 3368 629 3438 tv).
662 3366 1001 3436 proclamant
1024 3362 1206 3417 illico:
1249 3359 1304 3416 Si
1342 3372 1582 3430 paganus
1615 3355 1831 3426 aliquis,
1865 3354 1910 3408 si
1941 3368 2114 3408 sacu-

523 3460 655 3517 laris
687 3460 787 3514 hoc
829 3457 1084 3522 fecisset,
1141 3463 1232 3509 aut
1283 3452 1383 3507 ista
1429 3451 1700 3513 dixisset,
1753 3458 1900 3504 recte
1930 3446 2118 3502 debuit

524 3553 800 3611 sustineri.
829 3551 960 3620 Quis
1005 3558 1184 3604 autem
1235 3547 1371 3602 ferat
1401 3547 1618 3600 fratrem
1648 3553 1752 3598 tam
1781 3542 1961 3612 gravis
1986 3555 2118 3595 con-

527 3651 697 3704 scium
741 3647 914 3713 culpas
967 3651 1059 3697 aut
1109 3651 1218 3696 tam
1262 3639 1503 3694 insolens
1551 3638 1619 3692 de
1674 3651 1770 3690 ore
1817 3634 2115 3689 convicium

529 3734 926 3810 proferentem!
956 3732 1121 3801 Quasi
1144 3746 1276 3787 vero
1299 3730 1552 3801 patientia
1577 3727 1884 3783 infidelibus
1907 3733 2113 3780 tantum

528 3844 688 3902 atque
714 3829 990 3898 sacrilegis
1013 3837 1069 3883 et
1095 3841 1201 3882 non
1227 3824 1476 3880 omnibus
1513 3824 1584 3878 sit
1611 3821 1937 3893 generaliter
1965 3820 2119 3875 exhi-

527 3923 728 3991 benda,
754 3931 846 3977 aut
891 3919 1167 3976 iracundia
1211 3928 1398 3974 contra
1427 3916 1682 3986 gentilem
1726 3915 1884 3970 noxia
1928 3922 2115 3967 contra

530 4017 754 4069 fratrem
803 4013 952 4069 utilis
1004 4011 1357 4075 aestimanda,
1400 4025 1522 4065 cum
1567 4009 1750 4078 utique
1794 4006 2118 4076 perturbatae

531 4107 730 4162 mentis
773 4106 1039 4160 obstinata
1083 4103 1375 4159 commotio
1425 4116 1535 4156 non
1589 4099 1883 4165 dissimile,
1931 4108 2118 4153 contra

531 4199 774 4269 quemvis
815 4197 975 4254 fuerit
1021 4200 1252 4254 excitata
1278 4237 1294 4263 ,
1343 4195 1445 4250 sibi
1478 4193 1672 4248 inferat
1713 4191 2114 4246 detrimentum.

531 4294 754 4359 Quanta:
779 4301 958 4348 autem
985 4288 1362 4347 obstinationis
1381 4327 1398 4354 ,
1437 4286 1603 4341 immo
1633 4284 1900 4340 vecordia:
1929 4294 2032 4350 est,
2061 4294 2122 4340 ut

2217 3269 2530 3334 excitatum,
2583 3265 2677 3322 sed
2724 3265 2879 3336 cujus
2931 3265 3342 3335 conflagraverit
3398 3265 3549 3334 vitio,
3610 3281 3810 3320 verum

2213 3362 2409 3432 judicis
2455 3361 2621 3415 nosui
2670 3360 2944 3430 perquiret
2992 3374 3239 3414 examen.
3292 3369 3315 3398 ο
3357 3358 3595 3414 Aﬂ‘ectus
3648 3359 3808 3414 enim

2219 3453 2447 3522 peccati.
2480 3467 2586 3506 non
2633 3451 2768 3506 ordo
2811 3450 3236 3506 considerandus
3279 3459 3362 3505 est
3391 3451 3631 3504 admissi.
3657 3450 3813 3518 Quid

2219 3547 2362 3603 enim
2390 3544 2568 3600 differt
2598 3557 2778 3599 utrum
2819 3544 2940 3614 quis
2981 3543 3160 3613 gladio
3200 3544 3320 3614 ipse
3365 3543 3657 3613 peremerit
3690 3542 3814 3597 fra-

2225 3649 2381 3705 trem,
2423 3653 2491 3692 an
2521 3638 2697 3708 aliqua
2726 3636 2794 3692 ad
2825 3644 3051 3691 mortem
3080 3636 3267 3691 fraude
3307 3636 3651 3706 compulerit,
3677 3650 3812 3690 cum

2222 3733 2391 3803 ipsius
2439 3746 2561 3786 eum
2611 3729 2740 3784 dolo
2784 3728 2872 3785 vel
2919 3729 3146 3785 crimine
3189 3739 3399 3784 constet
3442 3730 3818 3784 exstinctum?

2222 3826 2372 3896 quasi
2398 3839 2531 3880 vero
2557 3839 2757 3879 caecum
2785 3824 2837 3878 in
2870 3839 3110 3894 praeceps
3140 3826 3302 3879 manu
3325 3825 3540 3895 propria
3568 3839 3679 3880 non
3704 3826 3818 3880 im-

2224 3919 2436 3988 pegisse
2481 3916 2735 3981 sufficiat,
2767 3931 2891 3972 cum
2931 3917 3179 3972 similiter
3207 3933 3332 3972 reus
3361 3919 3432 3972 sit
3455 3919 3547 3988 qui
3578 3934 3816 3988 pronum

2225 4021 2279 4066 et
2308 4011 2678 4064 imminentem
2713 4009 2821 4080 jam
2864 4009 3063 4075 fovete,
3096 4025 3218 4064 cum
3259 4011 3495 4080 potuerit
3524 4026 3818 4077 revocare,

2226 4102 2648 4170 contempserit;
2680 4112 2772 4156 aut
2804 4102 2898 4156 ille
2919 4102 3070 4156 solus
3097 4103 3150 4157 in
3179 4103 3406 4158 crimine
3433 4104 3504 4158 sit
3529 4104 3620 4173 qui
3647 4120 3821 4159 manu

2227 4210 2322 4249 sua
2355 4194 2660 4264 quempiam
2693 4193 3046 4264 laqueaverit,
3080 4204 3135 4249 et
3164 4210 3268 4249 non
3314 4196 3472 4249 etiam
3524 4196 3570 4250 is
3601 4197 3692 4265 qui
3726 4197 3823 4251 vel

2229 4285 2494 4356 paraverit
2527 4285 2610 4339 vel
2639 4285 2925 4355 ingesserit
2955 4285 3227 4355 laqueum,
3250 4285 3336 4340 vel
3366 4296 3516 4340 certe
3555 4302 3680 4340 cum
3709 4301 3823 4355 po-

1593 4445 1845 4504 ALARDI
1886 4444 2112 4501 GAZIEI
2150 4444 2710 4502 COMMENTARIUS.

612 4598 636 4626 α
665 4586 1092 4663 llassententias
1121 4583 1305 4663 videre
1329 4582 1456 4638 licet
1489 4578 1620 4635 alibi
1649 4577 1940 4646 explicatas
1968 4575 2110 4646 (Lib.
2138 4581 2194 4643 D
2217 4589 2336 4663 runt
2380 4594 2499 4645 vos,
2549 4581 2737 4650 fratres
2786 4581 2945 4663 nostri
2983 4584 3104 4636 estis
3129 4627 3144 4651 ,
3176 4592 3283 4640 etc.
3318 4583 3497 4656 (Joan.
3531 4588 3646 4658 xx).
3689 4587 3825 4646 lluzc

535 4677 625 4714 vtn
657 4658 833 4713 Instit.
866 4675 982 4729 cap.
1013 4658 1116 4729 Set
1145 4655 1256 4729 19)ἶ

608 4731 634 4770 b
668 4719 940 4795 Regulam'
965 4719 1358 4783 veritatis'dicit
1391 4725 1562 4794 ipsam
1586 4721 1671 4795 rei
1697 4721 2001 4795 veritatem.
2027 4719 2116 4775 vel

539 4805 682 4858 illam
733 4791 1055 4856 sententiam
1107 4791 1517 4867 eVangelica'tn:
1569 4793 1892 4867 Ontnesduos
1928 4791 2118 4854 fratres

537 4876 655 4927 estis
683 4872 896 4944 (Manli;
939 4872 1096 4944 xxtl),
1126 4863 1439 4944 etg'Notat
1489 4865 1712 4944 vero
1750 4863 2115 4944 Ilie‘ronymtts

539 4933 817 5013 (Aduersus
845 4933 1137 5013 Helvidio.
1182 4941 1238 5013 8)
1269 4947 1491 5008 quatuor
1530 4937 1695 4990 modis
1744 4937 1795 4988 in
1827 4933 2119 5013 Scripturis

541 5004 725 5069 divinis
749 5019 936 5085 fratres
963 5004 1252 5085 appellari,
1283 5004 1509 5085 natura,
1542 5017 1688 5085 gente
1709 5051 1722 5072 ,
1755 5004 2116 5085 cognatione,

541 5075 763 5153 affectu}
789 5094 835 5138 et
860 5075 1044 5138 rursus
1085 5081 1274 5150 affectu
1322 5080 1520 5153 duobus
1535 5075 1714 5153 inedia
1744 5075 1927 5153 fratres
1957 5075 2121 5153 norni-

523 5143 678 5222 nari,
721 5143 1022 5225 spiritaliter
1055 5143 1216 5225 (forte
1241 5151 1550 5225 specialiter)
1575 5160 1621 5204 et
1643 5143 1998 5225 communiter.
2041 5143 2124 5198 Ne

542 5219 774 5296 longum,
806 5227 994 5297 inquit,
1025 5219 1346 5297 faciamﬁad
1382 5219 1967 5297 estremaindivisionis
2002 5233 2123 5297 par-

544 5289 904 5362 temureuertnr',
928 5289 989 5350 id
1013 5289 1102 5359 est,
1133 5304 1180 5349 et
1201 5294 1391 5361 affectu
1415 5296 1600 5363 fratres
1627 5291 1748 5363 dici,
1782 5289 1921 5356 quod
1947 5289 2002 5363 in
2014 5290 2126 5363 duo

541 5371 816 5435 scinditur,
847 5358 900 5423 in
921 5358 1151 5436 spiritale
1175 5358 1306 5421 etin
1337 5358 1622 5417 commune.
1657 5359 1721 5414 In
1750 5361 1984 5429 spiritale
2013 5358 2122 5428 [AL

543 5439 817 5512 speciale],
861 5435 984 5507 quia
1023 5455 1195 5512 omnes
1227 5435 1512 5492 Christiani
1568 5435 2042 5512 fratresvocainur,
2072 5438 2127 5481 ut

541 5499 649 5564 ibi:
680 5499 815 5565 Ecce
854 5499 1005 5581 quam
1058 5499 1245 5563 bonum
1292 5516 1338 5562 et
1378 5522 1533 5581 quam
1562 5499 2130 5581 jucuitdttm_ftabitare

541 5583 730 5647 fratres
759 5584 811 5634 in
835 5570 1023 5636 unum!
1050 5581 1115 5634 Et
1139 5583 1191 5634 in
1216 5581 1319 5633 alio
1343 5570 1576 5643 psalmo:
1607 5576 1833 5647 aleator.
1862 5570 2122 5636 Narrabo,

540 5643 741 5718 inquit,
767 5671 948 5707 nomen
980 5664 1122 5706 tuum
1148 5651 1396 5722 fratribus
1419 5648 1562 5709 meis,
1589 5656 1662 5698 etc
1713 5643 1879 5722 Porro
1905 5647 1966 5722 in_
1987 5659 2125 5722 com-

538 5714 712 5782 mune.
733 5714 855 5792 quia
881 5742 1053 5780 omnes
1081 5714 1310 5776 homines
1335 5737 1397 5775 ea:
1426 5735 1529 5792 uno
1556 5728 1697 5788 patre
1717 5715 1831 5792 nati
1853 5714 1971 5792 pari
1990 5714 2122 5792 inter

537 5803 637 5849 nos
657 5785 992 5864 gerinanitate
1020 5797 1378 5867 conjungimur
1401 5806 1421 5845 :
1459 5785 1642 5856 Dicite,
1676 5787 1772 5853 ait,
1794 5787 1856 5838 iis
1885 5785 1971 5854 qui
1997 5785 2119 5837 ode-

2229 4651 2609 4720 Hieronymus.

2302 4733 2322 4759 ο
2353 4721 2430 4775 Ita
2453 4721 2794 4802 emendatum
2824 4721 2876 4802 in
2909 4723 3308 4802 liaceditione;
3332 4729 3577 4802 quamvis
3592 4728 3822 4802 piony-

2227 4795 2342 4868 sius
2380 4809 2500 4846 cum
2548 4807 2701 4868 n_tss_._
2723 4793 2866 4868 legat
2909 4792 3090 4868 (_Vide
3121 4797 3220 4851 col.
3254 4800 3288 4853 6
3311 4792 3426 4866 cap.
3456 4799 3514 4868 9)
3549 4792 3827 4868 .E/fectits

2225 4863 2608 4943 enim-peccati.
2651 4863 2821 4943 Magis
2871 4863 3045 4943 eni_m_
3066 4872 3314 4943 congruit
3361 4863 3824 4939 praecedentibus,

2229 4935 2315 4988 ubi
2347 4937 2420 4986 ait
2449 4950 2464 4988 :
2501 4934 2660 5009 Quasi
2690 4949 2808 5009 vero
2833 4936 2971 5007 apud
3001 4934 3168 4992 Deum
3193 4940 3341 4994 verba
3362 4934 3744 5009 iantummodo,
3774 4934 3828 4998 et

2225 5022 2327 5081 non
2357 5007 2616 5081 pratcipue
2644 5007 2880 5059 voluntas
2910 5017 3115 5061 uocetur
3145 5010 3196 5064 in
3225 5013 3466 5081 culpam;
3495 5024 3543 5065 et
3579 5030 3710 5075 opus
3730 5007 3832 5068 so-

2228 5078 2336 5131 lum
2359 5079 2654 5153 peccati,_et
2680 5092 2779 5153 non
2805 5081 2958 5153 etiam
2976 5092 3154 5153 uatum
3195 5098 3259 5153 ac
3276 5078 3590 5153 prepositum
3620 5083 3826 5138 habea-

2231 5159 2313 5222 tur
2354 5151 2406 5200 in
2461 5148 2691 5201 crimine.
2719 5149 2855 5214 Quid
2899 5151 3043 5204 enim
3074 5164 3158 5206 est
3185 5148 3409 5206 affectus
3456 5154 3665 5222 peccati
3711 5159 3828 5211 nisi

2232 5221 2500 5278 voluntas.
2535 5228 2717 5271 votum
2759 5234 2820 5273 ac
2867 5223 3201 5290 propositum
3254 5221 3566 5292 peccantis?
3607 5228 3829 5283 Sensus

2231 5299 2333 5352 cst.
2363 5305 2520 5367 quem
2550 5293 2716 5367 verba
2763 5301 2949 5360 aperte
2977 5305 3193 5367 sonant,
3220 5294 3358 5365 apud
3414 5295 3578 5349 Deum
3641 5301 3830 5367 magis

2232 5362 2465 5436 Spectari
2510 5360 2760 5436 affectum
2810 5377 2904 5414 seu
2935 5360 3270 5420 voluntatem
3322 5369 3616 5435 peccantis,
3652 5360 3832 5436 quam

2235 5431 2448 5502 modum
2493 5441 2548 5485 et
2573 5431 2817 5486 ordinem
2849 5437 3104 5502 peccandi
3141 5455 3153 5489 :
3191 5431 3336 5490 Deus
3360 5439 3493 5490 enim
3535 5455 3622 5492 cor
3647 5431 3831 5494 intue-

2235 5513 2316 5554 tur
2343 5504 2384 5570 (l
2417 5501 2544 5572 Reg.
2579 5503 2709 5570 xvr).
2757 5501 2863 5557 Cui
2900 5508 3076 5573 potius
3123 5509 3397 5561 contraria
3443 5510 3658 5563 videtur
3699 5510 3835 5566 hare

2235 5573 2561 5650 D;ooysiona
2605 5576 2946 5650 paraphrasis
2981 5595 2993 5628 :
3031 5577 3254 5645 Effectus
3285 5580 3415 5632 enim
3458 5584 3656 5650 peccati
3688 5599 3834 5650 pcu-

2227 5648 2430 5771 zqzndglsl
2451 5653 2549 5770 esit‘5
2579 5661 2678 5698 non
2725 5648 2889 5699 solum
2917 5649 3042 5702 ordo
3094 5650 3328 5717 admissi,
3356 5648 3474 5706 vide
3509 5666 3630 5720 cap.
3665 5648 3726 5708 II
3770 5665 3834 5711 et

2327 5731 2356 5771 c
2441 5752 2454 5768 .
2562 5757 2574 5770 .
