4072 6324
355 295 489 354 1055

1413 289 1752 349 COLLATIO
1791 286 1932 350 XVI.
1969 325 2040 338 —-
2077 290 2166 352 DE
2206 296 2539 356 AMICITIA.

3467 306 3610 371 103d

347 410 528 474 tuerit,
569 405 782 463 auferre
810 410 1065 462 noluerit.
1105 404 1182 460 lt‘a
1209 405 1369 476 igitur
1395 414 1577 464 tacere
1607 406 1740 463 nihil
1769 407 1931 477 prod-
1955 423 2009 485 Α
2033 410 2175 465 tibus
2219 413 2511 467 multitudo
2551 411 2811 479 venisset.
2861 429 3021 471 nemo
3064 416 3120 472 in
3167 426 3439 476 auctorem
3476 422 3605 480 vita

267 508 282 584 ς’
345 513 445 567 est.
497 502 540 556 si
587 501 790 557 idcirco
831 500 986 555 nobis
1025 499 1326 555 indicamus
1365 500 1660 567 silentium,
1692 511 1748 556 ut
1779 502 1922 570 quod

270 591 278 608 '
344 592 608 657 agendum
639 590 892 646 convicio
912 589 1226 653 fuerat.boc
1249 591 1613 648 taciturnitate
1642 592 1920 662 faciamus,

339 683 706 739 assimilantes
748 681 1008 753 quosdam
1052 689 1254 752 gestus,
1293 682 1488 752 quibus
1533 692 1587 738 et
1624 683 1714 739 ille
1760 700 1920 754 quem

343 786 534 831 curare
578 789 678 831 nos
726 775 989 846 oportuit,
1018 775 1407 830 vehementiori
1455 776 1765 832 inardescat
1812 776 1922 832 ira-

339 867 557 935 cundia,
595 874 651 922 et
701 880 799 922 nos
844 879 1008 936 super
1054 865 1169 921 haec
1215 866 1396 921 omnia
1441 865 1641 922 damno
1679 867 1827 922 illius
1857 882 1922 924 ac

342 959 644 1029 perditione
668 957 986 1024 laudemur;
1017 957 1171 1029 quasi
1206 973 1340 1013 vero
1370 959 1661 1014 nonetiam
1711 975 1774 1015 ex
1820 959 1921 1015 hoc

340 1052 453 1121 ipso
479 1052 601 1122 quis
631 1051 972 1107 criminosior
992 1052 1084 1117 sit,
1103 1051 1246 1121 quod
1265 1051 1489 1123 gloriam
1520 1053 1624 1108 sibi
1645 1053 1713 1108 de
1741 1052 1919 1109 fratris

338 1143 568 1200 voluerit
612 1143 916 1215 perditione
960 1146 1303 1214 conquirere.
1335 1145 1565 1216 Utrique
1593 1146 1736 1202 enim
1762 1156 1787 1184 ι
1812 1148 1918 1204 tale

337 1238 612 1294 silentium
644 1237 749 1293 erit
774 1238 1057 1308 aequaliter
1076 1239 1295 1295 noxium
1329 1257 1342 1293 :
1372 1241 1499 1309 quia
1519 1240 1662 1296 sicut
1690 1256 1920 1312 exagge-

339 1339 422 1386 rat
448 1331 504 1384 in
533 1329 755 1386 alterius
795 1331 961 1387 corde
1000 1331 1296 1401 tristitiam,
1328 1333 1399 1388 ita
1431 1334 1484 1388 in
1513 1349 1612 1389 suo
1642 1349 1749 1390 non
1795 1352 1922 1404 per-

340 1425 502 1479 mittit
553 1424 842 1495 exstingui.
889 1423 1090 1479 Contra
1129 1440 1266 1495 quos
1318 1425 1407 1481 illa
1461 1428 1741 1496 propheta:
1785 1429 1917 1485 satis

333 1518 552 1587 proprie
582 1526 664 1572 est
689 1517 895 1573 directa
925 1517 1232 1574 maledictio
1259 1533 1276 1574 :
1306 1517 1396 1573 νω
1415 1521 1502 1591 qui
1530 1530 1674 1590 potat
1697 1523 1918 1576 amicum

332 1625 479 1662 suum
503 1650 520 1676 ,
578 1609 782 1664 mittens
813 1609 886 1678 fel
910 1626 1100 1676 suum,
1131 1619 1179 1666 et
1199 1611 1464 1666 inebrians
1488 1623 1543 1666 ut
1572 1615 1785 1685 aspiciat
1821 1632 1918 1669 nu-

330 1700 545 1755 ditatem
574 1702 712 1772 ejus,
746 1702 970 1773 repletus
1009 1711 1083 1756 est
1125 1702 1409 1774 ignominia
1438 1722 1533 1775 pro
1555 1708 1724 1776 gloria
1749 1709 1915 1779 (Aba-

329 1809 437 1848 cuc.
472 1797 557 1862 ιι).
593 1792 727 1848 Illud
751 1809 964 1864 quoque
989 1795 1132 1864 quod
1159 1810 1257 1865 per
1283 1797 1449 1852 alium
1489 1798 1558 1855 de
1587 1801 1787 1855 talibus
1827 1802 1908 1857 di-
1939 1823 1989 1885 Β

328 1885 466 1941 citur
489 1903 503 1939 :
533 1885 673 1953 Quia
698 1887 864 1941 omnis
903 1891 1065 1957 frater
1090 1890 1433 1961 supplantans
1454 1894 1832 1964 supplantabit,
1863 1905 1913 1951 et

327 1980 487 2034 omnis
507 1981 700 2034 amicus
724 1980 1084 2052 fraudulenter
1104 1983 1330 2051 incedet,
1355 1994 1404 2039 et
1427 1987 1504 2040 vir
1525 1988 1739 2055 fratrem
1762 2005 1912 2043 suum

327 2072 580 2138 irridebit,
614 2081 664 2128 et
696 2077 963 2129 veritatem
989 2092 1094 2131 non
1131 2077 1392 2145 loquetur;
1412 2080 1750 2136 extenderunt
1774 2084 1913 2137 enim

330 2167 564 2236 linguam
592 2182 741 2220 suam
764 2169 914 2236 quasi
940 2185 1121 2224 arcum
1163 2171 1421 2227 mendacii
1451 2183 1499 2228 et
1541 2191 1644 2229 non
1683 2177 1914 2232 veritatis

328 2254 545 2328 (Jerem.
573 2258 669 2327 ix).
695 2258 856 2329 Saepe
897 2269 1075 2316 autem
1109 2261 1233 2318 ficta
1257 2264 1516 2334 patientia
1542 2268 1704 2322 etiam
1733 2268 1912 2324 acrius

326 2349 388 2404 ad
424 2349 758 2406 iracundiam
795 2367 953 2421 quam
998 2368 1180 2410 sermo
1209 2357 1508 2424 succendit,
1539 2368 1596 2414 et
1638 2360 1912 2415 atrocissi-

324 2457 438 2498 mas
459 2443 749 2500 verborum
789 2447 1123 2502 transcendit
1156 2449 1389 2520 injurias
1418 2453 1650 2522 maligna
1684 2453 1912 2508 tacitur-

324 2535 493 2601 nitas;
555 2535 838 2608 leviusque
891 2538 1194 2596 tolerantur
1241 2542 1583 2600 inimicorum
1655 2546 1905 2615 vulnera,

324 2643 480 2698 quam
528 2629 868 2686 irridentium
915 2632 1141 2688 subdola
1184 2633 1574 2694 blandimenta.
1603 2639 1680 2695 De
1707 2640 1908 2709 quibus

327 2727 544 2798 proprie
569 2727 767 2783 dicitur
790 2744 886 2798 per
908 2729 1224 2801 prophetam
1248 2749 1261 2785 :
1286 2730 1480 2788 Molliti
1510 2743 1626 2788 sunt
1649 2751 1908 2791 scrmones

325 2822 439 2891 ejus
468 2836 624 2886 super
651 2821 841 2887 oleum,
873 2831 922 2876 et
959 2821 1061 2892 ipsi
1105 2832 1229 2877 sunt
1253 2825 1438 2896 jacula
1467 2825 1640 2896 (Psal.
1675 2827 1805 2896 Liv).
1839 2827 1909 2883 Et

323 2911 448 2965 alibi
485 2909 550 2964 εδ
587 2911 757 2966 Verba
783 2911 1096 2968 callidorum
1133 2913 1336 2982 mollia,
1368 2916 1480 2970 htec
1501 2927 1675 2972 autem
1715 2919 1908 2984 feriunt

323 3004 372 3058 in
403 3005 692 3073 penetralia
716 3006 908 3060 ventris
933 3004 1115 3078 (Prov.
1149 3006 1326 3078 xxvr).
1365 3007 1568 3076 Quibus
1589 3009 1751 3064 etiam
1774 3009 1905 3065 illud

325 3107 503 3167 potest
529 3099 802 3170 eleganter
826 3101 998 3170 aptari
1029 3116 1045 3157 :
1070 3099 1138 3155 In
1161 3118 1249 3156 ore
1275 3118 1452 3171 pacem
1473 3119 1591 3158 cum
1621 3105 1786 3159 amico
1811 3121 1906 3160 suo

2029 512 2227 557 nostra;
2277 504 2368 558 illo
2405 505 2679 560 cruentior
2717 507 2922 562 exstitit
2956 508 3219 578 parricida
3267 527 3425 581 quam
3474 516 3594 584 qui,

2025 603 2250 650 cunctos
2285 595 2410 650 ficto
2442 597 2780 654 salutationis
2810 601 3016 655 honore
3049 604 3406 672 praeveniens,
3435 622 3600 664 oscu-

2025 685 2134 740 lum
2165 686 2406 742 subdola:
2428 689 2707 782 charitatis
2733 692 2978 762 ingessit.
3003 695 3097 750 Cui
3130 699 3407 764 Dominus,
3430 697 3596 782 Iuda,

2025 781 2215 850 inquit,
2241 781 2418 836 osculo
2459 780 2657 837 Filium
2688 784 2915 841 hominis
2952 789 3115 843 tradis
3139 788 3321 860 (Lacte
3351 780 3519 864 xxii)?
3548 795 3602 850 id

2023 880 2126 938 est,
2156 874 2461 929 amaritudo
2490 878 2880 944 persecutionis
2910 891 3072 949 atque
3100 882 3208 936 odii
3242 884 3320 937 tui
3355 883 3458 938 hoc
3480 896 3598 950 teg-

2023 982 2147 1022 men
2175 970 2468 1038 assumpsit
2496 985 2605 1040 quo
2623 970 2854 1026 dulcedo
2875 974 2984 1028 veri
3017 975 3218 1029 amoris
3245 976 3596 1044 exprimitur?

2020 1058 2278 1128 Apertius
2331 1075 2544 1131 quoque
2591 1077 2656 1118 ac
2703 1063 3078 1120 vehementius
3124 1081 3222 1136 per
3270 1067 3598 1136 prophetam

2021 1147 2049 1188 ει
2077 1150 2186 1206 vim
2210 1151 2371 1223 hujus
2391 1153 2595 1209 doloris
2622 1169 2911 1227 exaggerat
2936 1176 2948 1214 :
3007 1158 3272 1226 Quoniam
3295 1164 3339 1216 si
3359 1164 3599 1219 inimicus

2019 1257 2183 1308 meus,
2216 1244 2413 1313 inquit,
2439 1244 2792 1302 maledixissct
2825 1252 2975 1317 mihi,
3006 1254 3361 1308 sustinuissem
3392 1258 3595 1326 utique;

2019 1344 2067 1388 et
2090 1336 2133 1388 si
2163 1338 2207 1390 is
2226 1338 2315 1408 qui
2337 1339 2517 1395 oderat
2540 1356 2640 1409 me,
2667 1357 2819 1408 super
2840 1360 2921 1398 me
2955 1362 3140 1416 magna
3161 1349 3359 1403 locutus
3389 1351 3594 1424 fuisset,

2019 1426 2401 1482 abscondissem
2431 1447 2508 1484 me
2538 1431 2713 1497 utique
2738 1433 2802 1486 ab
2829 1449 2909 1488 eo.
2936 1433 3019 1489 Tu
3057 1453 3176 1491 vero
3207 1439 3361 1493 homo
3407 1445 3597 1496 unani-

2019 1520 2116 1573 mis
2142 1561 2156 1584 ,
2181 1521 2291 1576 dua-
2315 1539 2456 1576 meus
2489 1530 2537 1578 et
2557 1532 2704 1577 notus
2725 1541 2888 1589 meus,
2909 1528 3004 1598 qui
3025 1529 3180 1583 simul
3200 1547 3398 1586 mecum
3418 1534 3595 1590 dulces

2019 1613 2255 1681 capiebas
2285 1616 2446 1680 cibos,
2479 1617 2528 1670 in
2559 1617 2710 1672 domo
2743 1617 2842 1672 Dei
2884 1620 3264 1680 ambulavimus
3317 1643 3432 1680 cum
3471 1643 3594 1683 con-

2018 1723 2169 1763 sensu
2188 1707 2362 1782 (Psal.
2394 1709 2521 1782 Liv).

2602 1805 2830 1864 CAPUT
2855 1808 2998 1865 XIX.

2291 1896 2368 1952 De
2393 1898 2472 1952 his
2497 1900 2587 1969 qui
2608 1916 2674 1954 ea:
2699 1902 3054 1973 indignatione
3073 1906 3334 1978 jejunant.

2087 1989 2248 2045 Aliud
2279 2005 2491 2060 quoque
2523 1991 2808 2062 profanum
2843 1995 3074 2051 triStitia:
3111 2014 3282 2068 genus
3316 2010 3418 2066 est,
3446 2005 3591 2072 quod

2011 2079 2229 2152 dignum
2260 2085 2780 2141 commemoratione
2807 2101 2912 2141 non
2949 2087 3147 2157 fuerat,
3183 2092 3286 2146 nisi
3320 2093 3372 2146 id
3403 2109 3431 2147 a
3457 2111 3594 2150 non-

2012 2173 2181 2230 nullis
2212 2175 2470 2232 fratribus
2505 2177 2800 2233 scissemus
2825 2179 3064 2250 admitti,
3091 2184 3180 2253 qui
3209 2201 3332 2240 cum
3374 2188 3591 2242 tristiti-

2009 2267 2118 2324 cati
2147 2267 2350 2323 fuerint
2369 2270 2450 2323 vel
2471 2270 2624 2337 irati,
2647 2271 2715 2325 ab
2747 2273 2864 2339 ipso
2893 2274 3058 2329 etiam
3083 2280 3436 2346 pertinaciter
3465 2283 3592 2338 abs-

2013 2361 2185 2416 tinent
2219 2362 2367 2427 cibo,
2415 2363 2490 2417 ita
2533 2372 2622 2430 ut,
2654 2366 2796 2433 quod
2829 2367 2991 2422 etiam
3026 2369 3209 2425 dicere
3251 2373 3456 2442 absque
3486 2391 3590 2444 pu-

2011 2451 2144 2509 dore
2195 2467 2301 2508 non
2353 2468 2663 2524 possumus,
2698 2456 2776 2511 illi
2826 2458 2922 2528 qui
2973 2458 3099 2514 dum
3163 2462 3360 2531 placidi
3435 2475 3588 2531 sunt,

2017 2545 2366 2602 refectionem
2411 2547 2520 2602 cibi
2569 2563 2739 2617 usque
2787 2549 2853 2604 ad
2901 2549 3088 2605 horam
3147 2563 3359 2608 sextam
3388 2557 3499 2624 vel,
3531 2569 3590 2612 ut

2011 2639 2262 2703 multum,
2296 2654 2494 2694 nonam
2533 2651 2730 2711 negant
2757 2656 2815 2695 se
2843 2656 3004 2710 posse
3046 2642 3286 2708 differre,
3319 2661 3439 2702 cum
3468 2650 3588 2703 fue-

2008 2730 2120 2786 rint
2176 2739 2200 2768 ε
2231 2731 2450 2786 tristitia
2499 2732 2583 2787 vel
2628 2731 2817 2788 furore
2868 2733 3131 2804 suppleti,
3167 2737 3373 2806 jejunia
3423 2741 3588 2796 etiam

2007 2821 2243 2878 biduana
2285 2838 2394 2878 non
2428 2825 2692 2890 sentiant,
2726 2833 3042 2896 tantamque
3090 2829 3284 2884 inedia:
3325 2831 3589 2888 defeetio-

2010 2930 2134 2971 nem
2167 2915 2459 2970 iracundiae
2507 2917 2764 2972 satietate
2809 2927 3141 2976 sustentent.
3174 2921 3230 2975 in
3277 2938 3384 2992 quo
3423 2925 3589 2994 plane

2013 3004 2034 3045 ί
2069 3007 2340 3077 sacrilegii
2362 3008 2573 3063 crimen
2605 3008 2891 3063 evidenter
2918 3010 3223 3079 incurrunt,
3245 3013 3449 3082 ieiunia
3476 3017 3588 3072 sci-

2007 3101 2157 3168 licet,
2189 3117 2309 3170 qua:
2340 3101 2443 3156 soli
2479 3101 2590 3156 Deo
2631 3117 2730 3172 pro
2761 3102 3146 3160 humiliatione
3168 3106 3353 3162 cordis
3382 3117 3438 3163 et
3466 3125 3591 3179 pur-

324 3190 582 3262 loquitur,
614 3201 660 3246 et
696 3193 894 3247 occulte
920 3193 1063 3261 ponit
1087 3194 1133 3247 ei
1158 3194 1380 3248 insidias
1407 3193 1623 3266 (Jerem.
1655 3196 1761 3268 rx),
1790 3197 1908 3264 qui-
1936 3200 1981 3265 C
2012 3194 2234 3266 gatione
2274 3194 2528 3250 vitiorum
2579 3203 2705 3249 sunt
2754 3196 3069 3264 specialiter
3117 3196 3430 3265 oll‘erenda,
3493 3217 3592 3270 pro

321 3283 421 3340 bus
473 3295 654 3340 tamen
698 3286 866 3356 magis
908 3286 1175 3357 decipitur
1215 3288 1330 3357 ipse
1377 3289 1468 3358 qui
1515 3289 1732 3360 decipit.
1773 3291 1906 3346 Nam

325 3388 348 3415 ε
383 3378 489 3444 Qui
529 3387 789 3447 praeparat
818 3390 938 3433 ante
960 3379 1146 3449 faciem
1172 3381 1325 3435 amici
1350 3381 1434 3434 sui
1463 3391 1586 3452 rete,
1620 3384 1909 3438 circumdat

321 3469 461 3524 illud
487 3472 698 3540 pedibus
721 3473 862 3539 suis;
881 3482 929 3528 et
957 3475 1049 3544 qui
1091 3475 1224 3545 fodit
1275 3476 1476 3545 foveam
1517 3477 1752 3544 proximo
1785 3493 1905 3547 suo,

322 3563 509 3617 incidit
536 3563 589 3616 in
615 3579 729 3618 eam
758 3565 867 3634 ipse
887 3563 1070 3637 (Prov.
1099 3566 1269 3635 xxv1).
1298 3566 1538 3638 Denique
1559 3582 1682 3622 cum
1715 3583 1907 3638 magna

325 3657 390 3714 ad
421 3657 994 3730 comprehendendum
1029 3659 1310 3716 Dominum
1342 3677 1464 3718 cum
1495 3662 1684 3732 gladiis
1723 3670 1777 3717 et
1799 3663 1908 3718 fus-

2011 3284 2284 3340 diabolico
2335 3292 2548 3339 tumore
2599 3285 2916 3340 tolerantes.
2944 3285 3098 3352 Quod
3152 3288 3262 3343 tale
3307 3297 3391 3343 est
3435 3305 3497 3344 ac
3547 3293 3592 3346 si

2011 3379 2290 3433 orationes
2311 3387 2472 3447 atque
2493 3377 2761 3432 sacrificia
2790 3393 2898 3431 non
2928 3377 3060 3442 Deo,
3085 3379 3178 3432 sed
3195 3379 3479 3436 daemoniis
3505 3382 3592 3438 de-

2010 3470 2214 3534 ferant,
2231 3471 2490 3540 illamque
2513 3469 2804 3525 Mosaicam
2828 3471 3256 3539 increpationem
3278 3481 3591 3529 mereantur

2012 3561 2222 3625 audire,
2260 3561 2696 3628 Sacrificaverunt
2743 3561 3033 3629 damoniis,
3065 3570 3114 3616 et
3151 3578 3256 3617 non
3300 3555 3434 3631 Deo,
3486 3567 3590 3621 diis

2012 3671 2138 3728 quos
2159 3653 2466 3728 ignorabant
2489 3652 2671 3725 (Deut.
2698 3652 2880 3724 xxxii).

1391 3818 1647 3876 ALABDI
1685 3817 1916 3876 GAZIEI
1952 3813 2516 3874 COMMENTARIUS.

393 3965 420 3995 ι
452 3955 744 4012 Silentium
777 3955 880 4010 hoc
915 3970 1137 4024 pravum
1169 3963 1224 4010 et
1265 3970 1604 4025 perversum,
1636 3970 1756 4011 cum
1785 3955 1906 4026 quis

319 4043 385 4083 ex
416 4027 783 4082 amaritudine
804 4026 1088 4090 animi,vel
1120 4043 1190 4081 ex
1220 4037 1531 4095 contemptu
1554 4037 1645 4080 aut
1677 4027 1906 4080 derisio-

321 4115 389 4154 ne
413 4099 670 4166 proximi,
705 4107 870 4165 tacet,
903 4114 1001 4153 nec
1023 4099 1273 4167 dignatur
1299 4099 1471 4163 ipsum
1491 4097 1710 4165 alloqui,
1732 4110 1820 4150 aut
1855 4097 1903 4151 ei

320 4169 680 4240 respondere,
710 4183 818 4238 quo
866 4172 1035 4240 magis
1078 4184 1198 4222 eum
1233 4170 1407 4222 irritet
1436 4178 1490 4220 et
1521 4178 1796 4237 provocet.
1829 4168 1901 4223 De

321 4239 423 4294 tali
472 4241 691 4294 silentio
736 4241 968 4309 loquitur
1001 4239 1061 4293 D.
1091 4240 1386 4310 Gregorius
1434 4240 1528 4293 lib.
1559 4256 1588 4289 ν
1620 4239 1900 4294 Moralium

319 4310 479 4383 (Cap.
513 4313 787 4383 xxii).ubi
817 4311 926 4383 ait:
962 4309 1252 4383 Aliquando
1279 4311 1358 4383 ira
1387 4309 1680 4378 perturbato
1703 4314 1893 4373 animo,

318 4381 472 4450 quasi
501 4397 565 4434 ea:
585 4382 813 4450 judicio.
843 4381 1100 4434 silentium
1135 4381 1335 4441 indicit,
1367 4391 1536 4450 etquo
1565 4397 1616 4434 se
1647 4384 1785 4450 foras
1815 4396 1905 4450 per

319 4451 554 4524 linguam
595 4468 696 4504 non
734 4452 994 4524 exprimit,
1025 4451 1163 4504 intus
1195 4451 1414 4504 deterius
1445 4453 1690 4521 ignescit;
1718 4462 1770 4524 ut
1799 4453 1905 4502 ira-

321 4520 644 4589 tus'quisquc
665 4520 1056 4575 collocutionem
1087 4539 1232 4573 suam
1270 4520 1502 4591 proximo
1532 4523 1822 4582 subtrahat,
1853 4531 1903 4574 et

321 4594 454 4647 nihil
487 4593 720 4652 dicendo,
748 4608 900 4658 quam
927 4602 994 4644 sit
1019 4608 1224 4645 aversus
1252 4593 1406 4645 dicat.
1437 4592 1500 4644 Et
1523 4608 1903 4661 nonnumquam

319 4665 430 4718 Iure
475 4665 666 4716 silentii
711 4664 950 4716 severitas
993 4679 1084 4733 per
1139 4663 1424 4731 disciplina:
1476 4662 1902 4732 dispensationem

320 4738 547 4805 geritur,
569 4737 608 4786 si
642 4745 807 4786 tamen
849 4734 1063 4786 sollicite
1089 4733 1139 4784 in
1169 4735 1359 4788 intimis
1385 4734 1717 4805 discretionis,
1733 4736 1900 4803 forma

319 4804 598 4868 teneatur;
629 4820 1008 4870 nonnumquam
1038 4819 1175 4863 vero,
1198 4805 1320 4857 dum
1353 4820 1598 4857 accrnsus
1635 4804 1837 4856 animus
1867 4821 1899 4858 a

320 4885 577 4929 consueta
609 4875 863 4928 locutione
886 4875 1232 4944 restringitur,
1261 4891 1349 4937 per
1376 4891 1633 4928 acci’ssum
1661 4875 1898 4943 temporis

319 4947 531 5014 penitus
582 4962 614 4998 a
660 4946 880 5014 proximi
925 4943 1197 4998 dilectione
1239 4957 1552 5012 separatur;
1593 4954 1642 4997 et
1683 4947 1904 4998 acriores

319 5016 521 5068 stimuli
549 5016 616 5066 ad
648 5026 861 5068 mentrm
882 5015 1106 5075 veniunt,
1135 5032 1418 5085 causa’que,
1450 5031 1560 5081 qutB
1587 5017 1791 5084 gravius
1815 5031 1906 5069 ea:-

319 5102 417 5157 asp
449 5097 593 5145 rant,
617 5085 872 5157 oriuntur,
894 5095 1044 5153 atque
1082 5088 1140 5157 in;
1164 5087 1286 5138 irati
1317 5087 1466 5139 oculo
1495 5085 1700 5157 festuca
1718 5085 1772 5137 in
1798 5095 1904 5138 tra-

321 5154 437 5209 bein
468 5161 704 5218 uertitur,
739 5154 861 5206 dun
889 5157 965 5208 ira
997 5158 1048 5208 in
1076 5155 1250 5208 odium
1292 5166 1626 5223 permittatur.
1664 5154 1904 5208 Plerum-

318 5242 418 5297 que
447 5229 530 5279 ira
565 5243 651 5295 per
675 5225 754 5297 sil.
773 5227 934 5279 ntium
954 5226 1126 5279 clausa
1160 5229 1297 5280 intra
1324 5236 1539 5279 mentem
1566 5224 1904 5297 vehementius

319 5296 536 5362 aestuat,
563 5307 610 5349 et
638 5296 890 5349 clamosas
917 5297 1069 5348 tacita
1097 5313 1238 5350 voces
1263 5302 1480 5366 format;
1505 5296 1648 5350 verba
1675 5298 1768 5349 sibi
1787 5298 1872 5363 qui
1883 5327 1900 5337 ο

321 5365 419 5422 bus
449 5377 778 5439 exasperetur
802 5368 997 5439 objicit,
1024 5379 1069 5420 et
1090 5369 1242 5435 quasi
1266 5365 1319 5420 in
1350 5383 1521 5420 causa:
1541 5369 1772 5419 exatnine
1802 5383 1895 5432 po-

319 5440 430 5492 sita
459 5438 648 5490 durius
677 5438 974 5508 exasperata
1015 5441 1326 5506 respondet;
1351 5439 1522 5506 sicque
1547 5439 1602 5505 ﬁt
1626 5446 1680 5490 ut
1703 5448 1902 5502 pertur-

321 5507 480 5563 batus
508 5507 982 5581 animusbmajorem
1021 5511 1290 5576 strepitum
1333 5509 1412 5561 sui
1465 5509 1655 5562 silentii
1699 5509 1898 5581 sentiat,

319 5597 546 5649 eumque
592 5579 1024 5647 gravius‘clausa
1070 5580 1160 5633 ira:
1201 5581 1411 5649 flamma
1451 5587 1735 5632 consumat.
1783 5579 1905 5632 llaec

321 5648 646 5721 Gregorius.
681 5650 849 5704 Porro
873 5651 1160 5721 (silentium
1202 5648 1338 5704 alias
1379 5649 1638 5718 optimum
1670 5663 1791 5703 esse
1823 5663 1906 5702 re.

319 5720 569 5777 medium
593 5721 658 5772 ad
678 5720 1136 5789 comprimendam
1157 5731 1212 5777 et
1231 5722 1573 5790 mitigandam
1603 5731 1710 5774 tum
1729 5734 1902 5787 suam,

321 5799 407 5856 ιω
440 5817 452 5849 l
491 5792 722 5863 proximi
763 5794 918 5859 iram,
951 5793 1082 5846 infra
1111 5795 1342 5848 dicetur.

613 5889 885 5954 Ps'raon.
935 5888 1140 5961 XLIX,

1927 4773 1982 4832 D

2081 3951 2108 3991 δ
2140 3952 2201 4007 D.
2236 3952 2594 4024 Hieronymus
2629 3953 2794 4024 vortit
2822 3969 2836 4006 :
2875 3951 3044 4006 Verba
3087 3956 3388 4009 susurronis
3443 3958 3590 4024 quasi

2007 4024 2300 4100 simplicia,
2318 4033 2365 4076 et
2381 4023 2510 4100 ipsa
2538 4023 2839 4100 perveniunt
2879 4024 2950 4100 ad
2977 4024 3164 4100 intima
3199 4027 3374 4080 cordis
3403 4023 3590 4100 (Prov.

2006 4093 2176 4165 xxvr).
2207 4092 2302 4149 Cui
2351 4092 2547 4147 similis
2586 4096 2854 4148 sententia
2905 4094 3163 4148 Proverb.
3214 4112 3343 4151 xvm
3376 4092 3593 4152 :‘Verba

2007 4166 2248 4238 bilinguis
2273 4166 2437 4238 quasi?
2468 4166 2748 4235 simplicia,
2773 4175 2819 4217 et
2848 4165 2962 4234 ipsa
2999 4167 3295 4235 perveniunt
3330 4184 3493 4238 usque
3523 4173 3592 4224 ad

2003 4237 2249 4290 interiora
2280 4237 2485 4289 ventris.

2082 4319 2103 4346 ο
2143 4307 2294 4374 Vulg.
2331 4317 2508 4360 textus
2543 4323 2556 4364 :
2586 4306 2752 4360 Home
2779 4309 2867 4368 qui
2893 4306 3096 4361 blandis
3127 4308 3362 4378 fictisque
3391 4325 3560 4362 sermo

2006 4378 2155 4451 nibus
2184 4377 2408 4443 loquitur
2437 4379 2607 4451 amice
2633 4395 2744 4451 suo,
2777 4389 2881 4430 rete
2914 4380 3159 4448 expandit
3193 4377 3448 4447 gressibus
3474 4384 3588 4451 ejus

2007 4447 2191 4517 (Prov.
2225 4451 2400 4513 xxlx).
2436 4449 2535 4503 Ubi
2579 4447 2640 4500 D.
2684 4447 3046 4519 llierunytntts
3097 4458 3246 4502 notat
3298 4447 3585 4519 utrumque

2006 4520 2208 4587 eXponi
2235 4533 2416 4585 pOsse,
2448 4529 2502 4572 et
2529 4518 2784 4585 gressibus
2822 4519 2950 4588 ejus,
2985 4530 3036 4570 ut
3067 4521 3324 4586 gressibus
3354 4522 3481 4580 suis.
3501 4518 3578 4574 ex

2005 4593 2258 4662 ambiguo
2281 4591 2445 4642 verbo
2471 4588 2838 4662 Grteco,qu_od
2869 4599 2950 4662 est
2970 4591 3278 4662 περιϐάλλει.
3299 4591 3441 4659 quod
3477 4601 3583 4662 tam

2005 4659 2309 4726 expandere
2339 4674 2496 4726 quam
2541 4659 2877 4712 circumdare
2901 4659 3186 4724 significat,
3242 4668 3297 4714 et
3352 4674 3455 4711 tultl
3514 4661 3582 4714 ad

2005 4729 2180 4792 ipsum
2231 4732 2531 4782 lraudstum
2580 4729 2766 4782 referri
2801 4738 2974 4796 potest
2997 4729 3190 4799 :_Nam
3224 4731 3311 4794 qui
3344 4731 3473 4798 fodit
3504 4731 3586 4799 fo-

2006 4817 2146 4854 veam
2169 4803 2403 4870 proximo
2425 4815 2538 4861 suo,
2566 4800 2754 4852 incidet
2774 4801 2825 4851 in
2849 4816 2979 4852 eam.
3006 4796 3090 4851 Ita
3112 4799 3171 4867 ﬁt
3200 4811 3252 4850 ut
3278 4796 3406 4852 retin
3437 4796 3586 4868 fruu-

2006 4871 2214 4941 dulenta
2232 4888 2330 4923 non
2353 4879 2456 4923 tam
2470 4886 2586 4941 eum
2602 4872 2750 4941 cujus
2769 4871 3414 4941 gressibusiexpauduntur,
3431 4887 3586 4937 quam

2005 4940 2152 4995 illum
2168 4958 2306 5007 aqua
2320 4939 2710 5006 expenduntur,
2727 4940 3107 4994 involvant.Sic
3125 4947 3182 4991 tt.
3203 4939 3586 5010 ilieronymus.

2077 5011 2104 5048 ά
2139 5013 2391 5064 Mmoren
2441 5011 2575 5064 enim
2614 5010 2840 5081 dolorem
2887 5013 3024 5062 mala
3066 5012 3332 5081 ingerunt,
3365 5027 3480 5074 qua:
3526 5016 3589 5064 ab

2008 5088 2262 5137 extraneis
2300 5083 2613 5152 inferuntur.
2650 5080 2777 5135 Plus
2814 5099 2930 5134 vero
2970 5083 3020 5134 in
3053 5080 3196 5133 nobis
3235 5096 3294 5132 ea
3333 5090 3588 5134 tormenta

2007 5155 2241 5218 serviunt,
2271 5169 2387 5223 quia
2438 5151 2500 5205 ab
2540 5152 2642 5205 illis
2693 5155 2917 5217 patimur
2959 5151 3023 5205 de
3066 5168 3279 5219 quorum
3334 5153 3588 5203 mentibus

2007 5225 2455 5292 pra’snmebamus.
2481 5225 2602 5292 quia
2646 5240 2759 5275 cum
2812 5225 2998 5275 damno
3045 5223 3273 5291 corporis
3312 5225 3450 5292 mula
3494 5238 3586 5273 nos

2013 5295 2241 5346 cruciant
2269 5297 2471 5347 amissa:
2495 5291 2795 5362 rcharilatis,
2829 5293 2904 5347 ait
2935 5293 2993 5346 Β.
3030 5292 3320 5361 Gregorius
3350 5291 3583 5360 (llomil.

2008 5361 2077 5419 55
2103 5367 2153 5417 in
2180 5364 2427 5436 Evang.).

2085 5446 2106 5472 ε
2138 5431 2356 5490 l’hrasis
2382 5431 2638 5488 Cassiano
2665 5433 2962 5497 familiaris,
2993 5441 3052 5487 ut
3078 5447 3220 5500 saepe
3252 5431 3578 5486 notavimus.

2086 5503 2107 5542 τ
2150 5507 2285 5560 Cum
2336 5507 2672 5574 sacrilegium
2723 5505 2958 5570 generali
3014 5505 3230 5558 notione
3282 5507 3351 5556 sit
3405 5503 3584 5555 (mutis

2011 5577 2212 5632 abusus
2240 5577 2313 5630 rei
2345 5591 2537 5640 sacrae,
2563 5585 2619 5629 et
2640 5575 2704 5628 ad
2735 5575 2828 5628 Dci
2853 5576 3058 5628 cultum
3079 5574 3382 5635 destinata},
3412 5575 3582 5626 sacri—

2014 5647 2211 5715 legium
2238 5647 2504 5715 quoddam
2531 5647 2870 5700 committere
2909 5646 3116 5699 videtur
3141 5644 3231 5712 qui
3262 5659 3328 5698 ex
3362 5644 3580 5697 iracun-

2013 5719 2100 5772 dia
2127 5718 2208 5770 vel
2237 5717 2596 5785 indignatione
2624 5734 2651 5768 a
2679 5716 2812 5770 cibis
2834 5716 3067 5770 absuuet
3093 5726 3180 5768 aut
3207 5715 3435 5784 jejunat,
3461 5715 3584 5785 quia

2015 5789 2071 5846 in
2099 5804 2203 5862 quo
2235 5790 2398 5844 Deum
2421 5787 2605 5844 colere
2634 5789 2838 5856 debuit,
2863 5802 2984 5843 eum
3009 5786 3248 5840 offendit.

2998 5881 3079 5945 33
