4072 6324
309 347 450 418 1057

1373 339 1713 401 COLLATIO
1748 335 1891 400 XVI.
1915 370 1991 387 —
2016 329 2107 399 DE
2145 339 2470 401 AMICITIA.

3441 335 3586 404 {058

304 467 373 525 ad
419 441 789 536 placiditatem
833 457 1048 530 espleta
1099 455 1264 514 credis
1300 457 1548 514 satietate
1603 473 1883 530 cogamus,
1913 459 1964 520 Α
1991 459 2108 514 estis
2130 501 2144 524 ,
2183 457 2557 515 imbecillitates
2583 453 2912 529 infirmorum
2948 459 3196 516 sustinete
3243 455 3420 532 (Rom.
3453 459 3586 533 xv);

304 559 543 619 furorem
603 571 792 614 eorum
838 563 1022 610 nostra
1073 553 1292 608 lenitate
1351 541 1650 609 vincentes.
1701 549 1768 605 Et
1821 551 1895 604 ita

305 655 468 711 etiam
503 651 635 707 illttd
668 649 1040 722 Aposmlicum
1089 645 1464 718 intplebimus:
1490 643 1616 699 Noli
1646 653 1672 681 ι
1700 643 1834 700 vinci
1864 659 1895 696 a

304 749 462 814 malo,
487 747 580 802 sed
629 747 770 798 vince
819 745 872 797 in
905 745 1034 796 bona
1066 739 1256 796 malum
1281 739 1459 816 (Rom.
1491 739 1610 814 xu).
1638 739 1794 806 Quod
1828 737 1894 794 ab

305 837 413 893 illis
444 835 662 906 impleri
693 850 798 890 non
830 849 989 906 posse
1015 833 1378 888 certis~imum
1407 841 1512 896 est,
1543 832 1636 904 qni
1667 831 1759 886 illo
1786 831 1896 900 spi-

303 933 410 990 ritu
463 948 529 987 ac
581 943 794 986 tumore
842 929 1006 984 verba
1059 927 1295 982 lenitatis
1346 937 1511 996 atque
1571 925 1892 980 humilitatis

303 1025 580 1092 emittunt,
613 1031 673 1077 ut
705 1038 812 1078 non
845 1022 1020 1077 solum
1051 1036 1158 1074 non
1185 1021 1434 1089 mitigent
1463 1031 1784 1087 conceptum
1816 1021 1896 1072 fu-

304 1117 444 1172 roris
487 1114 823 1181 incendium,
855 1113 950 1168 sed
983 1115 1155 1182 magis
1191 1111 1324 1166 Illud
1365 1121 1472 1165 tam
1513 1111 1564 1164 in
1607 1125 1706 1166 suo
1734 1126 1894 1182 quam

303 1211 358 1268 in
415 1210 602 1266 fratris
643 1208 900 1264 commoti
951 1221 1116 1264 sensu
1165 1206 1360 1262 faciant
1407 1203 1770 1276 conﬂagrare,
1801 1205 1894 1276 qui

303 1313 481 1360 tamen
534 1301 700 1357 etiam
747 1300 796 1356 si
847 1311 1072 1372 possent
1099 1301 1279 1372 aliquo
1319 1299 1480 1353 modo
1509 1299 1612 1368 ipsi
1643 1299 1802 1354 mites
1831 1313 1896 1354 ac

303 1395 500 1469 placidi
534 1409 880 1466 permanere,
917 1407 1016 1450 nec
1047 1392 1126 1446 sic
1165 1391 1384 1462 quidem
1432 1390 1894 1460 aliquosjustitizn

303 1491 516 1547 fructus
542 1499 822 1558 caperent,
855 1504 980 1544 cum
1010 1487 1208 1542 damno
1241 1484 1474 1554 proximi
1501 1485 1770 1554 patientia:
1792 1485 1894 1540 sibi

304 1583 532 1656 gloriam
565 1581 938 1646 vindicantes,
969 1589 1024 1634 et
1053 1594 1151 1648 per
1189 1577 1294 1632 hoc
1335 1577 1402 1632 ab
1445 1576 1534 1630 illa
1581 1575 1894 1645 Apostolica

304 1675 569 1730 cbaritate
601 1671 927 1728 omnimodis
956 1671 1140 1734 alieni,
1175 1685 1293 1738 qute
1322 1685 1421 1721 non
1451 1667 1632 1736 quaerit
1661 1683 1776 1737 qua:
1799 1684 1895 1720 sua

303 1781 417 1826 sunt
444 1769 491 1840 (l
515 1767 638 1824 Cor.
667 1763 804 1838 xm).
839 1765 932 1822 sed
956 1781 1020 1821 ea
1047 1780 1166 1836 qua:
1193 1763 1449 1828 aliorum,
1481 1777 1588 1816 non
1627 1764 1788 1816 etiam
1819 1761 1894 1815 ita

1997 559 2092 606 et:
2127 551 2442 608 Alterutrum
2483 568 2638 608 onera
2677 565 2844 607 vestra
2883 561 3116 622 portate,
3147 559 3195 607 et
3225 555 3298 607 sic
3333 553 3589 627 adimple-

1997 643 2112 697 bitis
2138 645 2297 716 legem
2328 645 2518 700 Christi
2548 644 2750 714 (Galat.
2789 647 2883 715 vt).
2928 645 3230 716 Numquam
3254 647 3398 700 enim
3433 647 3587 702 inﬁr-

1997 753 2118 793 mus
2163 749 2427 794 sustentat
2470 741 2738 795 infirmum
2764 785 2778 808 ,
2841 751 2940 796 nec
2981 737 3213 796 tolerare
3259 742 3461 812 poterit
3497 747 3592 798 aut

1996 845 2188 885 curare
2215 831 2552 903 languentem
2583 835 2628 888 is
2667 835 2760 904 qtti
2798 833 3048 890 similiter
3074 843 3330 903 mgro‘tat;
3374 835 3467 890 sed
3500 833 3590 892 ille

1997 923 2260 978 medelam
2293 927 2479 980 tribuit
2503 927 2796 992 ittibecillo,
2830 929 2920 998 qui
2961 923 3318 982 imbecillitati
3343 928 3458 999 ipse
3481 943 3590 984 non

1997 1013 2264 1085 suhjacet.
2311 1009 2504 1072 Merito
2537 1015 2678 1073 enim
2715 1019 2765 1075 ei
2797 1011 2995 1075 dicitur
3024 1035 3037 1075 :
3075 1013 3278 1075 Modice”
3300 1063 3316 1090 ,
3354 1029 3479 1076 cura
3509 1029 3589 1078 te-

1998 1110 2166 1180 ipsum
2196 1107 2378 1182 (Luca
2403 1109 2501 1184 tv}.

2565 1197 2796 1261 CAPUT
2829 1197 3022 1264 XXIV.

2001 1294 2154 1362 Quod
2175 1297 2370 1364 inﬁrmi
2389 1297 2631 1367 injuriosi
2650 1299 2770 1364 sint,
2791 1307 2838 1352 et
2862 1299 3079 1372 injurias
3098 1299 3234 1371 ferre
3249 1303 3348 1357 ndii
3371 1303 3587 1373 possint.

2067 1387 2373 1442 Notandum
2423 1393 2582 1445 etiam
2630 1389 2758 1444 illud
2793 1399 2916 1458 est,
2967 1387 3308 1448 intirnioruiii'
3341 1399 3591 1452 naturam

1997 1495 2117 1537 esse
2144 1497 2361 1551 semper
2389 1475 2686 1552 ejusmodi,
2721 1493 2777 1538 u't
2811 1487 3040 1557 prompti
3070 1485 3288 1558 quidem
3317 1501 3381 1543 ac
3410 1489 3592 1546 faciles

1997 1577 2104 1631 sint
2126 1577 2192 1630 ad
2217 1579 2570 1632 contumelias
2595 1577 2922 1649 ingerendas
2949 1593 3002 1636 et
3023 1581 3194 1652 iurgia
3224 1573 3589 1656 conserenda,

1999 1669 2098 1739 ipsi
2131 1685 2259 1724 vero
2311 1687 2378 1727 ne
2430 1672 2653 1727 minima
2685 1673 2904 1744 quidem
2949 1673 3160 1745 injuriae
3193 1677 3360 1733 velint
3412 1681 3593 1751 auspi-

1997 1763 2158 1819 cionc
2186 1765 2422 1836 contingi
2443 1785 2453 1819 :
2472 1782 2700 1836 cumque
2729 1765 3026 1823 inferentes
3046 1777 3293 1840 proterva
3324 1773 3588 1842 convicia,

307 1864 523 1924 divitias
548 1861 900 1932 concupiscit,
933 1869 992 1916 ut
1017 1861 1222 1914 lucrum
1249 1856 1350 1912 sibi
1381 1855 1449 1910 de
1473 1855 1701 1926 proximi
1731 1853 1896 1910 faciat
1925 1845 1972 1906 Β
1997 1859 2401 1916 inconsiderata
2433 1861 2840 1934 superequitent
2871 1863 3144 1934 libertate,
3187 1857 3255 1924 ne
3286 1884 3445 1938 parva
3475 1869 3595 1940 qui-

308 1956 662 2022 detrimento,
695 1969 793 2010 nec
845 1955 1128 2026 acquirere
1169 1951 1460 2024 quidquam
1503 1963 1625 2006 cum
1671 1949 1897 2006 alterius

307 2049 586 2107 desiderat
621 2048 888 2104 nuditate.

858 2138 1088 2196 CAPUT
1124 2137 1318 2194 XXIII.

377 2237 530 2306 Quod
559 2236 648 2292 ille
666 2237 732 2292 sit
759 2235 912 2306 {ortis
935 2246 981 2292 et
1009 2251 1166 2306 sanus
1192 2234 1280 2306 qui
1310 2231 1589 2288 succumbit
1615 2233 1828 2290 alterius

965 2305 1232 2360 voluntati.

376 2422 670 2481 Sciendum
701 2437 830 2476 sane
857 2421 1179 2490 generaliter
1208 2419 1362 2476 illum
1390 2428 1572 2488 partes
1601 2434 1760 2490 agere
1791 2417 1902 2474 for-

307 2517 474 2572 tiores
501 2517 593 2588 qui
621 2513 881 2570 voluntati
915 2513 1095 2568 fratris
1127 2529 1276 2568 suam
1305 2513 1522 2582 subjicit
1543 2513 1898 2584 voluntatem,

305 2627 462 2682 quam
493 2626 620 2666 eum
655 2610 748 2680 qui
785 2610 836 2664 in
867 2607 1222 2664 defendendis
1251 2607 1366 2662 suis
1402 2607 1809 2663 definitionibus
1839 2623 1904 2666 ac

306 2703 554 2759 tenendis
587 2700 914 2772 pertinacior
952 2701 1242 2756 invenitur.
1291 2699 1388 2756 Ille
1417 2701 1562 2756 enim
1591 2709 1902 2758 sustentans

307 2811 370 2854 ac
401 2797 640 2852 tolerans
669 2795 995 2866 proximum,
1028 2793 1144 2850 sani
1177 2807 1240 2848 ac
1271 2794 1452 2864 validi,
1487 2794 1574 2848 hic
1605 2803 1786 2850 autem
1821 2795 1906 2850 in-

306 2889 444 2945 ﬁrmi
463 2897 520 2944 et
541 2887 938 2960 quodammodo
959 2887 1272 2960 aagrotantis
1293 2887 1500 2942 obtinet
1523 2889 1722 2952 locum,
1742 2903 1900 2959 quem

307 2980 378 3036 ita
407 2980 619 3050 palpari
651 2995 872 3035 necesse
901 2989 985 3035 est
1011 2996 1074 3034 ac
1106 2978 1274 3034 foveri
1313 2978 1582 3034 interdum
1608 3023 1624 3048 ,
1655 2989 1712 3034 ut
1739 2979 1904 3034 etiam

308 3089 338 3129 a
369 3075 532 3129 rebus
563 3073 886 3128 necessariis
918 3083 1016 3144 pro
1045 3073 1163 3142 ejus
1209 3071 1390 3141 quiete
1419 3087 1482 3127 ac
1515 3087 1642 3142 pace
1683 3074 1905 3130 salubre

307 3165 376 3222 sit
405 3163 608 3234 aliquid
639 3163 888 3220 relaxari.
939 3163 996 3218 In
1036 3179 1144 3234 quo
1191 3164 1406 3234 quidem
1457 3181 1566 3220 non
1607 3181 1666 3220 se
1715 3165 1906 3222 credat

1999 1953 2312 2026 dematque
2345 1955 2617 2011 levissima
2652 1960 2923 2014 sustinere
2951 1961 3194 2016 contenti
3238 1969 3386 2016 sunt.
3435 1963 3591 2020 Ideo-

1999 2059 2140 2118 que,
2175 2057 2196 2086 ο
2232 2045 2528 2103 secundum
2574 2043 2886 2120 prmdictam
2927 2053 3202 2108 seniorum
3242 2039 3594 2124 sententiam,

2000 2139 2237 2196 Charitas
2283 2141 2493 2197 stabilis
2531 2151 2693 2213 atque
2721 2143 2990 2214 indirupta
3027 2161 3134 2200 non
3169 2147 3370 2217 poterit
3396 2149 3599 2220 perdu-

2001 2250 2126 2291 rare
2147 2278 2162 2302 ,
2196 2235 2298 2290 nisi
2329 2237 2468 2292 inter
2497 2235 2640 2294 viros
2670 2239 2916 2310 ejusdem
2965 2235 3181 2295 virtutis
3208 2251 3368 2311 atque
3399 2257 3596 2315 propo-

2003 2329 2114 2386 siti.
2163 2323 2194 2368 ἀ
2235 2327 2420 2414 Scitidi
2462 2335 2662 2387 etenim
2697 2349 2920 2389 necesse
2961 2343 3046 2390 est
3090 2350 3209 2391 eam
3253 2351 3599 2408 quocumque

2005 2431 2251 2492 tempore
2273 2467 2289 2494 ,
2336 2425 2670 2496 quantalibet
2701 2425 2863 2482 fuerit
2891 2429 3144 2485 cautione
3180 2419 3251 2485 ab
3275 2415 3447 2487 altera
3474 2423 3597 2487 cus-

2003 2515 2196 2574 todita.

2579 2605 2806 2667 CAPUT
2845 2607 3011 2668 XXV.

2081 2699 2430 2774 Interrogatio
2453 2739 2470 2770 ,
2509 2706 2766 2770 quomodo
2797 2705 2948 2772 fortis
2985 2705 3052 2760 sit
3079 2703 3169 2776 qui
3198 2693 3302 2762 non
3330 2687 3527 2766 semper

2517 2785 2770 2828 sustentat
2801 2777 2850 2828 in
2857 2777 3085 2844 ﬁrmum.

2079 2887 2383 2944 Germanus
2427 2903 2440 2942 :
2494 2885 2548 2942 In
2597 2903 2704 2960 quo
2747 2901 2878 2960 ergo
2919 2889 3208 2948 laudabili!
3245 2893 3468 2964 perfecti
3499 2893 3602 2950 viri

2007 2990 2190 3052 potest
2217 2997 2338 3037 esse
2365 2981 2620 3052 patientia
2639 3023 2654 3048 ,
2685 2982 2730 3038 si
2761 2981 2994 3040 tolerare
3035 3001 3144 3042 non
3175 2987 3431 3056 praevalet
3459 3001 3602 3044 sem-

2007 3089 2108 3146 per
2133 3075 2406 3131 inﬁrmum
2427 3075 2450 3130 τ

2579 3147 2808 3204 CAPUT
2848 3147 3042 3205 XXVI.

307 3259 428 3330 quis
474 3256 678 3326 aliquid
723 3255 792 3312 de
839 3271 935 3312 sua
981 3256 1316 3326 perfectione
1347 3257 1608 3314 minuisse
1633 3299 1648 3324 ,
1692 3259 1906 3314 tametsi
1930 3243 1977 3306 Ο
2083 3235 2403 3310 Responsio:
2436 3239 2576 3311 (ἴυοά
2604 3241 2840 3308 inﬁrmus
2863 3257 2917 3295 δε
2943 3257 3046 3295 ηοη
3071 3241 3208 3296 εἶπαί
3230 3245 3527 3300 sustenta".-

310 3349 566 3421 quiddam
607 3349 676 3404 de
723 3347 996 3419 [imposita
1037 3347 1376 3404 districtione
1419 3350 1906 3406 condescendendo

311 3443 686 3510 summiserit,
730 3443 826 3499 sed
870 3443 1178 3499 econtrario
1221 3443 1390 3498 multo
1442 3443 1675 3516 amplius
1716 3461 1775 3500 se
1809 3461 1909 3516 pro

308 3537 735 3610 longanitnitatis
767 3547 824 3592 et
851 3537 1128 3608 patientiae
1159 3536 1300 3592 bono
1343 3538 1558 3592 noverit
1585 3537 1904 3610 acquisisse.

311 3631 680 3704 Apostolicutn
703 3645 934 3702 namque
955 3639 1284 3702 praeceptum
1305 3638 1390 3686 est
1413 3647 1426 3684 :
1451 3630 1480 3671 δ
1513 3631 1617 3686 Vos
1643 3632 1732 3702 qui
1751 3632 1910 3702 fortes

2083 3351 2286 3424 Ioseph
2327 3369 2341 3407 :
2375 3350 2484 3407 Nec
2511 3367 2611 3421 ego
2640 3351 2756 3408 disi
2787 3351 2928 3423 quod
2953 3351 3102 3410 illius
3131 3355 3222 3425 qui
3254 3353 3414 3412 fortis
3437 3366 3522 3414 est
3539 3372 3608 3414 ac

2011 3447 2266 3504 robustus
2295 3448 2468 3503 virtus
2501 3449 2892 3520 tolerantiaque
2915 3451 3174 3506 vincenda
3199 3453 3309 3517 sit;
3339 3454 3433 3508 sed
3461 3454 3606 3523 quod

2011 3541 2210 3596 infirmi
2243 3539 2476 3611 pessima
2501 3541 2778 3608 valetudo,
2805 3541 2948 3596 illius
2979 3543 3070 3612 qui
3096 3551 3257 3598 sanus
3283 3553 3367 3600 est
3390 3553 3608 3600 susten-

2011 3635 2222 3690 tatione
2265 3633 2464 3688 nutrita
2489 3675 2506 3702 ,
2538 3640 2700 3703 atque
2741 3632 2799 3688 in
2827 3631 3064 3688 deterius
3093 3643 3116 3671 ο
3144 3633 3386 3704 quotidie
3424 3636 3606 3708 prola-

1395 3769 1644 3826 ALARDI
1681 3767 1916 3826 GAZ/EI
1953 3763 2516 3826 COMMENTARIUS.

312 3885 574 3956 quispiam
601 3925 615 3948 ,
647 3891 738 3938 aut
767 3882 936 3956 alapis
978 3882 1064 3938 vel
1096 3881 1285 3956 pugnis
1324 3895 1497 3956 caesus
1521 3921 1536 3944 ,
1571 3877 1772 3956 tamdiu
1804 3893 1899 3956 pa-

315 3950 507 4012 tienter
553 3950 868 4022 sustineat,
904 3955 1075 4008 donec
1101 3950 1256 4008 alter
1295 3955 1509 4006 tandem
1553 3950 1902 4020 percutiendo

313 4033 540 4083 satietur
566 4035 618 4082 et
661 4027 968 4095 mitigetur,
1000 4027 1184 4096 sicque
1228 4026 1280 4080 in
1311 4023 1454 4078 bono
1485 4027 1683 4078 malum
1717 4023 1902 4076 vinca-

315 4108 418 4163 tur,
452 4112 511 4154 ttt
542 4099 626 4152 hic
657 4099 961 4166 subjicitur.

385 4179 410 4208 ι
449 4169 588 4238 Quid
633 4172 700 4224 sit
741 4163 880 4222 vinci
914 4183 942 4220 a
975 4167 1113 4220 malo
1139 4175 1290 4238 ,__attt
1317 4165 1534 4238 vincere
1561 4165 1760 4219 malum
1785 4163 1898 4238 κο.

315 4233 553 4298 Τιιυιίῖειε
583 4243 795 4310 egregie
824 4239 1056 4304 explicat
1093 4256 1106 4292 :
1141 4235 1428 4302 Naturale,
1459 4237 1661 4310 inquit,
1696 4245 1780 4310 est
1804 4233 1900 4290 lto-

315 4315 440 4366 miui
473 4321 524 4364 ut
553 4314 670 4366 velit
712 4309 1062 4364 adversarium
1095 4310 1325 4373 vincere,
1366 4319 1414 4364 et
1446 4326 1546 4362 non
1571 4309 1702 4360 vinci
1732 4309 1791 4360 ab
1819 4323 1901 4360 eo.

317 4381 458 4439 Illud
483 4393 652 4436 autem
680 4385 740 4434 ab
762 4383 934 4452 aliquo
953 4381 1194 4444 vincitur,
1220 4381 1358 4450 quod
1387 4379 1456 4432 ad
1483 4379 1614 4432 illud
1645 4377 1867 4452 traltitur
1885 4395 1904 4433 :

315 4458 443 4510 sicut
470 4473 604 4520 aqua
635 4451 853 4506 vincitur
883 4453 945 4506 ab
987 4455 1102 4522 igne
1125 4496 1139 4518 ,
1170 4453 1378 4520 quanth
1409 4452 1630 4503 ira/titur
1668 4451 1734 4502 ad
1766 4453 1906 4522 calo-7

316 4541 420 4581 rem
453 4519 608 4598 ignis.
744 4541 862 4594 ergo
899 4519 1161 4598 virbonus
1185 4519 1392 4598 propter
1418 4525 1612 4598 malum
1639 4519 1778 4598 quod
1808 4519 1906 4598 sibi

316 4601 376 4652 ab
398 4591 575 4664 aliqua
603 4591 859 4666 infertur,
889 4593 1108 4666 trahitur
1137 4596 1204 4648 ad
1236 4594 1332 4646 hoc
1356 4594 1490 4661 quod
1512 4592 1558 4644 ei
1590 4591 1902 4666 ntulefaciat,

316 4667 474 4722 bonus
515 4687 548 4721 α
587 4669 720 4720 malo
751 4667 991 4720 vincitur.
1037 4665 1100 4722 Si
1129 4677 1297 4720 autem
1347 4665 1631 4717 econtrario
1653 4704 1666 4728 ,
1699 4673 1907 4732 propter

316 4739 616 4810 beneﬁcia»:
659 4739 794 4806 quod
831 4738 1000 4810 bonus
1046 4737 1357 4808 persecutori
1401 4711 1906 4810 exitibetxeiunrad
1933 4711 1986 4772 D

315 4807 460 4866 suurn
494 4827 716 4863 amorem
743 4807 930 4870 trahat,
958 4807 1118 4862 bonus
1151 4811 1341 4860 malum
1376 4807 1548 4860 vincit.

383 4882 412 4920 ι)
457 4882 628 4934 Verba
657 4885 694 4934 A
709 4879 900 4948 postoli
931 4881 994 4934 ad
1023 4881 1290 4933 Romanus
1321 4895 1390 4932 xv
1423 4897 1434 4929 :
1467 4875 1717 4930 Debemus
1739 4883 1909 4930 autem

315 4971 408 5008 nos
438 4955 691 5023 ﬁrmiores
739 4952 1110 5023 imbecillitatcs
1155 4949 1476 5023 inﬁrmorum
1525 4949 1808 5023 sustinere,
1863 4957 1910 5001 et

314 5021 592 5080 nonnobis
623 5023 826 5094 placere
847 5064 860 5084 ,
901 5023 984 5075 ubi
1022 5022 1210 5094 Graece
1237 5021 1531 5094 βᾳσττὰζειν,
1565 5021 1614 5072 id
1644 5031 1745 5094 est_,
1779 5035 1908 5094 por-

315 5107 452 5152 tare.
486 5107 575 5146 attt
604 5091 745 5147 collo
770 5105 988 5163 gestare
1019 5109 1169 5146 more
1203 5093 1504 5163 bajnlornm
1527 5133 1539 5152 ,
1581 5093 1668 5160 qui
1703 5091 1909 5144 Grauis

313 5169 664 5241 βαστάζοντες
678 5159 960 5241 dicuntur;
981 5163 1122 5241 (ιιιηά
1147 5159 1456 5216 υῑὶίέγθτιήδ
1470 5159 1735 5241 (εχριςςςεξι
1763 5167 1797 5214 Α
1811 5175 1908 5241 po_-

313 5229 702 5294 stolusidicens
731 5257 745 5291 ;
775 5235 915 5288 Alter
946 5229 1156 5288 alterius
1181 5249 1336 5286 onera
1368 5229 1776 5300 portate(Galut.
1811 5229 1906 5300 vi).

392 5319 414 5348 ε
457 5309 632 5376 Supra
663 5322 711 5360 c.
747 5303 780 5358 5
807 5324 820 5360 :
857 5305 980 5360 llazc
1004 5317 1076 5360 est
1107 5305 1344 5359 anncitite
1367 5305 1488 5376 ﬁda:
1523 5303 1911 5376 insolubilisque

313 5375 642 5451 conjunctio,
677 5393 790 5448 qua:
818 5379 930 5432 sola
955 5379 1202 5432 uirtutum
1233 5375 1498 5448 parilitate
1539 5375 1811 5451 fundatur.
1845 5375 1914 5428 Et.

319 5477 374 5518 c.
401 5449 468 5516 ὗε
504 5459 670 5512 Plena
704 5467 854 5522 atque
882 5463 1106 5520 perlecta
1139 5451 1389 5503 amicitia:
1421 5451 1608 5516 gratia,
1654 5449 1752 5502 nisi
1780 5449 1918 5502 inter

321 5533 574 5604 perfectos
587 5530 722 5584 viros
733 5522 1268 5604 ejusdemque-riualis
1283 5535 1599 5604 persevcrare
1611 5535 1714 5604 non
1729 5525 1915 5601 potest.

463 5603 538 5658 Ita
591 5590 840 5668 superius
873 5590 1024 5666 (Cap.
1057 5591 1154 5656 5):
1205 5590 1420 5668 blultos,
1454 5592 1648 5668 inquit,
1676 5591 1912 5644 nouimus

324 5673 380 5726 in
413 5676 510 5726 hoc
539 5661 804 5739 proposito
837 5661 919 5738 (id
953 5661 1032 5720 est
1063 5667 1194 5739 vitae
1219 5663 1466 5739 instituto
1487 5661 1502 5732 )
1526 5701 1553 5739 ,_
1589 5669 1918 5739 constitutos,

325 5743 418 5816 qui
461 5733 578 5796 cum
625 5733 720 5810 pro
771 5733 1022 5816 churttate
1071 5735 1264 5788 (Ilii-isti
1315 5733 1718 5816 ﬂagrantissima
1753 5738 1924 5788 essent

327 5808 608 5870 sodalitate
627 5808 864 5874 devincti,
895 5827 996 5862 non
1021 5821 1262 5878 petpntuo
1284 5823 1394 5858 eain
1423 5823 1513 5860 nec
1536 5808 1795 5876 intlirupte
1816 5821 1926 5878 ser-

331 5899 454 5942 uare
481 5895 760 5958 potuerunt
780 5900 802 5952 ;
826 5883 950 5954 quia
979 5883 1094 5938 licet
1112 5877 1254 5932 bono
1285 5879 1542 5934 societatis
1567 5881 1820 5951 p.'ittcipio
1845 5877 1930 5932 ni-

2009 3887 2258 3952 terentur,
2290 3895 2392 3932 non
2422 3887 2590 3932 tamen
2611 3893 2714 3952 uno
2743 3893 2832 3952 nec
2859 3879 2974 3946 pari
2996 3879 3170 3933 studio
3195 3887 3455 3951 arreptum
3479 3895 3603 3952 pro-

2011 3951 2234 4024 pin-itum
2257 3959 2554 4014 tenuerunt,-
2573 3951 2772 4024 fuitque
2796 3951 2927 4024 inter
2946 3967 3030 4004 eos
3051 3952 3286 4018 quaedam
3307 3951 3608 4024 temporalis

2010 4020 2213 4088 affectio
2233 4059 2249 4084 ,
2281 4025 2404 4088 quia
2447 4039 2550 4074 non
2577 4021 2766 4091 aquati
2795 4022 3060 4093 utriusque
3089 4025 3301 4089 virtute,
3331 4020 3422 4080 sed
3453 4029 3608 4081 unius

2009 4093 2258 4163 patientia
2286 4093 2600 4146 servabatur.

2086 4171 2109 4199 ε
2151 4163 2227 4239 I_)e
2260 4163 2344 4239 Itis
2369 4165 2548 4218 causis
2573 4165 2928 4220 Cassiodorus
2959 4163 3106 4239 (Lib.
3137 4165 3202 4219 de
3225 4165 3466 4239 Amicitia
3486 4185 3602 4239 cap.

2012 4233 2068 4304 ϐ)
2101 4251 2114 4286 :
2147 4235 2303 4298 Sunt,
2330 4235 2524 4302 inquit,
2553 4247 2774 4300 quatuor
2793 4239 2914 4290 vitia
2937 4233 3120 4304 quibus
3143 4237 3422 4306 prteclarus
3445 4233 3608 4292 honor

2009 4306 2252 4359 amicitttc
2295 4311 2482 4377 sa'pius
2523 4309 2823 4378 obfuscatur
2867 4325 2885 4362 :
2919 4310 3223 4378 iracundia,
3271 4309 3604 4378 instabilitas,

2009 4377 2259 4444 suspicio,
2287 4377 2598 4448 garrulitas.
2639 4381 2706 4432 Et
2750 4379 2877 4432 alibi
2931 4377 3080 4442 (Cap.
3121 4379 3183 4432 17
3215 4389 3260 4432 et
3287 4379 3384 4446 23)
3421 4395 3434 4434 :
3471 4377 3610 4436 Sunt

2009 4459 2181 4522 autem
2199 4459 2422 4522 quatuor
2444 4467 2505 4503 ea:
2524 4449 2703 4522 quibus
2725 4451 2874 4502 amici
2898 4449 3000 4522 disj
3009 4453 3175 4502 unctio
3193 4467 3399 4522 causam
3427 4453 3571 4506 habet
3587 4467 3609 4506 :

2011 4517 2237 4592 dilectio,
2267 4519 2492 4586 affectio,
2526 4517 2794 4584 securitas,
2825 4517 3322 4592 atqutijtwttttditas.
3363 4517 3610 4576 Dilectio-

2010 4591 2089 4662 nis
2111 4598 2193 4662 (ἐςιΔ
2210 4593 2490 4650 tonsulere,
2516 4592 2804 4662 providere,
2829 4602 2874 4644 et
2899 4591 3060 4644 amico
3084 4593 3330 4657 beneﬁcia
3350 4595 3604 4649 exhibere.

2011 4661 2092 4713 Ad
2114 4659 2438 4734 affectionem
2461 4659 2573 4714 vero
2597 4669 2788 4730 spectat
2819 4663 3056 4730 quosdam
3070 4663 3308 4734 jucunda
3337 4675 3382 4718 et
3409 4665 3609 4718 suavis-

2011 4737 2140 4785 sima
2185 4732 2470 4786 delectatio.
2529 4735 2610 4786 Ad
2653 4737 2972 4786 securitatem
3013 4732 3230 4800 pertinet
3269 4736 3610 4803 quorumlibet

2010 4815 2320 4856 secretorum
2341 4807 2450 4856 sine
2463 4805 2600 4857 onmi
2619 4806 2798 4856 timore
2817 4815 2860 4857 et
2883 4807 3171 4874 suspicione
3191 4807 3604 4860 communicatio.

2009 4874 2091 4927 Ad
2135 4875 2518 4946 jucunditatcm
2545 4892 2659 4929 vero
2687 4877 2749 4928 de
2776 4877 3034 4944 prosperis
3064 4889 3111 4929 et
3143 4875 3391 4940 adversis,
3417 4877 3481 4930 de
3507 4881 3609 4930 uti-

2011 4946 2145 5016 libus
2171 4957 2214 4998 ct
2237 4949 2446 5012 nocitus,
2475 4957 2625 5016 atque
2655 4947 2716 4999 (le
2742 4947 2974 5000 omnibus
3005 4947 3186 5013 quibus
3216 4947 3442 5000 humana
3467 4965 3608 5002 mens

2012 5017 2250 5090 amcitur,
2281 5020 2445 5071 antica
2475 5027 2520 5070 et
2553 5019 2860 5090 famularis,
2891 5019 3054 5072 dulcis
3081 5029 3127 5072 et
3155 5017 3342 5071 blanda
3373 5019 3604 5074 collatio.

2013 5085 2179 5141 Iuliis
2213 5092 2382 5154 itaque
2413 5085 2640 5143 amicitia
2670 5091 2858 5156 patitur
2883 5091 3190 5154 sectionem;
3228 5091 3347 5158 quin
3379 5091 3494 5144 licet
3521 5093 3602 5143 di-

2014 5158 2166 5212 lectio
2194 5165 2244 5215 in
2267 5161 2442 5230 aliquo
2467 5173 2604 5214 statu
2631 5171 2944 5228 permaneat,
2977 5163 3296 5214 subtrahitur
3319 5171 3493 5216 tamen
3515 5161 3610 5218 illa

2013 5232 2314 5288 suavissima
2336 5231 2626 5286 dilectionis
2646 5231 2886 5300 alfectio;
2913 5235 3040 5300 pcrit
3068 5233 3316 5304 securitas
3343 5251 3430 5302 per
3453 5249 3610 5304 quam

2014 5317 2110 5355 sua
2130 5305 2384 5374 rerelobat
2411 5320 2632 5368 arcmta;
2662 5305 2893 5374 turbatur
2906 5301 3212 5374 jucunditas
3239 5301 3390 5372 quam
3418 5301 3612 5358 blanda

2015 5373 2692 5448 confabulatioseminabttt.
2719 5373 3092 5448 Muttetilaque
3113 5375 3350 5448 dilectio;
3378 5376 3468 5429 sed
3493 5395 3611 5448 gra-

2016 5446 2090 5497 tia
2129 5445 2504 5514 fanti/inritatis
2535 5451 2798 5516 aufertur:
2845 5445 3070 5510 Cicero,
3116 5447 3198 5500 vel
3243 5447 3436 5500 l.a:lius
3470 5445 3609 5513 apud

2017 5513 2356 5588 Ciceronem,
2391 5519 2476 5570 ubi
2510 5513 2718 5588 supra;
2755 5513 2888 5584 Est,
2923 5518 3134 5585 inquit,
3181 5517 3418 5585 qua’dam
3463 5520 3611 5588 quasi

2016 5587 2283 5643 calamitas
2309 5591 2363 5642 in
2395 5589 2634 5641 amicitiis
2659 5587 2976 5640 dimittendis
3016 5601 3400 5657 nonnumquam
3441 5587 3622 5644 κει-ειη.

2015 5659 2156 5712 saria
2185 5677 2203 5714 :
2235 5669 2508 5728 erumpunt
2553 5675 2686 5730 swpc
2735 5661 2857 5712 vitia
2897 5659 3177 5711 amicorum
3235 5671 3340 5710 tum
3376 5661 3431 5712 in
3473 5661 3610 5728 ipsus

2015 5731 2206 5784 amicos
2231 5773 2245 5794 ,
2276 5743 2382 5784 tum
2413 5733 2464 5784 in
2493 5733 2710 5794 alienos,
2740 5745 2958 5800 quorum
3005 5739 3174 5782 tamen
3215 5731 3284 5782 ad
3311 5735 3500 5784 amicos
3532 5747 3608 5782 ne-

2016 5800 2208 5855 duudrt
2245 5803 2482 5872 infamia.
2531 5801 2679 5872 Tales
2710 5803 2866 5868 igitur
2903 5801 3036 5854 amic
3062 5805 3145 5854 tite
3171 5809 3286 5852 sunt
3315 5803 3608 5855 remissione

2017 5887 2140 5928 usus
2166 5871 2416 5940 cluendw,
2446 5881 2490 5930 et
2521 5875 2596 5938 (ut
2623 5871 2868 5930 Catonem
2897 5874 3066 5926 dicere
3093 5875 3290 5933 audiui)
3321 5873 3608 5928 disiuendts
