4072 6324
367 325 498 383 1041

1443 333 1784 391 COLLATIO
1821 337 1961 394 XVI.
1989 370 2064 386 —
2095 343 2180 398 DE
2219 343 2358 398 AMIl
2386 343 2544 398 ITIA.

3498 351 3644 414 1042

364 457 471 497 non
501 441 608 496 sint
635 442 796 497 corda
823 452 1002 499 vestra
1025 446 1102 501 sic
1132 447 1480 517 impatientia;
1504 466 1567 503 ac
1593 451 1946 517 pusillanimi-
1970 453 2025 515 Α
2052 464 2149 508 tem
2178 457 2512 526 ignominiam
2540 475 2688 513 suam
2715 468 2916 515 astutus
2946 459 2967 533 (
2991 461 3150 518 Prov.
3183 478 3257 518 xit
3278 462 3320 536 ).
3349 464 3464 519 Non
3489 465 3642 524 enim

365 536 489 589 tatis
530 539 792 606 angustiis
819 549 1124 606 coarctata,
1160 550 1217 592 ut
1245 541 1536 594 violentam
1569 543 1948 596 commotionis

365 631 678 699 procellam,
711 644 831 684 cum
879 633 1115 697 irruerit,
1151 635 1421 689 sustinere
1451 650 1554 688 non
1583 639 1822 705 possint;
1856 636 1951 692 sed

363 719 661 774 dilatamini
694 722 747 774 in
771 722 1026 776 cordibus
1047 726 1262 789 vestris,
1295 727 1657 796 suscipientes
1687 728 1948 784 adversos

362 811 655 865 iracundia.
688 812 882 868 ﬂuctus
915 815 965 868 in
1001 817 1104 870 illis
1131 820 1368 872 extentis
1390 818 1600 872 sinibus
1631 819 1948 888 cliaritatis,

359 918 480 974 qua:
513 905 695 960 omnia
738 906 950 973 sanert,
983 909 1162 962 omnia
1207 911 1440 964 sustinet
1471 911 1520 979 (Ι
1553 909 1674 966 Cor.
1709 911 1863 984 xui):
1895 921 1952 969 et

360 995 431 1051 ita
472 1012 629 1052 mens
666 1006 846 1054 vestra
892 1001 1251 1068 amplitudine
1305 1003 1727 1072 longanimitatis
1754 1021 1815 1059 ac
1855 1022 1953 1075 pa-

361 1089 564 1144 tientia:
591 1089 846 1158 dilatata,
872 1092 1067 1149 habeat
1109 1095 1163 1149 in
1199 1110 1261 1151 se
1286 1096 1635 1150 consiliorum
1684 1097 1950 1154 salutares

359 1197 630 1249 recessus,
681 1184 734 1239 in
785 1185 981 1255 quibus
1032 1198 1284 1256 receptus
1330 1187 1732 1258 quodammodo
1787 1199 1952 1260 atque

357 1274 585 1331 diffusus
615 1277 930 1333 teterrimos
982 1278 1274 1336 iracundia:
1307 1280 1485 1337 fumus
1536 1283 1779 1352 protinus
1818 1298 1950 1338 eva-

356 1379 568 1423 nescat.
605 1368 702 1424 Vel
735 1379 882 1425 certe
911 1369 984 1426 ita
1024 1372 1436 1444 intelligendum
1465 1383 1548 1430 est
1581 1393 1592 1428 :
1628 1375 1823 1430 Damus
1867 1376 1946 1430 lo-

355 1475 475 1516 cum
504 1461 617 1528 iraa,
651 1463 905 1532 quotiens
933 1467 1287 1522 commotioni
1313 1468 1538 1523 alterius
1571 1467 1762 1522 humili
1787 1479 1948 1538 atque

355 1553 643 1620 tranquilla
670 1565 851 1611 mente
875 1558 1307 1623 succumbimus,
1333 1569 1388 1614 et
1423 1559 1830 1630 quodammodo
1858 1561 1944 1615 di-

352 1661 490 1716 gnos
538 1661 636 1702 nos
685 1648 930 1717 qualibet
960 1650 1158 1720 injuria
1192 1651 1531 1720 profitentes,
1590 1653 1946 1722 impatientia:

354 1741 599 1794 stevieuti
651 1742 1020 1811 obseqnimur.
1061 1743 1329 1799 Czeterum
1382 1745 1434 1798 hi
1475 1745 1566 1814 qui
1598 1745 1670 1800 ita
1721 1761 1944 1801 sensum

2051 547 2466 615 ignominiosam
2499 554 2793 608 itacundia:
2816 556 3118 623 passionem
3145 558 3217 611 ita
3247 573 3274 609 a
3298 559 3640 628 sapientibus

2052 639 2311 694 occultari
2343 643 2546 702 debere
2577 645 2838 708 decernit,
2868 655 2927 699 ut
2958 648 3252 703 iracundia:
3291 650 3637 707 velocitatem

2051 731 2300 802 eulprms,
2335 751 2439 790 non
2468 737 2752 804 prohibeat
2784 739 3095 795 tarditatem
3128 757 3328 812 :quam
3355 745 3560 813 utique.
3588 745 3639 800 si

2053 842 2151 896 per
2179 830 2556 884 necessitatem
2590 828 2843 885 humana:
2875 831 3208 887 infirmitatis
3241 833 3490 900 irruerit,
3517 836 3638 891 ideo

2051 918 2260 974 censuit
2285 921 2702 990 occultandam,
2733 931 2791 978 ut
2821 923 2946 977 dum
2979 923 3046 978 ad
3080 939 3319 994 praesens
3363 928 3641 996 sapienter

2050 1012 2346 1083 obtegitur,
2382 1014 2434 1068 in
2465 1025 2782 1084 perpetuum
2816 1016 3081 1072 deleatur.
3115 1018 3240 1073 llaec
3274 1019 3416 1072 enim
3447 1029 3637 1072 natura

2051 1114 2135 1160 est
2163 1106 2280 1171 iraa,
2305 1115 2363 1160 ut
2391 1107 2556 1163 dilata
2600 1109 2912 1179 languescat
2938 1119 2991 1164 et
3020 1120 3228 1180 pereat,
3259 1110 3465 1180 prolata
3505 1125 3638 1166 vero

2051 1199 2222 1269 magis
2239 1199 2515 1269 magisque
2535 1199 2851 1270 conﬂagret.
2870 1202 3152 1258 Dilatanda
3183 1218 3313 1273 ergo
3332 1215 3495 1272 atque
3517 1220 3637 1258 am-

2051 1289 2267 1360 plianda
2312 1300 2438 1346 sunt
2476 1302 2724 1361 pectora,
2759 1310 2827 1349 ne
2869 1295 3130 1364 angustiis
3183 1295 3640 1364 pusillanimitaiis

2049 1394 2276 1451 arctata,
2305 1384 2594 1440 iracundia:
2616 1386 2941 1442 turbulentis
2969 1388 3189 1443 msubus
3209 1389 3555 1459 oppleantur,
3584 1401 3639 1445 et

2051 1477 2297 1546 recipere
2350 1475 2646 1531 secundum
2702 1479 3020 1548 prophetam
3069 1480 3195 1534 illud
3248 1480 3410 1535 nimis
3464 1481 3635 1536 latum

2051 1566 2358 1621 mandatum
2391 1567 2482 1622 Dei
2506 1577 2736 1635 angusto
2761 1570 2924 1625 corde
2946 1587 3299 1640 nequeamus,
3325 1588 3425 1628 nec
3455 1573 3636 1630 dicere

2050 1673 2172 1713 cum
2220 1660 2524 1728 propheta:
2563 1657 2708 1713 Viam
2759 1663 3118 1715 mandatorum
3164 1675 3366 1717 tuorum
3409 1667 3636 1729 cucurri,

2049 1765 2166 1803 cum
2187 1750 2434 1804 dilatares
2463 1767 2552 1804 cor
2581 1767 2748 1805 meum
2778 1750 2951 1821 (Psal.
2979 1752 3186 1823 cxvm).
3213 1754 3346 1808 Nam
3373 1756 3494 1824 quia
3520 1755 3642 1810 lon-

354 1833 670 1903 apostolicae
701 1835 1056 1904 perfectionis
1085 1836 1384 1906 inclinant,
1408 1847 1467 1892 ut
1494 1836 1669 1892 locum
1699 1836 1794 1891 ira:
1823 1837 1948 1893 illos
1977 1854 2022 1914 Β
2051 1845 2340 1914 ganimitas
2367 1846 2630 1916 sapientia
2652 1847 2746 1909 sit,
2769 1845 3189 1902 evidentissimis
3209 1849 3501 1918 Scriptura:
3533 1859 3641 1905 tes-

353 1925 482 1982 dare
509 1927 840 1996 existiment,
871 1931 961 1998 qui
992 1931 1060 1986 ab
1104 1931 1375 1987 irascente
1405 1931 1711 1998 discedunt,
1747 1933 1939 1989 viden-

353 2026 440 2073 tur
467 2019 596 2073 mihi
628 2020 1026 2078 dissensionum
1055 2023 1298 2082 fomitem
1325 2041 1431 2082 non
1461 2027 1808 2094 abscindere,
1841 2027 1937 2083 sed

353 2114 578 2166 nutrire.
610 2115 722 2168 Nisi
760 2115 903 2169 enim
937 2116 1224 2173 iracundia
1261 2121 1492 2190 proximi
1525 2121 1715 2177 humili
1755 2123 1937 2178 statim

352 2203 724 2261 satisfactione
756 2208 1022 2274 vincatur,
1056 2221 1323 2280 provocat
1351 2227 1472 2269 eam
1513 2213 1725 2284 fugiens
1761 2217 1939 2286 potius

350 2309 507 2364 quam
555 2294 810 2353 declinat.
841 2299 983 2354 Illud
1013 2317 1230 2373 quoque
1270 2302 1399 2361 huic
1439 2304 1617 2361 simile
1661 2317 1749 2362 est
1791 2307 1940 2378 quod

350 2382 609 2441 Salomon
653 2388 729 2442 ait
765 2405 776 2440 :
822 2397 848 2426 ⁸
886 2389 1011 2444 Noli
1042 2392 1284 2462 festinare
1311 2396 1365 2448 in
1411 2397 1600 2463 spiritu
1634 2405 1722 2452 tuo
1759 2399 1939 2468 irasci,

347 2477 467 2548 quia
496 2480 575 2534 ira
601 2481 655 2535 in
681 2482 797 2536 sinu
825 2485 1155 2554 insipientum
1183 2491 1451 2559 requiescit
1475 2489 1672 2562 (Eccle.
1692 2494 1786 2566 vn)
1809 2510 1822 2558 ;
1847 2506 1901 2550 et.
1924 2511 1940 2550 :

348 2569 510 2627 δΝοιί
527 2591 833 2646 procurrere
863 2579 914 2633 in
944 2581 1115 2635 rixam
1144 2583 1346 2650 cito,ne
1377 2587 1588 2654 paenitat
1619 2595 1667 2640 te
1693 2589 1747 2641 in
1773 2590 1944 2643 novis-

347 2664 478 2718 sima
507 2668 524 2736 (
557 2665 718 2723 Prov.
765 2668 938 2742 xxv).
981 2683 1003 2710 ε
1033 2671 1217 2744 Neque
1249 2676 1394 2732 enim
1433 2677 1502 2732 ita
1534 2677 1939 2738 festinationem

347 2754 478 2810 rixa:
524 2758 609 2814 vel
640 2759 933 2817 iracundias
963 2763 1178 2836 culpat,
1229 2777 1288 2822 ut
1322 2769 1631 2826 earumdem
1669 2772 1936 2842 approbet

347 2849 675 2908 tarditatem.
695 2852 958 2912 Similiter
973 2868 1025 2912 et
1038 2857 1177 2914 illud
1197 2861 1595 2931 suscipiendum
1613 2874 1695 2920 est
1708 2882 1723 2920 :
1737 2864 1765 2903 ἀ
1787 2866 1938 2922 Stul-

347 2952 426 2999 tus
441 2945 621 3000 eadem
646 2947 760 3018 ipsa
785 2947 914 3004 hora
933 2953 1238 3022 pronuntiat
1264 2955 1398 3010 iram
1423 2972 1591 3024 suam,
1609 2959 1829 3013 occultat
1845 2975 1942 3013 au-

2048 1939 2285 1995 timouiis
2316 1940 2608 1996 edocemur
2639 1957 2656 1998 :
2692 1950 2716 1980 °
2743 1939 3079 2014 Longanimis
3107 1943 3248 1996 enim
3274 1944 3351 1996 vir
3377 1945 3564 1997 nimius
3584 1944 3640 1998 in

2047 2032 2343 2103 prudentia,
2361 2032 2705 2104 pusillaninu‘s
2725 2046 2898 2089 autem
2922 2037 3071 2088 valde
3091 2035 3338 2107 insipiens
3360 2045 3432 2089 est
3450 2035 3638 2104 (Prov.

2047 2126 2224 2192 xxiv).
2250 2124 2319 2178 Et
2349 2125 2555 2181 idcirco
2581 2125 2649 2182 de
2680 2127 2770 2182 illo
2795 2127 2886 2198 qui
2917 2129 3195 2193 sapientiae
3221 2127 3421 2182 donum
3452 2127 3640 2181 lauda-

2046 2216 2231 2272 biliter
2262 2233 2291 2272 a
2319 2218 2545 2272 Domino
2572 2219 2868 2289 postulavit
2899 2219 3178 2290 Scriptura
3205 2228 3597 2276 commemorat
3626 2237 3639 2272 :

2049 2309 2119 2364 Et
2145 2311 2285 2365 dedit
2311 2310 2562 2366 Dominus
2582 2311 2854 2367 Salomoni
2883 2313 3184 2383 sapientiam
3213 2313 3642 2384 prudentiamque

2042 2403 2257 2460 multam
2306 2406 2493 2471 nimis,
2520 2414 2567 2458 et
2604 2405 2932 2458 latitudinem
2981 2405 3184 2471 cordis,
3226 2405 3378 2476 quasi
3427 2419 3640 2460 arenam

2044 2499 2204 2554 maris
2229 2498 2655 2554 innumerabilem
2689 2496 2780 2568 (III
2809 2495 2937 2566 Reg.
2968 2495 3064 2565 tv).

2577 2631 2808 2689 CAPUT
2847 2631 3084 2687 XXVIII.

2049 2749 2313 2803 Amicitias
2354 2748 2712 2819 conjuratione
2755 2747 2914 2801 initas
2950 2747 3129 2816 firmas
3172 2763 3282 2803 esse
3322 2764 3428 2803 non
3467 2764 3637 2821 posse.

2119 2865 2254 2920 Illud
2285 2880 2498 2936 quoque
2545 2863 2728 2919 multis
2767 2871 2852 2918 est
2893 2863 3287 2933 experimentis
3339 2862 3640 2934 saepissime

2050 2958 2491 3028 comprobatum,
2532 2956 2679 3011 nullo
2719 2954 2881 3012 modo
2924 2969 3020 3012 eos
3067 2952 3088 2993 ί
3134 2956 3228 3025 qui
3274 2957 3636 3014 amicitiarum

1409 3113 1667 3171 ALABDI
1707 3114 1940 3172 GAZIEI
1978 3115 2547 3173 COMMENTARIUS.

420 3229 448 3300 ξ
477 3217 758 3300 vulgatus
784 3230 1016 3300 textus;
1034 3222 1121 3278 Ne
1164 3225 1236 3300 sis
1264 3226 1416 3280 velox
1457 3227 1528 3300 ad
1574 3226 1940 3300 irascendum;
1967 3227 2013 3289 C
2047 3228 2375 3299 iuramento,
2407 3242 2514 3297 quo
2537 3237 2780 3282 mutuam
2808 3227 2966 3283 tidem
2986 3227 3384 3300 arctioremque
3412 3244 3642 3287 consue-

347 3292 465 3365 quia
490 3293 587 3365 mira
634 3295 686 3348 in
717 3293 834 3348 sinu
873 3296 1017 3349 stulti
1050 3298 1338 3365 requiescit.
1370 3297 1575 3364 Quibus
1606 3297 1791 3352 verbis
1833 3292 1942 3352 non

347 3363 699 3428 prohibemur
722 3365 947 3419 omnino
973 3363 1162 3430 irasci;
1188 3369 1280 3420 sed
1309 3383 1375 3422 ne
1398 3371 1462 3421 ad
1491 3370 1831 3422 irascendum
1853 3384 1940 3423 ve-

348 3433 494 3489 loces
515 3437 716 3509 simus,
751 3438 854 3491 hoc
881 3446 984 3499 est,
1009 3436 1160 3506 juxta
1189 3438 1556 3509 Olympiodori
1603 3440 1944 3505 explanatio-

346 3520 501 3574 nem,
527 3524 590 3562 ne
612 3505 805 3579 malum
827 3505 1178 3579 concipiamus
1204 3505 1488 3564 iracundiis
1509 3509 1760 3566 habitum.
1785 3511 1856 3562 ita
1885 3517 1943 3562 ut

347 3586 569 3649 transeat
595 3581 651 3633 in
682 3575 921 3646 affectum
946 3575 1140 3634 cordis.
1169 3581 1282 3649 Qua
1316 3583 1479 3635 etiam
1512 3582 1847 3636 discretione
1880 3582 1941 3634 Ι).

344 3647 578 3703 laeulms
623 3652 906 3717 apostolus
932 3653 1007 3705 ait
1035 3669 1048 3704 :
1079 3651 1162 3705 Sit
1196 3647 1379 3706 autem
1407 3653 1571 3704 omnis
1617 3652 1768 3704 homo
1795 3654 1943 3706 velox

344 3721 411 3773 ad
441 3721 759 3792 audiendum
785 3735 804 3792 ξ
833 3723 1011 3777 tardus
1041 3733 1212 3778 autem
1231 3723 1301 3776 ad
1324 3723 1658 3792 loquendum,
1685 3731 1733 3775 et
1760 3725 1943 3777 tardus

341 3791 411 3844 ad
439 3793 571 3846 iram
603 3791 744 3859 (Jac.
769 3791 833 3861 t).

414 3861 441 3901 δ
478 3862 704 3930 Vulgata
728 3865 910 3919 versio
941 3882 954 3918 :
998 3864 1127 3932 Qui:
1155 3865 1390 3919 viderunt
1421 3865 1561 3920 oculi
1586 3867 1685 3928 tui,
1727 3877 1790 3921 ne
1821 3883 1943 3935 pro-

343 3934 479 4000 feras
509 3935 561 4006 in
587 3935 768 4006 jurgio
795 3937 898 3988 cito
929 3951 950 3990 :
990 3953 1051 3990 ne
1095 3947 1273 4005 postea
1314 3939 1584 3992 emendare
1611 3955 1712 3990 non
1752 3934 1937 4006 possit,

340 4022 458 4058 cum
485 4004 898 4079 dehonestaveris
923 4004 1143 4060 amicum
1172 4018 1336 4061 tuum.
1354 4009 1411 4062 In
1446 4009 1630 4063 Bibliis
1656 4009 1820 4079 regiis
1841 4004 1940 4065 de;

340 4087 470 4130 sunt
503 4076 595 4130 illa
625 4079 788 4132 verba
823 4095 836 4129 :
868 4080 997 4142 Quae
1019 4079 1251 4132 viderunt
1280 4081 1417 4133 oculi
1443 4082 1540 4134 tui.

417 4159 439 4184 ⁴’
473 4148 538 4222 Et
567 4150 668 4202 hoc
699 4149 766 4202 ad
807 4149 1164 4222 imitationem
1203 4151 1261 4204 D.
1295 4153 1628 4222 llierouymi.
1661 4155 1754 4222 qui
1782 4157 1846 4211 ad
1878 4158 1941 4212 il-

342 4219 454 4273 lum
483 4219 661 4273 locum
698 4219 1042 4274 Ecclesiasttn
1074 4222 1143 4274 ita
1179 4222 1368 4276 scribit
1398 4241 1410 4274 :
1445 4219 1567 4276 Non
1595 4219 1729 4283 quod
1759 4245 1942 4282 conce-

341 4292 429 4369 dat
456 4293 658 4369 tardius
684 4291 1029 4369 irascendum,
1052 4293 1244 4369 idcirco
1268 4311 1403 4369 nunc
1424 4294 1549 4369 dicit
1573 4311 1590 4348 :
1621 4295 1704 4350 Ne
1729 4300 1939 4369 festines

340 4363 395 4414 in
421 4363 614 4430 spiritu
661 4373 749 4434 tuo
779 4364 933 4416 irasci
963 4379 981 4417 :
1012 4363 1102 4417 sed
1143 4365 1282 4433 quod
1321 4381 1434 4418 cum
1464 4367 1639 4434 furens
1679 4363 1739 4420 et'
1761 4386 1934 4424 recens

343 4435 500 4502 fuerit
539 4435 616 4486 ira
645 4432 830 4495 dilata,
863 4435 1070 4501 facilius
1119 4432 1349 4506 sedatam
1398 4432 1557 4503 possit
1597 4443 1822 4506 auferre.
1870 4438 1937 4494 Et

377 4506 462 4576 uia
478 4505 556 4557 ira
575 4521 772 4576 semper
785 4508 974 4576 juncta
986 4505 1242 4576 superbia:
1262 4506 1518 4559 desiderat
1537 4505 1809 4576 ultionem,
1827 4522 1932 4565 etc.

377 4521 462 4556 ma
478 4521 556 4557 ira
575 4521 772 4574 semper
785 4521 1242 4576 Junctasuperoue
1262 4521 1518 4559 aesiaerat
1537 4521 1809 4576 ultionem,
1827 4522 1932 4565 etc.

340 4521 444 4631 {ibi
488 4575 778 4648 manifeste
822 4577 1056 4648 loquitur
1086 4575 1150 4629 D.
1187 4576 1543 4648 llieronynms
1585 4579 1654 4633 de
1688 4581 1763 4633 ira
1795 4584 1934 4637 mala

341 4654 396 4700 et
423 4647 704 4715 cnlpabili,
734 4663 891 4715 quam
923 4647 1054 4702 dicit
1090 4648 1319 4717 Sapiens
1354 4650 1697 4716 requiescere
1726 4651 1781 4705 in
1813 4655 1934 4706 sinu

342 4719 515 4790 stulti,
535 4718 652 4790 _hoe
681 4730 783 4781 est,
817 4717 886 4790 de
909 4720 1148 4787 appetitu
1174 4719 1404 4790 proprim
1431 4719 1703 4785 vindictm,
1737 4734 1829 4777 aut
1855 4724 1935 4778 ira

342 4787 702 4845 immoderata
748 4797 802 4843 et
841 4788 1066 4850 furiosa,
1096 4787 1186 4845 vel
1210 4787 1289 4845 de'
1311 4797 1427 4844 rixa
1455 4801 1510 4844 et
1547 4793 1814 4847 iracundia
1834 4836 1849 4858 ,
1879 4805 1938 4850 ut

342 4859 431 4932 hic
463 4861 692 4915 habetur
725 4878 738 4913 :
765 4860 1069 4926 cuiusmodi
1099 4861 1206 4915 iras
1234 4871 1445 4916 constat
1470 4877 1684 4932 semper
1712 4880 1832 4921 esse
1859 4868 1938 4919 vi-

343 4931 546 4996 tiosas,
580 4946 678 4986 nec
719 4946 903 4986 earnm
935 4932 1238 4987 tarditatem
1274 4931 1739 5004 approbari,cum
1789 4938 1939 4992 festi-

343 5005 492 5056 natio
513 5005 780 5068 culpatur.

411 5072 440 5112 ἀ
473 5071 696 5144 Vulgata
733 5073 892 5128 lectio
918 5090 930 5128 :
956 5073 1157 5128 Fatuus
1180 5074 1357 5144 statim
1373 5074 1570 5130 indicat
1597 5078 1726 5131 iram
1749 5095 1896 5133 suam
1921 5095 1937 5130 :

343 5147 435 5214 qui
457 5143 628 5198 autem
656 5145 951 5198 dissimulat
978 5147 1250 5216 injuriam,
1276 5143 1504 5200 callidus
1525 5159 1616 5201 est.

419 5227 442 5255 ο
477 5217 701 5286 Vulgata
749 5233 761 5267 :
801 5217 905 5282 Qui
933 5219 1133 5286 patiens
1165 5227 1264 5282 est,
1298 5218 1462 5270 multa
1507 5219 1827 5286 gubernatur
1853 5239 1942 5276 sa-

342 5288 570 5358 pientia;
621 5288 709 5357 qui
754 5297 926 5340 autem
966 5289 1279 5358 impatiens,
1339 5289 1528 5343 exultat
1585 5292 1940 5362 insipientiam

343 5376 514 5412 suam.

421 5430 439 5468 τ
469 5428 714 5501 Dionysii
748 5429 1139 5505 paraphrasisi
1172 5430 1276 5498 Qui
1301 5432 1532 5505 inierunt
1573 5434 1817 5489 amicitia:
1840 5436 1936 5505 fae-

344 5501 440 5574 dus
465 5519 581 5574 cum
614 5506 928 5574 iuramento.
951 5501 1102 5568 Quod
1129 5504 1480 5572 sequentibus
1510 5506 1641 5559 satis
1664 5501 1932 5574 congruit,

342 5573 430 5647 ubi
461 5573 663 5647 dicitur
699 5589 711 5626 :
739 5571 1283 5647 Eosprcvaricatores
1313 5575 1393 5647 sui
1416 5575 1574 5644 faciat
1600 5571 1932 5647 sacramenti,

341 5642 392 5716 id
439 5655 542 5707 est,
571 5642 890 5716 juramenti,
921 5644 1028 5708 vel,
1055 5652 1114 5716 ut
1162 5644 1302 5716 idem
1352 5642 1638 5716 Dionysius
1678 5642 1930 5716 exponit,

340 5713 455 5785 initi
498 5716 660 5780 pacti.
686 5713 924 5782 Apparet
957 5730 1021 5769 ex
1063 5715 1164 5770 hoc
1193 5715 1314 5769 loco
1343 5713 1603 5785 quesdam
1643 5713 1938 5783 moimclios

341 5783 394 5859 id
427 5787 693 5859 temporis
711 5785 895 5859 solere
917 5786 1060 5840 inter
1089 5801 1150 5842 se
1173 5783 1408 5859 privatas
1430 5789 1687 5858 quasdam
1731 5800 1786 5844 et
1817 5807 1938 5859 par-

344 5855 600 5913 ticulares
626 5858 765 5912 inire
787 5857 1076 5914 societates
1099 5867 1152 5914 et
1176 5855 1465 5926 amicitias,
1499 5860 1738 5917 adhibito
1774 5855 1936 5918 etiam

1962 4611 2015 4675 D

2051 3301 2290 3354 tudinem
2312 3315 2373 3354 ac
2401 3300 2855 3354 necessitudinem
2882 3299 3312 3367 paciscebantur.
3337 3300 3490 3356 Unde
3511 3317 3643 3357 con-

2041 3369 2319 3439 jnratores
2375 3381 2429 3425 et
2483 3372 2885 3439 conspiratores
2929 3371 3266 3426 dicebantur.
3321 3371 3643 3440 Cujusmodi

2047 3443 2409 3496 amicitiarum
2439 3457 2631 3508 genus,
2659 3449 2718 3493 ut
2749 3441 2993 3508 religioni
3023 3442 3382 3506 perniciosum
3413 3453 3468 3496 et
3503 3447 3643 3499 mul-

2047 3512 2115 3565 lis
2144 3513 2396 3580 periculis
2423 3512 2743 3578 obnoxium,
2770 3512 3122 3565 vehementer
3149 3515 3310 3566 etiam
3334 3513 3554 3568 damnat
3576 3532 3642 3570 ac

2045 3583 2345 3637 dele-tatur
2377 3583 2439 3637 D.
2471 3583 2718 3645 Basilius,
2749 3596 2847 3635 nec
2871 3597 2978 3634 uno
3009 3582 3060 3635 in
3091 3581 3212 3635 loco
3243 3582 3441 3652 (Serm.
3485 3596 3571 3639 let
3604 3587 3640 3640 Ξ

2044 3654 2109 3707 de
2132 3652 2310 3707 lnstit.
2339 3651 2603 3723 monac/1.)
2629 3671 2640 3704 :
2679 3652 2740 3706 In
2771 3654 3049 3714 communi,
3083 3652 3271 3719 inquit,
3306 3654 3639 3710 contubernio

2045 3726 2276 3790 (scilicet
2299 3724 2710 3789 monachorum)
2740 3723 3033 3792 neutiquam
3051 3725 3244 3794 patitur
3264 3725 3527 3779 charitatis
3555 3729 3641 3781 lea:

2041 3796 2172 3848 coiri
2215 3812 2446 3849 seorsum
2479 3804 2566 3846 aut
2590 3796 2973 3865 amicitiasaut
2997 3795 3333 3865 sodalitates.
3363 3797 3638 3865 Siquidem

2044 3868 2191 3938 nullo
2233 3867 2383 3920 modo
2430 3867 2542 3938 fieri
2580 3876 2743 3938 potest
2787 3864 2907 3933 quin
2941 3863 3241 3930 a/fectiones
3270 3863 3540 3938 istwgqua:
3582 3871 3639 3923 in

2044 3936 2143 3990 hac
2175 3940 2334 4009 magis
2350 3955 2503 4007 quant
2527 3935 2589 3990 in
2613 3938 2762 3989 illaut
2778 3937 3098 4009 propendent
3112 3946 3330 4004 partem,
3349 3935 3637 4004 plurimum

2043 4007 2420 4062 incomniodent
2438 4009 2696 4062 communi
2719 4007 2945 4060 omnium
2969 4009 3274 4062 concorditr.
3294 4009 3637 4073 Quamobrem

2043 4083 2310 4151 tequaliter
2337 4097 2389 4133 se
2426 4081 2643 4150 diligere
2667 4080 2802 4132 inter
2841 4094 2894 4133 se
2936 4094 3110 4132 omnes
3135 4080 3364 4151 debent,
3403 4081 3638 4147 idemque

2043 4150 2295 4205 adversus
2326 4152 2619 4205 universum
2638 4154 2859 4221 fratrum
2882 4162 3063 4204 castum
3091 4150 3362 4204 cltaritatis
3386 4154 3637 4207 tenendus

2041 4233 2116 4276 est
2144 4225 2347 4276 modus.
2373 4224 2520 4290 Quod
2543 4225 2586 4275 si
2609 4224 2722 4292 quis
2739 4223 2976 4276 inventus
2990 4223 3144 4287 fuerit
3171 4224 3259 4292 qui
3280 4225 3480 4292 majore
3500 4240 3636 4290 qua-

2043 4295 2165 4347 dam
2211 4295 2370 4346 animi
2399 4291 2738 4365 propensione
2784 4291 3090 4347 monachum
3132 4291 3368 4362 fratrem,
3399 4293 3475 4346 vel
3516 4313 3638 4361 pro-

2043 4367 2311 4433 pinquum,
2339 4368 2415 4419 vel
2445 4368 2603 4418 alium
2642 4367 2888 4433 quemvis,
2923 4366 3102 4434 quavis
3127 4366 3191 4417 de
3219 4381 3377 4418 causa
3402 4365 3636 4418 videatur

2043 4438 2292 4508 diligere,
2327 4440 2461 4490 hunc
2491 4437 2746 4506 castigare
2777 4445 3004 4502 Oportet,
3041 4446 3096 4488 ut
3127 4437 3375 4508 injurium
3417 4435 3636 4505 publica?

2041 4506 2302 4559 chnritati.
2324 4507 2590 4571 Siquidem
2619 4509 2672 4558 in
2701 4509 2933 4574 eo,quod
2957 4508 3073 4575 quis
3092 4506 3315 4574 aliquem
3344 4523 3500 4559 unum
3521 4513 3635 4574 plus

2041 4579 2240 4647 diligit,
2271 4578 2426 4642 facile
2461 4579 2656 4630 indicat
2703 4577 2926 4645 reliquos
2971 4594 3025 4630 se
3064 4581 3116 4630 in
3147 4593 3323 4630 amore
3361 4579 3635 4645 inferiores

2044 4647 2251 4702 havere.
2284 4647 2411 4703 Item
2447 4649 2552 4702 alio
2598 4648 2650 4700 in
2696 4648 2814 4701 loco
2845 4647 3020 4715 (Orat.
3062 4665 3077 4702 ι
3120 4649 3184 4702 de
3220 4648 3408 4703 Amore
3445 4648 3542 4700 Dei
3587 4660 3636 4701 ct

2044 4720 2287 4791 proximi)
2324 4738 2337 4771 ;
2380 4718 2482 4782 Qui
2511 4721 2564 4772 in
2615 4728 2865 4771 conventu
2911 4735 3069 4772 unum
3116 4736 3226 4791 prie
3267 4720 3386 4773 aliis
3416 4721 3634 4791 charum

2045 4789 2214 4853 habet,
2261 4795 2304 4842 is
2351 4791 2576 4856 seipsum
2615 4806 2757 4842 reum
2790 4791 2948 4860 facit,
2981 4807 3099 4842 cum
3118 4789 3352 4855 perfecta
3383 4790 3635 4844 cltaritate

2044 4877 2147 4914 non
2171 4863 2238 4914 sit
2261 4863 2525 4929 prwditus.
2557 4860 2887 4928 Quapropter
2910 4860 2973 4912 ab
2999 4863 3137 4914 omni
3169 4863 3406 4914 societate
3436 4871 3481 4914 et
3510 4877 3634 4914 can-

2046 4949 2224 5000 gressu
2252 4933 2434 5002 procul
2456 4943 2693 4986 arceatur
2727 4933 3008 5000 singularis
3034 4934 3130 4986 ista
3160 4932 3387 4998 affectio,
3420 4933 3636 5002 perinde

2047 5019 2109 5055 ac
2141 5021 2318 5074 pugna
2348 5005 2581 5073 qua’dam
2629 5005 2886 5057 indecens.
2929 5003 3062 5056 Non:
3095 5015 3144 5056 ut
3182 5003 3292 5057 ha’c
3336 5005 3635 5074 manifestus

2048 5077 2282 5142 producit
2316 5076 2612 5128 inimicitias
2634 5116 2648 5136 ,
2674 5077 2746 5128 sic
2788 5074 2879 5127 illa
2911 5075 3127 5127 invidias
3155 5085 3203 5127 et
3230 5073 3519 5127 simultates
3549 5093 3637 5142 gc—

2048 5094 2282 5142 proaucu
2316 5094 2612 5128 ιηιηιιειιιίιδ
2634 5116 2648 5136 ν
2674 5094 2746 5128 διε
2788 5094 2879 5127 illa
2911 5094 3127 5127 τηυιαηιε
3155 5094 3203 5127 ει
3230 5094 3519 5127 διηιηιιιιιεε
3550 5095 3566 5128 ι
3586 5094 3630 5127 ε-

2044 5157 2208 5199 nerat.
2257 5146 2465 5200 Rursus
2515 5148 2566 5198 in
2598 5143 2891 5200 Coustitut.
2931 5148 3241 5200 inoimsticis
3285 5145 3434 5216 (Cap.
3479 5094 3580 5215 ‘50),
3616 5164 3630 5202 :

2045 5217 2360 5272 Charitalem
2389 5217 2597 5283 quidem
2621 5229 2852 5270 mutuam
2883 5217 3069 5270 habere
3093 5218 3226 5271 inter
3253 5234 3305 5271 se
3327 5219 3515 5288 fratres
3547 5216 3637 5269 de-

2045 5290 2193 5355 bent;
2217 5307 2314 5342 non
2349 5291 2421 5342 ita
2451 5300 2620 5343 tamen
2663 5299 2717 5342 ut
2761 5290 2865 5341 duo
2908 5300 3071 5342 tresve
3107 5305 3337 5343 seorsum
3373 5305 3404 5342 a
3435 5288 3636 5341 ueteris

2042 5361 2371 5414 sodalitatem
2419 5361 2553 5413 inter
2596 5379 2648 5414 se
2688 5373 2898 5424 coeant;
2932 5361 3346 5430 quandoquidem
3395 5359 3493 5412 hoc
3532 5375 3637 5412 non

2044 5434 2268 5486 Charitas
2307 5442 2405 5496 est,
2440 5433 2530 5484 sed
2568 5432 2750 5485 seditio
2799 5441 2846 5484 et
2893 5431 3098 5494 divisio,
3132 5443 3179 5485 et
3217 5447 3399 5485 eorum
3437 5431 3526 5499 qui
3560 5431 3637 5484 sic

2045 5511 2227 5557 coeunt
2254 5502 2600 5571 improbitatis
2630 5503 2902 5558 indicium.
2923 5501 2982 5556 Si
3012 5503 3147 5556 enim
3173 5502 3455 5556 communis
3477 5501 3638 5554 disci-

2044 5576 2204 5646 plina:
2233 5573 2387 5628 decus
2410 5590 2582 5627 verum
2611 5573 2850 5646 haberent
2871 5573 2961 5641 qui
2993 5572 3121 5627 tales
3147 5584 3284 5646 sunt.
3313 5573 3496 5644 procul
3538 5575 3636 5625 du-

2046 5645 2130 5698 bio
2159 5661 2478 5699 communem
2503 5645 2849 5714 teqttalemque
2873 5661 2996 5716 erga
3033 5661 3211 5698 omnes
3236 5645 3532 5699 charitatem
3557 5655 3636 5697 te-

2045 5725 2246 5770 nerent.
2275 5717 2334 5771 Si
2361 5731 2478 5770 vero
2520 5717 2645 5783 ipsis
2672 5716 2869 5769 cceteris
2908 5732 3006 5769 sua
3034 5725 3213 5786 sponte
3250 5717 3502 5787 disjuncti
3536 5732 3637 5769 cae-

2047 5798 2155 5842 tum
2170 5788 2416 5859 (efﬁcient,
2429 5787 2613 5840 vitiosa
2634 5788 2936 5859 hujusmodi
2957 5788 3201 5859 amicitia:
3216 5787 3510 5859 conciliatio
3529 5795 3634 5854 est,

2047 5869 2098 5914 et
2143 5857 2402 5915 diversam
2448 5857 2725 5927 quamdam
2764 5875 2798 5912 a
2843 5857 3200 5914 communibus
3236 5857 3487 5915 institutis
3526 5872 3637 5913 rem
