4072 6324
476 278 501 341 1
513 281 620 342 045

1540 273 1815 335 JOANNIS
1850 270 2164 335 CASSIANI
2200 268 2696 331 COLLATIONES.

2195 133 2229 166 δ

3615 265 3769 327 ιοω

468 397 651 457 foedus
671 395 1069 473 coniurationis
1090 395 1271 457 iniere
1290 391 1578 468 principio,
1605 392 1932 462 indiruptam
1955 406 2065 464 po-g
2087 399 2143 459 Α
2166 388 2609 447 dentissimorum
2657 386 2893 443 virorum
2937 381 3026 440 illa
3064 381 3337 442 sententia
3355 424 3372 451 ,
3396 396 3587 441 veram
3625 398 3766 440 eon~

475 492 650 550 tuisse
678 507 898 552 servare
933 489 1315 558 concordiam,
1339 491 1457 545 sive
1485 487 1630 559 quod
1675 501 1793 542 eam
1826 501 1934 541 non
1968 499 2064 554 pro

475 585 756 655 desiderio
784 584 1158 657 perfectionis,
1189 598 1289 640 uec
1318 596 1417 654 pro
1441 579 1755 651 apostolica:
1782 577 2067 634 charitatis

472 678 728 755 imperio,
759 676 853 733 sed
876 692 975 749 pro
999 692 1188 733 amore
1215 684 1452 749 terreno,
1482 685 1537 730 et
1560 691 1660 747 per
1688 674 2067 730 necessitatem

473 786 540 831 ac
572 770 844 826 vinculum
895 769 1034 839 pacti
1068 769 1305 827 retinere
1343 766 1522 823 conati
1568 775 1733 833 sunt;
1764 767 1880 821 sive
1925 762 2070 837 quod

474 864 569 922 ille
596 863 977 923 callidissimus
1006 862 1281 934 inimicus,
1306 873 1364 917 ut
1392 876 1486 919 eos
1508 862 1958 937 praevaricatores
1985 859 2068 916 sui

475 954 642 1012 faciat
669 954 1020 1024 sacramenti,
1063 954 1296 1013 celerius
1323 954 1389 1010 ad
1417 952 1762 1023 irrumpenda
1793 950 2061 1017 amicitia-

477 1065 601 1119 rum
626 1049 843 1113 vincula
880 1049 1206 1121 praecipitat.
1254 1057 1282 1087 ι
1306 1046 1622 1115 Certissima
1650 1062 1782 1119 ergo
1827 1054 1914 1103 est
1940 1060 2069 1117 pru-

2167 484 2408 541 cordiam
2439 492 2495 538 et
2525 479 2852 537 individuam
2882 479 3217 546 societatem,
3243 477 3348 535 nisi
3388 478 3532 534 inter
3561 493 3759 534 emen-

2170 577 2327 634 datos
2353 590 2532 631 mores
2550 615 2565 641 ,
2596 572 2945 645 ejusdemque
2978 572 3197 629 virtutis
3223 587 3290 628 ac
3316 571 3580 645 propositi
3614 572 3762 629 viros

2171 677 2317 729 stare
2342 683 2449 725 non
2480 682 2661 739 posse.
2687 666 2815 722 Haec
2842 665 2913 722 de
2942 666 3178 723 amicitia
3206 666 3398 722 beatus
3417 663 3622 738 Josepb
3648 667 3762 738 spi-

2171 760 2320 819 ritali
2353 760 2662 816 narratione
2707 757 2984 829 disseruit,
3017 772 3226 829 nosque
3251 757 3319 814 ad
3347 757 3765 815 custodiendam
3854 786 3865 803 ι

2175 852 2475 910 sodalitatis
2536 859 2856 927 perpetuam
2909 848 3238 911 cbaritatem
3291 850 3571 909 ardentius
3630 852 3773 920 inci—

2177 947 2332 1002 tavit.

1557 1160 1817 1227 ALARDI
1856 1157 2089 1219 GAZEI
2123 1152 2687 1215 COMMENTARIUS.

477 1269 588 1311 esse
613 1261 833 1326 oportet,
860 1268 978 1326 qute
1014 1251 1109 1326 Itos
1134 1252 1272 1326 inter
1294 1252 1439 1322 ipsos
1469 1252 1709 1308 conciliet
1735 1267 1754 1305 :
1786 1250 2072 1326 atquehltoc

480 1270 588 1311 esse
613 1270 833 1326 oportet,
898 1270 978 1309 ute
1014 1270 1109 1308 nos
1134 1270 1272 1308 inter
1294 1270 1439 1322 ipsos
1469 1270 1709 1308 conciues
1735 1270 1754 1305 :
1786 1270 1937 1320 atque
1974 1270 2072 1305 noc

480 1326 712 1396 profecto
751 1270 894 1396 nihil
930 1333 1002 1380 est
1041 1323 1190 1396 aliud
1227 1341 1394 1396 quam;
1423 1333 1606 1381 contra
1646 1322 2073 1396 ueteremtdisci-

520 1392 641 1451 lina:
665 1394 999 1450 stabilitatem
1028 1392 1315 1449 innovatio.
1354 1394 1624 1449 Hactenus
1652 1392 1711 1448 Ι).
1749 1393 1976 1448 Basilius
2017 1394 2072 1448 in

520 1414 641 1451 una:
665 1414 999 1450 ειαυιιιιαιεηι
1028 1414 1315 1449 ιηηουαηο.
1354 1414 1624 1449 Haetenus
1653 1414 1711 1448 U.
1749 1414 1976 1448 DaSIIIUS
2017 1414 2072 1448 111

480 1414 788 1535 ﬁuittsmodi
819 1465 1180 1534 diiudicandis
1221 1466 1502 1522 affectibus
1531 1465 1879 1520 acutissimus
1904 1477 1958 1519 et
1984 1479 2073 1520 so-

482 1537 828 1594 lertissimus.
862 1539 1029 1595 Porro
1056 1537 1345 1592 Cassianus
1376 1538 1515 1592 inter
1539 1537 1645 1592 alia
1676 1545 1922 1592 veterum
1952 1552 2073 1592 mo-

482 1608 777 1681 nachorum
809 1610 1053 1667 instituta
1082 1609 1245 1664 refert
1280 1608 1587 1681 huiusmodi
1611 1610 1879 1681 amicitias
1906 1618 1959 1681 et
1999 1612 2077 1663 fa-

2179 1249 2234 1313 in
2262 1247 2399 1304 libro
2431 1247 2501 1303 de
2532 1245 2825 1317 Disciplina
2855 1252 2910 1303 et
2941 1244 3281 1313 Perfectione
3300 1246 3620 1311 monasticm
3638 1263 3770 1307 con-

2182 1320 2524 1383 versationis,
2564 1318 2651 1372 ubi
2682 1316 2852 1388 (Cap.
2890 1316 2984 1378 10)
3019 1318 3137 1374 haec
3182 1318 3324 1374 inter
3352 1321 3456 1375 alia
3492 1337 3505 1375 :
3538 1318 3771 1378 Intenti.

2179 1390 2343 1463 cendo
2390 1400 2461 1444 est
2515 1388 2713 1455 privata
2762 1390 3078 1443 conversatio
3121 1389 3176 1463 in
3222 1391 3452 1463 collegiis
3505 1408 3777 1449 seruorum

2182 1460 2400 1525 Christi,
2432 1476 2545 1530 quae
2582 1476 2892 1531 quamquam
2930 1463 2985 1515 in
3015 1461 3159 1515 nullo
3188 1460 3297 1515 alio
3349 1460 3772 1529 reprehensibilis

2180 1534 2276 1607 sit,
2308 1534 2800 1607 sine__proa:imorum
2831 1545 2997 1587 tamen
3032 1535 3280 1607 seandalo
3323 1533 3438 1607 fieri
3468 1537 3669 1607 nequit.
3706 1538 3773 1593 Et

2182 1603 2319 1659 infra
2351 1620 2366 1657 :
2398 1602 2537 1658 Nam
2564 1605 2726 1659 solent
2750 1605 2802 1658 in
2826 1604 3296 1660 cont'ersationtbus
3322 1602 3672 1674 familiaribus
3693 1608 3774 1661 ni-

483 1680 725 1752 miliares
753 1696 1075 1752 congreSsus
1103 1688 1157 1752 et
1200 1675 1400 1750 privaia
1433 1680 1699 1750 colloquia
1742 1680 1882 1750 apud
1927 1680 2073 1748 ipsos
2101 1676 2151 1738 B
2179 1677 2443 1752 ηιίαιζῑιιηιῖ
2484 1675 2727 1752 αδεὶάιιξξ,
2784 1676 2885 1729 "isi
2930 1686 3082 1752 {ante
3111 1677 3774 1752 Δαςαηῐιινομὶηιειίηἱιεειενί

484 1748 729 1808 districte
778 1748 946 1807 fuisse
1005 1748 1267 1819 prohibita
1324 1760 1379 1806 et
1426 1748 1791 1806 severissime
1824 1752 2006 1821 punita
2060 1771 2073 1807 :

489 1821 870 1895 Unusquisque,
888 1823 1080 1893 inquit,
1105 1823 1180 1875 sic
1200 1838 1329 1891 opus
1347 1839 1503 1877 suum
1522 1824 1838 1895 exsequitur,
1864 1834 1918 1877 ut
1939 1822 2081 1894 psal-

487 1910 628 1949 mum
688 1896 766 1950 νει
824 1894 1153 1964 Scriptorum
1212 1894 1491 1964 quamlibet
1555 1896 1845 1950 memoriter
1907 1911 2083 1949 recen-

486 1965 646 2020 sendo
676 2008 691 2035 ,
735 1983 839 2020 non
877 1965 1043 2019 solum
1093 1966 1463 2037 conspirationi
1506 1966 1676 2019 noxias
1731 1967 1808 2020 uel
1849 1966 2083 2037 consiliis

490 2040 663 2104 pravis
679 2081 695 2106 ,
725 2037 815 2091 sed
837 2051 927 2090 nec
953 2037 1128 2090 otiosis
1152 2036 1356 2107 quidem
1377 2036 1647 2106 colloquiis
1669 2037 1833 2090 ullam
1882 2036 2083 2105 copiam

486 2106 566 2162 vel
598 2115 795 2177 tempus
822 2109 1130 2178 impartiat;
1166 2106 1275 2162 oris
1324 2112 1517 2178 pariter
1546 2117 1596 2161 et
1628 2109 1797 2161 cordis
1838 2108 2000 2178 officio
2027 2109 2081 2162 in

491 2179 823 2241 meditatione
850 2177 1071 2247 spiritali
1115 2177 1618 2248 pariter'occupato.
1666 2177 1889 2235 Summa
1938 2196 2085 2243 nam-

492 2264 590 2319 que
618 2252 935 2304 observantia
961 2249 1269 2321 custoditur,
1306 2267 1368 2304 ne
1388 2253 1665 2321 quisquam
1689 2264 1804 2305 cum
1834 2248 1939 2305 alio
1966 2292 1982 2318 ,
2022 2267 2085 2305 ac

492 2318 752 2392 prtecipue
770 2321 1009 2394 juniores
1036 2318 1139 2392 [Αι.
1171 2318 1438 2394 iuniore].
1473 2318 1551 2375 vel
1579 2321 1646 2374 ad
1678 2329 1923 2388 punctum
1957 2330 2085 2375 tem-

490 2395 632 2461 poris
656 2391 851 2464 pariter
876 2391 1180 2453 substitisse,
1209 2402 1299 2445 aut
1333 2391 1537 2460 uspiam
1570 2394 1835 2464 secessisse
1859 2434 1874 2458 ,
1906 2410 2084 2448 manus

491 2478 613 2516 suas
634 2462 852 2535 inuicem
880 2466 1100 2535 tenuisse
1136 2464 1567 2535 deprehendatur.
1599 2462 1661 2518 Si
1703 2464 1793 2535 qui
1818 2481 1932 2518 vero
1961 2480 2085 2518 con-

494 2541 574 2606 tra
622 2534 777 2606 huius
814 2532 1008 2605 regula
1053 2532 1386 2601 disciplinam
1423 2536 1611 2606 reperti
1654 2532 1842 2606 fuerint
1884 2535 2085 2603 aliquid

491 2604 785 2670 admisisse,
809 2604 885 2678 ut
906 2614 1233 2661 contumaces
1261 2622 1325 2661 ac
1353 2604 1775 2678 praeuaricationis
1816 2609 2087 2659 mandato-

494 2691 633 2739 rum,
666 2692 766 2729 non
797 2677 918 2748 levis
944 2678 1113 2748 culpa:
1148 2678 1223 2730 rei
1250 2677 1588 2746 pronuntiati,
1621 2678 1911 2745 suspicione
1933 2680 2087 2731 etiam

491 2747 867 2818 conjurationis
916 2748 1159 2816 pravique
1203 2749 1408 2802 consilii
1452 2764 1626 2802 carere
1672 2765 1773 2802 non
1823 2757 2081 2817 poterunt.

486 2816 664 2891 .Quam
700 2818 930 2891 culpam,
968 2820 1072 2891 nisi
1099 2820 1153 2873 in
1181 2836 1341 2875 unum
1368 2822 1565 2875 cunctis
1589 2816 1840 2891 fratribus
1873 2835 2085 2887 congre-

492 2890 649 2967 gatis,
683 2889 892 2960 publica
942 2889 1185 2967 dilueriut
1229 2893 1525 2967 paenitentia
1549 2933 1565 2957 ,
1592 2889 1833 2967 orationi
1866 2891 2086 2967 fratrum

495 2957 692 3032 nullus
723 2976 895 3032 eorum
949 2960 1192 3032 interesse
1221 2957 1571 3032 :permittitur.
1624 2961 1749 3016 Ha-c
1795 2957 2085 3015 Cassianus

496 3028 633 3102 iLib.
664 3045 698 3082 ιι
723 3029 900 3102 fustit.
927 3047 1040 3095 cap.
1074 3030 1185 3102 ta).
1210 3028 1448 3086 Joannes
1471 3034 1598 3086 item
1621 3033 1895 3087 Climacus
1915 3032 2083 3101 gradu

496 3099 563 3175 26
590 3102 661 3155 de
688 3100 1018 3175 discretione
1038 3099 1205 3171 agens
1238 3120 1251 3155 :
1298 3102 1439 3169 Vidi,
1471 3106 1661 3175 inquit.
1684 3106 1903 3175 juvenes
1924 3099 1976 3157 se
2007 3105 2089 3157 in-

494 3171 654 3247 uicem
682 3173 968 3247 castipstmo
990 3188 1166 3247 amore
1192 3189 1252 3227 ac
1277 3171 1560 3247 secundum
1600 3171 1765 3247 Deum
1794 3175 2085 3247 diligentes,

493 3243 581 3312 qui
611 3252 775 3301 tamen
805 3242 930 3315 dunt
956 3245 1180 3297 aliorum
1204 3246 1566 3298 conscientiam
1591 3246 1710 3300 inde
1736 3245 1857 3300 ιωάὶ
1882 3242 2086 3315 campi;

496 3321 684 3377 cerent,
715 3314 947 3389 convenit
991 3315 1122 3367 inter
1155 3332 1240 3389 eos
1273 3327 1328 3370 ut
1358 3333 1413 3371 se
1443 3320 1505 3369 ab
1533 3316 1751 3389 inricem
1772 3319 1845 3389 ad
1887 3314 2088 3389 tempus

494 3390 809 3454 elongarent.
852 3383 945 3454 llis
983 3387 1244 3454 exemplis
1276 3398 1325 3441 et
1373 3388 1675 3442 rationibus
1718 3383 1999 3442 adductus
2020 3388 2082 3443 Ι).

493 3454 820 3528 Benedicms
850 3453 1003 3525 (Cap.
1028 3460 1096 3512 69
1132 3453 1387 3528 Regulae),
1410 3458 1473 3513 ad
1499 3458 1864 3514 excludendos
1895 3459 2087 3527 huius-

494 3525 638 3583 modi
671 3528 972 3596 singulares
999 3534 1056 3583 et
1091 3525 1426 3596 inor't'natos
1455 3528 1709 3596 affectus,
1741 3532 1928 3584 eadem
1962 3525 2089 3585 cau-

493 3597 641 3672 tione
669 3606 724 3649 et
752 3596 1082 3672 discretione
1108 3596 1257 3667 usus:
1301 3616 1644 3668 summopere
1674 3603 2083 3672 pra-cavendum

492 3667 770 3743 admonet,
803 3685 867 3723 ne
893 3671 1072 3738 quavis
1098 3672 1364 3725 occasione
1406 3667 1687 3743 prcesumat
1713 3673 1844 3727 alter
1866 3674 2087 3727 alterum

494 3738 771 3813 defendere
809 3743 1115 3813 monac/tum
1156 3744 1207 3796 in
1251 3738 1559 3799 monasterio
1595 3755 1684 3798 aut
1726 3746 1869 3813 quasi
1918 3745 2080 3812 tueri,

488 3810 689 3863 etiamsi
744 3809 1477 3887 qualibet___consanguinitatis
1531 3809 1913 3887 propinquitate
1955 3809 2087 3887 juné

491 3892 720 3957 gantur;_
738 3898 833 3957 nec
852 3881 1079 3957 quolibet
1107 3881 1258 3938 modo
1284 3885 1339 3939 id
1361 3902 1394 3940 a
1418 3881 1681 3940 monachis
1707 3881 2046 3953 prtesuiitotur
2066 3931 2081 3957 ,

489 3953 611 4020 quia
639 3952 823 4025 exinde
843 3954 1166 4025 grauissima
1199 3957 1399 4011 occasio
1433 3952 1799 4012 scandalorum
1830 3959 1953 4010 oriri
1995 3952 2088 4025 po;

489 4030 603 4074 test.
632 4021 783 4099 Quod
810 4021 1001 4099 siquis
1030 4025 1125 4078 hoc
1153 4035 1501 4096 transgressus
1527 4029 1714 4099 fuerit,
1746 4030 1917 4082 acrius
1943 4021 2087 4083 coer-

491 4093 773 4169 ceatur._ln
806 4095 1024 4148 easdem
1055 4110 1247 4163 pravas
1278 4093 1565 4155 societates
1595 4110 1649 4154 et
1680 4100 1883 4169 priv.ita
1910 4102 2084 4155 studia

493 4163 881 4231 monachorum
911 4170 1144 4231 graviter
1175 4168 1442 4224 invehitur
1479 4171 1538 4224 D.
1574 4163 1880 4226 Bernartius
1919 4186 2078 4227 serm.

487 4230 560 4286 ει
606 4249 771 4317 super
798 4230 1167 4317 Cantica,ubi
1192 4254 1541 4317 susurronum
1591 4242 1895 4310 huiusmodi
1943 4244 2086 4298 inter

485 4319 548 4361 se
574 4311 1004 4374 coospirantium
1044 4318 1098 4362 et
1144 4311 1591 4366 murmurantium
1634 4329 1812 4366 tuores
1863 4322 1919 4368 et
1956 4328 2086 4368 cnn-

485 4376 758 4452 vettticula
792 4382 864 4452 ita
899 4378 1155 4447 graphice
1183 4379 1423 4452 depingit
1462 4393 1517 4439 et
1565 4382 1803 4450 exagitat
1839 4401 1853 4436 :
1896 4382 2082 4439 Videas

2183 1746 2495 1817 vaniloquia,
2521 1746 2876 1811 scurrilitates,
2906 1746 3244 1801 detractiones
3273 1757 3318 1801 et
3340 1746 3584 1815 eﬁ‘renati
3610 1751 3771 1815 risus,

2178 1834 2272 1892 per
2302 1834 2413 1892 quia
2439 1834 2578 1892 utens
2602 1818 2930 1892 distrahitur,
2961 1823 3289 1892 compunctio
3305 1820 3625 1892 dissolvitur,
3650 1839 3775 1892 gra-

2183 1890 2255 1943 tia
2280 1891 2620 1952 subtrahitur,
2655 1890 2920 1956 proximus
2968 1890 3103 1943 male
3138 1891 3445 1959 aediﬁcatur.
3485 1891 3621 1949 llaec
3654 1890 3766 1949 SS.

2183 1959 2393 2016 Patres.
2420 1961 2585 2014 l’urt‘o
2616 1959 2668 2014 in
2699 1959 2799 2015 hoc
2820 1976 3020 2029 genere
3045 1977 3219 2025 prava:
3249 1961 3526 2017 societatis
3550 1974 3606 2017 et
3632 1965 3774 2019 ami-

2182 2032 2346 2095 citias,
2390 2032 2744 2098 proculdubio
2773 2032 3091 2101 gravissime
3123 2042 3350 2102 peccant
3389 2033 3642 2089 monachi
3677 2035 3772 2100 qui

2181 2102 2441 2157 adversus
2474 2103 2697 2159 abhates
2735 2112 2830 2158 aut
2858 2104 3174 2170 superiores
3207 2118 3341 2157 suos
3372 2104 3507 2159 inito
3535 2107 3775 2161 consilio

2182 2173 2495 2247 conspirant
2526 2182 2584 2229 et
2610 2174 2918 2247 coniurant,
2946 2183 3006 2230 ut
3046 2176 3123 2229 illi
3154 2190 3289 2247 quas
3316 2183 3511 2231 contra
3539 2180 3777 2232 sanctis-

2183 2250 2379 2317 simum
2408 2245 2618 2299 Patrem
2659 2245 3007 2317 Benedictum
3038 2245 3384 2317 conspirasse
3410 2260 3465 2301 et
3495 2264 3774 2305 venenum

2185 2315 2260 2371 illi
2295 2318 2610 2389 [ironinasse
2632 2315 2823 2389 scribit
2861 2314 2920 2372 Β.
2944 2314 3236 2385 Gregorius
3266 2320 3318 2371 in
3344 2319 3582 2389 Dialogis
3616 2318 3775 2388 (Lib.

2181 2401 2221 2442 It
2250 2405 2367 2455 cap.
2400 2390 2488 2457 3).
2522 2387 2681 2444 Unde
2721 2389 2772 2442 in
2808 2389 3244 2445 Chalcedonensi
3284 2387 3546 2445 adversus
3584 2387 3778 2460 hujus-

2183 2460 2329 2523 modi
2356 2460 2756 2527 conspiratores
2785 2469 2842 2515 et
2882 2462 3257 2528 coniuratores
3294 2461 3365 2517 ita
3398 2470 3660 2517 statutum
3694 2465 3777 2518 le-

2180 2531 2323 2603 gitur
2350 2530 2491 2599 apud
2522 2530 2838 2605 Gratianum
2884 2533 2994 2605 (Q.
3025 2534 3078 2587 ll
3117 2548 3163 2605 c.
3198 2531 3261 2603 1)
3288 2550 3300 2586 :
3336 2531 3779 2605 Qtinjurationum

2184 2609 2232 2653 et
2268 2604 2706 2675 conspirationum
2745 2602 2935 2656 crimen
2974 2602 3146 2675 (quod
3175 2602 3314 2672 apud
3340 2602 3549 2657 Grtecos
3580 2604 3780 2660 dicitur

2184 2674 2688 2760 pparpia)"publici.s
2722 2675 2876 2727 etiam
2891 2673 3100 2758 .leg‘ibus
3133 2686 3327 2760 certun't
3353 2676 3657 2760 est-penitus
3693 2679 3780 2731 in-

2186 2742 2370 2818 li'tberi.
2418 2742 2533 2803 Hoc
2573 2744 2733 2800 multo
2763 2746 2927 2818 magis
2956 2742 3023 2800 in
3063 2758 3243 2801 sancta
3267 2746 3381 2818 ‘Dei
3424 2742 3678 2815 Ecclesia,
3716 2765 3783 2803 ne

2183 2815 2298 2897 fiat,
2330 2818 2558 2897 convenit
2589 2815 2937 2897 abdicarifb'i
2966 2818 3052 2887 qui
3081 2833 3198 2872 vero
3228 2815 3399 2897 clerici
3429 2827 3505 2872 vet
3534 2820 3780 2897 monachi

2182 2886 2371 2960 inuenti
2400 2886 2589 2960 fuerint
2612 2890 2939 2956 conjurantes
2979 2899 3066 2941 aut
3090 2890 3458 2955 conspirantes,
3492 2899 3585 2943 aut
3616 2890 3780 2960 phra-

2187 2957 2311 3010 trias
2338 2961 2414 3010 vel
2444 2957 2695 3026 factiones
2732 2960 3091 3031 componentes
3128 2962 3328 3028 aliquas
3367 2961 3474 3013 suis
3519 2957 3780 3029 episcOpis

2189 3037 2290 3104 aut
2315 3030 2513 3104 clericis
2553 3031 2689 3092 aliis,
2738 3030 2945 3104 omnino
2993 3031 3201 3104 cadant
3225 3031 3290 3085 de
3327 3032 3541 3104 proprio
3577 3033 3777 3104 gradu.

2196 3099 2292 3155 Ubi
2316 3101 2609 3153 notandum
2639 3102 2778 3169 quod
2803 3104 2903 3155 etsi
2930 3117 3125 3158 nomen
3154 3099 3537 3171 phratrim'vel
3575 3099 3781 3159 fratrias

2188 3173 2489 3241 generatim
2521 3188 2681 3235 omne
2710 3173 3014 3229 sodalitimn
3040 3216 3054 3241 ,
3088 3173 3419 3230 consortium
3439 3214 3453 3233 .
3486 3175 3782 3228 conventi-

2189 3244 2395 3308 calutn,
2417 3252 2618 3317 sectam
2641 3255 2727 3317 aut
2751 3245 2945 3317 tribum
2964 3245 3231 3317 significet
3244 3244 3410 3317 (unde
3423 3245 3782 3317 Atheniensis

2190 3317 2420 3383 populus
2461 3314 2657 3367 dicitur
2700 3314 2862 3370 fuisse
2900 3317 3111 3369 divisus
3152 3316 3209 3370 in
3246 3314 3530 3371 duodecim
3575 3316 3781 3382 tribus,

2190 3395 2243 3439 et
2274 3387 2498 3464 singula:
2530 3386 2786 3464 trahusiu
2821 3399 2930 3441 tres
2960 3388 3410 3464 pparpiac),_hoc
3441 3397 3622 3464 tamen
3656 3388 3784 3443 loco

2189 3457 2452 3523 accipitur
2479 3471 2576 3524 pro
2608 3454 2845 3511 faetiOne
2869 3454 3252 3513 attt'seditione
3277 3457 3422 3512 inter
3454 3458 3654 3513 fratres
3680 3474 3783 3515 seu

2191 3527 2482 3581 tnonat-hos
2495 3526 2749 3589 excitata,
2768 3526 3219 3596 quemadmodum
3234 3538 3288 3583 et
3300 3529 3438 3591 apud
3457 3528 3513 3584 S.
3535 3528 3782 3598 Ephrem

2190 3600 2450 3671 paraenesi
2492 3601 2580 3661 59,
2618 3599 2704 3653 ubi
2742 3600 2793 3652 in
2828 3614 3052 3662 persona
3079 3600 3385 3671 lntjusmodi
3419 3601 3782 3656 factiosorum

2189 3670 2260 3723 ait
2291 3687 2303 3723 :
2339 3667 2404 3724 In
2430 3671 2615 3742 fratria
2643 3671 2906 3742 conjunczi
2926 3672 3103 3728 simus.
3128 3667 3237 3728 etc.
3270 3673 3331 3725 Et
3362 3672 3500 3725 infra
3527 3690 3538 3721 :
3568 3674 3651 3726 Ad
3683 3690 3785 3741 pu-

2187 3758 2314 3813 gnas
2340 3753 2509 3795 autem
2538 3754 2586 3795 et
2615 3744 2824 3809 fratrias
2852 3745 2958 3796 sive
2984 3743 3230 3813 factiones
3259 3760 3318 3797 ac
3345 3742 3788 3800 contradictiones

2189 3825 2417 3887 potentes
2445 3815 2627 3887 simus.
2654 3815 2922 3868 Cat-terum
2953 3815 3092 3887 quod
3124 3816 3370 3885 superius
3394 3831 3457 3868 ex
3492 3816 3556 3887 1).Δ
3575 3814 3787 3869 Basilio

2187 3883 2394 3938 dictum
2428 3895 2542 3950 est,
2576 3886 2771 3940 fratres
2800 3885 3087 3955 a-qualiler
3116 3883 3347 3940 seinter
3372 3900 3432 3940 se
3461 3884 3694 3949 diligere
3722 3896 3786 3941 et

2188 3959 2469 4025 mqnalilcr
2492 3958 2629 4012 inter
2660 3973 2718 4012 se
2746 3959 2983 4010 vicissim
3014 3972 3204 4012 omnes
3234 3958 3522 4024 Complecti
3548 3957 3779 4022 debere,

2190 4029 2418 4095 proinde
2467 4044 2614 4081 reum
2666 4038 2721 4082 et
2757 4026 3015 4098 iniurium
3067 4043 3188 4082 esse
3222 4028 3449 4096 publica:
3491 4029 3782 4093 charitati,

2188 4099 2276 4169 qui
2312 4116 2472 4152 unum
2505 4101 2737 4168 aliquem
2765 4115 2876 4162 prae
2907 4100 3031 4152 aliis
3060 4099 3254 4169 diligit;
3282 4101 3418 4163 haec,
3451 4099 3697 4165 inquam,
3725 4111 3787 4155 et

2189 4167 2272 4222 his
2304 4170 2523 4237 similia,
2551 4167 2619 4224 ne
2645 4171 2730 4223 cui
2760 4170 2896 4225 forte
2924 4167 3234 4239 scrupulum
3268 4180 3538 4236 moveant,
3568 4169 3787 4224 intelli—

2187 4239 2360 4309 genda
2392 4251 2537 4301 sunt.
2566 4242 2742 4312 quoad
2798 4252 3074 4297 externam
3105 4239 3575 4296 conversationem
3606 4249 3663 4293 et
3701 4245 3787 4295 fall»

2188 4314 2588 4375 unliaritateto,
2633 4316 2749 4368 sive
2789 4314 2857 4367 de
2899 4314 3259 4367 exterioribus
3301 4324 3353 4367 et
3393 4312 3786 4369 communibus

2188 4385 2439 4453 amicitiae
2467 4394 2520 4439 et
2560 4382 2836 4438 cltaritatis
2895 4384 3065 4452 signis
3112 4394 3165 4437 et
3194 4382 3417 4449 ofticiis,
3445 4399 3565 4453 qua:
3594 4388 3788 4439 omni-

482 4445 606 4501 illos
630 4445 1169 4526 antbulare'seorsim,
1199 4445 1468 4507 convenire
1490 4453 1618 4519 sibi,
1644 4445 1693 4526 et
1725 4471 1765 4526 st
1781 4454 1903 4509 dere
1932 4457 2077 4526 pari-
2105 4446 2160 4507 D
2182 4452 2284 4508 bus
2315 4456 2572 4511 fratribus
2601 4456 2903 4522 zequaliter,
3019 4464 3123 4521 est,
3154 4445 3525 4510 intiitferentEr
3553 4465 3607 4509 et
3641 4471 3783 4523 pro-

487 4527 595 4584 ter;
628 4522 1087 4596 ntoa-que_laa:are
1107 4539 1345 4590 procaces
1390 4526 1593 4596 linguas
1633 4525 1689 4579 in
1719 4522 2077 4583 detestandum

482 4587 782 4668 susurrum.
837 4587 1028 4668 {neunt
1063 4587 1489 4668 familiaritatem.
1515 4596 1582 4650 ad
1629 4598 2107 4668 maledicendum“

482 4659 763 4714 concordes
804 4661 872 4714 ad
898 4659 1234 4720 discordiam.
1261 4663 1551 4722 Conciliant
1576 4669 1708 4722 inter
1746 4686 1799 4723 se
1826 4659 2111 4724 inimicis;

479 4731 641 4813 simas
675 4732 961 4813 amicitias,
996 4744 1043 4813 et
1073 4737 1189 4804 pari
1222 4747 1578 4813 consentanete
1622 4741 1965 4813 malignitatis
1994 4742 2079 4811 af-

480 4799 617 4883 fectu
636 4799 1125 4883 calcbraturodjosa
1149 4810 1383 4883 collatio.
1405 4808 1563 4883 [laud
1584 4827 1726 4866 secus
1748 4799 1896 4883 Egere
1912 4799 2075 4883 quon-

479 4871 600 4953 dam
624 4871 858 4953 Herodes
889 4882 947 4953 et
984 4874 1208 4953 (filatus,
1241 4878 1304 4935 de
1322 4882 1504 4951 quibus
1534 4895 1711 4937 narrat
1738 4871 2074 4953 E'cangclium

478 4940 635 5065 gnto,
662 4948 836 5027 sistit),
858 4948 980 5030 quia
1001 4948 1126 5018 facti
1150 4940 1268 5005 sunt
1291 4940 1443 5005 ainici
1470 4953 1562 5006 illa
1584 4953 1687 5018 die,
1719 4954 1774 5008 id
1797 4940 1968 5019 esl:in
1989 4956 2074 5010 die

532 5031 765 5065 ommtca.
808 5022 1081 5065 passionis-
1118 5023 1536 5065 (Ῐηηυρηὶρηιὶἡηι
1566 5024 1640 5065 sit!
1676 5026 1727 5065 in
1762 5042 1919 5065 ιηιηιη
1968 5042 2069 5065 nnn

532 5018 765 5070 orninica,
806 5018 1082 5083 passionis.
1118 5023 1536 5077 Convenientibus
1565 5024 1640 5077 sic
1676 5026 1729 5079 in
1762 5018 1919 5079 unum
1966 5042 2071 5081 non

477 5094 555 5139 est
590 5083 917 5166 Domipicam
960 5094 1528 5166 caenamntanducare,
1570 5096 1658 5150 sed
1688 5099 1850 5164 magis
1891 5098 2069 5166 pr0pi-

475 5166 683 5237 ztareuet
713 5157 880 5237 bibere
906 5162 1118 5218 calicem
1147 5157 1550 5237 damtoniorum',
1580 5168 1704 5220 dum
1738 5157 2073 5237 iritportariti.

476 5216 571 5306 bus
598 5229 786 5297 linguis
806 5229 1029 5306 aliorum
1057 5235 1357 5306 perditionis
1378 5216 1786 5301 virus,,aliorum
1812 5216 1961 5292 ῖιιινεδ
1987 5240 2069 5294 in-

475 5302 941 5380 traitfem_martem
969 5302 1181 5380 libenter
1211 5306 1492 5380 accipiunt.
1527 5307 1620 5363 liis
1651 5310 1903 5365 omnibus
1931 5310 2062 5365 sub-

474 5368 667 5433 scribit
690 5367 753 5443 Β.
776 5367 1098 5432 Laurentius
1127 5367 1445 5433 Justitianus
1466 5380 1771 5449 patriarcha
1804 5380 2057 5449 Venetus,

2182 4527 2406 4592 misi-ue,
2441 4526 2742 4581 exitihenda
2771 4534 2919 4580 sunt.
2941 4523 3073 4580 Nam
3093 4527 3267 4595 quoad
3292 4529 3605 4582 interiorem
3633 4527 3786 4580 tlile-

2178 4601 2375 4652 ctionis
2430 4597 2682 4653 allectum
2742 4608 2795 4650 et
2854 4596 3143 4665 peculiaria
3195 4600 3437 4666 qumdam
3488 4596 3784 4653 charitatis

2178 4669 2380 4739 officia,
2427 4686 2480 4723 ν.
2526 4685 2579 4739 g.
2625 4669 2926 4738 peculiares
2971 4669 3270 4735 orationes,
3304 4668 3596 4736 sacrificia,
3629 4676 3782 4736 etc.,

2180 4738 2315 4794 nihil
2340 4738 2618 4808 prohibet,
2656 4741 2819 4794 immo
2849 4740 3038 4793 rationi
3070 4752 3494 4793 consentaneum
3525 4749 3607 4793 est
3629 4741 3786 4795 alios

2181 4825 2290 4881 pra:
2320 4814 2442 4865 aliis
2471 4812 2587 4881 plus
2621 4811 2771 4880 diligi
2819 4820 2873 4867 et
2918 4810 3185 4878 pra-ferri.
3215 4810 3298 4863 vel
3326 4811 3448 4880 quia
3482 4810 3784 4876 meliores,

2178 4881 2263 4936 vel
2287 4883 2411 4952 quia
2446 4882 2601 4936 nobis
2630 4883 3067 4953 propinquiores,
3091 4882 3469 4943 officiosiores,
3503 4883 3784 4947 notiores,

2180 4954 2349 5023 magis
2399 4954 2662 5018 benefici,
2707 4965 2834 5018 etc.,
2881 4953 3175 5007 dummodo
3217 4964 3365 5015 recta
3398 4954 3469 5007 sit
3513 4953 3784 5017 intentio,

2179 5026 2371 5080 modus
2415 5025 2632 5081 debitus
2675 5036 2945 5090 servetur,
2974 5032 3029 5079 et
3060 5025 3259 5079 vitetur
3284 5024 3600 5080 scandalum
3630 5024 3785 5079 alio-

2176 5111 2317 5222 Pam.
2344 5096 2480 5152 Vide
2514 5097 2575 5153 S.
2604 5095 2869 5153 Thomam
2908 5095 3008 5150 2-2
3044 5111 3101 5165 q.
3146 5094 3220 5151 26
3253 5105 3358 5152 art.
3390 5097 3424 5152 6
3451 5104 3507 5151 et
3534 5109 3785 5170 sequen-

2197 5183 2209 5221 ι
2253 5183 2337 5222 ns.

2173 5177 2337 5222 tibus.

2245 5244 2315 5365 ᾧ,
2308 5239 2389 5381 1))e
2412 5238 2514 5296 hac
2547 5240 2817 5301 sententia
2872 5240 3124 5319 superius
3161 5245 3342 5301 actum
3397 5247 3482 5295 est
3506 5233 3663 5319 (cap.
3697 5237 3783 5296 ‘55

2169 5319 2218 5364 et
2245 5319 2361 5364 24).
