4072 6324
440 305 575 363 104⁷

1507 292 1790 352 JOANNlS
1826 289 2133 347 CASSIANI
2169 284 2662 345 COLLATIONES.

3591 277 3743 335 tcta.

439 423 577 475 citer
607 415 784 481 docet,
815 421 869 470 et
895 412 1098 484 eligere
1121 411 1173 467 id
1206 410 1346 482 quod
1375 410 1617 479 expedit,
1648 408 1771 464 data
1803 403 2036 464 seniori—
2059 405 2110 466 Α
2139 399 2480 456 sermonibus
2519 414 2552 454 a
2582 404 2770 453 sancto
2818 395 3012 454 abbate
3037 394 3312 452 Germano
3340 409 3404 450 ea
3452 393 3744 451 alacritan

439 511 542 566 bus
573 506 794 578 sponsio
816 520 925 562 non
948 505 1202 560 admittit.
1237 505 1451 559 Etenim
1481 502 1751 573 potuimus
1770 499 2034 570 exemplis

443 604 629 657 talium
661 617 724 657 ac
747 609 1020 657 tantorum
1051 599 1291 655 virorum
1343 597 1410 653 ad
1458 595 1837 668 perfectiorem
1867 596 2034 650 vitam

442 695 897 767 propositumque
923 693 1168 759 formari,
1199 692 1300 748 nisi
1333 707 1431 748 nos
1460 692 1728 747 instanter
1757 689 1822 744 ad
1849 703 2033 746 coeno-

443 791 592 845 bium
623 801 907 844 recurrere
952 786 1204 857 promissi
1246 785 1420 854 pactio
1451 791 1774 840 coarctaret.
1805 782 1958 850 Quod
1989 782 2035 838 si

445 881 649 935 reversi
674 879 972 946 fuerimus,
999 878 1153 948 copia
1183 878 1339 933 nobis
1369 877 1594 932 ulterius
1625 878 1728 932 huc
1759 873 2036 932 remeandi

446 973 594 1028 nulla
632 972 919 1029 tribuetur.
953 970 1051 1029 Sin
1074 986 1206 1027 vero
1237 970 1324 1026 hic
1361 970 1664 1027 residentes
1703 969 2034 1026 desiderium

447 1077 692 1122 nostrum
715 1063 1070 1122 maluerimus
1095 1063 1341 1135 explere,
1365 1063 1495 1135 quid
1538 1063 1748 1135 agimus
1768 1063 1836 1119 de
1865 1077 2034 1134 spon-

447 1159 617 1214 sionis
656 1157 793 1224 fide,
853 1172 1014 1227 quam
1068 1155 1372 1212 senioribus
1403 1155 1604 1211 nostris
1633 1155 2033 1212 velocissimum

450 1249 685 1305 reditum
739 1250 1078 1322 pollicentes,
1112 1248 1326 1305 dedisse
1366 1263 1465 1304 nos
1511 1246 1792 1318 novimus,
1835 1257 1894 1304 ut
1948 1247 2037 1305 vel

445 1341 645 1399 cursim
675 1343 864 1398 liceret
891 1342 1048 1398 nobis
1074 1341 1234 1413 hujus
1263 1341 1557 1412 provinciae
1581 1351 1798 1397 sanctos
1827 1355 1892 1397 ac
1919 1356 2037 1397 mo-

447 1437 686 1492 nasteria
734 1435 1065 1492 circumire?
1113 1432 1360 1506 Cumque
1404 1436 1486 1491 sic
1533 1445 1864 1500 aestuantes,
1907 1434 2035 1506 quid

446 1543 613 1599 super
635 1536 776 1585 statu
803 1528 996 1586 salutis
1030 1537 1230 1584 nostras
1253 1527 1626 1584 deﬁniendum
1650 1537 1814 1594 esset,
1843 1541 2038 1597 nequa-

2138 493 2433 564 susceptis,
2463 506 2527 547 ac
2551 491 2598 547 si
2622 506 2717 547 eos
2739 505 2848 546 non
2877 505 2905 544 a
2933 489 3274 559 memetipso,
3327 488 3424 544 sed
3473 488 3744 543 instinctu

2138 585 2356 641 Domini
2385 584 2757 656 protulissem,
2789 583 3081 638 adventum
3103 582 3253 638 senis
3273 590 3436 652 atque
3468 590 3492 618 '
3525 582 3745 636 instan-

2139 689 2245 736 tem
2266 681 2377 750 jam
2401 682 2592 736 horam
2637 687 2921 736 nocturnae
2951 692 3223 752 synaxeos
3270 677 3544 749 paululum
3591 694 3743 749 prte-

2136 774 2339 842 stolati,
2374 783 2658 845 postquam
2683 789 2809 829 eum
2829 773 2989 828 solita
3019 771 3347 828 salutatione
3364 771 3740 841 suscepimus,

2137 876 2193 924 et
2222 867 2492 937 legitimus
2542 867 2850 922 orationum
2899 875 3064 937 atque
3105 863 3433 935 psalmorum
3479 863 3745 933 impletus

2136 973 2220 1021 est
2247 977 2532 1032 numerus,
2555 962 2745 1019 iisdem
2774 976 2964 1016 rursus
3005 960 3198 1032 quibus
3224 958 3291 1014 ad
3321 958 3558 1030 quietem
3585 972 3746 1014 com-

2138 1057 2299 1130 positi
2323 1054 2600 1114 fueramus
2634 1052 2654 1093 τ
2685 1053 2934 1127 psiathiis
2955 1068 3025 1110 ex
3051 1068 3208 1110 more
3228 1051 3600 1109 consedimus.

2750 1168 2979 1228 CAPUT
3015 1168 3105 1226 ιν.

2209 1268 2556 1340 Interrogatio
2593 1266 2792 1340 abbatis
2815 1264 3036 1340 Ioseph,
3065 1273 3339 1340 nostraque
3377 1260 3662 1332 responsio,

2566 1339 2704 1394 unde
2730 1335 2968 1393 anxietas
2995 1335 3303 1392 emersisset.

2210 1432 2345 1488 Tum
2374 1431 2707 1490 venerabilis
2760 1429 2961 1502 Joseph
3015 1428 3342 1500 dejectiores
3400 1440 3500 1482 nos
3552 1425 3744 1480 animo

2139 1525 2560 1598 contemplatus,
2589 1533 2750 1596 atque
2779 1523 2883 1579 hoc
2919 1520 3079 1577 nobis
3108 1535 3217 1576 non
3247 1519 3365 1575 sine
3413 1531 3574 1574 causa
3607 1531 3745 1570 con-

449 1638 609 1692 quam
651 1623 898 1679 invenire
945 1634 1259 1693 possemus,
1293 1620 1412 1676 solo
1455 1620 1655 1692 gemitu
1706 1619 2038 1675 testabamur
2133 1622 2332 1696 jiciens
2361 1618 2646 1684 accidisse,
2669 1617 2759 1672 illo
2785 1629 2884 1671 nos
2911 1611 3232 1685 patriarchae
3253 1611 3453 1682 Joseph
3483 1623 3743 1665 sermone

444 1713 752 1769 durissima:
781 1713 1109 1769 conditionis
1136 1713 1544 1781 necessitatem,
1570 1725 1891 1768 accusantes
1911 1722 1936 1750 ι
1964 1721 2036 1768 te-

2139 1715 2468 1786 compellat:
2499 1721 2525 1761 ε
2563 1711 2704 1780 Quid
2733 1711 2917 1782 utique
2965 1707 3146 1763 vultus
3190 1705 3357 1762 vestri
3400 1705 3585 1760 tristes
3613 1710 3747 1758 sunt

447 1805 810 1862 neritudinem
868 1806 1060 1862 frontis
1120 1815 1344 1873 nostrai,
1398 1815 1455 1863 et
1521 1806 1817 1877 ingenitam
1879 1797 2472 1866 nobithodie?Cui
2505 1821 2632 1864 nos:
2682 1805 2803 1862 Non
2856 1805 2998 1860 sicut
3052 1799 3307 1857 vinculati
3335 1799 3410 1854 illi
3440 1797 3745 1852 Pharaonis

445 1899 826 1955 verecundiam
849 1900 1206 1966 detestantes,
1239 1897 1268 1939 δ
1296 1900 1457 1972 cujus
1479 1915 1649 1956 onere
1679 1900 1994 1971 praegravati
2019 1939 2037 1968 ,

445 1991 610 2046 etiam
632 2000 818 2047 contra
844 1990 1130 2046 utilitatem
1155 2005 1219 2047 ac
1247 1991 1582 2062 propositum
1610 2001 1877 2060 nostrum,
1906 1991 2040 2046 reti-

447 2085 692 2138 nentium
751 2083 1009 2153 precibus
1036 2084 1169 2140 alias
1201 2100 1308 2140 non
1342 2085 1703 2156 potuissemus
1748 2083 2035 2152 obsistere,

449 2176 555 2231 nisi
579 2176 944 2232 maturissiino
971 2177 1147 2232 reditu
1174 2178 1510 2248 repromisso
1543 2177 1648 2232 huc
1678 2176 2037 2242 venissemus,

448 2268 594 2323 illius
617 2269 820 2324 scilicet
843 2285 942 2324 nos
966 2269 1190 2339 pudoris
1211 2269 1342 2324 vitio
1365 2268 1643 2325 laborasse
1661 2267 1944 2335 delleutes,
1973 2267 2043 2324 de

448 2376 556 2431 quo
578 2361 796 2429 dicitur,
813 2360 910 2418 Est
930 2374 951 2400 ο
978 2363 1145 2433 pudor
1161 2361 1379 2430 a/ferens
1403 2373 1668 2435 peccatum
1693 2361 1915 2434 (Eccles.
1938 2361 2036 2434 Iv).

1069 2474 1295 2534 CAPUT
1332 2476 1417 2532 Ill.

486 2567 720 2624 Cassiani
749 2570 1051 2646 consilium,
1075 2580 1124 2646 _et
1151 2572 1418 2646 responsio
1445 2574 1513 2646 ad
1553 2573 2010 2646 interrogationem

999 2642 1198 2698 abbatis
1237 2644 1490 2714 germani.

521 2734 658 2790 Tum
688 2749 789 2806 ego
812 2753 825 2789 :
848 2733 1264 2806 Compendium,
1297 2735 1550 2807 inquam,
1584 2738 1878 2809 angoribus
1909 2738 2045 2796 all'eo

449 2841 534 2885 rat
563 2835 768 2886 nostris
798 2831 1087 2886 consilium
1115 2877 1130 2902 ,
1186 2835 1353 2887 immo
1401 2833 1698 2889 auctoritas
1752 2834 1919 2904 senis,
1975 2834 2044 2890 ad

448 2939 612 2993 quem
640 2933 857 2993 oportet
883 2935 944 2980 ut
988 2934 1202 2980 nostras
1243 2926 1638 2982 sollicitudines
1691 2927 1997 2984 deferamus
2025 2971 2040 2997 ,

450 3024 507 3071 et
549 3016 809 3086 quidquid
853 3017 1016 3071 fuerit
1041 3017 1156 3088 ejus
1199 3019 1468 3074 sententia
1519 3019 1798 3075 definitum
1826 3064 1840 3090 ,
1898 3023 2047 3077 velut

451 3108 694 3163 divinum
735 3118 790 3161 et
838 3111 1060 3164 caeleste
1105 3124 1432 3180 responsum
1460 3155 1476 3179 ,
1509 3112 1721 3168 cunctis
1747 3109 1776 3151 ἀ
1822 3114 2045 3170 testibus

451 3200 651 3255 nostris
683 3200 972 3255 terminum
1005 3209 1191 3270 ponat.
1226 3201 1382 3269 Quod
1410 3203 1630 3274 quidem
1664 3204 1820 3260 nobis
1863 3221 1960 3276 per
1984 3221 2046 3263 os
2071 3180 2119 3245 (ἶ

453 3292 626 3347 sancti
677 3291 837 3361 hujus
863 3307 893 3346 a
917 3291 1150 3347 Domino
1175 3294 1544 3362 tribuendum,
1573 3305 1630 3352 et
1656 3297 1726 3352 ob
1757 3298 1897 3353 illius
1926 3315 2042 3356 me-

451 3385 616 3442 ritum
646 3395 699 3442 ct
722 3385 792 3440 ob
817 3394 1054 3441 nostram
1081 3387 1240 3442 [idem
1273 3387 1494 3444 minime
1519 3389 1848 3447 dubitemus.
1871 3393 2045 3464 Ipsius

451 3480 595 3536 enim
625 3494 849 3535 munere
875 3479 1095 3536 salubre
1123 3481 1413 3537 consilium
1462 3491 1519 3539 et
1563 3485 1774 3539 creduli
1804 3485 1872 3541 ab
1902 3487 2046 3543 iudi-

451 3575 592 3644 gnis,
625 3585 679 3630 et
702 3574 966 3631 increduli
995 3591 1025 3629 a
1061 3575 1257 3631 sanctis
1303 3577 1616 3649 frequenter
1671 3591 2039 3651 acceperunt,

455 3667 685 3724 Domino
707 3669 760 3724 id
794 3669 877 3725 vel
905 3677 1129 3740 propter
1152 3670 1401 3726 meritum
1429 3672 1895 3742 respondentium,
1958 3677 2044 3732 vel

450 3771 677 3832 propter
731 3761 894 3817 ﬁdem
947 3762 1346 3818 consulentium
1395 3763 1682 3834 largiente.
1730 3766 1823 3821 llis
1865 3767 2045 3839 itaque

2143 1901 2395 1964 ministri,
2419 1900 2688 1956 somnium
2712 1897 2965 1962 vidimus,
2995 1901 3053 1950 et
3080 1893 3173 1963 qui
3205 1893 3595 1960 interpretetur
3625 1903 3739 1943 non

2143 2005 2245 2065 est,
2271 1993 2368 2051 sed
2395 1993 2720 2057 insomnem,
2755 1989 2994 2060 inquam,
3024 1987 3274 2042 duximus
3301 1991 3548 2048 noctem;
3571 1989 3627 2037 et
3647 1980 3744 2051 qui

2143 2100 2369 2144 aestuum
2395 2096 2702 2142 nostrorum
2730 2083 2900 2138 moles
2927 2081 3196 2144 sublevet,
3229 2093 3336 2135 non
3367 2086 3470 2145 est,
3505 2075 3611 2132 nisi
3647 2089 3745 2131 eas

2145 2181 2404 2237 Dominus
2426 2190 2516 2235 tua
2561 2176 2890 2233 discretione
2919 2172 3275 2230 submoverit.
3333 2170 3472 2226 Tum
3500 2168 3616 2236 ille,
3648 2169 3742 2239 qui

2145 2272 2462 2346 patriarcha:
2484 2271 2762 2335 virtutem,
2814 2277 2870 2324 et
2895 2267 3088 2323 merito
3133 2264 3380 2331 referret,
3414 2272 3472 2318 et
3500 2262 3740 2326 nomine,

2143 2367 2334 2423 Nonne
2359 2379 2456 2435 per
2486 2362 2798 2427 Dominum,
2826 2360 3020 2429 inquit,
3038 2365 3125 2414 est
3146 2357 3504 2412 humanarum
3533 2353 3742 2424 cogita-

2146 2460 2353 2516 tionum
2393 2455 2638 2513 curatio?
2678 2453 3019 2524 proferantur
3065 2451 3120 2506 in
3150 2449 3407 2513 medium,
3438 2456 3632 2518 potens
3660 2454 3746 2501 est

2145 2556 2291 2610 enim
2315 2551 2497 2608 divina
2519 2547 2805 2606 clementia
2834 2545 3129 2602 secundum
3164 2545 3327 2600 tidem
3368 2551 3610 2598 vestram
3642 2553 3745 2595 no-

2145 2655 2260 2703 stro
2288 2645 2370 2702 eis
2408 2642 2672 2700 medelam
2706 2649 2967 2712 praestare
2995 2636 3245 2695 consilio.

2773 2755 3003 2814 CAPUT
3047 2754 3109 2811 V.

2148 2854 2424 2926 Expositio
2447 2853 2645 2931 abbatis
2669 2851 3050 2931 Germani,_cur
3068 2849 3149 2904 vel
3181 2849 3236 2903 in
3249 2845 3495 2931 .sﬁ'ggpto
3522 2845 3747 2902 residere

2359 2926 2652 2992 mallemus,
2685 2923 2763 2978 vel
2793 2927 3172 2978 retraheremur
3191 2919 3259 2972 ad
3291 2919 3528 2990 syriam.

2218 3019 2300 3075 Ad
2327 3018 2445 3074 haec
2474 3017 2774 3073 Germanus
2811 3035 2824 3070 :
2865 3014 3255 3081 Credebamus,
3280 3012 3475 3082 inquit,
3508 3025 3608 3066 nos
3651 3025 3740 3066 ve-

2148 3123 2276 3170 strae
2297 3109 2645 3168 beatitudinis
2669 3109 2897 3177 visione,
2928 3123 3036 3163 non
3066 3107 3238 3162 solum
3273 3105 3456 3161 laetitia
3488 3103 3745 3174 spiritali,

2152 3206 2248 3262 sed
2274 3207 2437 3261 etiam
2463 3203 2705 3274 profectu
2731 3200 2944 3257 abunde
2969 3199 3228 3268 repletos,
3257 3197 3326 3253 ad
3362 3207 3608 3253 nostrum
3629 3211 3746 3253 cm-

2154 3301 2373 3356 nobium
2398 3305 2819 3363 recursuros;et
2851 3311 2913 3352 ea
2955 3309 3078 3367 quae
3113 3294 3400 3348 fuissemus
3423 3301 3605 3347 vestro
3633 3305 3751 3346 ma-

2152 3393 2375 3466 gisterio
2403 3391 2704 3457 consecuti,
2747 3405 2780 3445 a
2809 3389 2966 3444 nobis
3014 3396 3136 3458 post
3173 3386 3404 3442 reditum
3464 3384 3550 3441 vel
3591 3385 3744 3440 tenui

2154 3487 2498 3544 mmulatioue
2527 3484 2804 3542 sectanda.
2835 3483 2948 3539 Hoc
2975 3483 3120 3539 enim
3151 3493 3206 3537 et
3235 3481 3514 3535 seniorum
3532 3486 3753 3533 nostro-

2153 3597 2270 3637 rum
2299 3579 2524 3636 dilectio
2551 3579 2654 3635 sibi
2683 3577 2950 3648 spondere
2979 3589 3079 3630 nos
3105 3572 3400 3644 compulit,
3426 3571 3556 3626 dum
3581 3571 3749 3626 subli-

2153 3677 2394 3731 mitatem
2426 3673 2546 3728 vitae
2595 3679 2794 3728 vestrae
2830 3678 2992 3740 atque
3019 3657 3280 3724 doctrina:
3310 3679 3470 3736 posse
3520 3679 3622 3719 nos
3645 3664 3746 3718 ali-

2151 3779 2414 3840 quatenus
2438 3765 2634 3822 imitari
2665 3764 2720 3821 in
2756 3764 2847 3820 illo
2893 3761 3145 3819 cmuobio
3179 3759 3551 3816 crederemus.
3591 3756 3748 3813 Unde

1526 3931 1790 3988 ALARDI
1825 3933 2061 3990 (ἓΑΖᾸῧΙ
2096 3929 2670 3991 COMMENTARIUS.

534 4053 561 4081 κ
595 4042 924 4098 Teneritudo
944 4043 1160 4110 frontis,
1183 4054 1242 4100 ut
1271 4053 1420 4101 notat
1444 4045 1755 4113 Ciaconius,
1781 4047 2040 4105 Cassiano

455 4113 654 4169 dicitur
683 4114 854 4190 pudor
883 4115 1099 4190 quidam
1131 4117 1488 4190 subrusticus,
1523 4135 1630 4187 quo
1660 4120 1900 4189 impediti
1931 4123 2041 4190 ple-

454 4200 682 4254 rumque
707 4185 972 4254 homines,
1004 4187 1054 4259 id
1083 4187 1224 4253 quod
1243 4188 1344 4259 sibi
1376 4189 1510 4244 utile
1532 4185 1753 4259 sperani
1773 4185 2038 4257 futurum,

455 4271 563 4310 non
595 4266 980 4326 exsequuntur.
1014 4257 1217 4312 Seneca
1271 4258 1363 4313 lib.
1395 4275 1413 4313 ι
1443 4257 1602 4327 epist.
1633 4277 1669 4314 ιι
1701 4279 1714 4313 :
1761 4262 1884 4316 Scio
1935 4279 2043 4318 esse

455 4327 832 4400 rubor_e_m,gqui
852 4329 1165 4396 gravissimis
1191 4345 1390 4400 quoque
1434 4331 1557 4384 viris
1584 4333 1785 4386 subitus
1813 4332 2044 4399 o/fundi-

457 4406 562 4481 tur.
599 4397 765 4481 blagis
788 4399 993 4481 quidem
1014 4400 1069 4452 in
1085 4397 1617 4481 juvenibusapparet,
1645 4405 1827 4471 quibus
1848 4397 1897 4458 et
1928 4406 2043 4471 plus

459 4469 652 4522 caloris
689 4479 780 4530 est.
807 4481 853 4524 et
881 4480 1054 4524 tenera
1086 4469 1241 4542 'frons
1262 4487 1281 4526 :
1329 4469 1666 4528 nihilominus
1714 4469 1978 4529 veteranos
2003 4487 2050 4530 et

459 4555 604 4594 senes
624 4541 828 4617 tangit,
854 4551 902 4595 et
927 4542 1058 4597 nihil
1082 4541 1190 4617 erat
1214 4543 1424 4617 mollius
1450 4561 1538 4599 ore
1560 4544 1815 4617 Pompeii.
1846 4546 2049 4602 Contra

460 4625 596 4665 vero
619 4611 768 4688 frons
797 4612 933 4688 dura
961 4613 1672 4688 proimpudentiaponitur.
1694 4611 1756 4673 'S.
1789 4617 2050 4688 Hierony-

460 4696 584 4760 mus
611 4683 870 4736 adversus
900 4683 1216 4760 Pelagianos
1249 4703 1260 4738 :
1298 4684 1366 4740 Ut
1387 4683 1533 4740 dura:
1562 4687 1750 4760 frontis
1774 4683 2049 4760 impuden-

463 4753 543 4827 tia
559 4763 871 4827 conteratur.
902 4753 1154 4827 Ferream
1193 4755 1424 4827 frontem
1471 4753 1569 4826 pro
1597 4759 1789 4813 eodem
1836 4753 2052 4827 scripsit

467 4823 678 4900 Plinius
711 4827 761 4879 iu
795 4826 1127 4900 Panegyrico
1157 4845 1170 4880 :
1208 4823 1538 4900 Exsanguem
1567 4828 1713 4883 illam
1741 4839 1789 4884 et
1827 4823 2048 4897 ferream

394 4916 396 4919 ν
463 4897 680 4972 frontem
699 4897 1040 4972 nequidquam
1056 4897 1525 4972 convulnerandam
1547 4903 1748 4972 punctis
1768 4903 2053 4972 prazbeant;

463 4969 606 5040 utin
631 4968 892 5040 Eunucho
917 4968 1202 5040 Terentius
1249 4985 1311 5024 ns
1349 4968 1555 5026 durum
1595 4987 1694 5039 pro
1742 4968 2051 5040 impudente

462 5037 628 5114 disiu
653 5039 720 5092 Et
746 5038 952 5114 Seneca
1096 5055 1151 5114 ιι
1165 5057 1178 5093 :
1217 5041 1368 5114 Quod
1388 5044 1443 5096 in
1481 5037 1763 5114 sapientem
1786 5037 1885 5097 non
1913 5043 2053 5098 cadit

460 5108 664 5185 injuria
690 5125 809 5178 cap.
983 5111 1044 5165 Si
1073 5109 1179 5185 ille
1214 5111 1312 5185 hoc
1333 5114 1512 5185 potuit
1543 5108 1753 5185 fduritt‘a
1793 5116 1928 5182 o‘ris,
1963 5116 2052 5185 qui

463 5181 691 5233 assiduis
710 5183 953 5236 conviciis
978 5182 1165 5246 pudere
1187 5181 1522 5237 dedidicerat.
1548 5184 1835 5240 lnlirmitas
1859 5181 2049 5241 frontis

463 5251 532 5304 ab
563 5254 752 5306 eodem
776 5253 973 5328 dicitur
1001 5254 1091 5328 lib.
1126 5269 1162 5328 tt
1187 5253 1255 5328 de
1275 5254 1571 5328 Beneﬁciis
1595 5273 1608 5307 :
1634 5255 1820 5328 Multi,
1856 5258 2049 5328 inquit,

462 5303 758 5395 magis.
779 5303 1164 5390 ἱειῖέὲαὶεέῖάεὲὶ
1190 5303 1467 5393 {vI/viiii}le
1480 5303 1688 5395 Ῑῖἇηιεὲξ
1706 5303 1820 5327 Μ’

537 5393 563 5433 ι)
603 5393 793 5464 Cujus.
826 5397 1035 5450 scilicet
1063 5398 1404 5452 verecundiae
1431 5393 1619 5462 onere,
1654 5398 1704 5452 id
1733 5408 1846 5466 est,
1875 5401 2046 5464 impe-

465 5463 733 5542 dimento.
760 5467 912 5532 Quod
945 5467 1140 5523 melius
1181 5470 1354 5542 currit
1383 5485 1574 5538 quam,
1608 5478 1665 5524 ut
1692 5471 1780 5542 alii
1822 5463 2001 5542 legunt
2028 5489 2043 5526 :

465 5532 628 5607 Cujus
657 5539 733 5592 rei
775 5553 963 5604 onere,
1013 5551 1117 5610 etc.
1171 5532 1530 5610 Conqueritur
1560 5543 1702 5596 enim
1745 5532 2046 5598 Germanus

467 5610 614 5675 quod
646 5624 756 5676 pra:
787 5610 953 5663 nimio
982 5609 1189 5678 pudore
1214 5620 1268 5666 et
1295 5609 1618 5668 verecundia
1646 5629 1751 5668 non
1779 5616 1894 5668 ausi
1921 5615 2051 5668 fuis-

468 5691 590 5732 sent
619 5679 913 5748 longioretn
941 5680 1199 5736 absentia:
1226 5698 1431 5738 moram
1471 5694 1525 5739 et
1550 5684 1852 5741 facultatem
1880 5701 1910 5739 a
1934 5686 2048 5741 suis

471 5749 776 5827 postulare;
832 5751 941 5827 vel,
987 5759 1046 5806 ut
1077 5753 1361 5827 Dionysius
1411 5753 1728 5811 familiarius
1775 5759 2044 5827 exponit,

468 5819 604 5874 auod
631 5835 736 5876 non
781 5823 1067 5892 potuissent
1092 5819 1244 5880 aliter
1283 5827 1517 5882 resistere
1553 5828 1786 5900 precibus
1833 5819 2049 5884 c’ouven;

2150 4049 2370 4103 tualium
2395 4047 2720 4102 retinentium
2740 4062 2824 4102 eos
2853 4056 3034 4101 contra
3053 4045 3342 4118 profectum
3370 4050 3524 4118 atque
3555 4057 3747 4113 propo-

2150 4121 2306 4176 situm
2335 4135 2506 4182 suum,
2541 4120 2641 4172 nisi
2671 4120 3025 4172 maturissimo
3051 4114 3222 4170 reditu
3245 4115 3317 4169 eis
3339 4114 3618 4185 promisso.

2227 4202 2248 4230 ε
2290 4189 2656 4245 Ecclesiastici
2707 4205 2759 4244 iv
2805 4190 3000 4258 legitur
3027 4203 3040 4240 :
3071 4186 3166 4241 Est
3189 4186 3428 4258 confusio
3475 4186 3743 4239 adducens

2155 4271 2457 4330 peccatum:
2497 4270 2544 4314 et
2590 4267 2664 4315 est
2689 4257 2922 4330 confusio
2967 4259 3228 4313 adducens
3273 4257 3497 4329 gloriam
3541 4265 3589 4311 et
3623 4273 3747 4328 gra-

2152 4337 2297 4389 tiam.

2224 4403 2250 4443 ἀ
2293 4407 2483 4462 λΕειιιε
2524 4403 2742 4474 proprie
2785 4413 2868 4458 est
2915 4402 3115 4474 nimius
3153 4400 3302 4474 calor
3331 4409 3386 4455 et
3435 4399 3626 4474 fervor
3659 4399 3747 4453 vel

2156 4486 2338 4533 motus
2360 4489 2412 4534 et
2439 4469 2660 4546 agitatio
2701 4475 2974 4528 ﬂuctuum.
3022 4471 3165 4546 illinc
3202 4471 3372 4546 ducta
3428 4469 3750 4546 metaphora

2154 4550 2388 4604 sumitur
2410 4543 2506 4619 pro
2529 4547 2698 4619 variis
2721 4545 2883 4619 animi
2905 4543 3342 4619 mgrittLdinibus,
3367 4543 3534 4619 curis,
3561 4543 3754 4619 anxie-

2155 4621 2379 4686 tatibus,
2406 4612 2922 4688 perturbationibus.
2960 4612 3152 4688 SicD.
3170 4612 3520 4688 Augustinus
3542 4629 3578 4667 ι
3603 4612 3750 4667 Con-

2153 4684 2378 4746 fession.
2405 4684 2556 4763 (Cap.
2581 4687 2673 4756 51)
2702 4686 2866 4763 :_His
2907 4686 3276 4763 tentationibus
3314 4684 3544 4763 quotidie
3586 4699 3751 4737 conor

2156 4755 2425 4824 resistere;
2439 4771 2486 4815 et
2506 4755 2688 4813 invoco
2712 4759 2970 4814 dexteram
3011 4769 3155 4811 tuam
3178 4755 3249 4809 ad
3270 4755 3495 4809 salutem
3540 4771 3707 4809 meam
3732 4795 3749 4818 ,

2158 4841 2206 4886 et
2234 4833 2302 4886 ad
2321 4842 2369 4886 te
2390 4836 2559 4902 refero
2581 4839 2734 4886 cestus
2767 4846 2922 4884 meos.

2233 4912 2257 4940 ο
2282 4896 2489 4973 (101ιὶέο
2513 4903 2636 4956 hinc
2662 4910 2863 4956 certam
2892 4909 3199 4973 statamque
3221 4897 3328 4973 illis
3359 4896 3526 4953 fuisse
3554 4896 3749 4952 horam

2160 4969 2742 5029 nocturnivconventus
2758 4982 2811 5025 et
2848 4972 3029 5026 ollicii.
3055 4970 3169 5025 Non
3193 4969 3336 5022 enim
3363 4984 3483 5023 eam
3515 4981 3751 5035 praesto-

2161 5044 2401 5100 larentur
2423 5045 2733 5103 instantem.
2764 5043 2808 5095 si
2839 5057 2942 5096 non
2970 5051 3106 5095 stata
3135 5049 3389 5108 certaque
3421 5041 3635 5094 fuisset.
3669 5040 3744 5095 De

2159 5132 2262 5186 qua
2292 5116 2583 5174 Cassianus
2621 5114 2717 5168 lib.
2746 5129 2785 5169 ιι
2827 5113 3058 5168 lnstitut.
3082 5126 3204 5183 cap.
3237 5112 3303 5166 17
3333 5118 3389 5165 et
3417 5111 3480 5165 l).
3515 5110 3750 5166 Benedi-

2155 5200 2275 5258 ctus
2304 5204 2422 5258 cap.
2452 5188 2486 5242 8
2513 5195 2569 5242 et
2597 5186 2687 5258 47,.

2233 5257 2253 5297 ί
2283 5253 2636 5330 Βθ’ρεῑειι1ιίἱε
2664 5257 2757 5312 lib.
2788 5272 2842 5312 tv
2868 5255 3411 5330 Institutionumcap.
3448 5253 3518 5309 i5
3545 5253 3746 5330 etalibi

2151 5332 2368 5399 smpius.
2391 5325 2607 5385 "Dicitur
2635 5336 2815 5384 autem
2845 5328 3108 5396 psiathus,
3134 5336 3189 5381 et
3209 5325 3502 5399 psiathius,
3525 5336 3586 5399 et
3604 5327 3749 5399 psia-

2156 5395 2353 5466 tlti'um,
2399 5412 2453 5457 et
2493 5401 2803 5471 frequenter
2831 5395 2894 5455 ac
2941 5395 3246 5471 promiscue
3297 5397 3494 5468 legitur
3522 5397 3577 5453 in
3604 5395 3748 5454 Vitis

2156 5471 2375 5528 Patrum
2407 5481 2463 5528 et
2502 5470 2745 5528 veterum
2777 5470 3187 5526 monachorum.

2229 5553 2255 5591 8
2286 5545 2342 5612 In
2384 5545 2595 5615 vulgata
2639 5544 2872 5597 editione
2917 5541 3002 5596 hic
3031 5556 3210 5595 sermo
3251 5538 3484 5615 habetu_r
3513 5540 3748 5615 patriar-

2154 5615 2273 5671 cha:
2301 5610 2503 5684 Joseph
2554 5615 2620 5670 ad
2666 5615 2975 5684 pincernam
3029 5623 3084 5669 et
3126 5615 3385 5684 pistorem
3441 5610 3748 5684 Pharaonis

2154 5702 2342 5747 secum
2369 5683 2668 5742 incarcere
2686 5685 2957 5750 detentos,
2989 5693 3041 5740 et
3071 5685 3186 5738 suis
3205 5683 3428 5740 somniis
3460 5683 3744 5739 turbatos:

2155 5757 2271 5816 (.ur.
2287 5759 2488 5824 tristior
2511 5767 2586 5813 est
2608 5755 2765 5812 hodie
2788 5757 2940 5814 solito
2963 5756 3119 5827 facies
3136 5753 3340 5810 vestra!
