4072 6324
300 232 437 288 1049

1319 234 1658 291 COLLATIO
1700 235 1862 294 XVII.
1887 264 1960 278 --
1991 236 2076 291 DE
2115 237 2553 297 DEFINIENDO.

3438 239 3577 298 N50

297 365 420 406 cum
445 364 510 403 ex
542 347 645 403 hoc
666 347 821 404 nobis
837 363 1052 404 omnem
1077 350 1468 407 aestimaremus
1494 352 1730 408 laetitiam
1761 367 1891 409 con-
1915 361 1971 424 Α
1999 364 2190 411 vestra:
2218 355 2588 412 inimitabilem
2617 362 2926 428 puritatem,
2958 371 3117 430 quam
3153 356 3308 414 vobis
3337 372 3440 414 non
3488 373 3577 415 so-

296 441 598 503 ferendam.
625 443 951 498 intolerabili
979 447 1288 500 econtrario
1317 446 1504 502 dolore
1541 448 1881 518 conficiatur,

297 536 708 593 considerantes
739 537 830 590 illo
857 553 954 593 nos
982 537 1175 593 ordine
1204 539 1255 593 id
1297 540 1437 611 quod
1469 541 1703 598 salutare
1731 545 1886 600 nobis

295 643 418 684 esse
444 629 818 699 cognoscimus
861 629 1108 686 obtinere
1160 647 1268 687 non
1325 648 1504 703 posse.
1550 635 1629 690 Ex
1657 645 1886 708 utroque

298 737 429 794 ergo
460 737 601 778 nunc
631 725 797 779 latere
826 733 1184 781 coarctamur.
1239 726 1296 783 Si
1345 727 1486 784 enim
1540 731 1885 800 promissioni

296 829 457 883 quam
493 815 771 870 seniorum
799 817 1062 874 cltaritate
1093 834 1192 874 nos
1221 821 1582 891 compellente
1632 823 1886 893 deprom-

300 906 530 975 psimus,
562 917 618 962 et
646 923 804 978 quam
823 924 1008 964 coram
1032 912 1244 967 cunctis
1269 911 1528 971 fratribus
1559 916 1612 971 in
1639 925 1662 954 ⁸
1684 917 1886 987 ερειωο

297 998 348 1050 in
373 1014 481 1068 quo
515 998 774 1056 Dominus
804 1014 988 1058 noster
1016 1019 1081 1059 ex
1121 1005 1244 1061 aula
1292 1007 1431 1063 uteri
1485 1007 1765 1078 virginalis
1809 1012 1888 1067 ef-

297 1091 464 1158 fulsit,
498 1091 618 1161 ipso
647 1102 783 1149 teste
813 1093 1270 1166 deprompsimus,
1307 1098 1622 1158 satisfacere
1648 1103 1883 1158 volueri-

295 1196 439 1248 mus,
469 1198 740 1240 summum
785 1188 1042 1255 spiritalis
1068 1189 1192 1246 vita:
1220 1191 1547 1249 incurrimus
1593 1195 1888 1254 detrimen-

295 1282 431 1329 tum.
466 1274 562 1330 Sin
590 1285 771 1333 autem
795 1282 1104 1350 sponsionis
1126 1282 1492 1353 immemores,
1524 1297 1578 1343 et
1607 1288 1662 1344 in
1693 1288 1777 1344 his
1803 1305 1886 1347 reo

293 1369 547 1439 gionibus
577 1371 897 1439 residentes,
929 1375 1145 1430 utilitati
1192 1378 1542 1448 perfectionis
1573 1391 1772 1438 nostra:
1823 1383 1885 1438 il-

293 1459 401 1516 lam
424 1462 754 1519 voluerimus
786 1475 1110 1537 postponere
1132 1471 1454 1541 pactionem,
1479 1472 1706 1545 abrupta
1735 1491 1886 1530 men-

292 1552 433 1610 dacii
460 1571 567 1610 non
591 1555 833 1627 impleta:
847 1561 1220 1628 promissionis
1245 1565 1480 1632 pericula
1508 1566 1882 1624 formidamus.

293 1644 400 1701 Sed
428 1662 497 1702 ne
524 1647 628 1704 hoc
657 1650 876 1718 quidem
899 1659 1063 1708 aestus
1097 1664 1312 1712 nostros
1335 1671 1620 1727 possumus
1645 1661 1886 1716 relevare

1991 447 2102 502 lum
2127 449 2322 506 mentis
2346 466 2410 506 ac
2441 451 2704 522 propositi
2729 451 3088 519 districtione,
3121 451 3214 507 sed
3244 451 3408 508 etiam
3432 453 3574 510 loco-

1987 557 2105 596 rutn
2137 542 2407 600 credimus
2438 544 2703 600 beneficio
2734 546 3107 615 patrocinante
3131 543 3389 601 conferri.
3420 544 3575 605 Unda

1987 650 2094 691 non
2145 636 2453 693 dubitamus
2507 637 2576 694 ad
2621 638 2937 695 imitandam
2982 637 3330 710 perfectionis
3374 649 3574 697 vestra:

1987 729 2464 800 magnificentiam,
2487 731 2626 789 hanc
2648 749 2768 804 quae
2797 734 2996 789 cursim
3021 732 3253 788 traditur
3269 732 3573 788 doctrinam

1988 841 2095 881 non
2125 841 2286 896 posse
2306 826 2576 894 sufficere,
2620 827 2725 882 nisi
2754 828 2908 884 nobis
2937 827 3098 882 etiam
3127 826 3574 882 commorationis

1988 916 2157 987 ipsius
2185 916 2437 973 aﬂ‘uerint
2466 918 2794 989 adjumenta,
2829 919 3079 990 longique
3107 919 3364 990 temporis
3389 918 3574 974 erudi-

1988 1013 2062 1070 tio
2090 1013 2402 1085 quotidiana
2449 1014 2785 1070 institutione
2828 1022 3108 1085 torporem
3174 1012 3344 1069 nostri
3393 1011 3575 1069 cordis

1989 1119 2280 1181 utcumque
2315 1108 2654 1164 discusserit.

2579 1201 2807 1258 CAPUT
2844 1199 2980 1258 VIII.

2028 1295 2181 1363 Quod
2225 1295 2439 1366 perfecti
2483 1293 2580 1349 uiri
2625 1293 2757 1348 nihil
2783 1293 3011 1366 absolute
3040 1293 3252 1366 debeant
3292 1292 3532 1366 deﬁnire;

2061 1371 2137 1424 vel
2168 1365 2340 1421 utrum
2365 1366 2473 1421 sine
2493 1375 2699 1436 peccato
2727 1365 2922 1435 possint
2951 1365 3166 1434 deﬁnita
3192 1365 3502 1419 rescindere.

2061 1483 2298 1555 Joseph:
2333 1482 2536 1540 Sanum
2560 1480 2778 1552 quidem
2808 1488 2894 1536 est
2941 1486 3102 1550 atque
3131 1477 3451 1550 perfectum,
3477 1491 3576 1533 no-

1989 1587 2223 1648 strasque
2255 1572 2581 1646 professioni
2623 1571 2847 1628 omnino
2891 1569 3246 1640 conveniens,
3275 1579 3333 1624 ut
3361 1583 3424 1624 ea
3454 1583 3577 1640 qua

1991 1672 2092 1727 sub
2147 1670 2327 1740 aliqua
2367 1667 2660 1738 sponsione
2715 1665 3081 1732 decernimus,
3115 1662 3425 1732 efficaciter
3476 1663 3577 1716 im-

291 1739 545 1807 consilio,
577 1747 635 1794 ut
660 1748 944 1813 postquam
985 1745 1326 1802 velocissimo
1351 1748 1529 1804 reditu
1573 1753 1882 1821 sponsionis

1998 1739 2255 1834 pleamus.
2277 1761 2360 1817 0b
2387 1776 2546 1831 quam
2580 1775 2694 1816 rem
2718 1758 2854 1814 nihil
2895 1765 3110 1826 oportet
3132 1756 3359 1828 abrupte
3385 1769 3576 1811 mona-

292 1828 454 1885 fuerit
481 1831 698 1902 impleta
725 1834 984 1903 conditio,
1030 1837 1146 1893 haec
1175 1839 1354 1896 denuo
1381 1841 1498 1898 loca
1528 1843 1693 1900 celeri
1723 1860 1884 1917 repe-

293 1935 470 1981 tamus
497 1940 742 1985 recursu.
786 1927 921 1985 Nam
952 1928 978 1968 δ
1022 1933 1265 2002 quamvis
1291 1935 1357 1990 ad
1386 1936 1687 2007 profectum
1735 1939 1885 2010 spiri-

293 2019 481 2076 talium
513 2037 696 2078 rerum
724 2027 1089 2097 virtutemque
1115 2029 1463 2088 tendentibus
1494 2034 1791 2102 periculosa
1819 2049 1885 2090 ac

293 2117 458 2170 noxia
488 2117 558 2172 sit
589 2120 753 2176 etiam
784 2136 945 2190 parva
976 2121 1188 2191 dilatio,
1222 2132 1404 2182 tamen
1436 2127 1883 2196 pollicitationem

292 2209 416 2266 fidei
448 2220 652 2267 nostra:
681 2213 923 2283 quamvis
975 2225 998 2254 ο
1031 2229 1250 2272 moroso
1301 2217 1634 2275 solveremus
1683 2220 1880 2286 reditu,

291 2303 395 2358 nisi
428 2319 530 2359 nos
561 2321 667 2360 non
694 2307 868 2363 solum
905 2310 1188 2379 charitate,
1221 2327 1410 2368 verum
1455 2316 1622 2370 etiam
1652 2318 1887 2372 auctori-

293 2403 400 2450 tate
466 2399 740 2454 seniorum
784 2411 1092 2459 nostrorum
1131 2405 1398 2462 sciremus
1451 2406 1886 2466 inexsolubiliter

289 2489 648 2560 colligandos,
673 2493 747 2549 ita
776 2504 833 2550 ut
860 2497 1136 2553 remeandi
1161 2499 1228 2553 ad
1260 2499 1374 2556 haec
1400 2500 1521 2557 loca
1553 2502 1709 2559 nobis
1733 2511 1876 2574 pote-

292 2591 405 2638 stas
438 2583 698 2655 deinceps
725 2587 874 2643 nullo
910 2589 1072 2645 modo
1103 2591 1390 2649 tribuatur.

953 2705 1181 2764 CAPUT
1227 2708 1315 2764 Vl.

358 2795 710 2878 Interrogatio
739 2801 935 2878 abbatis
962 2801 1178 2874 Ioseph,
1209 2821 1278 2878 an
1302 2804 1357 2860 in
1386 2804 1620 2878 Egypto
1647 2808 1815 2878 major

453 2877 713 2942 prolectus
743 2871 909 2938 nobis,
939 2871 1098 2944 quam
1125 2878 1179 2928 in
1207 2876 1366 2947 Syria
1387 2871 1742 2949 conferretur?

361 2961 444 3017 Ad
477 2961 594 3018 haec
646 2963 836 3020 beatus
887 2966 1112 3037 Josepb,
1144 2966 1467 3038 interposito
1497 2970 1889 3043 aliquantisper

295 3050 529 3122 silentio,
554 3050 722 3124 Certi,
751 3057 940 3127 inquit,
965 3059 1095 3114 estis
1123 3060 1383 3132 majorem
1427 3061 1754 3132 spiritalium
1794 3080 1886 3120 re-

1989 1858 2149 1912 chum
2171 1854 2429 1921 definire;
2459 1869 2527 1910 ne
2556 1862 2648 1908 aut
2673 1851 2726 1908 id
2755 1851 2901 1924 quod
2928 1852 3138 1907 incaute
3168 1849 3441 1920 promisit,
3471 1849 3577 1903 im-

1990 1951 2140 2023 plere
2164 1958 2410 2020 cogatur,
2442 1958 2537 2004 aut
2574 1945 3012 2005 consideratione
3054 1942 3381 2000 bonestioris
3423 1942 3580 1998 intui-

1993 2054 2077 2099 tus
2097 2050 2404 2108 revocatus,
2438 2040 2759 2112 sponsionis
2790 2053 2901 2095 suae
2927 2037 3314 2108 praevaricator
3358 2034 3576 2091 existat.

1991 2136 2095 2194 Sed
2113 2134 2240 2206 quia
2264 2148 2408 2188 nunc
2439 2133 2776 2204 propositum
2800 2131 2958 2188 nobis
2989 2138 3097 2198 est,
3127 2143 3234 2185 non
3266 2138 3374 2183 tam
3397 2127 3466 2183 de
3493 2141 3580 2182 sa-

1990 2229 2172 2284 nitatis
2201 2237 2342 2282 statu
2374 2242 2534 2298 quam
2561 2225 2630 2282 de
2658 2224 2992 2280 infirmitatis
3009 2222 3291 2279 curatione
3309 2229 3579 2287 tractare;

1993 2336 2099 2376 non
2127 2318 2255 2391 quid
2289 2318 2470 2390 priore
2509 2318 2628 2374 loco
2651 2332 2681 2373 a
2707 2317 2862 2374 vobis
2904 2316 3072 2372 fuerit
3099 2314 3454 2380 actitandum,
3482 2311 3581 2369 sed

1990 2411 2444 2486 quemadmodum
2486 2412 2554 2468 de
2583 2411 2811 2482 scopulo
2841 2410 2999 2481 hujus
3029 2407 3321 2481 perniciosi
3366 2404 3580 2462 naufra-

1989 2508 2060 2580 gii
2089 2506 2306 2578 possitis
2334 2505 2593 2573 evadere,
2644 2503 2846 2560 salubri
2885 2511 2969 2559 est
3015 2500 3244 2559 consilio
3297 2496 3581 2568 requiren-

1989 2602 2140 2657 dum.
2187 2599 2415 2670 Quando
2457 2599 2618 2671 igitur
2645 2597 2853 2654 nullum
2881 2609 2982 2652 nos
3017 2602 3258 2652 coarctat
3279 2589 3578 2658 vinculum,

1990 2710 2093 2753 nec
2119 2695 2226 2749 ulla
2247 2694 2487 2750 conditio
2516 2690 2860 2761 constringit,
2876 2690 2944 2747 de
2967 2687 3370 2760 comparatione
3387 2699 3580 2741 secun-

1993 2787 2186 2842 darum
2216 2801 2395 2842 rerum
2424 2783 2647 2856 cptione
2673 2780 2971 2854 proposita,
3002 2780 3054 2834 id
3075 2777 3219 2852 quod
3250 2776 3473 2847 majoris
3497 2781 3584 2830 est

1991 2877 2260 2934 commodi
2301 2876 2680 2948 praeeligatur:
2728 2873 2947 2946 quando
2968 2875 3101 2930 vero
3145 2871 3325 2942 aliqua
3366 2869 3584 2939 dispen-

1993 2970 2206 3026 diorum
2236 2968 2454 3025 obsistit
2482 2966 2804 3032 adversitas,
2831 2965 2884 3021 in
2933 2963 3340 3034 comparatione
3361 2961 3585 3016 damno-

1995 3078 2117 3119 rum
2147 3072 2170 3100 ο
2197 3062 2328 3117 illud
2353 3071 2436 3117 est
2461 3059 2822 3130 appetendum
2851 3057 2994 3129 quod
3022 3055 3318 3113 levioribus
3344 3053 3590 3124 subjacet

295 3161 412 3204 rum
456 3148 755 3217 profectum
787 3153 840 3207 in
863 3153 1084 3224 regione
1112 3153 1214 3212 bac
1241 3157 1396 3213 vobis
1423 3172 1584 3229 posse
1613 3159 1889 3217 conferri?
1915 3160 1963 3226 ο
1994 3155 2351 3213 detrimentis.
2407 3152 2644 3209 Proinde
2673 3162 2932 3224 quantum
2963 3160 3144 3206 vestra
3195 3148 3451 3220 patefecit
3502 3159 3591 3201 as-

879 3265 1113 3326 CAPUT
1154 3270 1263 3326 Vll.

528 3356 816 3428 Responsio
840 3361 904 3444 de
936 3361 1233 3444 differentia
1265 3365 1644 3444 institutionum

794 3438 1061 3504 utriusque
1089 3438 1386 3505 provincia.

367 3519 708 3579 Germanus:
740 3524 996 3594 Quamvis
1025 3528 1187 3584 etiam
1212 3529 1425 3586 illorum
1457 3531 1720 3588 doctrinae
1745 3547 1894 3588 sum-

297 3631 412 3672 mas
442 3627 626 3688 grates
653 3621 955 3690 rependere
983 3622 1296 3692 debeamus,
1332 3627 1424 3698 qui
1470 3642 1569 3682 nos
1596 3627 1897 3684 docuerunt

304 3716 338 3754 α
368 3722 400 3764 a
430 3713 666 3780 parvulis
697 3728 887 3784 magna
922 3718 1127 3785 conari,
1158 3727 1214 3774 et
1259 3717 1388 3776 dato
1431 3721 1560 3777 boni
1609 3721 1691 3776 sui
1719 3730 1898 3794 gustu,

301 3803 577 3873 egregiam
603 3806 953 3874 perfectionis
982 3810 1128 3866 sitim
1179 3815 1382 3870 nostris
1411 3815 1708 3872 visceribus
1755 3818 1896 3874 indi-

297 3893 526 3963 derunt;
559 3897 603 3953 si
621 3899 747 3968 quid
773 3909 950 3958 tamen
969 3905 1172 3975 judicio
1188 3918 1380 3966 nostro
1405 3912 1672 3981 creditur,
1697 3915 1896 3972 nullam

294 3983 548 4044 ducimus
571 3995 1033 4062 comparationem
1076 3999 1218 4057 inter
1266 4003 1382 4058 hare
1424 4013 1587 4074 atque
1634 4006 1722 4062 illa
1770 4024 1894 4078 qure

316 4079 404 4136 llic
431 4086 774 4156 percepimus
801 4087 1067 4161 instituta,
1097 4102 1155 4148 ut
1178 4095 1435 4154 sileamus
1460 4103 1891 4162 conversationis

1996 3251 2183 3318 sertio,
2205 3264 2328 3305 cum
2368 3246 2437 3302 ad
2467 3247 2520 3302 id
2551 3261 2646 3303 vos
2695 3246 2800 3302 loci
2851 3244 3073 3316 sponsio
3111 3240 3416 3300 inconsulta
3462 3254 3592 3310 per-

1998 3344 2233 3412 duxerit,
2264 3349 2320 3397 ut
2349 3358 2415 3398 ex
2445 3352 2678 3412 utroque
2699 3340 2854 3396 vobis
2882 3338 3065 3411 gravis
3107 3335 3438 3394 incommodi
3466 3334 3592 3390 sub-

1999 3437 2174 3494 eunda
2194 3435 2409 3508 jactura
2438 3437 2529 3504 sit,
2587 3436 2640 3492 in
2688 3449 2810 3492 eam
2842 3443 3051 3504 partem
3095 3429 3462 3486 inclinandum
3509 3435 3595 3484 est

1999 3531 2282 3588 electionis
2308 3530 2611 3596 arbitrium,
2649 3543 2770 3597 quae
2798 3527 2883 3583 vel
2909 3524 3277 3581 tolerabiliora
3308 3517 3595 3590 dispendia

2007 3625 2224 3693 inferat,
2243 3625 2329 3681 vel
2349 3623 2738 3680 satisfactionis
2759 3621 3003 3678 remedio
3015 3619 3224 3676 facilius
3245 3615 3513 3684 expietur.
3536 3609 3596 3668 Si

2008 3733 2139 3790 θτεο
2181 3718 2384 3790 majora
2411 3720 2624 3791 spiritui
2669 3728 2852 3776 vestro
2897 3718 3052 3772 lucra
3073 3728 3138 3769 ex
3167 3711 3267 3765 bac
3293 3719 3597 3763 commora-

2008 3819 2153 3878 tione
2169 3820 2390 3878 creditis
2418 3817 2765 3886 conferenda,
2779 3829 2940 3888 quam
2963 3811 3055 3868 illa
3074 3817 3202 3867 sunt
3223 3819 3346 3878 quas
3366 3799 3519 3857 vobis
3530 3797 3600 3854 de

2004 3915 2419 3974 conversatione
2447 3913 2594 3970 illius
2613 3911 2848 3970 ccenobii
2870 3908 3254 3974 nascebantur,
3280 3917 3459 3972 neque
3479 3900 3600 3956 sine

1996 4009 2210 4080 jactura
2235 4007 2531 4079 ingentium
2561 4004 2972 4063 commodorum
3017 4007 3195 4073 potest
3221 3994 3462 4054 conditio
3505 4007 3599 4049 ve-

1999 4115 2126 4161 strae
2155 4105 2462 4175 sponsionis
2489 4103 2724 4175 impleri,
2761 4099 2981 4157 fsatius
3031 4104 3115 4154 est
3152 4095 3257 4151 hoc
3299 4104 3399 4148 vos
3449 4101 3601 4144 men-

1386 4238 1643 4295 ALARDI
1682 4241 1919 4300 ΟΔΖᾸΒΙ
1953 4242 2518 4303 COMMENTARIUS.

376 4335 401 4363 ι
434 4325 514 4381 De
544 4325 645 4382 hoc
660 4329 883 4398 spelmo,
917 4329 970 4403 id
993 4339 1096 4395 est,
1119 4333 1397 4401 spelunca,
1423 4333 1479 4387 in
1509 4349 1614 4403 qua
1634 4335 1892 4392 Dominus

299 4406 486 4476 noster
532 4407 690 4455 natus
720 4410 825 4468 est,
857 4402 1002 4476 alias
1039 4403 1247 4476 dictum
1282 4403 1427 4476 (Lib.
1463 4402 1590 4458 tv’c.
1641 4405 1768 4476 12);
1803 4409 1892 4462 cui

296 4471 536 4542 vicinum
564 4481 679 4524 erat
711 4474 1098 4528 monasterium
1123 4474 1251 4528 illud
1276 4471 1765 4542 Betltleemiticum,
1800 4479 1892 4534 ubi

297 4539 594 4595 Cassianus
623 4556 742 4596 cum
789 4543 1062 4599 Germano
1089 4547 1474 4601 monachatum
1519 4539 1782 4619 suscepit,
1835 4557 1896 4605 ut

298 4613 417 4665 inse
451 4621 677 4665 testatur
705 4615 948 4665 nluribus
981 4618 1032 4665 in
1057 4616 1212 4665 locis-

298 4615 417 4682 ipse
451 4621 677 4667 testatur
705 4615 948 4682 pluribus
981 4618 1032 4670 in
1057 4616 1212 4672 locis.
1682 4615 1699 4619 ⁷
1770 4615 1775 4616 ί

337 4755 350 4761 _
372 4681 930 4761 b_Nescit_enimtarda
952 4688 1224 4761 molimina
1255 4688 1484 4760 Spiritus
1511 4691 1676 4744 sancti
1696 4692 1890 4761 gratia,

300 4755 379 4809 ait
405 4754 824 4830 D.»Ambrosius
865 4756 959 4830 (In
985 4774 1100 4830 cap.
1137 4775 1153 4813 ι
1183 4754 1388 4827 Lucis).
1424 4763 1488 4815 Et
1532 4762 1589 4815 S.
1628 4754 1896 4830 HiéronyL

300 4780 379 4809 ειη
405 4780 471 4808 υ.
506 4780 824 4811 nttIUt'USIus
865 4780 956 4829 μη
985 4780 1100 4830 cap.
1137 4780 1153 4813 ι
1183 4780 1388 4827 bitat).
1424 4780 1488 4815 Μ
1533 4780 1589 4815 δ.
1628 4780 1824 4817 nterou
1870 4795 1894 4804 -

300 4826 736 4908 lliusi’auliuum
766 4829 832 4883 ad
884 4829 1201 4908 religionem
1251 4780 1894 4908 invitatts(ff3pist.103xz

301 4894 550 4971 Festina,
585 4900 678 4961 ait.
709 4916 882 4971 quaeso
911 4909 959 4955 te
982 4894 1013 4967 ξ
1032 4910 1077 4954 et
1102 4903 1342 4958 haerentis
1390 4905 1445 4959 in
1487 4894 1600 4958 salo
1648 4894 1902 4962 navicula:

301 4969 484 5042 funem
509 4972 671 5038 magis
701 4969 924 5039 praecide
947 4989 1100 5042 quam
1129 4975 1287 5029 solve.

387 5055 412 5120 ﬁ
437 5041 489 5120 Id
510 5052 614 5105 est,
641 5043 814 5120 tardo,
839 5041 985 5120 sero,
1019 5045 1108 5097 diu
1136 5046 1332 5120 dilato:
1358 5049 1444 5120 cui
1475 5052 1766 5120 opponitur
1789 5066 1905 5106 ma-

302 5113 618 5194 turissimos
644 5122 700 5169 et
723 5115 1099 5171 velocissimus
1133 5118 1337 5174 reditus
1367 5119 1456 5174 hic
1496 5113 1722 5192 et'apud
1774 5123 1905 5179 Dio-

302 5196 550 5254 nystum.

384 5251 412 5292 ἀ
438 5255 547 5311 lloc
570 5264 676 5325 est,
701 5271 731 5310 a
753 5258 1016 5328 pueritia:
1040 5274 1143 5325 qua
1162 5269 1320 5316 aetate
1340 5260 1632 5318 Cassianus
1659 5265 1902 5321 cum’suo

303 5325 584 5383 Germano
616 5325 916 5385 monachus
948 5340 1032 5385 est
1061 5333 1233 5386 factus
1283 5333 1336 5387 in
1380 5334 1630 5390 emnobio
1662 5336 1756 5391 illo
1801 5335 1902 5392 Be-
1942 5365 1945 5369 -

306 5397 668 5473 thleemitico.
697 5413 757 5454 ut
788 5403 1018 5473 ipsemet
1047 5411 1296 5459 testatur.
1329 5403 1479 5461 Unde
1502 5405 1554 5460 in
1585 5406 1903 5473 praefatione

307 5485 410 5547 sua
441 5471 506 5523 ad
537 5471 820 5547 Castorem
849 5472 1000 5547 :Ea,
1031 5475 1222 5543 inquit.
1252 5493 1370 5547 quae
1397 5494 1428 5530 a
1455 5471 1677 5546 pueritia
1726 5487 1905 5532 nostra

304 5542 674 5621 intereasdem
719 5542 1003 5621 constituti,
1044 5557 1195 5615 atque
1223 5542 1464 5621 ipsorum
1486 5550 1687 5605 incitati
1735 5552 1906 5621 quoti—
1943 5563 1947 5572 ‘

311 5613 487 5669 dionis
518 5615 970 5691 adhortationibus
995 5625 1044 5671 et
1083 5613 1352 5691 eaemplis,
1386 5621 1463 5675 vel
1496 5638 1648 5691 agere
1693 5613 1907 5676 tentavi-

311 5701 451 5751 mus,
482 5685 561 5739 vel
601 5687 898 5745 didicimus.
941 5699 1030 5744 etc
1087 5689 1153 5742 Et
1182 5685 1368 5748 rursus
1389 5685 1569 5748 cant.
1604 5693 1906 5748 undecima:

309 5774 406 5826 ap.
434 5760 460 5814 l
486 5775 498 5810 :
524 5757 654 5815 Cum
674 5770 728 5813 tn
751 5760 981 5816 canobio
1008 5761 1198 5830 Suria:
1218 5775 1574 5832 consistentes,
1591 5773 1712 5835 post
1739 5764 1908 5835 prima

1998 4339 2122 4409 ﬁdei
2153 4341 2467 4405 rudimenta,
2499 4340 2888 4394 succedentibus
2927 4337 3257 4409 aliquatenus
3306 4336 3602 4407 incremen-

2000 4412 2087 4476 tis,
2118 4415 2367 4485 majorem
2402 4412 2731 4482 perfectionis
2782 4410 3085 4464 desiderare
3112 4409 3336 4479 gratiam
3364 4409 3598 4480 carpisse-

2000 4495 2264 4608 ῃωίῬῖιξί
2288 4554 2402 4608 huic
2427 4551 2596 4606 verba
2629 4553 2683 4607 in
2713 4550 2953 4607 editione
2975 4549 3270 4608 Basileensi
3296 4558 3350 4606 et
3377 4549 3600 4619 Lugdu-

2002 4624 2158 4678 nensi
2190 4626 2592 4679 interseruntur
2614 4622 2893 4692 sequentia
2929 4639 2941 4676 :
2977 4620 3049 4693 Ut
3077 4639 3109 4674 a
3147 4622 3374 4693 quodam
3405 4621 3602 4676 dictum

2003 4705 2076 4749 est
2101 4711 2118 4748 :
2143 4693 2221 4748 De
2249 4696 2490 4750 maximis
2517 4695 2666 4748 malis
2692 4691 2906 4765 minima
2929 4691 3316 4765 deligam—Qua:
3345 4693 3598 4762 quoniam

1925 4757 1977 4819 ἰ)
2006 4781 2108 4821 nec
2131 4767 2182 4820 in
2209 4782 2340 4821 mss.
2369 4767 2569 4820 nostris
2602 4763 2924 4833 reperimus,
2953 4757 3057 4818 nec
3084 4757 3224 4834 apud
3252 4757 3478 4835 Dionys.
3509 4777 3605 4833 pa-

2009 4839 2306 4907 raphrast.,
2336 4837 2402 4893 iis
2440 4837 2656 4894 omissis
2678 4835 3079 4892 Plantinianam
3109 4835 3402 4891 editionem
3449 4835 3604 4905 sequi

2007 4910 2318 4964 maluimus.

2084 4977 2105 5019 ί
2129 4980 2186 5034 ld
2219 4989 2300 5033 est
2331 4978 2669 5034 mendacium
2691 4979 3056 5048 committere,
3086 4977 3170 5034 vel
3196 4975 3475 5046 promissis
3499 4991 3604 5032 non

2010 5060 2175 5106 stare.
2217 5050 2520 5120 Ingreditur
2545 5051 2634 5106 hic
2661 5050 2832 5106 abbas
2856 5051 3057 5120 Joseph
3090 5050 3143 5104 in
3182 5049 3606 5117 diSputationent

2010 5123 2080 5178 de
2111 5119 2412 5186 mendacio,
2438 5123 2580 5193 quod
2610 5122 2792 5177 multis
2813 5119 3082 5193 exemplis
3108 5128 3165 5177 et
3191 5119 3609 5193 auctoritatibus

2012 5194 2305 5273 Scriptum
2336 5191 2569 5273 probare
2593 5195 2924 5273 niti_tur_non_
2950 5191 3112 5247 modo
3135 5192 3355 5273 licitum.
3370 5204 3494 5246 esse
3518 5193 3608 5273 ali-

2014 5263 2251 5334 quando.
2281 5281 2466 5320 verum
2499 5265 2661 5320 etiam
2691 5264 2962 5319 laudabile
2987 5277 3060 5334 ac
3087 5263 3477 5328 necessarium,
3523 5263 3609 5315 id-

2013 5333 2118 5407 que
2141 5335 2341 5405 duplici
2382 5351 2448 5391 ex
2476 5351 2638 5391 causa
2685 5351 2781 5390 seu
2814 5337 2948 5391 fine:
2976 5333 3032 5387 i‘
3076 5334 3142 5407 ad
3182 5335 3459 5388 vitandum
3493 5346 3608 5386 ma-

2010 5406 2174 5478 gnum
2200 5408 2419 5478 aliquod
2451 5407 2646 5461 malum
2680 5417 2774 5461 aut
2802 5421 3052 5477 magnum
3082 5406 3280 5478 bonum
3309 5417 3608 5471 procuran-

2013 5477 2139 5556 dum
2161 5496 2176 5544 ;
2195 5477 2263 5556 Δ2⁸
2294 5495 2416 5535 cum
2447 5478 2764 5556 humilitatis
2793 5480 2968 5556 gratia
2992 5477 3357 5556 mentiendum
3384 5482 3468 5530 est
3489 5516 3505 5542 ,
3549 5483 3609 5530 ut

2053 5551 2133 5606 uis
2158 5551 2390 5606 virtutes
2417 5565 2542 5604 suas
2564 5550 2628 5604 ad
2653 5547 2924 5604 vitandam
2957 5549 3171 5604 inanem
3200 5547 3424 5616 gloriam
3456 5563 3608 5603 men-

2052 5623 2172 5679 acio
2215 5621 2470 5678 occultet.
2521 5621 2764 5675 Priorem
2821 5619 2983 5690 hujus
3030 5619 3345 5675 assertionis
3397 5630 3605 5690 partem

2014 5695 2209 5750 astruit
2231 5709 2261 5748 a
2293 5691 2586 5763 ρωρςιθη
2631 5705 2802 5763 usque
2831 5693 2897 5746 ad
2946 5690 3048 5756 21,
3078 5691 3432 5763 posteriorem
3451 5705 3494 5763 _a
3537 5690 3604 5746 21

2013 5781 2137 5835 cap.
2170 5779 2340 5834 usque
2360 5761 2434 5820 ad
2480 5762 2570 5822 S5.
2627 5761 2758 5831 Quae
2805 5763 3022 5834 quidem
3076 5762 3262 5833 opinio
3309 5777 3416 5818 non
3449 5761 3608 5831 hujus
