4072 6324
313 217 456 276 1055

1334 217 1676 278 COLLATIO
1715 219 1878 276 XVII.
1905 247 1978 264 --
2005 221 2096 278 DE
2135 221 2572 282 DEFINIENDO.

3455 226 3601 296 1058

309 334 514 402 dicitis,
558 342 734 392 status
781 333 1096 406 quotidiano
1153 347 1252 390 vos
1304 345 1465 407 atque
1509 335 1974 402 interminabiliA
2005 351 2386 410 promeretur,
2441 341 2842 402 abscindendus
2897 341 3256 416 proculdubio
3308 343 3378 402 ab
3431 346 3596 420 hujus

309 430 516 486 alliciat
538 431 890 488 detrimento.
925 428 1281 488 Veniabiliter
1323 431 1488 500 enim,
1527 432 1693 488 immo
1718 449 1906 490 verum

308 525 476 582 etiam
501 533 528 562 η
547 523 892 580 laudabiliter
909 521 1154 578 deﬁnitio
1183 523 1398 577 incauta
1425 523 1742 594 mutabitur,
1771 527 1816 582 si
1841 527 1908 584 ad

309 617 674 674 salubriorem
700 625 936 672 transeat
961 625 1191 688 partem,
1228 631 1328 672 nec
1357 621 1674 676 constantia:
1703 633 1910 688 praeva-

310 711 506 768 ricatio
537 726 663 770 esse
717 711 986 770 credenda
1037 723 1142 783 est,
1194 717 1405 788 quoties
1447 719 1669 792 sponsio
1719 717 1908 772 vitiosa

309 807 628 878 corrigitur,
682 821 778 866 seu
813 811 1134 868 temeritatis
1188 811 1516 870 emendatio.
1570 813 1702 882 Quae
1728 813 1908 870 omnia

309 900 720 974 Scripturarum
735 917 950 974 quoque
975 912 1198 973 possunt
1225 905 1547 962 testimoniis
1571 907 1910 977 apertissime

309 993 681 1064 comprobari,
709 1009 870 1064 quam
898 996 1079 1052 multis
1109 997 1474 1068 perniciosum
1507 999 1687 1070 luerit,
1718 999 1908 1058 delini-

311 1083 552 1142 tionibus
575 1087 812 1158 propriis
835 1087 1150 1156 inlnesisse,
1183 1101 1236 1146 et
1257 1089 1327 1146 ab
1353 1091 1436 1146 eis
1462 1093 1766 1150 econtrario
1807 1092 1906 1150 de-

311 1178 544 1246 stitisse,
575 1180 922 1237 commodum
955 1182 1120 1238 luerit
1144 1199 1208 1240 ac
1237 1183 1474 1240 salubre.

923 1293 1154 1352 CAPUT
1195 1295 1287 1352 IX.

311 1381 468 1449 Quod
492 1381 800 1470 plerumque
829 1384 906 1470 (id
935 1395 1018 1440 est
1043 1387 1564 1470 aliquando)lutilius
1602 1390 1670 1446 sit
1711 1401 1908 1448 statuta

733 1455 1036 1522 dissolvere,
1066 1455 1219 1529 quam
1245 1455 1484 1530 implere.

381 1549 538 1620 Quod
555 1551 912 1624 liquidissime
930 1553 1102 1608 sancti
1129 1555 1362 1623 apostoli
1385 1556 1528 1612 Petri
1551 1565 1606 1614 et
1622 1557 1776 1614 Iuda:
1797 1567 1909 1616 tra-

307 1643 503 1700 ditotis
532 1645 780 1716 exempla
815 1654 1104 1702 testantur.
1143 1647 1240 1702 llle
1271 1648 1416 1703 enim
1459 1651 1582 1720 quia
1602 1649 1629 1690 ιι
1654 1651 1908 1708 discessit

2011 431 2358 490 beatitudinis
2393 436 2590 506 gratia,
2633 437 2676 492 si
2721 438 2774 492 in
2817 437 3087 496 sermonis
3116 439 3196 494 sui
3233 438 3596 498 obstinatione

2012 525 2320 584 mansisset.
2343 527 2441 584 ilic
2471 544 2606 586 vero
2637 531 2992 604 pertinaciam
3026 546 3137 586 suae
3168 533 3408 588 retinens
3431 548 3597 603 spon-

2010 619 2205 688 sionis,
2253 629 2512 692 perpetua
2543 633 2717 678 morte
2746 623 3060 694 damnatur,
3092 639 3196 696 qua
3239 623 3435 680 luisset
3471 641 3598 698 pro-

2011 711 2268 768 culdubio
2299 712 2585 780 liberatus,
2615 715 2662 770 si
2687 715 3022 772 delinitionis
3043 730 3158 772 sua:
3189 717 3474 772 maluisset
3499 717 3596 774 de-

2009 805 2233 864 stitutor
2277 807 2458 878 potius
2502 823 2662 880 quam
2705 810 2953 880 pertinax
2988 810 3248 872 inveniri.
3293 809 3448 880 Quod
3476 823 3497 851 ε
3544 813 3596 868 in

2008 895 2120 954 illis
2145 913 2360 970 quoque
2385 899 2594 958 duobus
2625 901 2752 958 liliis
2779 903 2872 974 qui
2903 904 2958 958 in
2985 902 3282 974 Evangelio
3305 905 3372 960 ad
3401 919 3595 978 opera-

2009 995 2213 1050 tionem
2253 995 2426 1052 vinete
2467 996 2838 1066 destinantur,
2870 997 3289 1058 evidentissime
3328 999 3597 1070 perdoce-

2008 1103 2155 1156 mur,
2203 1103 2434 1158 quorum
2483 1105 2625 1146 unus
2667 1092 2838 1162 patris
2883 1092 3086 1148 restitit
3131 1093 3406 1164 imperio,
3457 1093 3598 1149 alius

2008 1194 2178 1250 prona
2210 1182 2576 1254 responsione
2599 1185 2880 1244 consensit
2901 1185 3121 1254 (Matth.
3155 1187 3312 1258 xxv).
3353 1186 3463 1246 Sed
3495 1201 3597 1243 nec

2007 1275 2088 1332 illi
2128 1277 2335 1348 proluit
2371 1277 2598 1334 humilis
2627 1278 3086 1352 obsequendaque
3131 1283 3440 1352 responsio,
3470 1281 3596 1352 quia

2007 1381 2336 1440 prteceptum
2369 1370 2540 1442 patris
2569 1386 2738 1442 opere
2758 1372 3080 1430 detrectavit
3103 1375 3354 1444 implere,
3385 1389 3487 1438 nec
3515 1373 3596 1430 illi

2007 1463 2184 1522 obluit
2207 1465 2498 1537 relragatio
2523 1464 2815 1536 jussionis,
2855 1482 2922 1524 eo
2950 1467 3094 1539 quod
3117 1468 3280 1526 statui
3323 1468 3596 1526 sermonis

2007 1557 2378 1614 obstinatione
2415 1567 2620 1614 mutata
2643 1601 2659 1626 ,
2693 1573 2896 1626 scopon
2929 1561 3119 1630 patris,
3160 1559 3342 1628 operis
3368 1573 3598 1622 exsecu-

2009 1648 2156 1706 tione
2184 1651 2505 1722 complevit;
2534 1659 2588 1708 et
2613 1651 2666 1708 id
2691 1653 2836 1723 quod
2867 1651 3370 1722 reprehensibiliter
3395 1659 3599 1706 statue-

308 1737 380 1793 ab
437 1737 762 1794 inconsultae
819 1738 1159 1794 definitionis
1205 1743 1476 1798 sententia
1523 1761 1630 1814 qua
1669 1745 1900 1816 dixerat,
1933 1751 2124 1812 Brat,
2179 1745 2496 1802 deﬁnitione
2559 1755 2808 1804 correcta
2855 1744 3206 1802 laudabiliter
3259 1743 3596 1806 emendavit.

309 1831 436 1887 Non
473 1833 601 1886 mihi
635 1831 829 1887 locabis
857 1833 1011 1904 pedes
1039 1834 1094 1886 in
1119 1843 1370 1888 externum
1405 1834 1586 1906 (Joan.
1622 1837 1768 1907 xm),
1801 1839 1905 1892 itn-

2007 1835 2233 1892 Necnon
2285 1847 2341 1894 et
2384 1838 2616 1896 llerodis
2657 1839 3028 1900 cruentissimi
3081 1839 3224 1910 regis
3258 1839 3594 1907 exemplum,

307 1923 540 1980 mortale
569 1921 776 1980 Christi
816 1923 1167 1996 omniumque
1209 1937 1524 1982 sanctorum
1568 1932 1901 1986 consortium
2006 1930 2096 2000 qui
2133 1929 2296 1984 tidem
2330 1931 2642 1988 inconsulte
2679 1933 2921 1990 retinens
2944 1929 2972 1968 ά
3019 1932 3368 2002 sacramenti,
3401 1945 3598 1986 cruen-

1381 2043 1636 2098 ALAllDl
1676 2043 1910 2101 GAZXEI
1951 2043 2523 2106 COMMENTARIUS.

305 2134 512 2192 riorum
543 2132 710 2204 signis
751 2132 1047 2190 factorum.
1085 2134 1220 2190 Nam
1249 2135 1406 2190 sicuti
1453 2137 1792 2192 mendacium
1841 2139 1895 2193 in

305 2207 514 2274 verbis,
549 2205 624 2260 ita
675 2207 954 2280 simulatio
993 2208 1046 2280 in
1097 2207 1250 2280 lactis
1280 2209 1550 2280 consistit.
1584 2209 1898 2280 ilypocrids

307 2281 526 2350 species
576 2289 659 2332 est
689 2277 1076 2332 simulationis.
1109 2278 1240 2333 Nam
1281 2281 1460 2334 omnis
1493 2277 1799 2350 hypocrisis
1827 2282 1902 2335 si-

309 2350 540 2406 mulatio
568 2357 650 2402 est
673 2365 688 2400 :
715 2365 818 2403 non
855 2351 1032 2404 omnis
1059 2361 1238 2403 autem
1263 2351 1536 2404 simulatio
1563 2351 1895 2422 hypocrisis,

310 2422 406 2476 sed
441 2422 554 2475 Sola
585 2421 684 2492 illa
709 2437 809 2489 qua
833 2425 956 2492 quis
974 2422 1194 2476 simulat
1217 2424 1558 2476 sanctitatem
1591 2421 1752 2492 quam
1789 2439 1898 2478 non

312 2492 498 2548 habet.
551 2491 917 2550 llis-intulat’io
957 2493 1090 2550 tnltil
1131 2492 1276 2548 aliud
1305 2504 1387 2548 est
1415 2509 1577 2558 quam
1609 2491 1900 2549 occultatio

309 2564 587 2626 veritatis,
618 2579 738 2632 qua-
771 2581 868 2634 per
905 2580 962 2620 se
1003 2564 1316 2620 inditierens
1352 2573 1438 2620 est
1470 2566 1788 2632 nullumque
1819 2567 1902 2620 vi-

313 2636 448 2688 tium
481 2646 658 2698 sonat,
690 2645 744 2689 et
777 2635 1002 2690 multum
1033 2635 1214 2690 differt
1241 2652 1269 2688 a
1303 2637 1648 2692 simulatione
1673 2647 1726 2690 et
1757 2653 1906 2694 men-

309 2705 470 2762 dacio
503 2724 516 2758 :
551 2707 697 2760 Sicut
736 2707 873 2760 enim
903 2706 1090 2776 aliquis
1118 2709 1264 2761 verbo
1296 2711 1556 2766 mentitur.
1586 2711 1796 2774 quando
1825 2711 1902 2762 si-

309 2777 528 2850 gniﬁcat
569 2777 708 2850 quod
737 2794 841 2830 non
885 2789 976 2842 est,
1019 2795 1122 2850 non
1165 2789 1333 2830 autent
1377 2779 1582 2848 quando
1611 2788 1740 2833 tacet
1767 2779 1904 2848 quod

310 2849 388 2902 est
421 2849 582 2910 (quod
605 2850 888 2918 aliquando
921 2849 1059 2918 licet)
1087 2891 1101 2914 ,
1125 2851 1199 2904 ita
1241 2850 1478 2902 etiam‘re
1506 2853 1620 2918 ipsa
1659 2852 1904 2907 incutitur

311 2929 362 2974 et
388 2921 596 2973 simulat
628 2917 716 2990 qui
755 2937 842 2986 per
870 2921 1127 2976 exteriora
1160 2921 1308 2986 signa
1338 2917 1590 2990 factorum
1625 2923 1702 2974 uel
1729 2939 1902 2976 rerum

312 2992 578 3060 signiﬁtat
611 2992 812 3060 aliquid
839 2993 978 3058 quod
1023 3009 1122 3044 non
1152 3001 1250 3064 est,
1285 3009 1386 3046 non
1415 3003 1588 3064 autem
1625 2995 1670 3045 si
1699 2994 1902 3064 aliquid

313 3064 678 3132 praetermittat
700 3063 998 3133 signiﬁcare
1021 3063 1160 3134 quod
1197 3073 1272 3116 est
1303 3079 1320 3116 :
1349 3063 1486 3116 unde
1522 3065 1706 3134 aliquis
1735 3063 1902 3134 petest

351 3083 678 3116 rwtcrmtuas
700 3083 998 3133 signiﬁcare
1021 3083 1160 3134 quoa
1197 3083 1272 3116 επ
1303 3083 1320 3116 ἔ
1349 3083 1486 3116 unae
1522 3083 1706 3134 αηφιιι
1771 3083 1896 3118 οιεει

351 3143 586 3187 cacatum
623 3149 774 3187 suum
815 3137 1074 3188 occultare
1097 3135 1288 3204 absque
1332 3135 1684 3188 simulatione.
1735 3083 1804 3190 fta
1839 3139 1896 3190 S.

363 3207 577 3258 ltomas.
607 3203 814 3259 Eodem
851 3207 1084 3276 pertinet
1125 3203 1372 3274 ambigua
1425 3221 1518 3258 seu
1562 3207 1905 3274 amphibolo-

311 3275 432 3346 gica
463 3277 690 3340 locutio,
717 3275 990 3346 cumqnis
1017 3293 1126 3332 non
1163 3287 1379 3331 tenetur
1408 3277 1472 3330 ad
1499 3276 1724 3332 alterius
1753 3295 1905 3332 uten-

313 3359 424 3424 tem
455 3359 510 3401 et
536 3362 754 3424 sensum
783 3349 927 3424 loqui
951 3347 1558 3424 aut_respondere._Non
1581 3351 1725 3424 enim
1745 3363 1903 3424 mett—

313 3419 452 3474 titur
471 3419 560 3488 qui
593 3421 758 3472 utitur
785 3419 1186 3490 aniphilmlngia
1215 3419 1295 3473 vel
1327 3419 1488 3473 tacita
1521 3421 1901 3486 restrictione,

313 3491 442 3560 quia
495 3505 602 3546 non
651 3491 882 3544 intendit
929 3492 1112 3545 dicere
1157 3491 1348 3546 falsum
1397 3501 1488 3542 aut
1529 3491 1670 3560 loqui
1713 3503 1902 3546 contra

313 3571 580 3626 mentem,
638 3561 734 3616 scd
781 3563 870 3618 vel
916 3571 1152 3616 mentem
1211 3577 1360 3616 suam
1419 3563 1575 3616 aliter
1631 3577 1904 3630 exponere

311 3647 474 3704 quam
507 3634 648 3686 alter
671 3633 960 3702 intelligat,
985 3635 1070 3688 vel
1107 3649 1214 3688 non
1245 3643 1410 3686 totam
1445 3632 1770 3700 exprimere,
1808 3635 1902 3687 sed

317 3706 492 3760 stilum
513 3721 580 3760 ex
605 3716 773 3772 parte.
807 3705 977 3759 l’orro
1005 3705 1342 3773 sponsionis,
1373 3718 1468 3757 seu
1503 3705 1766 3768 pactionis
1789 3719 1909 3758 cor-

315 3777 488 3830 rectio
521 3785 616 3830 aut
645 3777 916 3830 revocatio
946 3793 1050 3830 non
1085 3787 1168 3830 est
1201 3775 1571 3846 mendacium,
1611 3789 1708 3829 nec
1737 3791 1906 3846 oppo-

313 3848 466 3901 nitur
503 3848 748 3910 veritati,
782 3849 874 3902 sed
907 3849 1086 3914 potius
1117 3847 1240 3902 lidei
1293 3862 1387 3900 seu
1420 3845 1686 3914 lidelitati,
1725 3857 1776 3899 ιιι
1811 3845 1907 3900 no-

313 3925 428 3990 tum
453 3929 538 3973 est
563 3917 726 3990 (Vide
752 3917 811 3973 S.
839 3917 1242 3990 Thomatni-‘l.
1265 3935 1314 3985 q.
1353 3919 1474 3979 H0,
1505 3927 1606 3970 art.
1643 3917 1702 3982 ‘2,
1722 3919 1792 3970 ad
1824 3921 1902 3988 5).

311 3987 436 4044 Non
469 3987 618 4044 enim
649 3995 906 4044 metuitur
931 3989 1166 4058 proprie,
1195 3991 1283 4060 qui
1319 4001 1528 4058 paetum
1557 3999 1650 4042 aut
1675 3987 1908 4056 promis-

313 4075 434 4115 sum
467 4062 656 4126 violat,
687 4061 811 4128 quia
847 4077 952 4114 non
982 4063 1218 4132 loquitur
1235 4071 1423 4132 contra
1449 4071 1681 4113 mentem
1709 4075 1858 4117 suam
1889 4079 1902 4114 :

316 4143 478 4186 Secus
525 4133 570 4186 si
604 4135 881 4200 promittat
923 4147 1028 4186 no"
1057 4131 1278 4186 ’Itabetts
1317 4131 1642 4185 voluntatem
1693 4133 1909 4198 promit-

313 4203 464 4256 tendi
513 4211 610 4257 aut
645 4205 1000 4270 exsequendi.
1051 4203 1285 4258 Proinde
1329 4202 1594 4258 mendacii
1641 4203 1908 4257 vocabulo

315 4273 560 4328 abutitur
606 4275 776 4330 al-bas
801 4276 1005 4342 .loseph
1061 4275 1160 4328 hoc
1205 4275 1346 4337 loco,
1379 4275 1506 4327 dum
1550 4276 1906 4329 mutationem

313 4345 530 4399 consilii
570 4353 666 4399 aut
711 4347 1022 4412 Sponsionis
1053 4347 1208 4400 factm
1263 4345 1602 4398 mendacium
1651 4345 1906 4411 ειιψειιςιι,

317 4419 568 4488 indocte
611 4418 836 4486 explcat
885 4419 946 4473 υ.
991 4419 1280 4488 tluycltius,
1320 4417 1812 4488 cujusccusuram
1855 4416 1907 4469 in

319 4487 466 4542 hunc
512 4489 689 4542 locum
738 4489 900 4544 simul
938 4487 1439 4544 cutn’annotatiotte
1469 4487 1710 4541 Ciaconii
1737 4487 1910 4541 lector

317 4561 506 4614 videre
540 4575 646 4614 non
677 4561 912 4614 ctttittal.

390 4639 418 4668 ι
447 4631 610 4684 Multa
656 4629 710 4684 iu
745 4635 882 4686 hanc
917 4629 1242 4686 sententiam
1281 4629 1422 4698 apud
1454 4629 1772 4684 Gratianum
1813 4645 1908 4682 ex-

315 4709 466 4756 stant
503 4701 760 4768 capitula,
793 4713 850 4756 nt
883 4701 1014 4756 illud
1047 4703 1327 4770 Augustini
1362 4720 1373 4754 :
1407 4699 1614 4768 Magna:
1641 4703 1910 4770 sapientia:

317 4783 398 4826 est
423 4789 665 4827 reuocare
694 4773 973 4840 hominem,
1003 4773 1144 4838 quod
1185 4775 1320 4826 ntale
1363 4773 1564 4826 locutus
1596 4781 1704 4837 est;
1731 4783 1784 4826 et
1817 4772 1912 4825 Ιηὶ-

317 4844 480 4898 dori:
517 4842 586 4898 In
640 4847 790 4900 malis
837 4845 1105 4914 promissis
1155 4845 1388 4898 rescinde
1441 4844 1596 4911 fidem
1627 4859 1646 4906 ;
1676 4859 1730 4896 tn
1773 4843 1913 4910 turpi

315 4927 438 4969 voto
473 4927 615 4968 muta
643 4914 1134 4986 decretunnlntpia
1175 4927 1246 4969 est
1293 4917 1428 4968 enim
1468 4914 1745 4986 promissio
1796 4929 1912 4978 qua:

319 4987 516 5041 scelere
547 4987 884 5057 adimpletur.
919 4985 1068 5040 Illud
1093 5005 1192 5041 non
1215 4997 1290 5040 est
1331 4985 1704 5038 observandum
1737 5001 1914 5038 sacra-

319 5071 556 5112 mentum
607 5076 704 5124 quo
731 5061 924 5113 malum
955 5059 1160 5111 incaute
1187 5059 1519 5128 promittitur.
1557 5057 1648 5110 llis
1677 5069 1912 5110 Consen-

321 5138 484 5184 tattea
517 5130 678 5184 docet
705 5130 872 5185 abbas
893 5129 1094 5198 Joseplt
1127 5126 1262 5184 ittl'rn
1299 5144 1417 5196 cap.
1455 5126 1541 5198 14.

397 5199 711 5270 bApposite
750 5205 814 5255 ad
861 5205 1002 5254 hunc
1030 5197 1224 5254 locum
1267 5201 1434 5254 refert
1479 5197 1824 5270 Sopltrottins
1861 5197 1916 5252 in

322 5267 791 5341 Prata—spirituali
818 5271 971 5340 (Cap.
996 5270 1126 5339 216)
1159 5271 1260 5324 hoc
1295 5271 1608 5336 exemplum
1638 5285 1651 5322 :
1681 5267 1809 5341 cum
1835 5283 1918 5341 es-

319 5358 432 5398 sent
460 5343 516 5396 in
540 5339 724 5398 sancta
762 5339 984 5408 ciuitate,
1013 5347 1150 5395 venit
1175 5343 1242 5396 ad
1273 5357 1354 5396 me
1381 5341 1457 5393 vir
1482 5341 1692 5410 quidam
1725 5339 1916 5408 ﬁdelis,

320 5425 373 5469 et
405 5415 542 5468 dixit
572 5415 696 5468 mihi
722 5432 740 5469 :
769 5415 904 5478 Quia
926 5414 1176 5483 quaedam
1206 5411 1497 5484 indignatio
1524 5411 1714 5484 oborta
1741 5411 1924 5484 estin-7

321 5497 404 5540 ter
427 5503 507 5540 me
538 5497 588 5540 et
611 5485 824 5556 intrent
851 5481 1043 5550 meum,
1085 5493 1134 5538 et
1168 5485 1262 5556 ille
1296 5481 1552 5556 n'onqonlt
1591 5481 1924 5536 reconciliari

321 5556 480 5620 mihi,
523 5554 788 5626 alloquere
816 5559 986 5624 illum,
1020 5565 1068 5610 et
1109 5555 1178 5609 ad
1221 5554 1694 5626 reconciliationem
1720 5555 1923 5626 exhor-

323 5639 461 5700 ιαμ-ε.
489 5623 760 5700 ριιοάέθο
788 5623 1118 5700 libetttiSsime
1140 5627 1445 5696 suscipiens,
1471 5625 1685 5700 conveni
1703 5623 1920 5700 fratrem

322 5699 497 5766 illius,
535 5695 842 5770 locatisque
885 5717 1000 5754 cum
1035 5699 1132 5754 illo
1175 5695 1288 5753 sum
1329 5713 1398 5770 Aea
1429 5697 1658 5770 quee‘ad
1689 5695 1921 5748 charito-

319 5785 436 5836 μη
463 5781 511 5826 et
543 5767 874 5828 concordiam
895 5772 1153 5844 pertinere
1202 5767 1526 5826 uidebantur.
1565 5767 1819 5842 Visusque
1846 5772 1920 5823 est

1930 3171 1976 3234 C

2003 2139 2208 2210 interim
2250 2137 2598 2210 obtemperare
2631 2139 2776 2192 mihi.
2818 2137 3161 2192 Postmodum
3196 2155 3313 2193 vero
3353 2139 3488 2193 dixit
3528 2140 3597 2193 ad

2003 2227 2084 2262 me
2116 2226 2134 2264 :
2162 2209 2523 2282 Reconciltari
2550 2211 2920 2282 nequeo,quia
2940 2212 3119 2282 jnraui
3151 2227 3243 2280 per
3287 2227 3491 2264 crucem
3519 2211 3601 2264 ul-

2005 2290 2084 2334 tra
2112 2279 2190 2334 illi
2223 2298 2324 2334 non
2358 2281 2703 2336 reconciliari.
2753 2279 2868 2348 Quo
2900 2279 3078 2334 audito
3107 2279 3377 2336 subridens
3419 2284 3502 2334 aio
3527 2282 3596 2334 ad

2003 2351 2158 2405 illum
2189 2367 2206 2405 :
2236 2353 2600 2407 .luratnentum
2645 2364 2792 2405 tuum
2824 2355 2974 2406 talem
3019 2351 3167 2406 habet
3196 2354 3298 2406 vim
3339 2370 3399 2406 ac
3443 2353 3488 2405 si
3525 2354 3602 2406 di-

2004 2424 2169 2476 xisses
2197 2441 2216 2477 :
2245 2421 2348 2476 Per
2379 2425 2656 2490 pretiosam
2689 2439 2892 2477 crucem
2928 2433 3090 2488 tuam,
3115 2423 3338 2484 Christe,
3369 2441 3471 2476 non
3503 2424 3594 2476 ob-

2005 2494 2219 2550 servabo
2263 2497 2510 2552 mandata
2545 2505 2656 2556 tua,
2685 2499 2773 2552 sed
2805 2496 3000 2550 inimici
3031 2496 3106 2548 tui
3136 2495 3332 2550 diaboli
3359 2497 3598 2550 volunta-

2010 2573 2110 2618 tem
2141 2565 2325 2636 faciam
2359 2583 2370 2618 :
2403 2583 2506 2620 non
2551 2567 2718 2620 solum
2743 2569 2880 2620 enim
2903 2583 3002 2618 non
3042 2567 3276 2619 debemus
3306 2583 3364 2618 ea
3391 2583 3598 2620 servare

2010 2652 2127 2706 quae
2165 2655 2196 2689 a
2227 2637 2371 2690 nobis
2405 2641 2620 2706 pessime
2657 2637 2869 2704 deﬁnita
2909 2637 3124 2706 fuerint,
3171 2639 3258 2690 sed
3290 2648 3444 2690 etiam
3487 2654 3597 2689 ma-

2005 2709 2143 2761 xime
2187 2709 2758 2780 pteniteutiantiagere,
2799 2719 2844 2761 et
2880 2709 3041 2780 afﬂigi
3067 2709 3143 2780 tu
3164 2709 3242 2762 his
3271 2724 3386 2770 qua:
3418 2718 3598 2762 contra

2009 2777 2236 2832 nostram
2255 2781 2473 2833 salutem
2495 2777 2842 2850 dimttiuitnus.
2868 2777 3009 2832 Nam
3033 2779 3077 2832 si
3093 2777 3324 2832 Herodes
3345 2781 3592 2850 paeniten-

2011 2851 2136 2904 tiam
2161 2852 2368 2920 egisset,
2400 2867 2560 2918 neque
2577 2851 2983 2926 jusjurandum,
3007 2851 3140 2926 quod
3161 2850 3596 2926 stulteenuserat,

2009 2919 2296 2986 servasset,
2349 2919 2634 2990 numquam
2663 2919 2908 2992 profecto
2949 2921 3226 2974 maximum
3267 2919 3595 2992 illud'scclns

2011 2993 2330 3056 admisisset,
2373 3003 2428 3046 ut
2471 3009 2840 3050 ttrtecursorem
2885 2991 3077 3046 Christi
3106 2993 3404 3046 decollaret.
3439 2991 3593 3058 Quod

2009 3065 2216 3186 quidem
2245 3065 2408 3132 ipsius
2449 3063 2634 3118 Basilii
2663 3065 2916 3118 sententia
2953 3065 3312 3130 conﬁrmatur,
3351 3077 3505 3130 quam
3534 3065 3596 3116 de

2035 3133 2293 3186 Jranaelio
2321 3137 2556 3186 sumpsit.
2589 3137 2796 3186 quando
2825 3135 2988 3186 noluit
3017 3135 3270 3186 Dominus
3302 3133 3476 3186 lavare
3509 3150 3596 3186 ne-

2035 3133 2293 3206 Erangelio
2321 3137 2556 3204 sumpsit,
2580 3137 2796 3206 quando
2825 3135 2988 3188 uoluit
3017 3135 3270 3188 Dominus
3302 3133 3476 3206 lavare
3508 3150 3598 3198 pe-

2009 3206 2098 3258 des
2137 3205 2271 3259 beati
2300 3207 2520 3274 apostoli
2551 3205 2728 3267 Petri,
2789 3223 2902 3260 cum
2932 3207 3019 3260 ille
3055 3207 3224 3277 primo
3267 3205 3598 3274 pertinaciter

2009 3276 2280 3344 obsistens,
2323 3289 2496 3348 postea
2541 3278 2843 3348 sententiam
2883 3276 3116 3330 mutavit.
3161 3277 3288 3330 llaec
3317 3277 3426 3330 ille.
3461 3278 3598 3348 Sen-

2009 3353 2229 3400 tentiam
2277 3347 2454 3402 autem
2503 3348 2652 3402 illam
2708 3347 2771 3401 Ι).
2832 3347 3014 3402 Basilii
3071 3349 3194 3402 vide
3233 3351 3284 3400 in
3337 3347 3597 3415 protentio

2009 3417 2347 3472 Ethicorum.
2385 3419 2583 3472 Eodem
2612 3427 2820 3484 spectat
2849 3418 3118 3472 sententia
3145 3417 3347 3472 Gelasii
3381 3433 3528 3484 papae
3563 3433 3593 3470 ιι

2007 3487 2264 3560 Gratiano
2304 3491 2462 3542 citata
2499 3487 2627 3560 (Ubi
2655 3505 2813 3560 supra
2857 3505 2904 3542 c.
2937 3487 3196 3560 Beatus);
3226 3486 3421 3560 Beatus
3453 3485 3596 3539 Pan-

2009 3559 2090 3614 lus
2116 3559 2384 3624 apostolus
2415 3557 2518 3614 non
2563 3562 2678 3612 ideo
2720 3557 2891 3631 (quod
2919 3557 3072 3630 absit)
3113 3557 3360 3631 fefellisse
3391 3560 3596 3631 credent

2009 3631 2106 3682 dus
2131 3639 2229 3694 est,
2259 3641 2349 3684 aut
2379 3632 2476 3684 sibi
2504 3629 2758 3686 exstitisse
2785 3629 3366 3698 contrarius,’quoniam
3393 3644 3510 3680 cum
3529 3629 3596 3682 ad

2010 3700 2296 3773 Hispanias
2333 3719 2388 3756 se
2433 3702 2748 3770 promisisset
2775 3703 2989 3764 iturum,
3019 3699 3376 3773 dispositione
3417 3699 3595 3773 divina

2009 3769 2295 3842 majoribus
2345 3769 2627 3840 occupatus
2687 3789 2748 3827 ea:
2793 3773 2964 3826 causis
3011 3772 3224 3844 implere
3271 3786 3372 3822 non
3427 3769 3596 3844 potuit

2009 3840 2146 3910 quod
2173 3844 2428 3912 promisit.
2468 3845 2734 3910 Quantum
2765 3846 2896 3896 enim
2927 3840 3096 3912 ipsius
3127 3840 3403 3896 voluntatis
3433 3841 3596 3892 inter-

2013 3915 2132 3986 fuit,
2181 3915 2276 3967 hoc
2317 3917 2672 3986 pronuntiavit
2712 3915 2850 3985 quod
2879 3929 3056 3967 revera
3095 3914 3351 3986 voluisset
3379 3912 3594 3982 efﬁcere.

2015 3983 2282 4050 Quantum
2319 3983 2498 4040 autem
2543 3987 2612 4040 ad
2663 3983 2822 4038 dit-ini
2871 3997 3063 4040 secreta
3111 3983 3313 4052 consilii
3337 3985 3494 4052 (quae,
3539 3993 3598 4035 ut

2011 4055 2184 4120 homo,
2238 4059 2414 4110 omnia
2461 4075 2562 4112 non
2612 4061 2795 4126 potuit,
2841 4056 2956 4109 licet
3013 4057 3198 4125 spiritu
3247 4051 3341 4108 Dei
3374 4051 3596 4122 plenus,

2011 4129 2332 4200 agnoscere),
2359 4145 2586 4196 superna
2617 4129 2946 4200 prastertnisit
2992 4127 3328 4198 dispositione
3345 4141 3596 4200 praeven-

2013 4195 2115 4252 tus.
2153 4199 2264 4252 Nec
2294 4195 2414 4266 quia
2443 4195 2628 4254 beatus
2651 4200 2837 4254 Petrus
2867 4195 3135 4266 apostolus
3165 4214 3260 4266 pro
3294 4195 3486 4263 affectu
3515 4197 3598 4250 di-

2013 4271 2145 4344 uina
2189 4273 2486 4344 rever-entire
2521 4274 2617 4344 ipsi
2666 4271 2888 4344 Domino
2929 4271 3194 4336 respondit
3227 4267 3408 4344 (Joan.
3440 4269 3552 4336 sm)
3580 4281 3599 4344 ς

2015 4339 2136 4414 Non
2184 4342 2376 4394 lavabts
2419 4337 2549 4396 mihi
2577 4342 2728 4414 pedes
2773 4343 2828 4394 in
2869 4355 3139 4414 internum,
3169 4337 3412 4414 {elellisse
3441 4337 3600 4407 (quod

2015 4413 2171 4482 absit)
2201 4425 2288 4466 aut
2329 4415 2384 4465 in
2423 4431 2517 4465 sua
2545 4412 2810 4484 putabitur
2839 4413 3050 4465 minime
3077 4412 3366 4484 constitisse
3397 4417 3603 4484 sentenf

2017 4487 2110 4546 tia,
2142 4480 2266 4554 quia
2295 4499 2416 4536 mon:
2453 4480 2618 4538 eidem
2646 4485 2834 4536 divina:
2863 4483 3114 4536 voluntati
3135 4483 3440 4554 cesserit,_ct
3465 4480 3603 4550 quod

1943 4561 1996 4622 ι)
2021 4570 2076 4608 se
2107 4549 2306 4607 dixerat
2335 4571 2435 4607 non
2465 4571 2573 4608 esse
2595 4558 2876 4622 facturum,
2909 4557 3078 4606 causis
3106 4555 3343 4606 astrictus
3365 4549 3606 4604 humana:

2021 4625 2225 4684 salutis.
2260 4641 2442 4692 passus
2477 4637 2550 4678 est
2581 4641 2746 4695 prona
2777 4627 3034 4678 voluntate
3056 4624 3373 4695 faciendum.

2093 4690 2292 4748 cllanc
2353 4690 2660 4764 parabolattt
2717 4695 2994 4764 proposuit
3049 4690 3315 4760 Christus,
3369 4690 3608 4764 Matlhati

2019 4783 2108 4821 xxr
2146 4785 2156 4817 :
2193 4763 2365 4820 Homo
2409 4768 2618 4836 quidam
2647 4763 2862 4819 habebnt
2911 4767 3038 4818 duos
3062 4764 3224 4834 ﬁlios,
3275 4774 3320 4819 et
3359 4763 3607 4836 accedens

2019 4840 2087 4890 ad
2119 4839 2362 4906 primum,
2393 4835 2522 4890 dtxit
2556 4853 2575 4892 .'
2609 4836 2737 4902 Fili,
2779 4837 2904 4890 uade
2943 4837 3114 4900 hodie,
3145 4851 3357 4906 operare
3379 4835 3434 4886 in
3460 4835 3610 4886 vinea

2019 4905 2152 4962 mea.
2189 4907 2291 4960 Ille
2323 4919 2492 4962 antrm
2519 4911 2856 4975 respondens,
2877 4907 2948 4960 ait
2981 4922 2998 4960 :
3027 4906 3185 4960 Nolo.
3221 4905 3411 4959 Postea
3439 4913 3608 4956 autem

2020 4979 2316 5051 ptrnitcntt'a
2347 4991 2512 5034 motus
2555 4981 2700 5033 abiit.
2744 4979 3006 5033 Accedens
3047 4987 3220 5051 autem
3261 4977 3328 5051 ad
3361 4978 3610 5051 alterum,

2019 5047 2150 5104 dixit
2173 5049 2426 5104 similiter.
2449 5052 2512 5105 At
2539 5051 2627 5105 ille
2651 5053 2965 5122 respondens
2995 5053 3068 5102 ait
3094 5066 3112 5103 :
3146 5047 3244 5114 Eo,
3283 5047 3615 5122 Domine;_e_t

2021 5139 2122 5176 non
2145 5124 2256 5174 irit.
2293 5123 2422 5185 Quis
2463 5140 2526 5176 ea:
2557 5117 2754 5176 duobus
2787 5123 2908 5193 fecit
2939 5121 3254 5174 uoluntatem
3299 5118 3502 5192 patris?
3534 5117 3616 5169 di-

2021 5203 2140 5248 cunt
2167 5194 2212 5246 ei
2243 5209 2262 5248 :
2291 5193 2522 5248 Primus.

2094 5263 2207 5338 dId
2231 5275 2312 5318 est
2335 5266 2658 5334 jnratnenti.
2705 5263 2948 5338 Herodes
2993 5257 3616 5338 recreatussaltatione

2024 5337 2148 5392 ﬁliae
2195 5337 2535 5400 llerodiadis,
2587 5352 2710 5391 cum
2759 5337 3068 5406 iuramento
3127 5334 3400 5406 pollicitus
3449 5337 3534 5406 est
3566 5334 3616 5382 ei

2025 5409 2159 5464 dare
2199 5409 2579 5478 quodcumque
2629 5401 3060 5478 pustulassetab
3089 5401 3178 5461 eo.
3201 5412 3278 5478 ,At
3307 5405 3394 5478 illa
3423 5401 3616 5478 edocta

2026 5493 2058 5534 a
2103 5476 2278 5534 matte
2327 5495 2424 5534 sua
2465 5476 2594 5532 :Da
2633 5476 2792 5544 mihi,
2835 5477 3031 5546 inquit,
3065 5478 3148 5532 hic
3194 5477 3248 5530 in
3286 5477 3430 5530 disco
3461 5476 3620 5546 caput

2027 5549 2248 5604 Joannis
2278 5549 2534 5622 Baptista:
2579 5541 2797 5618 (Matth.
2843 5541 3037 5622 xxiv);
3071 5549 3149 5603 Ex
3179 5563 3287 5622 quo
3331 5541 3621 5602 temerario

2023 5622 2338 5694 juratnento
2364 5620 2522 5698 longe
2559 5621 2985 5698 majoratqttatn
3027 5621 3201 5690 ipsum
3225 5620 3618 5698 jar-amentum,

2025 5703 2314 5748 consecuta
2352 5703 2478 5746 sunt
2505 5693 2846 5748 incommoda
2889 5701 2944 5746 et
2980 5701 3202 5763 peccata
3237 5709 3254 5745 :
3287 5694 3348 5747 1ο
3377 5693 3622 5763 enitn_ex_

2023 5778 2092 5822 eo
2141 5771 2328 5824 secuta
2371 5771 2459 5822 est
2497 5779 2647 5822 mors
2701 5755 3138 5824 innocentissimi
3189 5771 3249 5822 et
3290 5755 3621 5822 sanctissimi
