  <div class='ocr_page' id='page_1' title='image "/cluster/home/n/w/nwhite01/storage/ocr_20150623/49/hvd.32044015471543/539.png"; bbox 0 0 4072 6324; ppageno 0'>
   <div class='ocr_carea' id='block_1_1' title="bbox 545 290 686 354">
    <p class='ocr_par' dir='ltr' id='par_1_1' title="bbox 545 290 686 354">
     <span class='ocr_line' id='line_1_1' title="bbox 545 290 686 354; baseline 0 0"><span class='ocrx_word' id='word_1_1' title='bbox 545 290 686 354; x_wconf 66' lang='lat'><strong>£055</strong></span> 
     </span>
    </p>
   </div>
   <div class='ocr_carea' id='block_1_2' title="bbox 1602 285 2765 346">
    <p class='ocr_par' dir='ltr' id='par_1_2' title="bbox 1602 285 2765 346">
     <span class='ocr_line' id='line_1_2' title="bbox 1602 285 2765 346; baseline -0.001 0"><span class='ocrx_word' id='word_1_2' title='bbox 1602 288 1885 346; x_wconf 75' lang='lat' dir='ltr'><strong>JOANNIS</strong></span> <span class='ocrx_word' id='word_1_3' title='bbox 1923 285 2231 346; x_wconf 71' lang='lat' dir='ltr'><strong>CASSIANI</strong></span> <span class='ocrx_word' id='word_1_4' title='bbox 2273 288 2765 346; x_wconf 72' lang='lat' dir='ltr'><strong>COLLATIONES.</strong></span> 
     </span>
    </p>
   </div>
   <div class='ocr_carea' id='block_1_3' title="bbox 3694 283 3840 344">
    <p class='ocr_par' dir='ltr' id='par_1_3' title="bbox 3694 283 3840 344">
     <span class='ocr_line' id='line_1_3' title="bbox 3694 283 3840 344; baseline 0 -3"><span class='ocrx_word' id='word_1_5' title='bbox 3694 283 3840 344; x_wconf 63' lang='lat'><strong>£056</strong></span> 
     </span>
    </p>
   </div>
   <div class='ocr_carea' id='block_1_4' title="bbox 547 401 3822 472">
    <p class='ocr_par' dir='ltr' id='par_1_4' title="bbox 547 401 3822 472">
     <span class='ocr_line' id='line_1_4' title="bbox 547 401 3822 472; baseline -0.001 -11"><span class='ocrx_word' id='word_1_6' title='bbox 547 408 788 462; x_wconf 74' lang='lat' dir='ltr'><strong>tissimus</strong></span> <span class='ocrx_word' id='word_1_7' title='bbox 824 405 1187 463; x_wconf 65' lang='lat' dir='ltr'><strong>Pracursoris</strong></span> <span class='ocrx_word' id='word_1_8' title='bbox 1229 403 1440 459; x_wconf 83' lang='lat' dir='ltr'><strong>Domini</strong></span> <span class='ocrx_word' id='word_1_9' title='bbox 1493 404 1705 459; x_wconf 73' lang='lat' dir='ltr'><strong>exstitit</strong></span> <span class='ocrx_word' id='word_1_10' title='bbox 1749 403 2128 472; x_wconf 82' lang='lat' dir='ltr'><strong>interemptor,</strong></span> <span class='ocrx_word' id='word_1_11' title='bbox 2158 406 2213 466; x_wconf 77' lang='grc' dir='ltr'>Α</span> <span class='ocrx_word' id='word_1_12' title='bbox 2240 405 2466 469; x_wconf 76' lang='lat' dir='ltr'><strong>reversi,</strong></span> <span class='ocrx_word' id='word_1_13' title='bbox 2494 419 2596 459; x_wconf 91' lang='lat' dir='ltr'><strong>non</strong></span> <span class='ocrx_word' id='word_1_14' title='bbox 2647 406 2822 460; x_wconf 90' lang='lat' dir='ltr'><strong>solum</strong></span> <span class='ocrx_word' id='word_1_15' title='bbox 2859 419 2959 459; x_wconf 91' lang='lat' dir='ltr'><strong>nos</strong></span> <span class='ocrx_word' id='word_1_16' title='bbox 3003 404 3071 460; x_wconf 88' lang='lat' dir='ltr'><strong>ab</strong></span> <span class='ocrx_word' id='word_1_17' title='bbox 3100 403 3202 460; x_wconf 85' lang='lat' dir='ltr'><strong>hoc</strong></span> <span class='ocrx_word' id='word_1_18' title='bbox 3231 412 3338 460; x_wconf 86' lang='lat' dir='ltr'><strong>tam</strong></span> <span class='ocrx_word' id='word_1_19' title='bbox 3381 401 3602 458; x_wconf 87' lang='lat' dir='ltr'><strong>sublimi</strong></span> <span class='ocrx_word' id='word_1_20' title='bbox 3632 417 3822 472; x_wconf 83' lang='lat' dir='ltr'><strong>propo-</strong></span> 
     </span>
    </p>
   </div>
   <div class='ocr_carea' id='block_1_5' title="bbox 543 495 2137 571">
    <p class='ocr_par' dir='ltr' id='par_1_5' title="bbox 543 495 2137 571">
     <span class='ocr_line' id='line_1_5' title="bbox 543 495 2137 571; baseline -0.003 -18"><span class='ocrx_word' id='word_1_21' title='bbox 543 515 793 571; x_wconf 78' lang='lat' dir='ltr'><strong>vnuoque</strong></span> <span class='ocrx_word' id='word_1_22' title='bbox 820 501 1012 555; x_wconf 88' lang='lat' dir='ltr'><strong>timore</strong></span> <span class='ocrx_word' id='word_1_23' title='bbox 1036 499 1278 568; x_wconf 86' lang='lat' dir='ltr'><strong>perjurii,</strong></span> <span class='ocrx_word' id='word_1_24' title='bbox 1312 495 1645 551; x_wconf 79' lang='lat' dir='ltr'><strong>damnationi</strong></span> <span class='ocrx_word' id='word_1_25' title='bbox 1677 499 2028 564; x_wconf 66' lang='lat' dir='ltr'><strong>semetipsum</strong></span> <span class='ocrx_word' id='word_1_26' title='bbox 2062 504 2137 550; x_wconf 84' lang='lat' dir='ltr'><strong>al.-</strong></span> 
     </span>
    </p>
   </div>
   <div class='ocr_carea' id='block_1_6' title="bbox 543 587 2130 662">
    <p class='ocr_par' dir='ltr' id='par_1_6' title="bbox 543 587 2130 662">
     <span class='ocr_line' id='line_1_6' title="bbox 543 587 2130 662; baseline 0.002 -19"><span class='ocrx_word' id='word_1_27' title='bbox 543 609 648 661; x_wconf 86' lang='lat' dir='ltr'><strong>que</strong></span> <span class='ocrx_word' id='word_1_28' title='bbox 697 592 974 662; x_wconf 76' lang='lat' dir='ltr'><strong>Sttpplit&#39;iis</strong></span> <span class='ocrx_word' id='word_1_29' title='bbox 1031 603 1305 660; x_wconf 67' lang='lat' dir='ltr'><strong>perpetua:</strong></span> <span class='ocrx_word' id='word_1_30' title='bbox 1357 589 1548 644; x_wconf 89' lang='lat' dir='ltr'><strong>mortis</strong></span> <span class='ocrx_word' id='word_1_31' title='bbox 1605 589 1872 644; x_wconf 74' lang='lat' dir='ltr'><strong>immersit</strong></span> <span class='ocrx_word' id='word_1_32' title='bbox 1911 587 2130 659; x_wconf 74' lang='lat' dir='ltr'><strong>(Matth.</strong></span> 
     </span>
    </p>
   </div>
   <div class='ocr_carea' id='block_1_7' title="bbox 545 682 2133 753">
    <p class='ocr_par' dir='ltr' id='par_1_7' title="bbox 545 682 2133 753">
     <span class='ocr_line' id='line_1_7' title="bbox 545 682 2133 753; baseline -0.001 -15"><span class='ocrx_word' id='word_1_33' title='bbox 545 683 678 753; x_wconf 82' lang='lat' dir='ltr'><strong>xlv).</strong></span> <span class='ocrx_word' id='word_1_34' title='bbox 707 683 947 738; x_wconf 88' lang='lat' dir='ltr'><strong>Primum</strong></span> <span class='ocrx_word' id='word_1_35' title='bbox 977 683 1182 739; x_wconf 91' lang='lat' dir='ltr'><strong>etenim</strong></span> <span class='ocrx_word' id='word_1_36' title='bbox 1213 691 1298 738; x_wconf 91' lang='lat' dir='ltr'><strong>est</strong></span> <span class='ocrx_word' id='word_1_37' title='bbox 1335 684 1540 751; x_wconf 83' lang='lat' dir='ltr'><strong>optima</strong></span> <span class='ocrx_word' id='word_1_38' title='bbox 1579 691 1818 736; x_wconf 85' lang='lat' dir='ltr'><strong>statuere</strong></span> <span class='ocrx_word' id='word_1_39' title='bbox 1845 699 1861 737; x_wconf 90' lang='lat'><strong>:</strong></span> <span class='ocrx_word' id='word_1_40' title='bbox 1892 682 2036 750; x_wconf 82' lang='lat' dir='ltr'><strong>quod</strong></span> <span class='ocrx_word' id='word_1_41' title='bbox 2077 690 2133 736; x_wconf 90' lang='lat' dir='ltr'><strong>et</strong></span> 
     </span>
    </p>
   </div>
   <div class='ocr_carea' id='block_1_8' title="bbox 545 775 2134 845">
    <p class='ocr_par' dir='ltr' id='par_1_8' title="bbox 545 775 2134 845">
     <span class='ocr_line' id='line_1_8' title="bbox 545 775 2134 845; baseline 0.001 -19"><span class='ocrx_word' id='word_1_42' title='bbox 545 775 592 830; x_wconf 83' lang='lat' dir='ltr'><strong>si</strong></span> <span class='ocrx_word' id='word_1_43' title='bbox 623 776 780 830; x_wconf 86' lang='lat' dir='ltr'><strong>aliter</strong></span> <span class='ocrx_word' id='word_1_44' title='bbox 802 777 1050 840; x_wconf 87' lang='lat' dir='ltr'><strong>cesserit,</strong></span> <span class='ocrx_word' id='word_1_45' title='bbox 1081 790 1314 845; x_wconf 85' lang='lat' dir='ltr'><strong>sequens</strong></span> <span class='ocrx_word' id='word_1_46' title='bbox 1342 784 1426 830; x_wconf 91' lang='lat' dir='ltr'><strong>est</strong></span> <span class='ocrx_word' id='word_1_47' title='bbox 1447 775 1500 829; x_wconf 89' lang='lat' dir='ltr'><strong>in</strong></span> <span class='ocrx_word' id='word_1_48' title='bbox 1531 775 1728 829; x_wconf 80' lang='lat' dir='ltr'><strong>melius</strong></span> <span class='ocrx_word' id='word_1_49' title='bbox 1754 789 1815 829; x_wconf 91' lang='lat' dir='ltr'><strong>ea</strong></span> <span class='ocrx_word' id='word_1_50' title='bbox 1846 789 1964 844; x_wconf 64' lang='lat' dir='ltr'><strong>quc</strong></span> <span class='ocrx_word' id='word_1_51' title='bbox 2003 781 2134 828; x_wconf 87' lang='lat' dir='ltr'><strong>sunt</strong></span> 
     </span>
    </p>
   </div>
   <div class='ocr_carea' id='block_1_9' title="bbox 547 866 2132 938">
    <p class='ocr_par' dir='ltr' id='par_1_9' title="bbox 547 866 2132 938">
     <span class='ocr_line' id='line_1_9' title="bbox 547 866 2132 938; baseline -0.001 -16"><span class='ocrx_word' id='word_1_52' title='bbox 547 877 744 922; x_wconf 87' lang='lat' dir='ltr'><strong>statuta</strong></span> <span class='ocrx_word' id='word_1_53' title='bbox 792 877 1027 937; x_wconf 86' lang='lat' dir='ltr'><strong>mutare,</strong></span> <span class='ocrx_word' id='word_1_54' title='bbox 1079 867 1620 938; x_wconf 90' lang='lat' dir='ltr'><strong>ordinationibusque</strong></span> <span class='ocrx_word' id='word_1_55' title='bbox 1665 867 1872 923; x_wconf 83' lang='lat' dir='ltr'><strong>nostris</strong></span> <span class='ocrx_word' id='word_1_56' title='bbox 1901 867 2012 936; x_wconf 90' lang='lat' dir='ltr'><strong>jam</strong></span> <span class='ocrx_word' id='word_1_57' title='bbox 2045 866 2132 937; x_wconf 86' lang='lat' dir='ltr'><strong>ja-</strong></span> 
     </span>
    </p>
   </div>
   <div class='ocr_carea' id='block_1_10' title="bbox 545 959 2134 1030">
    <p class='ocr_par' dir='ltr' id='par_1_10' title="bbox 545 959 2134 1030">
     <span class='ocr_line' id='line_1_10' title="bbox 545 959 2134 1030; baseline 0 -16"><span class='ocrx_word' id='word_1_58' title='bbox 545 959 810 1023; x_wconf 87' lang='lat' dir='ltr'><strong>ccntibus,</strong></span> <span class='ocrx_word' id='word_1_59' title='bbox 853 971 908 1014; x_wconf 94' lang='lat' dir='ltr'><strong>ut</strong></span> <span class='ocrx_word' id='word_1_60' title='bbox 939 961 1013 1015; x_wconf 87' lang='lat' dir='ltr'><strong>ita</strong></span> <span class='ocrx_word' id='word_1_61' title='bbox 1056 960 1305 1025; x_wconf 79' lang='lat' dir='ltr'><strong>dixerim,</strong></span> <span class='ocrx_word' id='word_1_62' title='bbox 1338 975 1555 1015; x_wconf 87' lang='lat' dir='ltr'><strong>manum</strong></span> <span class='ocrx_word' id='word_1_63' title='bbox 1591 960 1978 1030; x_wconf 89' lang='lat' dir='ltr'><strong>dexteramque</strong></span> <span class='ocrx_word' id='word_1_64' title='bbox 2007 974 2134 1030; x_wconf 84' lang='lat' dir='ltr'><strong>por-</strong></span> 
     </span>
    </p>
   </div>
   <div class='ocr_carea' id='block_1_11' title="bbox 546 1055 2130 1127">
    <p class='ocr_par' dir='ltr' id='par_1_11' title="bbox 546 1055 2130 1127">
     <span class='ocr_line' id='line_1_11' title="bbox 546 1055 2130 1127; baseline -0.001 -18"><span class='ocrx_word' id='word_1_65' title='bbox 546 1055 742 1124; x_wconf 82' lang='lat' dir='ltr'><strong>rigere.</strong></span> <span class='ocrx_word' id='word_1_66' title='bbox 771 1055 870 1112; x_wconf 86' lang='lat' dir='ltr'><strong>Ubi</strong></span> <span class='ocrx_word' id='word_1_67' title='bbox 899 1056 1158 1127; x_wconf 87' lang='lat' dir='ltr'><strong>principia</strong></span> <span class='ocrx_word' id='word_1_68' title='bbox 1190 1055 1396 1110; x_wconf 86' lang='lat' dir='ltr'><strong>consilii</strong></span> <span class='ocrx_word' id='word_1_69' title='bbox 1429 1071 1536 1110; x_wconf 87' lang='lat' dir='ltr'><strong>non</strong></span> <span class='ocrx_word' id='word_1_70' title='bbox 1563 1055 1953 1124; x_wconf 85' lang='lat' dir='ltr'><strong>approbantur,</strong></span> <span class='ocrx_word' id='word_1_71' title='bbox 1994 1069 2130 1125; x_wconf 89' lang='lat' dir='ltr'><strong>pru-</strong></span> 
     </span>
    </p>
   </div>
   <div class='ocr_carea' id='block_1_12' title="bbox 544 1144 2130 1217">
    <p class='ocr_par' dir='ltr' id='par_1_12' title="bbox 544 1144 2130 1217">
     <span class='ocr_line' id='line_1_12' title="bbox 544 1144 2130 1217; baseline -0.001 -15"><span class='ocrx_word' id='word_1_72' title='bbox 544 1147 724 1203; x_wconf 88' lang='lat' dir='ltr'><strong>dentia</strong></span> <span class='ocrx_word' id='word_1_73' title='bbox 755 1159 860 1213; x_wconf 91' lang='lat' dir='ltr'><strong>est,</strong></span> <span class='ocrx_word' id='word_1_74' title='bbox 902 1159 958 1202; x_wconf 94' lang='lat' dir='ltr'><strong>ut</strong></span> <span class='ocrx_word' id='word_1_75' title='bbox 984 1149 1097 1203; x_wconf 91' lang='lat' dir='ltr'><strong>utili</strong></span> <span class='ocrx_word' id='word_1_76' title='bbox 1127 1147 1308 1203; x_wconf 90' lang='lat' dir='ltr'><strong>addita</strong></span> <span class='ocrx_word' id='word_1_77' title='bbox 1337 1147 1646 1217; x_wconf 84' lang='lat' dir='ltr'><strong>provisione</strong></span> <span class='ocrx_word' id='word_1_78' title='bbox 1681 1154 2020 1215; x_wconf 88' lang='lat' dir='ltr'><strong>reparentur.</strong></span> <span class='ocrx_word' id='word_1_79' title='bbox 2072 1144 2130 1201; x_wconf 90' lang='lat' dir='ltr'><strong>Si</strong></span> 
     </span>
    </p>
   </div>
   <div class='ocr_carea' id='block_1_13' title="bbox 544 1236 2131 1312">
    <p class='ocr_par' dir='ltr' id='par_1_13' title="bbox 544 1236 2131 1312">
     <span class='ocr_line' id='line_1_13' title="bbox 544 1236 2131 1312; baseline -0.003 -16"><span class='ocrx_word' id='word_1_80' title='bbox 544 1239 814 1296; x_wconf 82' lang='lat' dir='ltr'><strong>claudicat</strong></span> <span class='ocrx_word' id='word_1_81' title='bbox 848 1240 913 1295; x_wconf 92' lang='lat' dir='ltr'><strong>ad</strong></span> <span class='ocrx_word' id='word_1_82' title='bbox 945 1240 1116 1312; x_wconf 89' lang='lat' dir='ltr'><strong>prima</strong></span> <span class='ocrx_word' id='word_1_83' title='bbox 1147 1247 1344 1294; x_wconf 77' lang='lat' dir='ltr'><strong>statuta</strong></span> <span class='ocrx_word' id='word_1_84' title='bbox 1371 1238 1679 1309; x_wconf 88' lang='lat' dir='ltr'><strong>dispositio,</strong></span> <span class='ocrx_word' id='word_1_85' title='bbox 1713 1238 2034 1292; x_wconf 86' lang='lat' dir='ltr'><strong>adhibeatur</strong></span> <span class='ocrx_word' id='word_1_86' title='bbox 2061 1236 2131 1292; x_wconf 89' lang='lat' dir='ltr'><strong>ad</strong></span> 
     </span>
    </p>
   </div>
   <div class='ocr_carea' id='block_1_14' title="bbox 542 1327 2133 1399">
    <p class='ocr_par' dir='ltr' id='par_1_14' title="bbox 542 1327 2133 1399">
     <span class='ocr_line' id='line_1_14' title="bbox 542 1327 2133 1399; baseline -0.003 -11"><span class='ocrx_word' id='word_1_87' title='bbox 542 1333 780 1389; x_wconf 91' lang='lat' dir='ltr'><strong>secunda</strong></span> <span class='ocrx_word' id='word_1_88' title='bbox 806 1333 1094 1389; x_wconf 82' lang='lat' dir='ltr'><strong>correctio.</strong></span> <span class='ocrx_word' id='word_1_89' title='bbox 1139 1332 1199 1387; x_wconf 89' lang='lat' dir='ltr'><strong>In</strong></span> <span class='ocrx_word' id='word_1_90' title='bbox 1226 1331 1476 1386; x_wconf 89' lang='lat' dir='ltr'><strong>omnibus</strong></span> <span class='ocrx_word' id='word_1_91' title='bbox 1503 1345 1636 1399; x_wconf 90' lang='lat' dir='ltr'><strong>ergo</strong></span> <span class='ocrx_word' id='word_1_92' title='bbox 1665 1331 1828 1385; x_wconf 89' lang='lat' dir='ltr'><strong>rebus</strong></span> <span class='ocrx_word' id='word_1_93' title='bbox 1876 1327 2133 1384; x_wconf 89' lang='lat' dir='ltr'><strong>conside-</strong></span> 
     </span>
    </p>
   </div>
   <div class='ocr_carea' id='block_1_15' title="bbox 543 1421 2132 1493">
    <p class='ocr_par' dir='ltr' id='par_1_15' title="bbox 543 1421 2132 1493">
     <span class='ocr_line' id='line_1_15' title="bbox 543 1421 2132 1493; baseline -0.003 -12"><span class='ocrx_word' id='word_1_94' title='bbox 543 1425 750 1481; x_wconf 87' lang='lat' dir='ltr'><strong>randus</strong></span> <span class='ocrx_word' id='word_1_95' title='bbox 791 1435 874 1481; x_wconf 91' lang='lat' dir='ltr'><strong>est</strong></span> <span class='ocrx_word' id='word_1_96' title='bbox 914 1425 1059 1493; x_wconf 84' lang='lat' dir='ltr'><strong>ﬁnis,</strong></span> <span class='ocrx_word' id='word_1_97' title='bbox 1096 1434 1154 1480; x_wconf 92' lang='lat' dir='ltr'><strong>et</strong></span> <span class='ocrx_word' id='word_1_98' title='bbox 1181 1425 1479 1480; x_wconf 88' lang='lat' dir='ltr'><strong>secundum</strong></span> <span class='ocrx_word' id='word_1_99' title='bbox 1509 1439 1632 1478; x_wconf 88' lang='lat' dir='ltr'><strong>eum</strong></span> <span class='ocrx_word' id='word_1_100' title='bbox 1663 1423 1931 1493; x_wconf 90' lang='lat' dir='ltr'><strong>propositi</strong></span> <span class='ocrx_word' id='word_1_101' title='bbox 1960 1421 2132 1477; x_wconf 89' lang='lat' dir='ltr'><strong>nostri</strong></span> 
     </span>
    </p>
   </div>
   <div class='ocr_carea' id='block_1_16' title="bbox 543 1513 2132 1589">
    <p class='ocr_par' dir='ltr' id='par_1_16' title="bbox 543 1513 2132 1589">
     <span class='ocr_line' id='line_1_16' title="bbox 543 1513 2132 1589; baseline -0.004 -15"><span class='ocrx_word' id='word_1_102' title='bbox 543 1518 854 1589; x_wconf 87' lang='lat' dir='ltr'><strong>dirigendus</strong></span> <span class='ocrx_word' id='word_1_103' title='bbox 886 1526 969 1572; x_wconf 90' lang='lat' dir='ltr'><strong>est</strong></span> <span class='ocrx_word' id='word_1_104' title='bbox 989 1532 1180 1572; x_wconf 83' lang='lat' dir='ltr'><strong>cursus</strong></span> <span class='ocrx_word' id='word_1_105' title='bbox 1203 1533 1218 1583; x_wconf 90' lang='lat'><strong>;</strong></span> <span class='ocrx_word' id='word_1_106' title='bbox 1247 1531 1408 1587; x_wconf 84' lang='lat' dir='ltr'><strong>quem</strong></span> <span class='ocrx_word' id='word_1_107' title='bbox 1441 1516 1509 1584; x_wconf 88' lang='lat' dir='ltr'><strong>si,</strong></span> <span class='ocrx_word' id='word_1_108' title='bbox 1535 1515 1958 1584; x_wconf 79' lang='lat' dir='ltr'><strong>superveniente</strong></span> <span class='ocrx_word' id='word_1_109' title='bbox 1986 1513 2132 1568; x_wconf 88' lang='lat' dir='ltr'><strong>salu-</strong></span> 
     </span>
    </p>
   </div>
   <div class='ocr_carea' id='block_1_17' title="bbox 543 1604 2130 1678">
    <p class='ocr_par' dir='ltr' id='par_1_17' title="bbox 543 1604 2130 1678">
     <span class='ocr_line' id='line_1_17' title="bbox 543 1604 2130 1678; baseline -0.004 -12"><span class='ocrx_word' id='word_1_110' title='bbox 543 1609 729 1666; x_wconf 92' lang='lat' dir='ltr'><strong>briore</strong></span> <span class='ocrx_word' id='word_1_111' title='bbox 755 1609 1005 1677; x_wconf 87' lang='lat' dir='ltr'><strong>consilio,</strong></span> <span class='ocrx_word' id='word_1_112' title='bbox 1039 1609 1106 1664; x_wconf 89' lang='lat' dir='ltr'><strong>ad</strong></span> <span class='ocrx_word' id='word_1_113' title='bbox 1135 1608 1461 1664; x_wconf 87' lang='lat' dir='ltr'><strong>deteriorem</strong></span> <span class='ocrx_word' id='word_1_114' title='bbox 1487 1616 1695 1678; x_wconf 87' lang='lat' dir='ltr'><strong>partem</strong></span> <span class='ocrx_word' id='word_1_115' title='bbox 1719 1621 1948 1678; x_wconf 84' lang='lat' dir='ltr'><strong>vergere</strong></span> <span class='ocrx_word' id='word_1_116' title='bbox 1973 1604 2130 1661; x_wconf 92' lang='lat' dir='ltr'><strong>vide-</strong></span> 
     </span>
    </p>
   </div>
   <div class='ocr_carea' id='block_1_18' title="bbox 542 1701 2125 1773">
    <p class='ocr_par' dir='ltr' id='par_1_18' title="bbox 542 1701 2125 1773">
     <span class='ocr_line' id='line_1_18' title="bbox 542 1701 2125 1773; baseline -0.001 -16"><span class='ocrx_word' id='word_1_117' title='bbox 542 1703 737 1769; x_wconf 85' lang='lat' dir='ltr'><strong>rimus,</strong></span> <span class='ocrx_word' id='word_1_118' title='bbox 757 1704 960 1758; x_wconf 91' lang='lat' dir='ltr'><strong>rectius</strong></span> <span class='ocrx_word' id='word_1_119' title='bbox 986 1711 1090 1769; x_wconf 90' lang='lat' dir='ltr'><strong>est,</strong></span> <span class='ocrx_word' id='word_1_120' title='bbox 1116 1701 1416 1773; x_wconf 76' lang='lat' dir='ltr'><strong>incongrua</strong></span> <span class='ocrx_word' id='word_1_121' title='bbox 1439 1703 1832 1758; x_wconf 89' lang='lat' dir='ltr'><strong>constitutione</strong></span> <span class='ocrx_word' id='word_1_122' title='bbox 1851 1701 2125 1768; x_wconf 89' lang='lat' dir='ltr'><strong>submota,</strong></span> 
     </span>
    </p>
   </div>
   <div class='ocr_carea' id='block_1_19' title="bbox 2240 497 3812 569">
    <p class='ocr_par' dir='ltr' id='par_1_19' title="bbox 2240 497 3812 569">
     <span class='ocr_line' id='line_1_19' title="bbox 2240 497 3812 569; baseline -0.001 -17"><span class='ocrx_word' id='word_1_123' title='bbox 2240 497 2344 552; x_wconf 88' lang='lat' dir='ltr'><strong>sito</strong></span> <span class='ocrx_word' id='word_1_124' title='bbox 2369 499 2582 564; x_wconf 81' lang='lat' dir='ltr'><strong>relapso</strong></span> <span class='ocrx_word' id='word_1_125' title='bbox 2595 514 2705 565; x_wconf 82' lang='lat' dir='ltr'><strong>ros,</strong></span> <span class='ocrx_word' id='word_1_126' title='bbox 2732 499 2826 552; x_wconf 85' lang='lat' dir='ltr'><strong>sed</strong></span> <span class='ocrx_word' id='word_1_127' title='bbox 2855 501 3040 564; x_wconf 82' lang='lat' dir='ltr'><strong>etiam,</strong></span> <span class='ocrx_word' id='word_1_128' title='bbox 3075 515 3172 569; x_wconf 86' lang='lat' dir='ltr'><strong>pro</strong></span> <span class='ocrx_word' id='word_1_129' title='bbox 3195 499 3573 554; x_wconf 88' lang='lat' dir='ltr'><strong>mediocritate</strong></span> <span class='ocrx_word' id='word_1_130' title='bbox 3599 513 3812 552; x_wconf 78' lang='lat' dir='ltr'><strong>conver</strong></span> 
     </span>
    </p>
   </div>
   <div class='ocr_carea' id='block_1_20' title="bbox 2237 590 3832 662">
    <p class='ocr_par' dir='ltr' id='par_1_20' title="bbox 2237 590 3832 662">
     <span class='ocr_line' id='line_1_20' title="bbox 2237 590 3832 662; baseline -0.001 -18"><span class='ocrx_word' id='word_1_131' title='bbox 2237 590 2461 645; x_wconf 81' lang='lat' dir='ltr'><strong>sationis</strong></span> <span class='ocrx_word' id='word_1_132' title='bbox 2493 593 2658 657; x_wconf 90' lang='lat' dir='ltr'><strong>illius,</strong></span> <span class='ocrx_word' id='word_1_133' title='bbox 2687 593 2872 647; x_wconf 92' lang='lat' dir='ltr'><strong>multis</strong></span> <span class='ocrx_word' id='word_1_134' title='bbox 2899 602 3114 647; x_wconf 73' lang='lat' dir='ltr'><strong>certum</strong></span> <span class='ocrx_word' id='word_1_135' title='bbox 3143 591 3551 660; x_wconf 79' lang='lat' dir='ltr'><strong>estdispendiis</strong></span> <span class='ocrx_word' id='word_1_136' title='bbox 3573 592 3832 662; x_wconf 85' lang='lat' dir='ltr'><strong>quatien-</strong></span> 
     </span>
    </p>
   </div>
   <div class='ocr_carea' id='block_1_21' title="bbox 2237 680 3832 754">
    <p class='ocr_par' dir='ltr' id='par_1_21' title="bbox 2237 680 3832 754">
     <span class='ocr_line' id='line_1_21' title="bbox 2237 680 3832 754; baseline 0.003 -19"><span class='ocrx_word' id='word_1_137' title='bbox 2237 680 2357 736; x_wconf 89' lang='lat' dir='ltr'><strong>dos.</strong></span> <span class='ocrx_word' id='word_1_138' title='bbox 2390 682 2589 737; x_wconf 81' lang='lat' dir='ltr'><strong>Verum</strong></span> <span class='ocrx_word' id='word_1_139' title='bbox 2620 683 2748 737; x_wconf 91' lang='lat' dir='ltr'><strong>illud</strong></span> <span class='ocrx_word' id='word_1_140' title='bbox 2780 699 2880 738; x_wconf 93' lang='lat' dir='ltr'><strong>nos</strong></span> <span class='ocrx_word' id='word_1_141' title='bbox 2899 686 3277 754; x_wconf 74' lang='lat' dir='ltr'><strong>evangelicum</strong></span> <span class='ocrx_word' id='word_1_142' title='bbox 3309 685 3623 738; x_wconf 89' lang='lat' dir='ltr'><strong>mandatum</strong></span> <span class='ocrx_word' id='word_1_143' title='bbox 3654 686 3832 739; x_wconf 84' lang='lat' dir='ltr'><strong>vehe-</strong></span> 
     </span>
    </p>
   </div>
   <div class='ocr_carea' id='block_1_22' title="bbox 2236 775 3838 841">
    <p class='ocr_par' dir='ltr' id='par_1_22' title="bbox 2236 775 3838 841">
     <span class='ocr_line' id='line_1_22' title="bbox 2236 775 3838 841; baseline 0 -12"><span class='ocrx_word' id='word_1_144' title='bbox 2236 784 2446 830; x_wconf 90' lang='lat' dir='ltr'><strong>menter</strong></span> <span class='ocrx_word' id='word_1_145' title='bbox 2467 775 2763 841; x_wconf 88' lang='lat' dir='ltr'><strong>absterret,</strong></span> <span class='ocrx_word' id='word_1_146' title='bbox 2785 785 2812 812; x_wconf 77' lang='grc' dir='ltr'>ι</span> <span class='ocrx_word' id='word_1_147' title='bbox 2831 775 2912 832; x_wconf 88' lang='lat' dir='ltr'><strong>Sit</strong></span> <span class='ocrx_word' id='word_1_148' title='bbox 2938 793 3105 830; x_wconf 90' lang='lat' dir='ltr'><strong>sermo</strong></span> <span class='ocrx_word' id='word_1_149' title='bbox 3125 786 3306 841; x_wconf 80' lang='lat' dir='ltr'><strong>vester,</strong></span> <span class='ocrx_word' id='word_1_150' title='bbox 3337 784 3411 830; x_wconf 85' lang='lat' dir='ltr'><strong>est</strong></span> <span class='ocrx_word' id='word_1_151' title='bbox 3437 786 3533 839; x_wconf 88' lang='lat' dir='ltr'><strong>est,</strong></span> <span class='ocrx_word' id='word_1_152' title='bbox 3560 792 3665 829; x_wconf 88' lang='lat' dir='ltr'><strong>non</strong></span> <span class='ocrx_word' id='word_1_153' title='bbox 3688 792 3794 829; x_wconf 82' lang='lat' dir='ltr'><strong>non</strong></span> <span class='ocrx_word' id='word_1_154' title='bbox 3817 791 3838 829; x_wconf 93' lang='lat'><strong><em>:</em></strong></span> 
     </span>
    </p>
   </div>
   <div class='ocr_carea' id='block_1_23' title="bbox 2233 865 3834 939">
    <p class='ocr_par' dir='ltr' id='par_1_23' title="bbox 2233 865 3834 939">
     <span class='ocr_line' id='line_1_23' title="bbox 2233 865 3834 939; baseline -0.001 -17"><span class='ocrx_word' id='word_1_155' title='bbox 2233 869 2372 938; x_wconf 86' lang='lat' dir='ltr'><strong>quod</strong></span> <span class='ocrx_word' id='word_1_156' title='bbox 2394 879 2566 921; x_wconf 89' lang='lat' dir='ltr'><strong>autem</strong></span> <span class='ocrx_word' id='word_1_157' title='bbox 2585 867 2667 921; x_wconf 86' lang='lat' dir='ltr'><strong>his</strong></span> <span class='ocrx_word' id='word_1_158' title='bbox 2694 868 3044 922; x_wconf 75' lang='lat' dir='ltr'><strong>abundantius</strong></span> <span class='ocrx_word' id='word_1_159' title='bbox 3069 876 3165 932; x_wconf 89' lang='lat' dir='ltr'><strong>est,</strong></span> <span class='ocrx_word' id='word_1_160' title='bbox 3189 885 3223 921; x_wconf 89' lang='lat' dir='ltr'><strong>a</strong></span> <span class='ocrx_word' id='word_1_161' title='bbox 3248 868 3386 922; x_wconf 89' lang='lat' dir='ltr'><strong>malo</strong></span> <span class='ocrx_word' id='word_1_162' title='bbox 3406 877 3480 922; x_wconf 84' lang='lat' dir='ltr'><strong>est</strong></span> <span class='ocrx_word' id='word_1_163' title='bbox 3507 865 3730 939; x_wconf 75' lang='lat' dir='ltr'><strong>(Matth.</strong></span> <span class='ocrx_word' id='word_1_164' title='bbox 3752 866 3834 932; x_wconf 77' lang='lat' dir='ltr'><strong>v).</strong></span> 
     </span>
    </p>
   </div>
   <div class='ocr_carea' id='block_1_24' title="bbox 2232 959 3832 1031">
    <p class='ocr_par' dir='ltr' id='par_1_24' title="bbox 2232 959 3832 1031">
     <span class='ocr_line' id='line_1_24' title="bbox 2232 959 3832 1031; baseline -0.003 -14"><span class='ocrx_word' id='word_1_165' title='bbox 2232 959 2515 1017; x_wconf 89' lang='lat' dir='ltr'><strong>Credimus</strong></span> <span class='ocrx_word' id='word_1_166' title='bbox 2530 961 2674 1016; x_wconf 89' lang='lat' dir='ltr'><strong>enim</strong></span> <span class='ocrx_word' id='word_1_167' title='bbox 2707 962 2838 1016; x_wconf 90' lang='lat' dir='ltr'><strong>tanti</strong></span> <span class='ocrx_word' id='word_1_168' title='bbox 2867 961 3361 1031; x_wconf 75' lang='lat' dir='ltr'><strong>transgressionem</strong></span> <span class='ocrx_word' id='word_1_169' title='bbox 3395 960 3654 1030; x_wconf 65' lang='lat' dir='ltr'><strong>praecepti</strong></span> <span class='ocrx_word' id='word_1_170' title='bbox 3680 959 3832 1014; x_wconf 88' lang='lat' dir='ltr'><strong>nulla</strong></span> 
     </span>
    </p>
   </div>
   <div class='ocr_carea' id='block_1_25' title="bbox 2234 1054 3831 1126">
    <p class='ocr_par' dir='ltr' id='par_1_25' title="bbox 2234 1054 3831 1126">
     <span class='ocr_line' id='line_1_25' title="bbox 2234 1054 3831 1126; baseline -0.001 -17"><span class='ocrx_word' id='word_1_171' title='bbox 2234 1069 2392 1126; x_wconf 84' lang='lat' dir='ltr'><strong>posse</strong></span> <span class='ocrx_word' id='word_1_172' title='bbox 2417 1055 2762 1124; x_wconf 88' lang='lat' dir='ltr'><strong>compensari</strong></span> <span class='ocrx_word' id='word_1_173' title='bbox 2783 1054 3021 1124; x_wconf 86' lang='lat' dir='ltr'><strong>justitia,</strong></span> <span class='ocrx_word' id='word_1_174' title='bbox 3052 1069 3152 1110; x_wconf 90' lang='lat' dir='ltr'><strong>nec</strong></span> <span class='ocrx_word' id='word_1_175' title='bbox 3179 1055 3232 1108; x_wconf 94' lang='lat' dir='ltr'><strong>in</strong></span> <span class='ocrx_word' id='word_1_176' title='bbox 3259 1055 3520 1109; x_wconf 83' lang='lat' dir='ltr'><strong>extremis</strong></span> <span class='ocrx_word' id='word_1_177' title='bbox 3545 1062 3700 1108; x_wconf 92' lang='lat' dir='ltr'><strong>recte</strong></span> <span class='ocrx_word' id='word_1_178' title='bbox 3739 1066 3831 1107; x_wconf 85' lang='lat' dir='ltr'><strong>ce-</strong></span> 
     </span>
    </p>
   </div>
   <div class='ocr_carea' id='block_1_26' title="bbox 2233 1146 3679 1218">
    <p class='ocr_par' dir='ltr' id='par_1_26' title="bbox 2233 1146 3679 1218">
     <span class='ocr_line' id='line_1_26' title="bbox 2233 1146 3679 1218; baseline -0.001 -15"><span class='ocrx_word' id='word_1_179' title='bbox 2233 1147 2384 1216; x_wconf 87' lang='lat' dir='ltr'><strong>dere,</strong></span> <span class='ocrx_word' id='word_1_180' title='bbox 2415 1147 2558 1218; x_wconf 91' lang='lat' dir='ltr'><strong>quod</strong></span> <span class='ocrx_word' id='word_1_181' title='bbox 2583 1147 2726 1202; x_wconf 89' lang='lat' dir='ltr'><strong>malo</strong></span> <span class='ocrx_word' id='word_1_182' title='bbox 2752 1148 2908 1203; x_wconf 89' lang='lat' dir='ltr'><strong>initio</strong></span> <span class='ocrx_word' id='word_1_183' title='bbox 2937 1148 3106 1204; x_wconf 91' lang='lat' dir='ltr'><strong>semel</strong></span> <span class='ocrx_word' id='word_1_184' title='bbox 3138 1147 3303 1204; x_wconf 81' lang='lat' dir='ltr'><strong>fuerit</strong></span> <span class='ocrx_word' id='word_1_185' title='bbox 3339 1146 3679 1202; x_wconf 84' lang='lat' dir='ltr'><strong>inchoatum.</strong></span> 
     </span>
    </p>
   </div>
   <div class='ocr_carea' id='block_1_27' title="bbox 2850 1259 3212 1318">
    <p class='ocr_par' dir='ltr' id='par_1_27' title="bbox 2850 1259 3212 1318">
     <span class='ocr_line' id='line_1_27' title="bbox 2850 1259 3212 1318; baseline 0 -2"><span class='ocrx_word' id='word_1_186' title='bbox 2850 1259 3080 1318; x_wconf 81' lang='lat' dir='ltr'><strong>CAPUT</strong></span> <span class='ocrx_word' id='word_1_187' title='bbox 3115 1259 3212 1316; x_wconf 83' lang='lat' dir='ltr'><strong>XI.</strong></span> 
     </span>
    </p>
   </div>
   <div class='ocr_carea' id='block_1_28' title="bbox 2233 1351 3829 1427">
    <p class='ocr_par' dir='ltr' id='par_1_28' title="bbox 2233 1351 3829 1427">
     <span class='ocr_line' id='line_1_28' title="bbox 2233 1351 3829 1427; baseline -0.005 -15"><span class='ocrx_word' id='word_1_188' title='bbox 2233 1354 2552 1427; x_wconf 70' lang='lat' dir='ltr'><strong>Responsio,</strong></span> <span class='ocrx_word' id='word_1_189' title='bbox 2591 1353 2732 1425; x_wconf 88' lang='lat' dir='ltr'><strong>quod</strong></span> <span class='ocrx_word' id='word_1_190' title='bbox 2770 1355 3091 1427; x_wconf 80' lang='lat' dir='ltr'><strong>propositum</strong></span> <span class='ocrx_word' id='word_1_191' title='bbox 3121 1354 3371 1427; x_wconf 71' lang='lat' dir='ltr'><strong>gerentis,</strong></span> <span class='ocrx_word' id='word_1_192' title='bbox 3398 1368 3502 1409; x_wconf 83' lang='lat' dir='ltr'><strong>non</strong></span> <span class='ocrx_word' id='word_1_193' title='bbox 3536 1351 3736 1426; x_wconf 77' lang='lat' dir='ltr'><strong>negotii</strong></span> <span class='ocrx_word' id='word_1_194' title='bbox 3761 1352 3829 1407; x_wconf 91' lang='lat' dir='ltr'><strong>sit</strong></span> 
     </span>
    </p>
   </div>
   <div class='ocr_carea' id='block_1_29' title="bbox 2696 1425 3359 1494">
    <p class='ocr_par' dir='ltr' id='par_1_29' title="bbox 2696 1425 3359 1494">
     <span class='ocr_line' id='line_1_29' title="bbox 2696 1425 3359 1494; baseline -0.002 -14"><span class='ocrx_word' id='word_1_195' title='bbox 2696 1425 3102 1481; x_wconf 87' lang='lat' dir='ltr'><strong>considerandus</strong></span> <span class='ocrx_word' id='word_1_196' title='bbox 3127 1425 3359 1494; x_wconf 76' lang='lat' dir='ltr'><strong>e/Tectus.</strong></span> 
     </span>
    </p>
   </div>
   <div class='ocr_carea' id='block_1_30' title="bbox 2303 1511 3826 1586">
    <p class='ocr_par' dir='ltr' id='par_1_30' title="bbox 2303 1511 3826 1586">
     <span class='ocr_line' id='line_1_30' title="bbox 2303 1511 3826 1586; baseline -0.003 -12"><span class='ocrx_word' id='word_1_197' title='bbox 2303 1517 2503 1586; x_wconf 72' lang='lat' dir='ltr'><strong>Ioseph</strong></span> <span class='ocrx_word' id='word_1_198' title='bbox 2534 1535 2549 1573; x_wconf 89' lang='lat'><strong>:</strong></span> <span class='ocrx_word' id='word_1_199' title='bbox 2581 1518 2638 1573; x_wconf 89' lang='lat' dir='ltr'><strong>In</strong></span> <span class='ocrx_word' id='word_1_200' title='bbox 2680 1518 2962 1584; x_wconf 87' lang='lat' dir='ltr'><strong>omnibus,</strong></span> <span class='ocrx_word' id='word_1_201' title='bbox 3003 1526 3061 1572; x_wconf 96' lang='lat' dir='ltr'><strong>ut</strong></span> <span class='ocrx_word' id='word_1_202' title='bbox 3106 1517 3371 1581; x_wconf 88' lang='lat' dir='ltr'><strong>diximus,</strong></span> <span class='ocrx_word' id='word_1_203' title='bbox 3421 1514 3625 1581; x_wconf 86' lang='lat' dir='ltr'><strong>causis,</strong></span> <span class='ocrx_word' id='word_1_204' title='bbox 3651 1511 3682 1552; x_wconf 72' lang='grc' dir='ltr'>δ</span> <span class='ocrx_word' id='word_1_205' title='bbox 3717 1527 3826 1570; x_wconf 89' lang='lat' dir='ltr'><strong>non</strong></span> 
     </span>
    </p>
   </div>
   <div class='ocr_carea' id='block_1_31' title="bbox 2235 1607 3828 1681">
    <p class='ocr_par' dir='ltr' id='par_1_31' title="bbox 2235 1607 3828 1681">
     <span class='ocr_line' id='line_1_31' title="bbox 2235 1607 3828 1681; baseline -0.004 -16"><span class='ocrx_word' id='word_1_206' title='bbox 2235 1625 2522 1680; x_wconf 83' lang='lat' dir='ltr'><strong>processus</strong></span> <span class='ocrx_word' id='word_1_207' title='bbox 2551 1610 2754 1681; x_wconf 81' lang='lat' dir='ltr'><strong>Operis,</strong></span> <span class='ocrx_word' id='word_1_208' title='bbox 2785 1608 2882 1664; x_wconf 89' lang='lat' dir='ltr'><strong>sed</strong></span> <span class='ocrx_word' id='word_1_209' title='bbox 2910 1609 3162 1664; x_wconf 83' lang='lat' dir='ltr'><strong>voluntas</strong></span> <span class='ocrx_word' id='word_1_210' title='bbox 3192 1609 3469 1678; x_wconf 89' lang='lat' dir='ltr'><strong>operantis</strong></span> <span class='ocrx_word' id='word_1_211' title='bbox 3496 1616 3581 1662; x_wconf 92' lang='lat' dir='ltr'><strong>est</strong></span> <span class='ocrx_word' id='word_1_212' title='bbox 3612 1607 3828 1660; x_wconf 85' lang='lat' dir='ltr'><strong>intuen-</strong></span> 
     </span>
    </p>
   </div>
   <div class='ocr_carea' id='block_1_32' title="bbox 2233 1698 3828 1772">
    <p class='ocr_par' dir='ltr' id='par_1_32' title="bbox 2233 1698 3828 1772">
     <span class='ocr_line' id='line_1_32' title="bbox 2233 1698 3828 1772; baseline -0.004 -14"><span class='ocrx_word' id='word_1_213' title='bbox 2233 1703 2330 1772; x_wconf 90' lang='lat' dir='ltr'><strong>da,</strong></span> <span class='ocrx_word' id='word_1_214' title='bbox 2364 1718 2464 1758; x_wconf 86' lang='lat' dir='ltr'><strong>nec</strong></span> <span class='ocrx_word' id='word_1_215' title='bbox 2492 1703 2671 1757; x_wconf 90' lang='lat' dir='ltr'><strong>statim</strong></span> <span class='ocrx_word' id='word_1_216' title='bbox 2702 1701 2821 1772; x_wconf 85' lang='lat' dir='ltr'><strong>quis</strong></span> <span class='ocrx_word' id='word_1_217' title='bbox 2851 1700 2977 1772; x_wconf 90' lang='lat' dir='ltr'><strong>quid</strong></span> <span class='ocrx_word' id='word_1_218' title='bbox 3006 1702 3207 1771; x_wconf 87' lang='lat' dir='ltr'><strong>egerit,</strong></span> <span class='ocrx_word' id='word_1_219' title='bbox 3236 1699 3330 1754; x_wconf 89' lang='lat' dir='ltr'><strong>sed</strong></span> <span class='ocrx_word' id='word_1_220' title='bbox 3360 1714 3469 1769; x_wconf 89' lang='lat' dir='ltr'><strong>quo</strong></span> <span class='ocrx_word' id='word_1_221' title='bbox 3497 1705 3626 1753; x_wconf 87' lang='lat' dir='ltr'><strong>voto</strong></span> <span class='ocrx_word' id='word_1_222' title='bbox 3650 1698 3828 1768; x_wconf 80' lang='lat' dir='ltr'><strong>egerit</strong></span> 
     </span>
    </p>
   </div>
   <div class='ocr_carea' id='block_1_33' title="bbox 544 1789 3825 1866">
    <p class='ocr_par' dir='ltr' id='par_1_33' title="bbox 544 1789 3825 1866">
     <span class='ocr_line' id='line_1_33' title="bbox 544 1789 3825 1866; baseline -0.002 -16"><span class='ocrx_word' id='word_1_223' title='bbox 544 1796 612 1851; x_wconf 88' lang='lat' dir='ltr'><strong>ad</strong></span> <span class='ocrx_word' id='word_1_224' title='bbox 635 1795 914 1851; x_wconf 89' lang='lat' dir='ltr'><strong>meliorem</strong></span> <span class='ocrx_word' id='word_1_225' title='bbox 949 1795 1184 1852; x_wconf 89' lang='lat' dir='ltr'><strong>transire</strong></span> <span class='ocrx_word' id='word_1_226' title='bbox 1209 1796 1555 1862; x_wconf 89' lang='lat' dir='ltr'><strong>sententiam,</strong></span> <span class='ocrx_word' id='word_1_227' title='bbox 1580 1811 1739 1866; x_wconf 88' lang='lat' dir='ltr'><strong>quam</strong></span> <span class='ocrx_word' id='word_1_228' title='bbox 1763 1795 1978 1849; x_wconf 85' lang='lat' dir='ltr'><strong>statutis</strong></span> <span class='ocrx_word' id='word_1_229' title='bbox 2004 1809 2129 1864; x_wconf 86' lang='lat' dir='ltr'><strong>per-</strong></span> <span class='ocrx_word' id='word_1_230' title='bbox 2157 1801 2207 1862; x_wconf 76' lang='grc' dir='ltr'>Β</span> <span class='ocrx_word' id='word_1_231' title='bbox 2236 1795 2638 1866; x_wconf 85' lang='lat' dir='ltr'><strong>inquirendum,</strong></span> <span class='ocrx_word' id='word_1_232' title='bbox 2672 1794 2746 1849; x_wconf 91' lang='lat' dir='ltr'><strong>ita</strong></span> <span class='ocrx_word' id='word_1_233' title='bbox 2779 1803 2832 1848; x_wconf 94' lang='lat' dir='ltr'><strong>ut</strong></span> <span class='ocrx_word' id='word_1_234' title='bbox 2861 1794 3150 1849; x_wconf 90' lang='lat' dir='ltr'><strong>nonnullos</strong></span> <span class='ocrx_word' id='word_1_235' title='bbox 3179 1808 3276 1863; x_wconf 91' lang='lat' dir='ltr'><strong>pro</strong></span> <span class='ocrx_word' id='word_1_236' title='bbox 3306 1791 3390 1846; x_wconf 88' lang='lat' dir='ltr'><strong>his</strong></span> <span class='ocrx_word' id='word_1_237' title='bbox 3421 1791 3578 1847; x_wconf 82' lang='lat' dir='ltr'><strong>lactis</strong></span> <span class='ocrx_word' id='word_1_238' title='bbox 3607 1790 3677 1845; x_wconf 91' lang='lat' dir='ltr'><strong>de</strong></span> <span class='ocrx_word' id='word_1_239' title='bbox 3699 1789 3825 1859; x_wconf 89' lang='lat' dir='ltr'><strong>qui-</strong></span> 
     </span>
    </p>
   </div>
   <div class='ocr_carea' id='block_1_34' title="bbox 545 1887 2124 1959">
    <p class='ocr_par' dir='ltr' id='par_1_34' title="bbox 545 1887 2124 1959">
     <span class='ocr_line' id='line_1_34' title="bbox 545 1887 2124 1959; baseline 0 -17"><span class='ocrx_word' id='word_1_240' title='bbox 545 1889 794 1944; x_wconf 91' lang='lat' dir='ltr'><strong>tinaciter</strong></span> <span class='ocrx_word' id='word_1_241' title='bbox 836 1887 1172 1954; x_wconf 67' lang='lat' dir='ltr'><strong>inhtcreudo,</strong></span> <span class='ocrx_word' id='word_1_242' title='bbox 1215 1890 1454 1959; x_wconf 86' lang='lat' dir='ltr'><strong>peccatis</strong></span> <span class='ocrx_word' id='word_1_243' title='bbox 1480 1887 1824 1959; x_wconf 80' lang='lat' dir='ltr'><strong>gravioribus</strong></span> <span class='ocrx_word' id='word_1_244' title='bbox 1870 1887 2124 1958; x_wconf 88' lang='lat' dir='ltr'><strong>obligari.</strong></span> 
     </span>
    </p>
   </div>
   <div class='ocr_carea' id='block_1_35' title="bbox 1185 2002 1516 2060">
    <p class='ocr_par' dir='ltr' id='par_1_35' title="bbox 1185 2002 1516 2060">
     <span class='ocr_line' id='line_1_35' title="bbox 1185 2002 1516 2060; baseline -0.012 0"><span class='ocrx_word' id='word_1_245' title='bbox 1185 2002 1410 2060; x_wconf 80' lang='lat' dir='ltr'><strong>CAPUT</strong></span> <span class='ocrx_word' id='word_1_246' title='bbox 1445 2002 1516 2058; x_wconf 82' lang='grc' dir='ltr'><strong>Χ.</strong></span> 
     </span>
    </p>
   </div>
   <div class='ocr_carea' id='block_1_36' title="bbox 546 2090 2130 2177">
    <p class='ocr_par' dir='ltr' id='par_1_36' title="bbox 546 2090 2130 2177">
     <span class='ocr_line' id='line_1_36' title="bbox 546 2090 2130 2177; baseline -0.001 -29"><span class='ocrx_word' id='word_1_247' title='bbox 546 2092 894 2164; x_wconf 78' lang='lat' dir='ltr'><strong>Interroyatio</strong></span> <span class='ocrx_word' id='word_1_248' title='bbox 926 2101 1101 2149; x_wconf 88' lang='lat' dir='ltr'><strong>nostra</strong></span> <span class='ocrx_word' id='word_1_249' title='bbox 1127 2095 1192 2148; x_wconf 90' lang='lat' dir='ltr'><strong>de</strong></span> <span class='ocrx_word' id='word_1_250' title='bbox 1217 2105 1356 2177; x_wconf 78' lang='lat' dir='ltr'><strong>metu</strong></span> <span class='ocrx_word' id='word_1_251' title='bbox 1383 2093 1610 2176; x_wconf 69' lang='lat' dir='ltr'><strong>prwbitce</strong></span> <span class='ocrx_word' id='word_1_252' title='bbox 1631 2093 1686 2148; x_wconf 89' lang='lat' dir='ltr'><strong>in</strong></span> <span class='ocrx_word' id='word_1_253' title='bbox 1711 2090 1936 2148; x_wconf 71' lang='lat' dir='ltr'><strong>canobio</strong></span> <span class='ocrx_word' id='word_1_254' title='bbox 1957 2091 2130 2164; x_wconf 72' lang='lat' dir='ltr'><strong>Syriae</strong></span> 
     </span>
    </p>
   </div>
   <div class='ocr_carea' id='block_1_37' title="bbox 1181 2181 1493 2235">
    <p class='ocr_par' dir='ltr' id='par_1_37' title="bbox 1181 2181 1493 2235">
     <span class='ocr_line' id='line_1_37' title="bbox 1181 2181 1493 2235; baseline 0.006 -17"><span class='ocrx_word' id='word_1_255' title='bbox 1181 2181 1493 2235; x_wconf 76' lang='lat' dir='ltr'><strong>sponsionis.</strong></span> 
     </span>
    </p>
   </div>
   <div class='ocr_carea' id='block_1_38' title="bbox 612 2256 2128 2328">
    <p class='ocr_par' dir='ltr' id='par_1_38' title="bbox 612 2256 2128 2328">
     <span class='ocr_line' id='line_1_38' title="bbox 612 2256 2128 2328; baseline -0.001 -14"><span class='ocrx_word' id='word_1_256' title='bbox 612 2258 958 2315; x_wconf 83' lang='lat' dir='ltr'><strong>Germanus:</strong></span> <span class='ocrx_word' id='word_1_257' title='bbox 990 2258 1260 2327; x_wconf 86' lang='lat' dir='ltr'><strong>Quantum</strong></span> <span class='ocrx_word' id='word_1_258' title='bbox 1309 2266 1523 2328; x_wconf 87' lang='lat' dir='ltr'><strong>spectat</strong></span> <span class='ocrx_word' id='word_1_259' title='bbox 1559 2257 1627 2313; x_wconf 90' lang='lat' dir='ltr'><strong>ad</strong></span> <span class='ocrx_word' id='word_1_260' title='bbox 1653 2256 1981 2314; x_wconf 85' lang='lat' dir='ltr'><strong>desiderium</strong></span> <span class='ocrx_word' id='word_1_261' title='bbox 2022 2271 2128 2312; x_wconf 87' lang='lat' dir='ltr'><strong>no-</strong></span> 
     </span>
    </p>
   </div>
   <div class='ocr_carea' id='block_1_39' title="bbox 541 2349 2129 2422">
    <p class='ocr_par' dir='ltr' id='par_1_39' title="bbox 541 2349 2129 2422">
     <span class='ocr_line' id='line_1_39' title="bbox 541 2349 2129 2422; baseline 0 -16"><span class='ocrx_word' id='word_1_262' title='bbox 541 2358 715 2406; x_wconf 89' lang='lat' dir='ltr'><strong>strum</strong></span> <span class='ocrx_word' id='word_1_263' title='bbox 748 2351 892 2421; x_wconf 92' lang='lat' dir='ltr'><strong>quod</strong></span> <span class='ocrx_word' id='word_1_264' title='bbox 925 2367 955 2405; x_wconf 91' lang='lat' dir='ltr'><strong>a</strong></span> <span class='ocrx_word' id='word_1_265' title='bbox 985 2351 1142 2406; x_wconf 90' lang='lat' dir='ltr'><strong>nobis</strong></span> <span class='ocrx_word' id='word_1_266' title='bbox 1171 2365 1268 2422; x_wconf 90' lang='lat' dir='ltr'><strong>pro</strong></span> <span class='ocrx_word' id='word_1_267' title='bbox 1298 2351 1556 2421; x_wconf 89' lang='lat' dir='ltr'><strong>spiritalis</strong></span> <span class='ocrx_word' id='word_1_268' title='bbox 1593 2350 1865 2406; x_wconf 79' lang='lat' dir='ltr'><strong>commodi</strong></span> <span class='ocrx_word' id='word_1_269' title='bbox 1899 2349 2129 2406; x_wconf 90' lang='lat' dir='ltr'><strong>utilitate</strong></span> 
     </span>
    </p>
   </div>
   <div class='ocr_carea' id='block_1_40' title="bbox 540 2441 2130 2514">
    <p class='ocr_par' dir='ltr' id='par_1_40' title="bbox 540 2441 2130 2514">
     <span class='ocr_line' id='line_1_40' title="bbox 540 2441 2130 2514; baseline 0.001 -17"><span class='ocrx_word' id='word_1_270' title='bbox 540 2452 852 2512; x_wconf 89' lang='lat' dir='ltr'><strong>susceptum</strong></span> <span class='ocrx_word' id='word_1_271' title='bbox 901 2451 1010 2509; x_wconf 90' lang='lat' dir='ltr'><strong>est,</strong></span> <span class='ocrx_word' id='word_1_272' title='bbox 1060 2453 1374 2514; x_wconf 85' lang='lat' dir='ltr'><strong>optaremus</strong></span> <span class='ocrx_word' id='word_1_273' title='bbox 1423 2441 1681 2499; x_wconf 79' lang='lat' dir='ltr'><strong>:ediﬁcari</strong></span> <span class='ocrx_word' id='word_1_274' title='bbox 1709 2443 1872 2500; x_wconf 91' lang='lat' dir='ltr'><strong>vestri</strong></span> <span class='ocrx_word' id='word_1_275' title='bbox 1899 2443 2130 2514; x_wconf 85' lang='lat' dir='ltr'><strong>jugitate</strong></span> 
     </span>
    </p>
   </div>
   <div class='ocr_carea' id='block_1_41' title="bbox 540 2535 2129 2594">
    <p class='ocr_par' dir='ltr' id='par_1_41' title="bbox 540 2535 2129 2594">
     <span class='ocr_line' id='line_1_41' title="bbox 540 2535 2129 2594; baseline 0.001 -4"><span class='ocrx_word' id='word_1_276' title='bbox 540 2535 821 2592; x_wconf 90' lang='lat' dir='ltr'><strong>consortii.</strong></span> <span class='ocrx_word' id='word_1_277' title='bbox 849 2535 908 2593; x_wconf 92' lang='lat' dir='ltr'><strong>Si</strong></span> <span class='ocrx_word' id='word_1_278' title='bbox 936 2537 1081 2594; x_wconf 88' lang='lat' dir='ltr'><strong>enim</strong></span> <span class='ocrx_word' id='word_1_279' title='bbox 1123 2536 1192 2592; x_wconf 89' lang='lat' dir='ltr'><strong>ad</strong></span> <span class='ocrx_word' id='word_1_280' title='bbox 1218 2535 1526 2594; x_wconf 75' lang='lat' dir='ltr'><strong>cmnobium</strong></span> <span class='ocrx_word' id='word_1_281' title='bbox 1576 2545 1825 2592; x_wconf 91' lang='lat' dir='ltr'><strong>nostrum</strong></span> <span class='ocrx_word' id='word_1_282' title='bbox 1865 2535 2129 2592; x_wconf 76' lang='lat' dir='ltr'><strong>fuerimus</strong></span> 
     </span>
    </p>
   </div>
   <div class='ocr_carea' id='block_1_42' title="bbox 2237 1882 3827 1957">
    <p class='ocr_par' dir='ltr' id='par_1_42' title="bbox 2237 1882 3827 1957">
     <span class='ocr_line' id='line_1_42' title="bbox 2237 1882 3827 1957; baseline -0.007 -14"><span class='ocrx_word' id='word_1_283' title='bbox 2237 1887 2338 1943; x_wconf 92' lang='lat' dir='ltr'><strong>bus</strong></span> <span class='ocrx_word' id='word_1_284' title='bbox 2367 1887 2506 1943; x_wconf 89' lang='lat' dir='ltr'><strong>bona</strong></span> <span class='ocrx_word' id='word_1_285' title='bbox 2538 1897 2721 1957; x_wconf 85' lang='lat' dir='ltr'><strong>postea</strong></span> <span class='ocrx_word' id='word_1_286' title='bbox 2755 1895 2873 1940; x_wconf 91' lang='lat' dir='ltr'><strong>orta</strong></span> <span class='ocrx_word' id='word_1_287' title='bbox 2913 1892 3041 1939; x_wconf 89' lang='lat' dir='ltr'><strong>sunt</strong></span> <span class='ocrx_word' id='word_1_288' title='bbox 3086 1885 3424 1954; x_wconf 86' lang='lat' dir='ltr'><strong>reperiamus</strong></span> <span class='ocrx_word' id='word_1_289' title='bbox 3463 1883 3634 1938; x_wconf 79' lang='lat' dir='ltr'><strong>fuisse</strong></span> <span class='ocrx_word' id='word_1_290' title='bbox 3669 1882 3827 1935; x_wconf 83' lang='lat' dir='ltr'><strong>dam-</strong></span> 
     </span>
    </p>
   </div>
   <div class='ocr_carea' id='block_1_43' title="bbox 2237 1973 3829 2048">
    <p class='ocr_par' dir='ltr' id='par_1_43' title="bbox 2237 1973 3829 2048">
     <span class='ocr_line' id='line_1_43' title="bbox 2237 1973 3829 2048; baseline -0.004 -14"><span class='ocrx_word' id='word_1_291' title='bbox 2237 1988 2394 2034; x_wconf 86' lang='lat' dir='ltr'><strong>natos</strong></span> <span class='ocrx_word' id='word_1_292' title='bbox 2419 2019 2434 2045; x_wconf 90' lang='lat'><strong>,</strong></span> <span class='ocrx_word' id='word_1_293' title='bbox 2476 1987 2531 2034; x_wconf 90' lang='lat' dir='ltr'><strong>et</strong></span> <span class='ocrx_word' id='word_1_294' title='bbox 2575 1974 2882 2032; x_wconf 90' lang='lat' dir='ltr'><strong>econtrario</strong></span> <span class='ocrx_word' id='word_1_295' title='bbox 2926 1975 3191 2048; x_wconf 88' lang='lat' dir='ltr'><strong>quosdam</strong></span> <span class='ocrx_word' id='word_1_296' title='bbox 3233 1991 3329 2046; x_wconf 88' lang='lat' dir='ltr'><strong>per</strong></span> <span class='ocrx_word' id='word_1_297' title='bbox 3367 1973 3829 2045; x_wconf 89' lang='lat' dir='ltr'><strong>reprehensibiles</strong></span> 
     </span>
    </p>
   </div>
   <div class='ocr_carea' id='block_1_44' title="bbox 2237 2067 3830 2140">
    <p class='ocr_par' dir='ltr' id='par_1_44' title="bbox 2237 2067 3830 2140">
     <span class='ocr_line' id='line_1_44' title="bbox 2237 2067 3830 2140; baseline -0.003 -14"><span class='ocrx_word' id='word_1_298' title='bbox 2237 2080 2388 2127; x_wconf 82' lang='lat' dir='ltr'><strong>actus</strong></span> <span class='ocrx_word' id='word_1_299' title='bbox 2429 2071 2494 2126; x_wconf 90' lang='lat' dir='ltr'><strong>ad</strong></span> <span class='ocrx_word' id='word_1_300' title='bbox 2535 2084 2800 2126; x_wconf 90' lang='lat' dir='ltr'><strong>summam</strong></span> <span class='ocrx_word' id='word_1_301' title='bbox 2847 2073 3157 2140; x_wconf 80' lang='lat' dir='ltr'><strong>pervenisse</strong></span> <span class='ocrx_word' id='word_1_302' title='bbox 3198 2069 3480 2140; x_wconf 86' lang='lat' dir='ltr'><strong>justitiam.</strong></span> <span class='ocrx_word' id='word_1_303' title='bbox 3521 2069 3589 2124; x_wconf 86' lang='lat' dir='ltr'><strong>Et</strong></span> <span class='ocrx_word' id='word_1_304' title='bbox 3617 2083 3716 2124; x_wconf 88' lang='lat' dir='ltr'><strong>nec</strong></span> <span class='ocrx_word' id='word_1_305' title='bbox 3750 2067 3830 2122; x_wconf 90' lang='lat' dir='ltr'><strong>illi</strong></span> 
     </span>
    </p>
   </div>
   <div class='ocr_carea' id='block_1_45' title="bbox 2239 2161 3831 2235">
    <p class='ocr_par' dir='ltr' id='par_1_45' title="bbox 2239 2161 3831 2235">
     <span class='ocr_line' id='line_1_45' title="bbox 2239 2161 3831 2235; baseline -0.003 -16"><span class='ocrx_word' id='word_1_306' title='bbox 2239 2164 2384 2220; x_wconf 88' lang='lat' dir='ltr'><strong>utilis</strong></span> <span class='ocrx_word' id='word_1_307' title='bbox 2412 2179 2594 2220; x_wconf 89' lang='lat' dir='ltr'><strong>rerum</strong></span> <span class='ocrx_word' id='word_1_308' title='bbox 2640 2167 2824 2220; x_wconf 86' lang='lat' dir='ltr'><strong>exitus</strong></span> <span class='ocrx_word' id='word_1_309' title='bbox 2855 2162 3089 2235; x_wconf 83' lang='lat' dir='ltr'><strong>profuit,</strong></span> <span class='ocrx_word' id='word_1_310' title='bbox 3130 2161 3225 2233; x_wconf 89' lang='lat' dir='ltr'><strong>qui</strong></span> <span class='ocrx_word' id='word_1_311' title='bbox 3268 2161 3502 2232; x_wconf 88' lang='lat' dir='ltr'><strong>pessimo</strong></span> <span class='ocrx_word' id='word_1_312' title='bbox 3543 2175 3831 2231; x_wconf 81' lang='lat' dir='ltr'><strong>regressus</strong></span> 
     </span>
    </p>
   </div>
   <div class='ocr_carea' id='block_1_46' title="bbox 2238 2254 3828 2329">
    <p class='ocr_par' dir='ltr' id='par_1_46' title="bbox 2238 2254 3828 2329">
     <span class='ocr_line' id='line_1_46' title="bbox 2238 2254 3828 2329; baseline -0.004 -16"><span class='ocrx_word' id='word_1_313' title='bbox 2238 2258 2553 2329; x_wconf 90' lang='lat' dir='ltr'><strong>proposito,</strong></span> <span class='ocrx_word' id='word_1_314' title='bbox 2588 2271 2694 2314; x_wconf 93' lang='lat' dir='ltr'><strong>non</strong></span> <span class='ocrx_word' id='word_1_315' title='bbox 2728 2257 2872 2313; x_wconf 92' lang='lat' dir='ltr'><strong>illam</strong></span> <span class='ocrx_word' id='word_1_316' title='bbox 2912 2272 3034 2328; x_wconf 74' lang='lat' dir='ltr'><strong>qua:</strong></span> <span class='ocrx_word' id='word_1_317' title='bbox 3063 2255 3351 2311; x_wconf 78' lang='lat' dir='ltr'><strong>subsecuta</strong></span> <span class='ocrx_word' id='word_1_318' title='bbox 3389 2263 3473 2310; x_wconf 88' lang='lat' dir='ltr'><strong>est</strong></span> <span class='ocrx_word' id='word_1_319' title='bbox 3499 2254 3828 2321; x_wconf 87' lang='lat' dir='ltr'><strong>utilitatem,</strong></span> 
     </span>
    </p>
   </div>
   <div class='ocr_carea' id='block_1_47' title="bbox 2237 2346 3832 2424">
    <p class='ocr_par' dir='ltr' id='par_1_47' title="bbox 2237 2346 3832 2424">
     <span class='ocr_line' id='line_1_47' title="bbox 2237 2346 3832 2424; baseline -0.003 -18"><span class='ocrx_word' id='word_1_320' title='bbox 2237 2351 2332 2406; x_wconf 87' lang='lat' dir='ltr'><strong>sed</strong></span> <span class='ocrx_word' id='word_1_321' title='bbox 2369 2349 2623 2421; x_wconf 91' lang='lat' dir='ltr'><strong>quiddam</strong></span> <span class='ocrx_word' id='word_1_322' title='bbox 2670 2351 3000 2424; x_wconf 88' lang='lat' dir='ltr'><strong>contrarium</strong></span> <span class='ocrx_word' id='word_1_323' title='bbox 3043 2349 3216 2405; x_wconf 89' lang='lat' dir='ltr'><strong>voluit</strong></span> <span class='ocrx_word' id='word_1_324' title='bbox 3259 2347 3502 2419; x_wconf 88' lang='lat' dir='ltr'><strong>operari;</strong></span> <span class='ocrx_word' id='word_1_325' title='bbox 3549 2362 3649 2402; x_wconf 91' lang='lat' dir='ltr'><strong>nec</strong></span> <span class='ocrx_word' id='word_1_326' title='bbox 3698 2346 3832 2402; x_wconf 85' lang='lat' dir='ltr'><strong>huic</strong></span> 
     </span>
    </p>
   </div>
   <div class='ocr_carea' id='block_1_48' title="bbox 2239 2440 3832 2512">
    <p class='ocr_par' dir='ltr' id='par_1_48' title="bbox 2239 2440 3832 2512">
     <span class='ocr_line' id='line_1_48' title="bbox 2239 2440 3832 2512; baseline -0.002 -16"><span class='ocrx_word' id='word_1_327' title='bbox 2239 2442 2421 2497; x_wconf 91' lang='lat' dir='ltr'><strong>nocuit</strong></span> <span class='ocrx_word' id='word_1_328' title='bbox 2451 2441 2950 2512; x_wconf 90' lang='lat' dir='ltr'><strong>reprehensibiliter</strong></span> <span class='ocrx_word' id='word_1_329' title='bbox 2971 2440 3280 2507; x_wconf 84' lang='lat' dir='ltr'><strong>inchoasse,</strong></span> <span class='ocrx_word' id='word_1_330' title='bbox 3311 2440 3401 2511; x_wconf 92' lang='lat' dir='ltr'><strong>qui</strong></span> <span class='ocrx_word' id='word_1_331' title='bbox 3429 2455 3536 2494; x_wconf 91' lang='lat' dir='ltr'><strong>non</strong></span> <span class='ocrx_word' id='word_1_332' title='bbox 3565 2454 3666 2509; x_wconf 89' lang='lat' dir='ltr'><strong>pro</strong></span> <span class='ocrx_word' id='word_1_333' title='bbox 3694 2454 3832 2494; x_wconf 88' lang='lat' dir='ltr'><strong>con-</strong></span> 
     </span>
    </p>
   </div>
   <div class='ocr_carea' id='block_1_49' title="bbox 2242 2530 3833 2606">
    <p class='ocr_par' dir='ltr' id='par_1_49' title="bbox 2242 2530 3833 2606">
     <span class='ocr_line' id='line_1_49' title="bbox 2242 2530 3833 2606; baseline 0 -18"><span class='ocrx_word' id='word_1_334' title='bbox 2242 2544 2447 2605; x_wconf 90' lang='lat' dir='ltr'><strong>temptu</strong></span> <span class='ocrx_word' id='word_1_335' title='bbox 2477 2535 2605 2603; x_wconf 91' lang='lat' dir='ltr'><strong>Dei,</strong></span> <span class='ocrx_word' id='word_1_336' title='bbox 2638 2550 2740 2591; x_wconf 90' lang='lat' dir='ltr'><strong>nec</strong></span> <span class='ocrx_word' id='word_1_337' title='bbox 2781 2533 3133 2606; x_wconf 89' lang='lat' dir='ltr'><strong>delinquendi</strong></span> <span class='ocrx_word' id='word_1_338' title='bbox 3167 2531 3474 2604; x_wconf 86' lang='lat' dir='ltr'><strong>proposito,</strong></span> <span class='ocrx_word' id='word_1_339' title='bbox 3503 2530 3600 2588; x_wconf 87' lang='lat' dir='ltr'><strong>sed</strong></span> <span class='ocrx_word' id='word_1_340' title='bbox 3627 2546 3833 2588; x_wconf 88' lang='lat' dir='ltr'><strong>neces-</strong></span> 
     </span>
    </p>
   </div>
   <div class='ocr_carea' id='block_1_50' title="bbox 1615 2687 2750 2746">
    <p class='ocr_par' dir='ltr' id='par_1_50' title="bbox 1615 2687 2750 2746">
     <span class='ocr_line' id='line_1_50' title="bbox 1615 2687 2750 2746; baseline -0.001 -2"><span class='ocrx_word' id='word_1_341' title='bbox 1615 2687 1870 2745; x_wconf 75' lang='lat' dir='ltr'><strong>ALARDI</strong></span> <span class='ocrx_word' id='word_1_342' title='bbox 1906 2688 2141 2745; x_wconf 64' lang='lat' dir='ltr'><strong>GAZIEI</strong></span> <span class='ocrx_word' id='word_1_343' title='bbox 2178 2687 2750 2746; x_wconf 78' lang='lat' dir='ltr'><strong>COMMENTARIUS.</strong></span> 
     </span>
    </p>
   </div>
   <div class='ocr_carea' id='block_1_51' title="bbox 545 2805 2125 2876">
    <p class='ocr_par' dir='ltr' id='par_1_51' title="bbox 545 2805 2125 2876">
     <span class='ocr_line' id='line_1_51' title="bbox 545 2805 2125 2876; baseline -0.002 -13"><span class='ocrx_word' id='word_1_344' title='bbox 545 2807 850 2876; x_wconf 72' lang='lat' dir='ltr'><strong>Prophetm,</strong></span> <span class='ocrx_word' id='word_1_345' title='bbox 896 2821 1025 2875; x_wconf 88' lang='lat' dir='ltr'><strong>quo,</strong></span> <span class='ocrx_word' id='word_1_346' title='bbox 1071 2807 1236 2862; x_wconf 91' lang='lat' dir='ltr'><strong>etiam</strong></span> <span class='ocrx_word' id='word_1_347' title='bbox 1280 2815 1418 2862; x_wconf 79' lang='lat' dir='ltr'><strong>teste</strong></span> <span class='ocrx_word' id='word_1_348' title='bbox 1461 2805 1726 2870; x_wconf 83' lang='lat' dir='ltr'><strong>Veritate,</strong></span> <span class='ocrx_word' id='word_1_349' title='bbox 1779 2805 1918 2860; x_wconf 91' lang='lat' dir='ltr'><strong>inter</strong></span> <span class='ocrx_word' id='word_1_350' title='bbox 1967 2813 2125 2860; x_wconf 91' lang='lat' dir='ltr'><strong>natos</strong></span> 
     </span>
    </p>
   </div>
   <div class='ocr_carea' id='block_1_52' title="bbox 552 2876 2126 2947">
    <p class='ocr_par' dir='ltr' id='par_1_52' title="bbox 552 2876 2126 2947">
     <span class='ocr_line' id='line_1_52' title="bbox 552 2876 2126 2947; baseline 0.001 -16"><span class='ocrx_word' id='word_1_351' title='bbox 552 2880 836 2933; x_wconf 88' lang='lat' dir='ltr'><strong>mulierum</strong></span> <span class='ocrx_word' id='word_1_352' title='bbox 865 2877 1040 2947; x_wconf 89' lang='lat' dir='ltr'><strong>major</strong></span> <span class='ocrx_word' id='word_1_353' title='bbox 1061 2893 1224 2935; x_wconf 90' lang='lat' dir='ltr'><strong>nemo</strong></span> <span class='ocrx_word' id='word_1_354' title='bbox 1245 2890 1576 2932; x_wconf 81' lang='lat' dir='ltr'><strong>surrexerat.</strong></span> <span class='ocrx_word' id='word_1_355' title='bbox 1599 2877 1662 2930; x_wconf 69' lang='lat'><strong>‘20</strong></span> <span class='ocrx_word' id='word_1_356' title='bbox 1688 2876 1931 2932; x_wconf 86' lang='lat' dir='ltr'><strong>Herodes</strong></span> <span class='ocrx_word' id='word_1_357' title='bbox 1955 2877 2126 2932; x_wconf 81' lang='lat' dir='ltr'><strong>factus</strong></span> 
     </span>
    </p>
   </div>
   <div class='ocr_carea' id='block_1_53' title="bbox 545 2948 2126 3005">
    <p class='ocr_par' dir='ltr' id='par_1_53' title="bbox 545 2948 2126 3005">
     <span class='ocr_line' id='line_1_53' title="bbox 545 2948 2126 3005; baseline -0.001 -1"><span class='ocrx_word' id='word_1_358' title='bbox 545 2959 629 3004; x_wconf 90' lang='lat' dir='ltr'><strong>est</strong></span> <span class='ocrx_word' id='word_1_359' title='bbox 660 2965 786 3004; x_wconf 90' lang='lat' dir='ltr'><strong>reus</strong></span> <span class='ocrx_word' id='word_1_360' title='bbox 812 2950 1139 3005; x_wconf 90' lang='lat' dir='ltr'><strong>atrocissimi</strong></span> <span class='ocrx_word' id='word_1_361' title='bbox 1174 2948 1446 3003; x_wconf 84' lang='lat' dir='ltr'><strong>homicidii</strong></span> <span class='ocrx_word' id='word_1_362' title='bbox 1478 2967 1488 3000; x_wconf 94' lang='lat'>:</span> <span class='ocrx_word' id='word_1_363' title='bbox 1521 2950 1688 3002; x_wconf 87' lang='lat' dir='ltr'><strong>satius</strong></span> <span class='ocrx_word' id='word_1_364' title='bbox 1717 2949 1863 3003; x_wconf 91' lang='lat' dir='ltr'><strong>enim</strong></span> <span class='ocrx_word' id='word_1_365' title='bbox 1889 2959 2004 3004; x_wconf 90' lang='lat' dir='ltr'><strong>erat</strong></span> <span class='ocrx_word' id='word_1_366' title='bbox 2037 2948 2126 3002; x_wconf 90' lang='lat' dir='ltr'><strong>hic</strong></span> 
     </span>
    </p>
   </div>
   <div class='ocr_carea' id='block_1_54' title="bbox 548 3018 2126 3090">
    <p class='ocr_par' dir='ltr' id='par_1_54' title="bbox 548 3018 2126 3090">
     <span class='ocr_line' id='line_1_54' title="bbox 548 3018 2126 3090; baseline -0.001 -16"><span class='ocrx_word' id='word_1_367' title='bbox 548 3020 789 3090; x_wconf 80' lang='lat' dir='ltr'><strong>peierare</strong></span> <span class='ocrx_word' id='word_1_368' title='bbox 841 3037 1001 3090; x_wconf 77' lang='lat' dir='ltr'><strong>quam</strong></span> <span class='ocrx_word' id='word_1_369' title='bbox 1056 3021 1422 3085; x_wconf 80' lang='lat' dir='ltr'><strong>jurameutum</strong></span> <span class='ocrx_word' id='word_1_370' title='bbox 1467 3028 1745 3090; x_wconf 64' lang='lat' dir='ltr'><strong>praestare.</strong></span> <span class='ocrx_word' id='word_1_371' title='bbox 1781 3018 1896 3090; x_wconf 33' lang='lat' dir='ltr'><strong>AEst</strong></span> <span class='ocrx_word' id='word_1_372' title='bbox 1945 3027 2126 3090; x_wconf 85' lang='lat' dir='ltr'><strong>contra</strong></span> 
     </span>
    </p>
   </div>
   <div class='ocr_carea' id='block_1_55' title="bbox 547 3087 2122 3162">
    <p class='ocr_par' dir='ltr' id='par_1_55' title="bbox 547 3087 2122 3162">
     <span class='ocr_line' id='line_1_55' title="bbox 547 3087 2122 3162; baseline 0 -18"><span class='ocrx_word' id='word_1_373' title='bbox 547 3087 789 3162; x_wconf 61' lang='lat' dir='ltr'><strong>ofﬁcium,</strong></span> <span class='ocrx_word' id='word_1_374' title='bbox 826 3087 996 3158; x_wconf 83' lang='lat' dir='ltr'><strong>inquit</strong></span> <span class='ocrx_word' id='word_1_375' title='bbox 1028 3091 1089 3146; x_wconf 87' lang='grc' dir='ltr'><strong>Β.</strong></span> <span class='ocrx_word' id='word_1_376' title='bbox 1115 3090 1432 3146; x_wconf 84' lang='lat' dir='ltr'><strong>Ambrosius</strong></span> <span class='ocrx_word' id='word_1_377' title='bbox 1461 3089 1597 3162; x_wconf 88' lang='lat' dir='ltr'><strong>(Lib.</strong></span> <span class='ocrx_word' id='word_1_378' title='bbox 1625 3106 1642 3144; x_wconf 90' lang='grc' dir='ltr'>ι</span> <span class='ocrx_word' id='word_1_379' title='bbox 1673 3091 1736 3142; x_wconf 87' lang='lat' dir='ltr'><strong>de</strong></span> <span class='ocrx_word' id='word_1_380' title='bbox 1764 3087 1910 3160; x_wconf 66' lang='lat' dir='ltr'><strong>Ome.</strong></span> <span class='ocrx_word' id='word_1_381' title='bbox 1936 3105 1982 3142; x_wconf 89' lang='lat' dir='ltr'><strong>c.</strong></span> <span class='ocrx_word' id='word_1_382' title='bbox 2003 3089 2122 3158; x_wconf 79' lang='lat'><strong>50),</strong></span> 
     </span>
    </p>
   </div>
   <div class='ocr_carea' id='block_1_56' title="bbox 547 3163 2124 3232">
    <p class='ocr_par' dir='ltr' id='par_1_56' title="bbox 547 3163 2124 3232">
     <span class='ocr_line' id='line_1_56' title="bbox 547 3163 2124 3232; baseline -0.002 -16"><span class='ocrx_word' id='word_1_383' title='bbox 547 3177 929 3232; x_wconf 83' lang='lat' dir='ltr'><strong>nonnumquam</strong></span> <span class='ocrx_word' id='word_1_384' title='bbox 952 3163 1146 3216; x_wconf 82' lang='lat' dir='ltr'><strong>solvere</strong></span> <span class='ocrx_word' id='word_1_385' title='bbox 1177 3163 1508 3227; x_wconf 81' lang='lat' dir='ltr'><strong>promissum,</strong></span> <span class='ocrx_word' id='word_1_386' title='bbox 1543 3171 1923 3214; x_wconf 85' lang='lat' dir='ltr'><strong>sacramentum</strong></span> <span class='ocrx_word' id='word_1_387' title='bbox 1953 3171 2124 3232; x_wconf 87' lang='lat' dir='ltr'><strong>custo-</strong></span> 
     </span>
    </p>
   </div>
   <div class='ocr_carea' id='block_1_57' title="bbox 2235 2803 3832 2877">
    <p class='ocr_par' dir='ltr' id='par_1_57' title="bbox 2235 2803 3832 2877">
     <span class='ocr_line' id='line_1_57' title="bbox 2235 2803 3832 2877; baseline 0.002 -20"><span class='ocrx_word' id='word_1_388' title='bbox 2235 2804 2422 2877; x_wconf 71' lang='lat' dir='ltr'><strong>phetm,</strong></span> <span class='ocrx_word' id='word_1_389' title='bbox 2473 2813 2526 2858; x_wconf 89' lang='lat' dir='ltr'><strong>ut</strong></span> <span class='ocrx_word' id='word_1_390' title='bbox 2567 2804 2749 2860; x_wconf 85' lang='lat' dir='ltr'><strong>habeat</strong></span> <span class='ocrx_word' id='word_1_391' title='bbox 2795 2807 2856 2877; x_wconf 85' lang='lat' dir='ltr'><strong>in</strong></span> <span class='ocrx_word' id='word_1_392' title='bbox 2896 2813 3144 2876; x_wconf 81' lang='lat' dir='ltr'><strong>potestate</strong></span> <span class='ocrx_word' id='word_1_393' title='bbox 3189 2805 3420 2873; x_wconf 77' lang='lat' dir='ltr'><strong>linguam</strong></span> <span class='ocrx_word' id='word_1_394' title='bbox 3456 2819 3572 2877; x_wconf 76' lang='lat' dir='ltr'><strong>quat</strong></span> <span class='ocrx_word' id='word_1_395' title='bbox 3609 2803 3832 2860; x_wconf 85' lang='lat' dir='ltr'><strong>illicitas</strong></span> 
     </span>
    </p>
   </div>
   <div class='ocr_carea' id='block_1_58' title="bbox 2234 2876 3830 3003">
    <p class='ocr_par' dir='ltr' id='par_1_58' title="bbox 2234 2876 3830 3003">
     <span class='ocr_line' id='line_1_58' title="bbox 2234 2876 3830 2946; baseline 0.001 -16"><span class='ocrx_word' id='word_1_396' title='bbox 2234 2876 2444 2946; x_wconf 85' lang='lat' dir='ltr'><strong>nuptias</strong></span> <span class='ocrx_word' id='word_1_397' title='bbox 2490 2877 2774 2946; x_wconf 83' lang='lat' dir='ltr'><strong>arguebat?</strong></span> <span class='ocrx_word' id='word_1_398' title='bbox 2819 2876 2946 2932; x_wconf 61' lang='lat' dir='ltr'><strong>Haec</strong></span> <span class='ocrx_word' id='word_1_399' title='bbox 2986 2877 3048 2931; x_wconf 88' lang='lat' dir='ltr'><strong>D.</strong></span> <span class='ocrx_word' id='word_1_400' title='bbox 3092 2876 3476 2946; x_wconf 73' lang='lat' dir='ltr'><strong>Hieronymus.</strong></span> <span class='ocrx_word' id='word_1_401' title='bbox 3521 2877 3612 2932; x_wconf 84' lang='lat' dir='ltr'><strong>Est</strong></span> <span class='ocrx_word' id='word_1_402' title='bbox 3655 2893 3830 2945; x_wconf 86' lang='lat' dir='ltr'><strong>porro</strong></span> 
     </span>
     <span class='ocr_line' id='line_1_59' title="bbox 2237 2946 3824 3003; baseline 0.001 -4"><span class='ocrx_word' id='word_1_403' title='bbox 2237 2946 2632 3001; x_wconf 87' lang='lat' dir='ltr'><strong>advertendum</strong></span> <span class='ocrx_word' id='word_1_404' title='bbox 2681 2947 2824 3003; x_wconf 87' lang='lat' dir='ltr'><strong>auod</strong></span> <span class='ocrx_word' id='word_1_405' title='bbox 2867 2947 2967 3002; x_wconf 85' lang='lat' dir='ltr'><strong>hoc</strong></span> <span class='ocrx_word' id='word_1_406' title='bbox 2996 2950 3303 3003; x_wconf 87' lang='lat' dir='ltr'><strong>exemnlum</strong></span> <span class='ocrx_word' id='word_1_407' title='bbox 3334 2947 3562 3003; x_wconf 86' lang='lat' dir='ltr'><strong>Herodis</strong></span> <span class='ocrx_word' id='word_1_408' title='bbox 3591 2959 3824 3003; x_wconf 65' lang='lat' dir='ltr'><strong>praeter-</strong></span> 
     </span>
    </p>
   </div>
   <div class='ocr_carea' id='block_1_59' title="bbox 2236 2949 3830 3089">
    <p class='ocr_par' dir='ltr' id='par_1_59' title="bbox 2236 2949 3830 3089">
     <span class='ocr_line' id='line_1_60' title="bbox 2237 2949 3824 3018; baseline 0.001 -19"><span class='ocrx_word' id='word_1_409' title='bbox 2237 2949 2632 3001; x_wconf 90' lang='lat' dir='ltr'><strong>advertendum</strong></span> <span class='ocrx_word' id='word_1_410' title='bbox 2681 2949 2824 3018; x_wconf 91' lang='lat' dir='ltr'><strong>quod</strong></span> <span class='ocrx_word' id='word_1_411' title='bbox 2867 2949 2967 3002; x_wconf 87' lang='lat' dir='ltr'><strong>hoc</strong></span> <span class='ocrx_word' id='word_1_412' title='bbox 2996 2950 3303 3018; x_wconf 89' lang='lat' dir='ltr'><strong>exemplum</strong></span> <span class='ocrx_word' id='word_1_413' title='bbox 3334 2949 3562 3003; x_wconf 86' lang='lat' dir='ltr'><strong>Herodis</strong></span> <span class='ocrx_word' id='word_1_414' title='bbox 3591 2959 3824 3016; x_wconf 73' lang='lat' dir='ltr'><strong>praeter-</strong></span> 
     </span>
     <span class='ocr_line' id='line_1_61' title="bbox 2236 3017 3830 3089; baseline 0.002 -17"><span class='ocrx_word' id='word_1_415' title='bbox 2236 3017 2384 3072; x_wconf 91' lang='lat' dir='ltr'><strong>misit</strong></span> <span class='ocrx_word' id='word_1_416' title='bbox 2428 3017 2719 3089; x_wconf 85' lang='lat' dir='ltr'><strong>Dionysius</strong></span> <span class='ocrx_word' id='word_1_417' title='bbox 2744 3019 3152 3086; x_wconf 87' lang='lat' dir='ltr'><strong>Paraphrastes,</strong></span> <span class='ocrx_word' id='word_1_418' title='bbox 3185 3034 3346 3089; x_wconf 89' lang='lat' dir='ltr'><strong>quam</strong></span> <span class='ocrx_word' id='word_1_419' title='bbox 3375 3019 3448 3073; x_wconf 93' lang='lat' dir='ltr'><strong>ob</strong></span> <span class='ocrx_word' id='word_1_420' title='bbox 3477 3034 3693 3074; x_wconf 87' lang='lat' dir='ltr'><strong>causam</strong></span> <span class='ocrx_word' id='word_1_421' title='bbox 3722 3034 3830 3076; x_wconf 78' lang='lat' dir='ltr'><strong>ne-</strong></span> 
     </span>
    </p>
   </div>
   <div class='ocr_carea' id='block_1_60' title="bbox 2234 3088 3833 3162">
    <p class='ocr_par' dir='ltr' id='par_1_60' title="bbox 2234 3088 3833 3162">
     <span class='ocr_line' id='line_1_62' title="bbox 2234 3088 3833 3162; baseline 0 -18"><span class='ocrx_word' id='word_1_422' title='bbox 2234 3089 2374 3162; x_wconf 80' lang='lat' dir='ltr'><strong>scio,</strong></span> <span class='ocrx_word' id='word_1_423' title='bbox 2395 3089 2495 3162; x_wconf 78' lang='lat' dir='ltr'><strong>nisi</strong></span> <span class='ocrx_word' id='word_1_424' title='bbox 2521 3088 2661 3162; x_wconf 63' lang='lat' dir='ltr'><strong>forte</strong></span> <span class='ocrx_word' id='word_1_425' title='bbox 2687 3089 2835 3162; x_wconf 91' lang='lat' dir='ltr'><strong>(quia</strong></span> <span class='ocrx_word' id='word_1_426' title='bbox 2861 3089 2929 3144; x_wconf 90' lang='lat' dir='ltr'><strong>de</strong></span> <span class='ocrx_word' id='word_1_427' title='bbox 2950 3088 3260 3162; x_wconf 75' lang='lat' dir='ltr'><strong>juramento</strong></span> <span class='ocrx_word' id='word_1_428' title='bbox 3284 3091 3566 3161; x_wconf 86' lang='lat' dir='ltr'><strong>agebatur)</strong></span> <span class='ocrx_word' id='word_1_429' title='bbox 3598 3105 3667 3144; x_wconf 90' lang='lat' dir='ltr'><strong>ne</strong></span> <span class='ocrx_word' id='word_1_430' title='bbox 3701 3106 3833 3162; x_wconf 84' lang='lat' dir='ltr'><strong>per-</strong></span> 
     </span>
    </p>
   </div>
   <div class='ocr_carea' id='block_1_61' title="bbox 2230 3158 3833 3232">
    <p class='ocr_par' dir='ltr' id='par_1_61' title="bbox 2230 3158 3833 3232">
     <span class='ocr_line' id='line_1_63' title="bbox 2230 3158 3833 3232; baseline 0.002 -20"><span class='ocrx_word' id='word_1_431' title='bbox 2230 3158 2382 3232; x_wconf 83' lang='lat' dir='ltr'><strong>jurio</strong></span> <span class='ocrx_word' id='word_1_432' title='bbox 2400 3159 2484 3215; x_wconf 89' lang='lat' dir='ltr'><strong>vel</strong></span> <span class='ocrx_word' id='word_1_433' title='bbox 2520 3161 2572 3215; x_wconf 91' lang='lat' dir='ltr'><strong>in</strong></span> <span class='ocrx_word' id='word_1_434' title='bbox 2603 3158 2842 3232; x_wconf 85' lang='lat' dir='ltr'><strong>speciem</strong></span> <span class='ocrx_word' id='word_1_435' title='bbox 2876 3158 3060 3217; x_wconf 77' lang='lat' dir='ltr'><strong>favere</strong></span> <span class='ocrx_word' id='word_1_436' title='bbox 3081 3158 3381 3232; x_wconf 76' lang='lat' dir='ltr'><strong>videretur.</strong></span> <span class='ocrx_word' id='word_1_437' title='bbox 3411 3165 3482 3214; x_wconf 81' lang='lat' dir='ltr'><strong>At</strong></span> <span class='ocrx_word' id='word_1_438' title='bbox 3508 3158 3722 3216; x_wconf 88' lang='lat' dir='ltr'><strong>cOnstat</strong></span> <span class='ocrx_word' id='word_1_439' title='bbox 3761 3161 3833 3216; x_wconf 80' lang='lat' dir='ltr'><strong>il-</strong></span> 
     </span>
    </p>
   </div>
   <div class='ocr_carea' id='block_1_62' title="bbox 548 3229 3833 3357">
    <p class='ocr_par' dir='ltr' id='par_1_62' title="bbox 548 3229 3833 3357">
     <span class='ocr_line' id='line_1_64' title="bbox 548 3229 3833 3302; baseline -0 -15"><span class='ocrx_word' id='word_1_440' title='bbox 548 3233 680 3301; x_wconf 83' lang='lat' dir='ltr'><strong>dire,</strong></span> <span class='ocrx_word' id='word_1_441' title='bbox 712 3243 765 3286; x_wconf 90' lang='lat' dir='ltr'><strong>ut</strong></span> <span class='ocrx_word' id='word_1_442' title='bbox 789 3229 1058 3298; x_wconf 77' lang='lat' dir='ltr'><strong>Herodes,</strong></span> <span class='ocrx_word' id='word_1_443' title='bbox 1103 3233 1189 3302; x_wconf 89' lang='lat' dir='ltr'><strong>qui</strong></span> <span class='ocrx_word' id='word_1_444' title='bbox 1228 3234 1410 3285; x_wconf 80' lang='lat' dir='ltr'><strong>&#39;uravit</strong></span> <span class='ocrx_word' id='word_1_445' title='bbox 1437 3233 1684 3302; x_wconf 85' lang='lat' dir='ltr'><strong>quoniam</strong></span> <span class='ocrx_word' id='word_1_446' title='bbox 1725 3232 1974 3301; x_wconf 84' lang='lat' dir='ltr'><strong>quidquid</strong></span> <span class='ocrx_word' id='word_1_447' title='bbox 2002 3231 2133 3300; x_wconf 86' lang='lat' dir='ltr'><strong>peti-</strong></span> <span class='ocrx_word' id='word_1_448' title='bbox 2157 3229 2204 3293; x_wconf 85' lang='lat' dir='ltr'><strong>C</strong></span> <span class='ocrx_word' id='word_1_449' title='bbox 2238 3230 2329 3285; x_wconf 90' lang='lat' dir='ltr'><strong>Iud</strong></span> <span class='ocrx_word' id='word_1_450' title='bbox 2363 3229 2736 3299; x_wconf 80' lang='lat' dir='ltr'><strong>jurameutum</strong></span> <span class='ocrx_word' id='word_1_451' title='bbox 2777 3233 2845 3287; x_wconf 85' lang='lat' dir='ltr'><strong>ad</strong></span> <span class='ocrx_word' id='word_1_452' title='bbox 2887 3247 3003 3288; x_wconf 88' lang='lat' dir='ltr'><strong>rem</strong></span> <span class='ocrx_word' id='word_1_453' title='bbox 3045 3231 3291 3288; x_wconf 88' lang='lat' dir='ltr'><strong>illicitam</strong></span> <span class='ocrx_word' id='word_1_454' title='bbox 3341 3232 3648 3287; x_wconf 82' lang='lat' dir='ltr'><strong>nullatenus</strong></span> <span class='ocrx_word' id='word_1_455' title='bbox 3692 3232 3833 3286; x_wconf 82' lang='lat' dir='ltr'><strong>obli-</strong></span> 
     </span>
     <span class='ocr_line' id='line_1_65' title="bbox 550 3253 3833 3357; baseline 0 0"><span class='ocrx_word' id='word_1_456' title='bbox 550 3316 659 3357; x_wconf 90' lang='lat' dir='ltr'><strong>tum</strong></span> <span class='ocrx_word' id='word_1_457' title='bbox 687 3315 836 3357; x_wconf 88' lang='lat' dir='ltr'><strong>esset.</strong></span> <span class='ocrx_word' id='word_1_458' title='bbox 866 3305 1010 3357; x_wconf 86' lang='lat' dir='ltr'><strong>daret</strong></span> <span class='ocrx_word' id='word_1_459' title='bbox 1041 3305 1164 3357; x_wconf 72' lang='lat' dir='ltr'><strong>ﬁlia:</strong></span> <span class='ocrx_word' id='word_1_460' title='bbox 1196 3253 1544 3357; x_wconf 53' lang='lat' dir='ltr'><strong>ﬁerodiadis:</strong></span> <span class='ocrx_word' id='word_1_461' title='bbox 1574 3313 1622 3357; x_wconf 93' lang='lat' dir='ltr'><strong>et</strong></span> <span class='ocrx_word' id='word_1_462' title='bbox 1666 3319 1838 3357; x_wconf 86' lang='lat' dir='ltr'><strong>necem</strong></span> <span class='ocrx_word' id='word_1_463' title='bbox 1867 3303 2128 3357; x_wconf 67' lang='lat' dir='ltr'><strong>orastitit.</strong></span> <span class='ocrx_word' id='word_1_464' title='bbox 2245 3317 2424 3357; x_wconf 72' lang='lat' dir='ltr'><strong>nasse.</strong></span> <span class='ocrx_word' id='word_1_465' title='bbox 2453 3311 2509 3357; x_wconf 92' lang='lat' dir='ltr'><strong>et</strong></span> <span class='ocrx_word' id='word_1_466' title='bbox 2534 3305 2714 3357; x_wconf 84' lang='lat' dir='ltr'><strong>notius</strong></span> <span class='ocrx_word' id='word_1_467' title='bbox 2746 3304 2966 3357; x_wconf 79' lang='lat' dir='ltr'><strong>periurii</strong></span> <span class='ocrx_word' id='word_1_468' title='bbox 2996 3306 3202 3357; x_wconf 88' lang='lat' dir='ltr'><strong>crimen</strong></span> <span class='ocrx_word' id='word_1_469' title='bbox 3233 3303 3526 3357; x_wconf 89' lang='lat' dir='ltr'><strong>admissum</strong></span> <span class='ocrx_word' id='word_1_470' title='bbox 3553 3302 3722 3357; x_wconf 78' lang='lat' dir='ltr'><strong>fuisse</strong></span> <span class='ocrx_word' id='word_1_471' title='bbox 3760 3304 3833 3357; x_wconf 85' lang='lat' dir='ltr'><strong>il-</strong></span> 
     </span>
    </p>
   </div>
   <div class='ocr_carea' id='block_1_63' title="bbox 550 3302 2128 3373">
    <p class='ocr_par' dir='ltr' id='par_1_63' title="bbox 550 3302 2128 3373">
     <span class='ocr_line' id='line_1_66' title="bbox 550 3302 2128 3373; baseline -0.003 -16"><span class='ocrx_word' id='word_1_472' title='bbox 550 3316 659 3358; x_wconf 90' lang='lat' dir='ltr'><strong>tum</strong></span> <span class='ocrx_word' id='word_1_473' title='bbox 687 3315 836 3364; x_wconf 88' lang='lat' dir='ltr'><strong>esset,</strong></span> <span class='ocrx_word' id='word_1_474' title='bbox 866 3305 1010 3358; x_wconf 86' lang='lat' dir='ltr'><strong>daret</strong></span> <span class='ocrx_word' id='word_1_475' title='bbox 1039 3305 1164 3371; x_wconf 68' lang='lat' dir='ltr'><strong>ﬁlice</strong></span> <span class='ocrx_word' id='word_1_476' title='bbox 1196 3302 1544 3368; x_wconf 83' lang='lat' dir='ltr'><strong>Herodiadis;</strong></span> <span class='ocrx_word' id='word_1_477' title='bbox 1574 3313 1622 3357; x_wconf 93' lang='lat' dir='ltr'><strong>et</strong></span> <span class='ocrx_word' id='word_1_478' title='bbox 1666 3319 1838 3357; x_wconf 87' lang='lat' dir='ltr'><strong>necem</strong></span> <span class='ocrx_word' id='word_1_479' title='bbox 1867 3303 2128 3373; x_wconf 68' lang='lat' dir='ltr'><strong>prastitit,</strong></span> 
     </span>
    </p>
   </div>
   <div class='ocr_carea' id='block_1_64' title="bbox 547 3372 2136 3448">
    <p class='ocr_par' dir='ltr' id='par_1_64' title="bbox 547 3372 2136 3448">
     <span class='ocr_line' id='line_1_67' title="bbox 547 3372 2136 3448; baseline -0.001 -19"><span class='ocrx_word' id='word_1_480' title='bbox 547 3392 610 3430; x_wconf 89' lang='lat' dir='ltr'><strong>ne</strong></span> <span class='ocrx_word' id='word_1_481' title='bbox 642 3377 952 3448; x_wconf 86' lang='lat' dir='ltr'><strong>promissum</strong></span> <span class='ocrx_word' id='word_1_482' title='bbox 975 3385 1206 3448; x_wconf 85' lang='lat' dir='ltr'><strong>negaret.</strong></span> <span class='ocrx_word' id='word_1_483' title='bbox 1240 3375 1328 3430; x_wconf 90' lang='lat' dir='ltr'><strong>Sic</strong></span> <span class='ocrx_word' id='word_1_484' title='bbox 1352 3374 1563 3448; x_wconf 12' lang='lat' dir='ltr'><strong>iJephtte</strong></span> <span class='ocrx_word' id='word_1_485' title='bbox 1588 3374 1772 3448; x_wconf 75' lang='lat' dir='ltr'><strong>melius</strong></span> <span class='ocrx_word' id='word_1_486' title='bbox 1799 3372 1968 3448; x_wconf 75' lang='lat' dir='ltr'><strong>fuerat</strong></span> <span class='ocrx_word' id='word_1_487' title='bbox 2000 3372 2136 3448; x_wconf 74' lang='lat' dir='ltr'><strong>nihil</strong></span> 
     </span>
    </p>
   </div>
   <div class='ocr_carea' id='block_1_65' title="bbox 548 3445 2142 3518">
    <p class='ocr_par' dir='ltr' id='par_1_65' title="bbox 548 3445 2142 3518">
     <span class='ocr_line' id='line_1_68' title="bbox 548 3445 2142 3518; baseline -0.001 -17"><span class='ocrx_word' id='word_1_488' title='bbox 548 3445 652 3501; x_wconf 84' lang='lat' dir='ltr'><strong>tale</strong></span> <span class='ocrx_word' id='word_1_489' title='bbox 683 3447 998 3514; x_wconf 79' lang='lat' dir='ltr'><strong>promittere,</strong></span> <span class='ocrx_word' id='word_1_490' title='bbox 1023 3445 1176 3518; x_wconf 79' lang='lat' dir='ltr'><strong>quam</strong></span> <span class='ocrx_word' id='word_1_491' title='bbox 1196 3447 1502 3518; x_wconf 76' lang='lat' dir='ltr'><strong>promissum</strong></span> <span class='ocrx_word' id='word_1_492' title='bbox 1524 3446 1807 3518; x_wconf 73' lang='lat' dir='ltr'><strong>parricidio</strong></span> <span class='ocrx_word' id='word_1_493' title='bbox 1828 3445 2042 3518; x_wconf 61' lang='lat' dir='ltr'><strong>solvere.</strong></span> <span class='ocrx_word' id='word_1_494' title='bbox 2078 3446 2142 3500; x_wconf 81' lang='lat' dir='ltr'><strong>Et</strong></span> 
     </span>
    </p>
   </div>
   <div class='ocr_carea' id='block_1_66' title="bbox 549 3514 2141 3588">
    <p class='ocr_par' dir='ltr' id='par_1_66' title="bbox 549 3514 2141 3588">
     <span class='ocr_line' id='line_1_69' title="bbox 549 3514 2141 3588; baseline -0.002 -16"><span class='ocrx_word' id='word_1_495' title='bbox 549 3518 885 3588; x_wconf 76' lang='lat' dir='ltr'><strong>Augustinus</strong></span> <span class='ocrx_word' id='word_1_496' title='bbox 912 3514 1108 3588; x_wconf 75' lang='lat' dir='ltr'><strong>(Serm.</strong></span> <span class='ocrx_word' id='word_1_497' title='bbox 1137 3514 1205 3572; x_wconf 75' lang='lat' dir='ltr'><strong>il</strong></span> <span class='ocrx_word' id='word_1_498' title='bbox 1233 3519 1296 3570; x_wconf 85' lang='lat' dir='ltr'><strong>de</strong></span> <span class='ocrx_word' id='word_1_499' title='bbox 1332 3514 1560 3588; x_wconf 81' lang='lat' dir='ltr'><strong>Sanctis)</strong></span> <span class='ocrx_word' id='word_1_500' title='bbox 1585 3535 1596 3568; x_wconf 90' lang='lat'><strong>:</strong></span> <span class='ocrx_word' id='word_1_501' title='bbox 1621 3515 1854 3570; x_wconf 84' lang='lat' dir='ltr'><strong>Herodes</strong></span> <span class='ocrx_word' id='word_1_502' title='bbox 1881 3531 1943 3588; x_wconf 80' lang='lat' dir='ltr'><strong>ne</strong></span> <span class='ocrx_word' id='word_1_503' title='bbox 1978 3514 2141 3569; x_wconf 88' lang='lat' dir='ltr'><strong>Deum</strong></span> 
     </span>
    </p>
   </div>
   <div class='ocr_carea' id='block_1_67' title="bbox 549 3586 2140 3660">
    <p class='ocr_par' dir='ltr' id='par_1_67' title="bbox 549 3586 2140 3660">
     <span class='ocr_line' id='line_1_70' title="bbox 549 3586 2140 3660; baseline -0.001 -18"><span class='ocrx_word' id='word_1_504' title='bbox 549 3587 829 3656; x_wconf 77' lang='lat' dir='ltr'><strong>offenderet</strong></span> <span class='ocrx_word' id='word_1_505' title='bbox 851 3586 1155 3660; x_wconf 83' lang='lat' dir='ltr'><strong>pejerando,</strong></span> <span class='ocrx_word' id='word_1_506' title='bbox 1176 3588 1338 3660; x_wconf 83' lang='lat' dir='ltr'><strong>Deum</strong></span> <span class='ocrx_word' id='word_1_507' title='bbox 1361 3586 1574 3660; x_wconf 74' lang='lat' dir='ltr'><strong>olfendit</strong></span> <span class='ocrx_word' id='word_1_508' title='bbox 1593 3589 1870 3660; x_wconf 80' lang='lat' dir='ltr'><strong>steviendo.</strong></span> <span class='ocrx_word' id='word_1_509' title='bbox 1891 3587 1960 3640; x_wconf 86' lang='lat' dir='ltr'><strong>Et</strong></span> <span class='ocrx_word' id='word_1_510' title='bbox 1979 3590 2140 3654; x_wconf 86' lang='lat' dir='ltr'><strong>paulo</strong></span> 
     </span>
    </p>
   </div>
   <div class='ocr_carea' id='block_1_68' title="bbox 548 3659 2142 3729">
    <p class='ocr_par' dir='ltr' id='par_1_68' title="bbox 548 3659 2142 3729">
     <span class='ocr_line' id='line_1_71' title="bbox 548 3659 2142 3729; baseline -0.002 -15"><span class='ocrx_word' id='word_1_511' title='bbox 548 3669 669 3728; x_wconf 91' lang='lat' dir='ltr'><strong>post</strong></span> <span class='ocrx_word' id='word_1_512' title='bbox 707 3659 925 3728; x_wconf 88' lang='lat' dir='ltr'><strong>subjicit</strong></span> <span class='ocrx_word' id='word_1_513' title='bbox 955 3662 1260 3729; x_wconf 83' lang='lat' dir='ltr'><strong>exemplum</strong></span> <span class='ocrx_word' id='word_1_514' title='bbox 1303 3659 1517 3714; x_wconf 86' lang='lat' dir='ltr'><strong>Davidis</strong></span> <span class='ocrx_word' id='word_1_515' title='bbox 1556 3661 1697 3727; x_wconf 88' lang='lat' dir='ltr'><strong>regis</strong></span> <span class='ocrx_word' id='word_1_516' title='bbox 1722 3701 1738 3725; x_wconf 97' lang='lat'><strong>,</strong></span> <span class='ocrx_word' id='word_1_517' title='bbox 1763 3659 1851 3727; x_wconf 92' lang='lat' dir='ltr'><strong>qui</strong></span> <span class='ocrx_word' id='word_1_518' title='bbox 1895 3672 2016 3729; x_wconf 88' lang='lat' dir='ltr'><strong>cum</strong></span> <span class='ocrx_word' id='word_1_519' title='bbox 2063 3666 2142 3729; x_wconf 87' lang='lat' dir='ltr'><strong>te-</strong></span> 
     </span>
    </p>
   </div>
   <div class='ocr_carea' id='block_1_69' title="bbox 550 3727 2140 3800">
    <p class='ocr_par' dir='ltr' id='par_1_69' title="bbox 550 3727 2140 3800">
     <span class='ocr_line' id='line_1_72' title="bbox 550 3727 2140 3800; baseline -0.001 -16"><span class='ocrx_word' id='word_1_520' title='bbox 550 3727 697 3787; x_wconf 88' lang='lat' dir='ltr'><strong>mere</strong></span> <span class='ocrx_word' id='word_1_521' title='bbox 731 3727 970 3800; x_wconf 85' lang='lat' dir='ltr'><strong>jurasset</strong></span> <span class='ocrx_word' id='word_1_522' title='bbox 1006 3747 1068 3786; x_wconf 91' lang='lat' dir='ltr'><strong>se</strong></span> <span class='ocrx_word' id='word_1_523' title='bbox 1117 3727 1426 3787; x_wconf 86' lang='lat' dir='ltr'><strong>occisurum</strong></span> <span class='ocrx_word' id='word_1_524' title='bbox 1484 3729 1672 3792; x_wconf 79' lang='lat' dir='ltr'><strong>Nabal,</strong></span> <span class='ocrx_word' id='word_1_525' title='bbox 1711 3727 1926 3785; x_wconf 83' lang='lat' dir='ltr'><strong>exorari</strong></span> <span class='ocrx_word' id='word_1_526' title='bbox 1971 3741 2032 3783; x_wconf 88' lang='lat' dir='ltr'><strong>se</strong></span> <span class='ocrx_word' id='word_1_527' title='bbox 2071 3728 2140 3783; x_wconf 93' lang='lat' dir='ltr'><strong>ab</strong></span> 
     </span>
    </p>
   </div>
   <div class='ocr_carea' id='block_1_70' title="bbox 551 3799 2140 3872">
    <p class='ocr_par' dir='ltr' id='par_1_70' title="bbox 551 3799 2140 3872">
     <span class='ocr_line' id='line_1_73' title="bbox 551 3799 2140 3872; baseline -0.002 -16"><span class='ocrx_word' id='word_1_528' title='bbox 551 3799 766 3872; x_wconf 83' lang='lat' dir='ltr'><strong>Abigail</strong></span> <span class='ocrx_word' id='word_1_529' title='bbox 798 3817 967 3872; x_wconf 82' lang='lat' dir='ltr'><strong>uxore</strong></span> <span class='ocrx_word' id='word_1_530' title='bbox 1005 3802 1124 3872; x_wconf 91' lang='lat' dir='ltr'><strong>ejus</strong></span> <span class='ocrx_word' id='word_1_531' title='bbox 1152 3817 1343 3871; x_wconf 90' lang='lat' dir='ltr'><strong>passus</strong></span> <span class='ocrx_word' id='word_1_532' title='bbox 1367 3812 1474 3864; x_wconf 87' lang='lat' dir='ltr'><strong>est,</strong></span> <span class='ocrx_word' id='word_1_533' title='bbox 1508 3816 1576 3856; x_wconf 89' lang='lat' dir='ltr'><strong>ne</strong></span> <span class='ocrx_word' id='word_1_534' title='bbox 1601 3799 1971 3872; x_wconf 82' lang='lat' dir='ltr'><strong>jurameutum</strong></span> <span class='ocrx_word' id='word_1_535' title='bbox 2002 3813 2140 3868; x_wconf 67' lang='lat' dir='ltr'><strong>prae-</strong></span> 
     </span>
    </p>
   </div>
   <div class='ocr_carea' id='block_1_71' title="bbox 548 3869 2141 3943">
    <p class='ocr_par' dir='ltr' id='par_1_71' title="bbox 548 3869 2141 3943">
     <span class='ocr_line' id='line_1_74' title="bbox 548 3869 2141 3943; baseline -0.001 -15"><span class='ocrx_word' id='word_1_536' title='bbox 548 3869 718 3928; x_wconf 68' lang='lat' dir='ltr'><strong>starct</strong></span> <span class='ocrx_word' id='word_1_537' title='bbox 744 3890 758 3926; x_wconf 89' lang='lat'><strong>:</strong></span> <span class='ocrx_word' id='word_1_538' title='bbox 785 3869 1250 3941; x_wconf 47' lang='lat' dir='ltr'><strong>Iuravit,&#39;ittquit,</strong></span> <span class='ocrx_word' id='word_1_539' title='bbox 1285 3883 1473 3926; x_wconf 88' lang='lat' dir='ltr'><strong>temere</strong></span> <span class='ocrx_word' id='word_1_540' title='bbox 1502 3888 1522 3926; x_wconf 89' lang='lat'><strong><em>:</em></strong></span> <span class='ocrx_word' id='word_1_541' title='bbox 1550 3873 1639 3926; x_wconf 91' lang='lat' dir='ltr'><strong>sed</strong></span> <span class='ocrx_word' id='word_1_542' title='bbox 1661 3888 1763 3926; x_wconf 89' lang='lat' dir='ltr'><strong>non</strong></span> <span class='ocrx_word' id='word_1_543' title='bbox 1791 3869 2026 3943; x_wconf 83' lang='lat' dir='ltr'><strong>implevit</strong></span> <span class='ocrx_word' id='word_1_544' title='bbox 2044 3872 2141 3940; x_wconf 85' lang='lat' dir='ltr'><strong>ju-</strong></span> 
     </span>
    </p>
   </div>
   <div class='ocr_carea' id='block_1_72' title="bbox 548 3943 2138 4014">
    <p class='ocr_par' dir='ltr' id='par_1_72' title="bbox 548 3943 2138 4014">
     <span class='ocr_line' id='line_1_75' title="bbox 548 3943 2138 4014; baseline -0.001 -18"><span class='ocrx_word' id='word_1_545' title='bbox 548 3946 801 3998; x_wconf 90' lang='lat' dir='ltr'><strong>rationem</strong></span> <span class='ocrx_word' id='word_1_546' title='bbox 816 3947 1033 4014; x_wconf 82' lang='lat' dir='ltr'><strong>_majore</strong></span> <span class='ocrx_word' id='word_1_547' title='bbox 1070 3944 1262 4014; x_wconf 76' lang='lat' dir='ltr'><strong>pietate</strong></span> <span class='ocrx_word' id='word_1_548' title='bbox 1284 3959 1303 3997; x_wconf 90' lang='lat'><strong><em>:</em></strong></span> <span class='ocrx_word' id='word_1_549' title='bbox 1331 3943 1490 4014; x_wconf 84' lang='lat' dir='ltr'><strong>immo</strong></span> <span class='ocrx_word' id='word_1_550' title='bbox 1517 3943 1710 4014; x_wconf 75' lang='lat' dir='ltr'><strong>gratias</strong></span> <span class='ocrx_word' id='word_1_551' title='bbox 1744 3959 1804 3996; x_wconf 90' lang='lat' dir='ltr'><strong>ea</strong></span> <span class='ocrx_word' id='word_1_552' title='bbox 1833 3945 1896 3997; x_wconf 89' lang='lat' dir='ltr'><strong>de</strong></span> <span class='ocrx_word' id='word_1_553' title='bbox 1935 3959 1990 3997; x_wconf 89' lang='lat' dir='ltr'><strong>re</strong></span> <span class='ocrx_word' id='word_1_554' title='bbox 2033 3944 2138 4013; x_wconf 86' lang='lat' dir='ltr'><strong>egit</strong></span> 
     </span>
    </p>
   </div>
   <div class='ocr_carea' id='block_1_73' title="bbox 548 4011 2138 4084">
    <p class='ocr_par' dir='ltr' id='par_1_73' title="bbox 548 4011 2138 4084">
     <span class='ocr_line' id='line_1_76' title="bbox 548 4011 2138 4084; baseline 0.001 -18"><span class='ocrx_word' id='word_1_555' title='bbox 548 4015 726 4068; x_wconf 86' lang='lat' dir='ltr'><strong>dicens</strong></span> <span class='ocrx_word' id='word_1_556' title='bbox 756 4030 775 4068; x_wconf 92' lang='lat'><strong><em>:</em></strong></span> <span class='ocrx_word' id='word_1_557' title='bbox 807 4011 1120 4068; x_wconf 74' lang='lat' dir='ltr'><strong>Benedictus</strong></span> <span class='ocrx_word' id='word_1_558' title='bbox 1153 4012 1406 4068; x_wconf 86' lang='lat' dir='ltr'><strong>Dominus</strong></span> <span class='ocrx_word' id='word_1_559' title='bbox 1432 4011 1570 4067; x_wconf 79' lang='lat' dir='ltr'><strong>Deus</strong></span> <span class='ocrx_word' id='word_1_560' title='bbox 1602 4012 1793 4080; x_wconf 83' lang='lat' dir='ltr'><strong>Israel,</strong></span> <span class='ocrx_word' id='word_1_561' title='bbox 1812 4015 1899 4084; x_wconf 86' lang='lat' dir='ltr'><strong>qui</strong></span> <span class='ocrx_word' id='word_1_562' title='bbox 1926 4011 2076 4066; x_wconf 71' lang='lat' dir='ltr'><strong>misit</strong></span> <span class='ocrx_word' id='word_1_563' title='bbox 2089 4023 2138 4068; x_wconf 87' lang='lat' dir='ltr'><strong>te</strong></span> 
     </span>
    </p>
   </div>
   <div class='ocr_carea' id='block_1_74' title="bbox 549 4084 2138 4154">
    <p class='ocr_par' dir='ltr' id='par_1_74' title="bbox 549 4084 2138 4154">
     <span class='ocr_line' id='line_1_77' title="bbox 549 4084 2138 4154; baseline 0.001 -18"><span class='ocrx_word' id='word_1_564' title='bbox 549 4085 702 4138; x_wconf 82' lang='lat' dir='ltr'><strong>hodie</strong></span> <span class='ocrx_word' id='word_1_565' title='bbox 727 4085 780 4138; x_wconf 92' lang='lat' dir='ltr'><strong>in</strong></span> <span class='ocrx_word' id='word_1_566' title='bbox 812 4100 1079 4139; x_wconf 84' lang='lat' dir='ltr'><strong>occursum</strong></span> <span class='ocrx_word' id='word_1_567' title='bbox 1107 4101 1306 4149; x_wconf 87' lang='lat' dir='ltr'><strong>meum;</strong></span> <span class='ocrx_word' id='word_1_568' title='bbox 1338 4095 1386 4138; x_wconf 89' lang='lat' dir='ltr'><strong>et</strong></span> <span class='ocrx_word' id='word_1_569' title='bbox 1415 4084 1679 4139; x_wconf 87' lang='lat' dir='ltr'><strong>benedicta</strong></span> <span class='ocrx_word' id='word_1_570' title='bbox 1716 4093 1795 4150; x_wconf 88' lang='lat' dir='ltr'><strong>tu,</strong></span> <span class='ocrx_word' id='word_1_571' title='bbox 1819 4100 1933 4152; x_wconf 80' lang='lat' dir='ltr'><strong>qua:</strong></span> <span class='ocrx_word' id='word_1_572' title='bbox 1960 4084 2138 4154; x_wconf 87' lang='lat' dir='ltr'><strong>prohi-</strong></span> 
     </span>
    </p>
   </div>
   <div class='ocr_carea' id='block_1_75' title="bbox 549 4154 2137 4225">
    <p class='ocr_par' dir='ltr' id='par_1_75' title="bbox 549 4154 2137 4225">
     <span class='ocr_line' id='line_1_78' title="bbox 549 4154 2137 4225; baseline 0.001 -18"><span class='ocrx_word' id='word_1_573' title='bbox 549 4156 701 4209; x_wconf 84' lang='lat' dir='ltr'><strong>buisti</strong></span> <span class='ocrx_word' id='word_1_574' title='bbox 733 4171 810 4208; x_wconf 89' lang='lat' dir='ltr'><strong>me</strong></span> <span class='ocrx_word' id='word_1_575' title='bbox 839 4154 1016 4222; x_wconf 83' lang='lat' dir='ltr'><strong>hodie,</strong></span> <span class='ocrx_word' id='word_1_576' title='bbox 1055 4171 1118 4208; x_wconf 89' lang='lat' dir='ltr'><strong>ne</strong></span> <span class='ocrx_word' id='word_1_577' title='bbox 1157 4156 1284 4208; x_wconf 86' lang='lat' dir='ltr'><strong>irem</strong></span> <span class='ocrx_word' id='word_1_578' title='bbox 1327 4154 1396 4209; x_wconf 90' lang='lat' dir='ltr'><strong>ad</strong></span> <span class='ocrx_word' id='word_1_579' title='bbox 1434 4156 1758 4225; x_wconf 86' lang='lat' dir='ltr'><strong>sanguinem,</strong></span> <span class='ocrx_word' id='word_1_580' title='bbox 1793 4165 1838 4208; x_wconf 90' lang='lat' dir='ltr'><strong>et</strong></span> <span class='ocrx_word' id='word_1_581' title='bbox 1866 4154 2137 4225; x_wconf 83' lang='lat' dir='ltr'><strong>ulciscerer</strong></span> 
     </span>
    </p>
   </div>
   <div class='ocr_carea' id='block_1_76' title="bbox 550 4224 2137 4294">
    <p class='ocr_par' dir='ltr' id='par_1_76' title="bbox 550 4224 2137 4294">
     <span class='ocr_line' id='line_1_79' title="bbox 550 4224 2137 4294; baseline 0.003 -16"><span class='ocrx_word' id='word_1_582' title='bbox 550 4242 628 4280; x_wconf 87' lang='lat' dir='ltr'><strong>me</strong></span> <span class='ocrx_word' id='word_1_583' title='bbox 673 4243 829 4279; x_wconf 88' lang='lat' dir='ltr'><strong>manu</strong></span> <span class='ocrx_word' id='word_1_584' title='bbox 875 4243 1009 4282; x_wconf 86' lang='lat' dir='ltr'><strong>mea.</strong></span> <span class='ocrx_word' id='word_1_585' title='bbox 1041 4227 1100 4283; x_wconf 79' lang='lat'><strong>3°</strong></span> <span class='ocrx_word' id='word_1_586' title='bbox 1139 4227 1250 4281; x_wconf 84' lang='lat' dir='ltr'><strong>Hea</strong></span> <span class='ocrx_word' id='word_1_587' title='bbox 1289 4240 1503 4294; x_wconf 86' lang='lat' dir='ltr'><strong>quoque</strong></span> <span class='ocrx_word' id='word_1_588' title='bbox 1539 4224 1829 4281; x_wconf 85' lang='lat' dir='ltr'><strong>homicidii</strong></span> <span class='ocrx_word' id='word_1_589' title='bbox 1863 4224 2001 4279; x_wconf 80' lang='lat' dir='ltr'><strong>facta</strong></span> <span class='ocrx_word' id='word_1_590' title='bbox 2052 4235 2137 4282; x_wconf 93' lang='lat' dir='ltr'><strong>est</strong></span> 
     </span>
    </p>
   </div>
   <div class='ocr_carea' id='block_1_77' title="bbox 550 4295 2136 4366">
    <p class='ocr_par' dir='ltr' id='par_1_77' title="bbox 550 4295 2136 4366">
     <span class='ocr_line' id='line_1_80' title="bbox 550 4295 2136 4366; baseline 0.001 -16"><span class='ocrx_word' id='word_1_591' title='bbox 550 4298 664 4364; x_wconf 89' lang='lat' dir='ltr'><strong>ipsa</strong></span> <span class='ocrx_word' id='word_1_592' title='bbox 695 4296 960 4352; x_wconf 75' lang='lat' dir='ltr'><strong>Herodizts</strong></span> <span class='ocrx_word' id='word_1_593' title='bbox 987 4305 1162 4352; x_wconf 92' lang='lat' dir='ltr'><strong>mater</strong></span> <span class='ocrx_word' id='word_1_594' title='bbox 1183 4312 1304 4350; x_wconf 91' lang='lat' dir='ltr'><strong>cum</strong></span> <span class='ocrx_word' id='word_1_595' title='bbox 1337 4295 1466 4360; x_wconf 83' lang='lat' dir='ltr'><strong>lilia,</strong></span> <span class='ocrx_word' id='word_1_596' title='bbox 1501 4297 1624 4366; x_wconf 90' lang='lat' dir='ltr'><strong>quia</strong></span> <span class='ocrx_word' id='word_1_597' title='bbox 1658 4312 1752 4366; x_wconf 88' lang='lat' dir='ltr'><strong>per</strong></span> <span class='ocrx_word' id='word_1_598' title='bbox 1782 4296 1952 4366; x_wconf 89' lang='lat' dir='ltr'><strong>ipsam</strong></span> <span class='ocrx_word' id='word_1_599' title='bbox 1981 4296 2136 4365; x_wconf 86' lang='lat' dir='ltr'><strong>petiit</strong></span> 
     </span>
    </p>
   </div>
   <div class='ocr_carea' id='block_1_78' title="bbox 550 4368 2135 4437">
    <p class='ocr_par' dir='ltr' id='par_1_78' title="bbox 550 4368 2135 4437">
     <span class='ocr_line' id='line_1_81' title="bbox 550 4368 2135 4437; baseline -0.002 -15"><span class='ocrx_word' id='word_1_600' title='bbox 550 4381 709 4434; x_wconf 77' lang='lat' dir='ltr'><strong>caput</strong></span> <span class='ocrx_word' id='word_1_601' title='bbox 736 4369 999 4434; x_wconf 84' lang='lat' dir='ltr'><strong>Joannis;</strong></span> <span class='ocrx_word' id='word_1_602' title='bbox 1052 4370 1218 4422; x_wconf 93' lang='lat' dir='ltr'><strong>immo</strong></span> <span class='ocrx_word' id='word_1_603' title='bbox 1253 4381 1443 4422; x_wconf 89' lang='lat' dir='ltr'><strong>omnes</strong></span> <span class='ocrx_word' id='word_1_604' title='bbox 1471 4368 1732 4435; x_wconf 62' lang='lat' dir='ltr'><strong>convivia,</strong></span> <span class='ocrx_word' id='word_1_605' title='bbox 1767 4368 1888 4437; x_wconf 91' lang='lat' dir='ltr'><strong>quia</strong></span> <span class='ocrx_word' id='word_1_606' title='bbox 1929 4376 2135 4436; x_wconf 81' lang='lat' dir='ltr'><strong>propter</strong></span> 
     </span>
    </p>
   </div>
   <div class='ocr_carea' id='block_1_79' title="bbox 545 4437 2133 4509">
    <p class='ocr_par' dir='ltr' id='par_1_79' title="bbox 545 4437 2133 4509">
     <span class='ocr_line' id='line_1_82' title="bbox 545 4437 2133 4509; baseline 0.001 -17"><span class='ocrx_word' id='word_1_607' title='bbox 545 4454 628 4492; x_wconf 86' lang='lat' dir='ltr'><strong>eos</strong></span> <span class='ocrx_word' id='word_1_608' title='bbox 655 4439 741 4506; x_wconf 89' lang='lat' dir='ltr'><strong>qui</strong></span> <span class='ocrx_word' id='word_1_609' title='bbox 771 4440 966 4507; x_wconf 87' lang='lat' dir='ltr'><strong>pariter</strong></span> <span class='ocrx_word' id='word_1_610' title='bbox 989 4437 1350 4494; x_wconf 76' lang='lat' dir='ltr'><strong>accumbebant</strong></span> <span class='ocrx_word' id='word_1_611' title='bbox 1371 4478 1386 4504; x_wconf 88' lang='lat'><strong>,</strong></span> <span class='ocrx_word' id='word_1_612' title='bbox 1420 4438 1592 4509; x_wconf 91' lang='lat' dir='ltr'><strong>inquit</strong></span> <span class='ocrx_word' id='word_1_613' title='bbox 1620 4437 1901 4492; x_wconf 63' lang='lat' dir='ltr'><strong>Matthasus</strong></span> <span class='ocrx_word' id='word_1_614' title='bbox 1920 4475 1936 4502; x_wconf 68' lang='grc' dir='ltr'><strong><em>τ</em></strong></span> <span class='ocrx_word' id='word_1_615' title='bbox 1961 4438 2133 4493; x_wconf 82' lang='lat' dir='ltr'><strong>voluit</strong></span> 
     </span>
    </p>
   </div>
   <div class='ocr_carea' id='block_1_80' title="bbox 551 4510 2130 4580">
    <p class='ocr_par' dir='ltr' id='par_1_80' title="bbox 551 4510 2130 4580">
     <span class='ocr_line' id='line_1_83' title="bbox 551 4510 2130 4580; baseline -0.001 -16"><span class='ocrx_word' id='word_1_616' title='bbox 551 4524 644 4580; x_wconf 81' lang='lat' dir='ltr'><strong>rex</strong></span> <span class='ocrx_word' id='word_1_617' title='bbox 670 4511 1033 4580; x_wconf 90' lang='lat' dir='ltr'><strong>jurameutum</strong></span> <span class='ocrx_word' id='word_1_618' title='bbox 1084 4526 1241 4565; x_wconf 89' lang='lat' dir='ltr'><strong>suum</strong></span> <span class='ocrx_word' id='word_1_619' title='bbox 1283 4511 1486 4564; x_wconf 90' lang='lat' dir='ltr'><strong>servari</strong></span> <span class='ocrx_word' id='word_1_620' title='bbox 1517 4518 1573 4580; x_wconf 88' lang='lat' dir='ltr'><strong>et</strong></span> <span class='ocrx_word' id='word_1_621' title='bbox 1599 4510 1932 4564; x_wconf 85' lang='lat' dir='ltr'><strong>exsecutioni</strong></span> <span class='ocrx_word' id='word_1_622' title='bbox 1971 4524 2130 4563; x_wconf 84' lang='lat' dir='ltr'><strong>man-</strong></span> 
     </span>
    </p>
   </div>
   <div class='ocr_carea' id='block_1_81' title="bbox 2245 3302 3834 3373">
    <p class='ocr_par' dir='ltr' id='par_1_81' title="bbox 2245 3302 3834 3373">
     <span class='ocr_line' id='line_1_84' title="bbox 2245 3302 3834 3373; baseline 0.002 -19"><span class='ocrx_word' id='word_1_623' title='bbox 2245 3317 2424 3371; x_wconf 86' lang='lat' dir='ltr'><strong>gasse,</strong></span> <span class='ocrx_word' id='word_1_624' title='bbox 2453 3311 2509 3357; x_wconf 91' lang='lat' dir='ltr'><strong>et</strong></span> <span class='ocrx_word' id='word_1_625' title='bbox 2534 3305 2714 3373; x_wconf 85' lang='lat' dir='ltr'><strong>potius</strong></span> <span class='ocrx_word' id='word_1_626' title='bbox 2746 3304 2966 3373; x_wconf 89' lang='lat' dir='ltr'><strong>perjurii</strong></span> <span class='ocrx_word' id='word_1_627' title='bbox 2996 3306 3202 3359; x_wconf 88' lang='lat' dir='ltr'><strong>crimen</strong></span> <span class='ocrx_word' id='word_1_628' title='bbox 3233 3303 3526 3358; x_wconf 90' lang='lat' dir='ltr'><strong>admissum</strong></span> <span class='ocrx_word' id='word_1_629' title='bbox 3553 3302 3722 3358; x_wconf 78' lang='lat' dir='ltr'><strong>fuisse</strong></span> <span class='ocrx_word' id='word_1_630' title='bbox 3760 3304 3834 3357; x_wconf 85' lang='lat' dir='ltr'><strong>il-</strong></span> 
     </span>
    </p>
   </div>
   <div class='ocr_carea' id='block_1_82' title="bbox 2246 3373 3832 3444">
    <p class='ocr_par' dir='ltr' id='par_1_82' title="bbox 2246 3373 3832 3444">
     <span class='ocr_line' id='line_1_85' title="bbox 2246 3373 3832 3444; baseline 0.001 -17"><span class='ocrx_word' id='word_1_631' title='bbox 2246 3374 2335 3428; x_wconf 91' lang='lat' dir='ltr'><strong>lud</strong></span> <span class='ocrx_word' id='word_1_632' title='bbox 2384 3373 2734 3440; x_wconf 81' lang='lat' dir='ltr'><strong>exsequendo</strong></span> <span class='ocrx_word' id='word_1_633' title='bbox 2763 3390 2925 3444; x_wconf 90' lang='lat' dir='ltr'><strong>quam</strong></span> <span class='ocrx_word' id='word_1_634' title='bbox 2955 3374 3145 3429; x_wconf 80' lang='lat' dir='ltr'><strong>inisset</strong></span> <span class='ocrx_word' id='word_1_635' title='bbox 3187 3375 3510 3434; x_wconf 87' lang='lat' dir='ltr'><strong>omittendo.</strong></span> <span class='ocrx_word' id='word_1_636' title='bbox 3556 3381 3613 3429; x_wconf 88' lang='lat' dir='ltr'><strong>ut</strong></span> <span class='ocrx_word' id='word_1_637' title='bbox 3658 3375 3832 3430; x_wconf 87' lang='lat' dir='ltr'><strong>modo</strong></span> 
     </span>
    </p>
   </div>
   <div class='ocr_carea' id='block_1_83' title="bbox 2242 3445 3832 3517">
    <p class='ocr_par' dir='ltr' id='par_1_83' title="bbox 2242 3445 3832 3517">
     <span class='ocr_line' id='line_1_86' title="bbox 2242 3445 3832 3517; baseline 0.003 -19"><span class='ocrx_word' id='word_1_638' title='bbox 2242 3446 2446 3517; x_wconf 86' lang='lat' dir='ltr'><strong>dictum</strong></span> <span class='ocrx_word' id='word_1_639' title='bbox 2477 3454 2589 3517; x_wconf 85' lang='lat' dir='ltr'><strong>est;</strong></span> <span class='ocrx_word' id='word_1_640' title='bbox 2639 3455 2696 3500; x_wconf 90' lang='lat' dir='ltr'><strong>et</strong></span> <span class='ocrx_word' id='word_1_641' title='bbox 2736 3445 2896 3517; x_wconf 85' lang='lat' dir='ltr'><strong>longe</strong></span> <span class='ocrx_word' id='word_1_642' title='bbox 2939 3445 3083 3517; x_wconf 88' lang='lat' dir='ltr'><strong>aliud</strong></span> <span class='ocrx_word' id='word_1_643' title='bbox 3115 3456 3199 3517; x_wconf 85' lang='lat' dir='ltr'><strong>est</strong></span> <span class='ocrx_word' id='word_1_644' title='bbox 3241 3446 3454 3500; x_wconf 90' lang='lat' dir='ltr'><strong>mentiri</strong></span> <span class='ocrx_word' id='word_1_645' title='bbox 3484 3445 3574 3517; x_wconf 89' lang='lat' dir='ltr'><strong>(de</strong></span> <span class='ocrx_word' id='word_1_646' title='bbox 3601 3461 3708 3514; x_wconf 86' lang='lat' dir='ltr'><strong>quo</strong></span> <span class='ocrx_word' id='word_1_647' title='bbox 3735 3449 3832 3502; x_wconf 87' lang='lat' dir='ltr'><strong>hic</strong></span> 
     </span>
    </p>
   </div>
   <div class='ocr_carea' id='block_1_84' title="bbox 2242 3514 3831 3586">
    <p class='ocr_par' dir='ltr' id='par_1_84' title="bbox 2242 3514 3831 3586">
     <span class='ocr_line' id='line_1_87' title="bbox 2242 3514 3831 3586; baseline 0.004 -19"><span class='ocrx_word' id='word_1_648' title='bbox 2242 3514 2529 3586; x_wconf 76' lang='lat' dir='ltr'><strong>quaeritur)</strong></span> <span class='ocrx_word' id='word_1_649' title='bbox 2556 3525 2612 3570; x_wconf 91' lang='lat' dir='ltr'><strong>et</strong></span> <span class='ocrx_word' id='word_1_650' title='bbox 2639 3514 2964 3586; x_wconf 83' lang='lat' dir='ltr'><strong>promissum</strong></span> <span class='ocrx_word' id='word_1_651' title='bbox 2991 3516 3104 3572; x_wconf 88' lang='lat' dir='ltr'><strong>sive</strong></span> <span class='ocrx_word' id='word_1_652' title='bbox 3124 3514 3503 3586; x_wconf 86' lang='lat' dir='ltr'><strong>jurameutum</strong></span> <span class='ocrx_word' id='word_1_653' title='bbox 3525 3525 3831 3573; x_wconf 85' lang='lat' dir='ltr'><strong>retractare</strong></span> 
     </span>
    </p>
   </div>
   <div class='ocr_carea' id='block_1_85' title="bbox 2242 3585 3158 3654">
    <p class='ocr_par' dir='ltr' id='par_1_85' title="bbox 2242 3585 3158 3654">
     <span class='ocr_line' id='line_1_88' title="bbox 2242 3585 3158 3654; baseline 0.001 -15"><span class='ocrx_word' id='word_1_654' title='bbox 2242 3594 2333 3640; x_wconf 90' lang='lat' dir='ltr'><strong>aut</strong></span> <span class='ocrx_word' id='word_1_655' title='bbox 2364 3585 2592 3652; x_wconf 82' lang='lat' dir='ltr'><strong>violare,</strong></span> <span class='ocrx_word' id='word_1_656' title='bbox 2623 3599 2680 3641; x_wconf 93' lang='lat' dir='ltr'><strong>ut</strong></span> <span class='ocrx_word' id='word_1_657' title='bbox 2711 3602 2777 3642; x_wconf 88' lang='lat' dir='ltr'><strong>ex</strong></span> <span class='ocrx_word' id='word_1_658' title='bbox 2804 3587 2963 3642; x_wconf 84' lang='lat' dir='ltr'><strong>dictis</strong></span> <span class='ocrx_word' id='word_1_659' title='bbox 2993 3585 3158 3654; x_wconf 83' lang='lat' dir='ltr'><strong>patet.</strong></span> 
     </span>
    </p>
   </div>
   <div class='ocr_carea' id='block_1_86' title="bbox 2313 3654 3832 3728">
    <p class='ocr_par' dir='ltr' id='par_1_86' title="bbox 2313 3654 3832 3728">
     <span class='ocr_line' id='line_1_89' title="bbox 2313 3654 3832 3728; baseline 0.003 -17"><span class='ocrx_word' id='word_1_660' title='bbox 2313 3664 2340 3694; x_wconf 75' lang='grc' dir='ltr'>ι</span> <span class='ocrx_word' id='word_1_661' title='bbox 2373 3654 2463 3712; x_wconf 92' lang='lat' dir='ltr'><strong>Sic</strong></span> <span class='ocrx_word' id='word_1_662' title='bbox 2495 3657 2570 3711; x_wconf 89' lang='lat' dir='ltr'><strong>illi</strong></span> <span class='ocrx_word' id='word_1_663' title='bbox 2613 3658 2779 3714; x_wconf 82' lang='lat' dir='ltr'><strong>verba</strong></span> <span class='ocrx_word' id='word_1_664' title='bbox 2819 3657 3021 3728; x_wconf 80' lang='lat' dir='ltr'><strong>Christi</strong></span> <span class='ocrx_word' id='word_1_665' title='bbox 3063 3657 3205 3728; x_wconf 92' lang='lat' dir='ltr'><strong>apud</strong></span> <span class='ocrx_word' id='word_1_666' title='bbox 3232 3658 3562 3722; x_wconf 66' lang='lat' dir='ltr'><strong>Matthmum,</strong></span> <span class='ocrx_word' id='word_1_667' title='bbox 3595 3657 3660 3713; x_wconf 91' lang='lat' dir='ltr'><strong>de</strong></span> <span class='ocrx_word' id='word_1_668' title='bbox 3699 3673 3832 3726; x_wconf 74' lang='lat' dir='ltr'><strong>pro-</strong></span> 
     </span>
    </p>
   </div>
   <div class='ocr_carea' id='block_1_87' title="bbox 2241 3727 3831 3798">
    <p class='ocr_par' dir='ltr' id='par_1_87' title="bbox 2241 3727 3831 3798">
     <span class='ocr_line' id='line_1_90' title="bbox 2241 3727 3831 3798; baseline 0.003 -16"><span class='ocrx_word' id='word_1_669' title='bbox 2241 3729 2424 3782; x_wconf 84' lang='lat' dir='ltr'><strong>missis</strong></span> <span class='ocrx_word' id='word_1_670' title='bbox 2471 3729 2792 3797; x_wconf 72' lang='lat' dir='ltr'><strong>prrestandis</strong></span> <span class='ocrx_word' id='word_1_671' title='bbox 2838 3727 3381 3798; x_wconf 88' lang='lat' dir='ltr'><strong>interpretabantur,</strong></span> <span class='ocrx_word' id='word_1_672' title='bbox 3422 3731 3576 3797; x_wconf 86' lang='lat' dir='ltr'><strong>quasi</strong></span> <span class='ocrx_word' id='word_1_673' title='bbox 3629 3743 3831 3786; x_wconf 84' lang='lat' dir='ltr'><strong>sensus</strong></span> 
     </span>
    </p>
   </div>
   <div class='ocr_carea' id='block_1_88' title="bbox 2241 3798 3832 3872">
    <p class='ocr_par' dir='ltr' id='par_1_88' title="bbox 2241 3798 3832 3872">
     <span class='ocr_line' id='line_1_91' title="bbox 2241 3798 3832 3872; baseline 0.003 -19"><span class='ocrx_word' id='word_1_674' title='bbox 2241 3799 2314 3872; x_wconf 74' lang='lat' dir='ltr'><strong>sit</strong></span> <span class='ocrx_word' id='word_1_675' title='bbox 2346 3817 2360 3853; x_wconf 89' lang='lat'><strong>:</strong></span> <span class='ocrx_word' id='word_1_676' title='bbox 2394 3799 2538 3868; x_wconf 83' lang='lat' dir='ltr'><strong>quod</strong></span> <span class='ocrx_word' id='word_1_677' title='bbox 2563 3813 2657 3854; x_wconf 89' lang='lat' dir='ltr'><strong>vos</strong></span> <span class='ocrx_word' id='word_1_678' title='bbox 2675 3801 3012 3872; x_wconf 81' lang='lat' dir='ltr'><strong>promisistis</strong></span> <span class='ocrx_word' id='word_1_679' title='bbox 3035 3798 3296 3863; x_wconf 82' lang='lat' dir='ltr'><strong>facturos,</strong></span> <span class='ocrx_word' id='word_1_680' title='bbox 3320 3801 3510 3867; x_wconf 75' lang='lat' dir='ltr'><strong>facite;</strong></span> <span class='ocrx_word' id='word_1_681' title='bbox 3542 3801 3687 3872; x_wconf 87' lang='lat' dir='ltr'><strong>quod</strong></span> <span class='ocrx_word' id='word_1_682' title='bbox 3715 3817 3832 3858; x_wconf 85' lang='lat' dir='ltr'><strong>non</strong></span> 
     </span>
    </p>
   </div>
   <div class='ocr_carea' id='block_1_89' title="bbox 2240 3869 3828 3943">
    <p class='ocr_par' dir='ltr' id='par_1_89' title="bbox 2240 3869 3828 3943">
     <span class='ocr_line' id='line_1_92' title="bbox 2240 3869 3828 3943; baseline 0.003 -21"><span class='ocrx_word' id='word_1_683' title='bbox 2240 3870 2503 3943; x_wconf 66' lang='lat' dir='ltr'><strong>[acturos,</strong></span> <span class='ocrx_word' id='word_1_684' title='bbox 2546 3886 2615 3943; x_wconf 89' lang='lat' dir='ltr'><strong>ne</strong></span> <span class='ocrx_word' id='word_1_685' title='bbox 2658 3869 2870 3943; x_wconf 58' lang='lat' dir='ltr'><strong>facite;</strong></span> <span class='ocrx_word' id='word_1_686' title='bbox 2899 3872 3175 3943; x_wconf 78' lang='lat' dir='ltr'><strong>quomodo</strong></span> <span class='ocrx_word' id='word_1_687' title='bbox 3216 3873 3381 3926; x_wconf 90' lang='lat' dir='ltr'><strong>etiam</strong></span> <span class='ocrx_word' id='word_1_688' title='bbox 3423 3869 3662 3943; x_wconf 41' lang='lat' dir='ltr'><strong>loqui—tur</strong></span> <span class='ocrx_word' id='word_1_689' title='bbox 3708 3872 3828 3928; x_wconf 86' lang='lat' dir='ltr'><strong>div.</strong></span> 
     </span>
    </p>
   </div>
   <div class='ocr_carea' id='block_1_90' title="bbox 2239 3940 3827 4013">
    <p class='ocr_par' dir='ltr' id='par_1_90' title="bbox 2239 3940 3827 4013">
     <span class='ocr_line' id='line_1_93' title="bbox 2239 3940 3827 4013; baseline 0 -18"><span class='ocrx_word' id='word_1_690' title='bbox 2239 3940 2442 3995; x_wconf 86' lang='lat' dir='ltr'><strong>Paulus</strong></span> <span class='ocrx_word' id='word_1_691' title='bbox 2483 3955 2520 3994; x_wconf 90' lang='lat' dir='ltr'><strong>tt</strong></span> <span class='ocrx_word' id='word_1_692' title='bbox 2550 3942 2618 3995; x_wconf 89' lang='lat' dir='ltr'><strong>ad</strong></span> <span class='ocrx_word' id='word_1_693' title='bbox 2643 3941 2893 3997; x_wconf 88' lang='lat' dir='ltr'><strong>Corinth.</strong></span> <span class='ocrx_word' id='word_1_694' title='bbox 2925 3956 2944 3995; x_wconf 89' lang='lat' dir='ltr'><strong>t</strong></span> <span class='ocrx_word' id='word_1_695' title='bbox 2975 3959 2988 3994; x_wconf 91' lang='lat'><strong>:</strong></span> <span class='ocrx_word' id='word_1_696' title='bbox 3015 3941 3286 4013; x_wconf 86' lang='lat' dir='ltr'><strong>Numquid</strong></span> <span class='ocrx_word' id='word_1_697' title='bbox 3312 3940 3510 3997; x_wconf 71' lang='lat' dir='ltr'><strong>leuitate</strong></span> <span class='ocrx_word' id='word_1_698' title='bbox 3536 3959 3658 3997; x_wconf 85' lang='lat' dir='ltr'><strong>usus</strong></span> <span class='ocrx_word' id='word_1_699' title='bbox 3685 3959 3827 4006; x_wconf 88' lang='lat' dir='ltr'><strong>sum,</strong></span> 
     </span>
    </p>
   </div>
   <div class='ocr_carea' id='block_1_91' title="bbox 2237 4013 3828 4084">
    <p class='ocr_par' dir='ltr' id='par_1_91' title="bbox 2237 4013 3828 4084">
     <span class='ocr_line' id='line_1_94' title="bbox 2237 4013 3828 4084; baseline 0.002 -21"><span class='ocrx_word' id='word_1_700' title='bbox 2237 4019 2327 4063; x_wconf 88' lang='lat' dir='ltr'><strong>aut</strong></span> <span class='ocrx_word' id='word_1_701' title='bbox 2351 4027 2465 4080; x_wconf 67' lang='lat' dir='ltr'><strong>quae</strong></span> <span class='ocrx_word' id='word_1_702' title='bbox 2488 4013 2678 4084; x_wconf 87' lang='lat' dir='ltr'><strong>cogito,</strong></span> <span class='ocrx_word' id='word_1_703' title='bbox 2704 4014 2984 4084; x_wconf 57' lang='lat' dir='ltr'><strong>secundum</strong></span> <span class='ocrx_word' id='word_1_704' title='bbox 3028 4030 3233 4084; x_wconf 86' lang='lat' dir='ltr'><strong>carnem</strong></span> <span class='ocrx_word' id='word_1_705' title='bbox 3272 4014 3460 4084; x_wconf 87' lang='lat' dir='ltr'><strong>cogito,</strong></span> <span class='ocrx_word' id='word_1_706' title='bbox 3507 4025 3562 4067; x_wconf 90' lang='lat' dir='ltr'><strong>ut</strong></span> <span class='ocrx_word' id='word_1_707' title='bbox 3588 4013 3652 4066; x_wconf 87' lang='lat' dir='ltr'><strong>sit</strong></span> <span class='ocrx_word' id='word_1_708' title='bbox 3681 4015 3828 4079; x_wconf 87' lang='lat' dir='ltr'><strong>apud</strong></span> 
     </span>
    </p>
   </div>
   <div class='ocr_carea' id='block_1_92' title="bbox 2237 4081 3829 4154">
    <p class='ocr_par' dir='ltr' id='par_1_92' title="bbox 2237 4081 3829 4154">
     <span class='ocr_line' id='line_1_95' title="bbox 2237 4081 3829 4154; baseline 0.001 -20"><span class='ocrx_word' id='word_1_709' title='bbox 2237 4097 2336 4145; x_wconf 88' lang='lat' dir='ltr'><strong>me,</strong></span> <span class='ocrx_word' id='word_1_710' title='bbox 2376 4091 2470 4148; x_wconf 85' lang='lat' dir='ltr'><strong>est,</strong></span> <span class='ocrx_word' id='word_1_711' title='bbox 2503 4081 2722 4138; x_wconf 58' lang='lat' dir='ltr'><strong>et&#39;non?</strong></span> <span class='ocrx_word' id='word_1_712' title='bbox 2752 4081 2952 4137; x_wconf 83' lang='lat' dir='ltr'><strong>Fidelis</strong></span> <span class='ocrx_word' id='word_1_713' title='bbox 2980 4093 3156 4138; x_wconf 89' lang='lat' dir='ltr'><strong>autem</strong></span> <span class='ocrx_word' id='word_1_714' title='bbox 3187 4081 3350 4150; x_wconf 64' lang='lat' dir='ltr'><strong>Deus,</strong></span> <span class='ocrx_word' id='word_1_715' title='bbox 3377 4085 3496 4154; x_wconf 89' lang='lat' dir='ltr'><strong>quia</strong></span> <span class='ocrx_word' id='word_1_716' title='bbox 3523 4099 3691 4138; x_wconf 88' lang='lat' dir='ltr'><strong>sermo</strong></span> <span class='ocrx_word' id='word_1_717' title='bbox 3732 4100 3829 4136; x_wconf 88' lang='lat' dir='ltr'><strong>no-</strong></span> 
     </span>
    </p>
   </div>
   <div class='ocr_carea' id='block_1_93' title="bbox 2237 4154 3829 4224">
    <p class='ocr_par' dir='ltr' id='par_1_93' title="bbox 2237 4154 3829 4224">
     <span class='ocr_line' id='line_1_96' title="bbox 2237 4154 3829 4224; baseline 0.003 -19"><span class='ocrx_word' id='word_1_718' title='bbox 2237 4165 2363 4220; x_wconf 89' lang='lat' dir='ltr'><strong>ster,</strong></span> <span class='ocrx_word' id='word_1_719' title='bbox 2387 4154 2477 4223; x_wconf 88' lang='lat' dir='ltr'><strong>qui</strong></span> <span class='ocrx_word' id='word_1_720' title='bbox 2507 4154 2604 4224; x_wconf 82' lang='lat' dir='ltr'><strong>fuit</strong></span> <span class='ocrx_word' id='word_1_721' title='bbox 2625 4155 2765 4222; x_wconf 90' lang='lat' dir='ltr'><strong>apud</strong></span> <span class='ocrx_word' id='word_1_722' title='bbox 2797 4171 2905 4222; x_wconf 75' lang='lat' dir='ltr'><strong>vos,</strong></span> <span class='ocrx_word' id='word_1_723' title='bbox 2933 4171 3034 4208; x_wconf 90' lang='lat' dir='ltr'><strong>non</strong></span> <span class='ocrx_word' id='word_1_724' title='bbox 3062 4163 3135 4208; x_wconf 90' lang='lat' dir='ltr'><strong>est</strong></span> <span class='ocrx_word' id='word_1_725' title='bbox 3163 4155 3217 4208; x_wconf 91' lang='lat' dir='ltr'><strong>in</strong></span> <span class='ocrx_word' id='word_1_726' title='bbox 3243 4156 3356 4220; x_wconf 89' lang='lat' dir='ltr'><strong>illo,</strong></span> <span class='ocrx_word' id='word_1_727' title='bbox 3387 4165 3479 4219; x_wconf 89' lang='lat' dir='ltr'><strong>est,</strong></span> <span class='ocrx_word' id='word_1_728' title='bbox 3507 4165 3555 4209; x_wconf 90' lang='lat' dir='ltr'><strong>et</strong></span> <span class='ocrx_word' id='word_1_729' title='bbox 3596 4170 3721 4207; x_wconf 86' lang='lat' dir='ltr'><strong>non.</strong></span> <span class='ocrx_word' id='word_1_730' title='bbox 3753 4156 3829 4209; x_wconf 86' lang='lat' dir='ltr'><strong>At</strong></span> 
     </span>
    </p>
   </div>
   <div class='ocr_carea' id='block_1_94' title="bbox 2237 4224 3827 4294">
    <p class='ocr_par' dir='ltr' id='par_1_94' title="bbox 2237 4224 3827 4294">
     <span class='ocr_line' id='line_1_97' title="bbox 2237 4224 3827 4294; baseline 0.001 -16"><span class='ocrx_word' id='word_1_731' title='bbox 2237 4238 2489 4293; x_wconf 81' lang='lat' dir='ltr'><strong>proprius</strong></span> <span class='ocrx_word' id='word_1_732' title='bbox 2534 4236 2588 4279; x_wconf 93' lang='lat' dir='ltr'><strong>et</strong></span> <span class='ocrx_word' id='word_1_733' title='bbox 2616 4240 2910 4294; x_wconf 89' lang='lat' dir='ltr'><strong>germanus</strong></span> <span class='ocrx_word' id='word_1_734' title='bbox 2953 4240 3146 4280; x_wconf 87' lang='lat' dir='ltr'><strong>sensus</strong></span> <span class='ocrx_word' id='word_1_735' title='bbox 3177 4226 3466 4281; x_wconf 84' lang='lat' dir='ltr'><strong>verborum</strong></span> <span class='ocrx_word' id='word_1_736' title='bbox 3503 4224 3708 4280; x_wconf 90' lang='lat' dir='ltr'><strong>Christi</strong></span> <span class='ocrx_word' id='word_1_737' title='bbox 3739 4235 3827 4280; x_wconf 89' lang='lat' dir='ltr'><strong>est</strong></span> 
     </span>
    </p>
   </div>
   <div class='ocr_carea' id='block_1_95' title="bbox 2235 4294 3830 4369">
    <p class='ocr_par' dir='ltr' id='par_1_95' title="bbox 2235 4294 3830 4369">
     <span class='ocr_line' id='line_1_98' title="bbox 2235 4294 3830 4369; baseline 0.001 -22"><span class='ocrx_word' id='word_1_738' title='bbox 2235 4294 2305 4348; x_wconf 91' lang='lat' dir='ltr'><strong>de</strong></span> <span class='ocrx_word' id='word_1_739' title='bbox 2347 4309 2450 4369; x_wconf 82' lang='lat' dir='ltr'><strong>non</strong></span> <span class='ocrx_word' id='word_1_740' title='bbox 2480 4296 2738 4364; x_wconf 88' lang='lat' dir='ltr'><strong>juraudo,</strong></span> <span class='ocrx_word' id='word_1_741' title='bbox 2766 4295 2870 4350; x_wconf 89' lang='lat' dir='ltr'><strong>hoc</strong></span> <span class='ocrx_word' id='word_1_742' title='bbox 2901 4305 3006 4361; x_wconf 92' lang='lat' dir='ltr'><strong>est,</strong></span> <span class='ocrx_word' id='word_1_743' title='bbox 3048 4306 3106 4369; x_wconf 85' lang='lat' dir='ltr'><strong>ut</strong></span> <span class='ocrx_word' id='word_1_744' title='bbox 3147 4295 3214 4369; x_wconf 82' lang='lat' dir='ltr'><strong>ab</strong></span> <span class='ocrx_word' id='word_1_745' title='bbox 3252 4295 3401 4351; x_wconf 89' lang='lat' dir='ltr'><strong>omni</strong></span> <span class='ocrx_word' id='word_1_746' title='bbox 3447 4297 3632 4369; x_wconf 83' lang='lat' dir='ltr'><strong>specie</strong></span> <span class='ocrx_word' id='word_1_747' title='bbox 3672 4295 3830 4369; x_wconf 34' lang='lat' dir='ltr'><strong>jura:-</strong></span> 
     </span>
    </p>
   </div>
   <div class='ocr_carea' id='block_1_96' title="bbox 2237 4365 3824 4436">
    <p class='ocr_par' dir='ltr' id='par_1_96' title="bbox 2237 4365 3824 4436">
     <span class='ocr_line' id='line_1_99' title="bbox 2237 4365 3824 4436; baseline 0.002 -17"><span class='ocrx_word' id='word_1_748' title='bbox 2237 4365 2404 4420; x_wconf 91' lang='lat' dir='ltr'><strong>menti</strong></span> <span class='ocrx_word' id='word_1_749' title='bbox 2445 4377 2598 4421; x_wconf 84' lang='lat' dir='ltr'><strong>extra</strong></span> <span class='ocrx_word' id='word_1_750' title='bbox 2629 4369 3005 4422; x_wconf 89' lang='lat' dir='ltr'><strong>necessitatem</strong></span> <span class='ocrx_word' id='word_1_751' title='bbox 3049 4365 3556 4427; x_wconf 55' lang='lat' dir='ltr'><strong>abstineamusz&#39;et</strong></span> <span class='ocrx_word' id='word_1_752' title='bbox 3585 4366 3824 4436; x_wconf 86' lang='lat' dir='ltr'><strong>simplici</strong></span> 
     </span>
    </p>
   </div>
   <div class='ocr_carea' id='block_1_97' title="bbox 2234 4437 3826 4509">
    <p class='ocr_par' dir='ltr' id='par_1_97' title="bbox 2234 4437 3826 4509">
     <span class='ocr_line' id='line_1_100' title="bbox 2234 4437 3826 4509; baseline -0.001 -17"><span class='ocrx_word' id='word_1_753' title='bbox 2234 4450 2493 4493; x_wconf 88' lang='lat' dir='ltr'><strong>sermone</strong></span> <span class='ocrx_word' id='word_1_754' title='bbox 2521 4479 2537 4504; x_wconf 98' lang='lat'><strong>,</strong></span> <span class='ocrx_word' id='word_1_755' title='bbox 2582 4437 2815 4508; x_wconf 85' lang='lat' dir='ltr'><strong>simplici</strong></span> <span class='ocrx_word' id='word_1_756' title='bbox 2847 4437 3211 4494; x_wconf 79' lang='lat' dir='ltr'><strong>afﬁrmatione</strong></span> <span class='ocrx_word' id='word_1_757' title='bbox 3247 4447 3342 4492; x_wconf 91' lang='lat' dir='ltr'><strong>aut</strong></span> <span class='ocrx_word' id='word_1_758' title='bbox 3389 4439 3677 4509; x_wconf 81' lang='lat' dir='ltr'><strong>negatione</strong></span> <span class='ocrx_word' id='word_1_759' title='bbox 3707 4451 3826 4492; x_wconf 87' lang='lat' dir='ltr'><strong>nta-</strong></span> 
     </span>
    </p>
   </div>
   <div class='ocr_carea' id='block_1_98' title="bbox 2236 4509 3826 4580">
    <p class='ocr_par' dir='ltr' id='par_1_98' title="bbox 2236 4509 3826 4580">
     <span class='ocr_line' id='line_1_101' title="bbox 2236 4509 3826 4580; baseline 0.002 -19"><span class='ocrx_word' id='word_1_760' title='bbox 2236 4523 2372 4572; x_wconf 90' lang='lat' dir='ltr'><strong>mur,</strong></span> <span class='ocrx_word' id='word_1_761' title='bbox 2421 4517 2583 4580; x_wconf 90' lang='lat' dir='ltr'><strong>prout</strong></span> <span class='ocrx_word' id='word_1_762' title='bbox 2611 4512 2815 4564; x_wconf 88' lang='lat' dir='ltr'><strong>veritas</strong></span> <span class='ocrx_word' id='word_1_763' title='bbox 2841 4523 2901 4564; x_wconf 89' lang='lat' dir='ltr'><strong>se</strong></span> <span class='ocrx_word' id='word_1_764' title='bbox 2942 4510 3122 4564; x_wconf 89' lang='lat' dir='ltr'><strong>habet.</strong></span> <span class='ocrx_word' id='word_1_765' title='bbox 3151 4509 3393 4580; x_wconf 82' lang='lat' dir='ltr'><strong>Quodsi</strong></span> <span class='ocrx_word' id='word_1_766' title='bbox 3434 4512 3736 4580; x_wconf 88' lang='lat' dir='ltr'><strong>pleniorem</strong></span> <span class='ocrx_word' id='word_1_767' title='bbox 3766 4520 3826 4564; x_wconf 90' lang='lat' dir='ltr'><strong>et</strong></span> 
     </span>
    </p>
   </div>
   <div class='ocr_carea' id='block_1_99' title="bbox 546 4579 3823 4671">
    <p class='ocr_par' dir='ltr' id='par_1_99' title="bbox 546 4579 3823 4671">
     <span class='ocr_line' id='line_1_102' title="bbox 546 4579 3823 4671; baseline 0.001 -38"><span class='ocrx_word' id='word_1_768' title='bbox 546 4579 686 4636; x_wconf 87' lang='lat' dir='ltr'><strong>dari.</strong></span> <span class='ocrx_word' id='word_1_769' title='bbox 720 4580 900 4663; x_wconf 71' lang='lat' dir='ltr'><strong>voluit</strong></span> <span class='ocrx_word' id='word_1_770' title='bbox 927 4597 1076 4652; x_wconf 88' lang='lat' dir='ltr'><strong>ergo,</strong></span> <span class='ocrx_word' id='word_1_771' title='bbox 1117 4591 1174 4635; x_wconf 93' lang='lat' dir='ltr'><strong>ut</strong></span> <span class='ocrx_word' id='word_1_772' title='bbox 1199 4589 1349 4664; x_wconf 78' lang='lat' dir='ltr'><strong>notat</strong></span> <span class='ocrx_word' id='word_1_773' title='bbox 1379 4581 1490 4671; x_wconf 58' lang='lat' dir='ltr'><strong>di&#39;v.</strong></span> <span class='ocrx_word' id='word_1_774' title='bbox 1515 4579 1873 4663; x_wconf 78' lang='lat' dir='ltr'><strong>Hieronymus</strong></span> <span class='ocrx_word' id='word_1_775' title='bbox 1895 4581 1946 4634; x_wconf 94' lang='lat' dir='ltr'><strong>in</strong></span> <span class='ocrx_word' id='word_1_776' title='bbox 1975 4594 2125 4634; x_wconf 83' lang='lat' dir='ltr'><strong>com-</strong></span> <span class='ocrx_word' id='word_1_777' title='bbox 2151 4609 2207 4671; x_wconf 66' lang='grc' dir='ltr'><strong>ι)</strong></span> <span class='ocrx_word' id='word_1_778' title='bbox 2235 4579 2564 4671; x_wconf 59' lang='lat' dir='ltr'><strong>exactiorem</strong></span> <span class='ocrx_word' id='word_1_779' title='bbox 2595 4582 2714 4671; x_wconf 65' lang='lat' dir='ltr'><strong>ejus</strong></span> <span class='ocrx_word' id='word_1_780' title='bbox 2759 4581 3041 4664; x_wconf 72' lang='lat' dir='ltr'><strong>sententia:</strong></span> <span class='ocrx_word' id='word_1_781' title='bbox 3083 4579 3823 4671; x_wconf 53' lang='lat' dir='ltr'><strong>explicationemIrequiras2</strong></span> 
     </span>
    </p>
   </div>
   <div class='ocr_carea' id='block_1_100' title="bbox 545 4650 2120 4717">
    <p class='ocr_par' dir='ltr' id='par_1_100' title="bbox 545 4650 2120 4717">
     <span class='ocr_line' id='line_1_103' title="bbox 545 4650 2120 4717; baseline 0.001 -12"><span class='ocrx_word' id='word_1_782' title='bbox 545 4652 839 4717; x_wconf 86' lang='lat' dir='ltr'><strong>mentario,</strong></span> <span class='ocrx_word' id='word_1_783' title='bbox 872 4650 1042 4706; x_wconf 79' lang='lat' dir='ltr'><strong>omnes</strong></span> <span class='ocrx_word' id='word_1_784' title='bbox 1077 4653 1316 4706; x_wconf 84' lang='lat' dir='ltr'><strong>convivas</strong></span> <span class='ocrx_word' id='word_1_785' title='bbox 1345 4650 1552 4706; x_wconf 87' lang='lat' dir='ltr'><strong>sceleris</strong></span> <span class='ocrx_word' id='word_1_786' title='bbox 1578 4653 1660 4705; x_wconf 91' lang='lat' dir='ltr'><strong>sui</strong></span> <span class='ocrx_word' id='word_1_787' title='bbox 1706 4650 1814 4704; x_wconf 84' lang='lat' dir='ltr'><strong>esse</strong></span> <span class='ocrx_word' id='word_1_788' title='bbox 1838 4661 2120 4707; x_wconf 86' lang='lat' dir='ltr'><strong>consortes.</strong></span> 
     </span>
    </p>
   </div>
   <div class='ocr_carea' id='block_1_101' title="bbox 543 4721 2120 4793">
    <p class='ocr_par' dir='ltr' id='par_1_101' title="bbox 543 4721 2120 4793">
     <span class='ocr_line' id='line_1_104' title="bbox 543 4721 2120 4793; baseline -0.001 -16"><span class='ocrx_word' id='word_1_789' title='bbox 543 4722 607 4777; x_wconf 71' lang='grc' dir='ltr'><strong>4ο</strong></span> <span class='ocrx_word' id='word_1_790' title='bbox 642 4722 1008 4793; x_wconf 80' lang='lat' dir='ltr'><strong>Spectaculum</strong></span> <span class='ocrx_word' id='word_1_791' title='bbox 1063 4722 1345 4778; x_wconf 77' lang='lat' dir='ltr'><strong>exhibitum</strong></span> <span class='ocrx_word' id='word_1_792' title='bbox 1400 4731 1516 4787; x_wconf 88' lang='lat' dir='ltr'><strong>est,</strong></span> <span class='ocrx_word' id='word_1_793' title='bbox 1567 4722 1740 4792; x_wconf 92' lang='lat' dir='ltr'><strong>inquit</strong></span> <span class='ocrx_word' id='word_1_794' title='bbox 1779 4721 2120 4790; x_wconf 83' lang='lat' dir='ltr'><strong>Ambrosius,</strong></span> 
     </span>
    </p>
   </div>
   <div class='ocr_carea' id='block_1_102' title="bbox 543 4793 2126 4862">
    <p class='ocr_par' dir='ltr' id='par_1_102' title="bbox 543 4793 2126 4862">
     <span class='ocr_line' id='line_1_105' title="bbox 543 4793 2126 4862; baseline 0.001 -16"><span class='ocrx_word' id='word_1_795' title='bbox 543 4797 682 4862; x_wconf 91' lang='lat' dir='ltr'><strong>quod</strong></span> <span class='ocrx_word' id='word_1_796' title='bbox 707 4795 862 4848; x_wconf 91' lang='lat' dir='ltr'><strong>etiam</strong></span> <span class='ocrx_word' id='word_1_797' title='bbox 885 4810 1059 4848; x_wconf 90' lang='lat' dir='ltr'><strong>omnes</strong></span> <span class='ocrx_word' id='word_1_798' title='bbox 1089 4794 1294 4848; x_wconf 88' lang='lat' dir='ltr'><strong>barbari</strong></span> <span class='ocrx_word' id='word_1_799' title='bbox 1323 4795 1533 4847; x_wconf 88' lang='lat' dir='ltr'><strong>horrere</strong></span> <span class='ocrx_word' id='word_1_800' title='bbox 1561 4803 1948 4847; x_wconf 82' lang='lat' dir='ltr'><strong>consueverunt.</strong></span> <span class='ocrx_word' id='word_1_801' title='bbox 1977 4793 2126 4847; x_wconf 80' lang='lat' dir='ltr'><strong>Inter</strong></span> 
     </span>
    </p>
   </div>
   <div class='ocr_carea' id='block_1_103' title="bbox 542 4863 2127 4934">
    <p class='ocr_par' dir='ltr' id='par_1_103' title="bbox 542 4863 2127 4934">
     <span class='ocr_line' id='line_1_106' title="bbox 542 4863 2127 4934; baseline 0 -17"><span class='ocrx_word' id='word_1_802' title='bbox 542 4864 726 4932; x_wconf 85' lang='lat' dir='ltr'><strong>epulas</strong></span> <span class='ocrx_word' id='word_1_803' title='bbox 755 4874 905 4934; x_wconf 90' lang='lat' dir='ltr'><strong>atque</strong></span> <span class='ocrx_word' id='word_1_804' title='bbox 934 4867 1163 4918; x_wconf 83' lang='lat' dir='ltr'><strong>convivia</strong></span> <span class='ocrx_word' id='word_1_805' title='bbox 1201 4863 1621 4918; x_wconf 60' lang='lat' dir='ltr'><strong>consummando;</strong></span> <span class='ocrx_word' id='word_1_806' title='bbox 1649 4864 1966 4918; x_wconf 83' lang='lat' dir='ltr'><strong>crudelitatis</strong></span> <span class='ocrx_word' id='word_1_807' title='bbox 2005 4879 2127 4933; x_wconf 85' lang='lat' dir='ltr'><strong>pro-</strong></span> 
     </span>
    </p>
   </div>
   <div class='ocr_carea' id='block_1_104' title="bbox 542 4935 2127 5002">
    <p class='ocr_par' dir='ltr' id='par_1_104' title="bbox 542 4935 2127 5002">
     <span class='ocr_line' id='line_1_107' title="bbox 542 4935 2127 5002; baseline -0.001 -13"><span class='ocrx_word' id='word_1_808' title='bbox 542 4936 705 5002; x_wconf 77' lang='lat' dir='ltr'><strong>fertur</strong></span> <span class='ocrx_word' id='word_1_809' title='bbox 725 4936 968 4990; x_wconf 87' lang='lat' dir='ltr'><strong>edictum.</strong></span> <span class='ocrx_word' id='word_1_810' title='bbox 1011 4936 1078 4990; x_wconf 83' lang='lat' dir='ltr'><strong>Et</strong></span> <span class='ocrx_word' id='word_1_811' title='bbox 1099 4954 1131 4990; x_wconf 94' lang='lat' dir='ltr'><strong>a</strong></span> <span class='ocrx_word' id='word_1_812' title='bbox 1155 4937 1386 4990; x_wconf 84' lang='lat' dir='ltr'><strong>convivio</strong></span> <span class='ocrx_word' id='word_1_813' title='bbox 1412 4936 1481 4989; x_wconf 86' lang='lat' dir='ltr'><strong>ad</strong></span> <span class='ocrx_word' id='word_1_814' title='bbox 1517 4951 1793 5000; x_wconf 88' lang='lat' dir='ltr'><strong>carcerem,</strong></span> <span class='ocrx_word' id='word_1_815' title='bbox 1823 4935 1886 4988; x_wconf 91' lang='lat' dir='ltr'><strong>de</strong></span> <span class='ocrx_word' id='word_1_816' title='bbox 1924 4950 2127 4988; x_wconf 88' lang='lat' dir='ltr'><strong>carcere</strong></span> 
     </span>
    </p>
   </div>
   <div class='ocr_carea' id='block_1_105' title="bbox 541 5006 2124 5078">
    <p class='ocr_par' dir='ltr' id='par_1_105' title="bbox 541 5006 2124 5078">
     <span class='ocr_line' id='line_1_108' title="bbox 541 5006 2124 5078; baseline 0.001 -19"><span class='ocrx_word' id='word_1_817' title='bbox 541 5011 610 5059; x_wconf 90' lang='lat' dir='ltr'><strong>ad</strong></span> <span class='ocrx_word' id='word_1_818' title='bbox 653 5007 937 5062; x_wconf 71' lang='lat' dir='ltr'><strong>convicium</strong></span> <span class='ocrx_word' id='word_1_819' title='bbox 976 5008 1154 5078; x_wconf 79' lang='lat' dir='ltr'><strong>feralis</strong></span> <span class='ocrx_word' id='word_1_820' title='bbox 1183 5009 1371 5077; x_wconf 83' lang='lat' dir='ltr'><strong>ﬂagitii</strong></span> <span class='ocrx_word' id='word_1_821' title='bbox 1411 5007 1793 5078; x_wconf 65' lang='lat' dir='ltr'><strong>circumfertur</strong></span> <span class='ocrx_word' id='word_1_822' title='bbox 1808 5006 2124 5075; x_wconf 86' lang='lat' dir='ltr'><strong>obsequium.</strong></span> 
     </span>
    </p>
   </div>
   <div class='ocr_carea' id='block_1_106' title="bbox 541 5077 2122 5148">
    <p class='ocr_par' dir='ltr' id='par_1_106' title="bbox 541 5077 2122 5148">
     <span class='ocr_line' id='line_1_109' title="bbox 541 5077 2122 5148; baseline -0.003 -16"><span class='ocrx_word' id='word_1_823' title='bbox 541 5079 752 5142; x_wconf 78' lang='lat' dir='ltr'><strong>Quanta</strong></span> <span class='ocrx_word' id='word_1_824' title='bbox 771 5081 824 5131; x_wconf 90' lang='lat' dir='ltr'><strong>in</strong></span> <span class='ocrx_word' id='word_1_825' title='bbox 855 5095 956 5132; x_wconf 89' lang='lat' dir='ltr'><strong>uno</strong></span> <span class='ocrx_word' id='word_1_826' title='bbox 989 5081 1216 5148; x_wconf 77' lang='lat' dir='ltr'><strong>facinore</strong></span> <span class='ocrx_word' id='word_1_827' title='bbox 1245 5089 1359 5148; x_wconf 68' lang='lat' dir='ltr'><strong>sunt</strong></span> <span class='ocrx_word' id='word_1_828' title='bbox 1391 5078 1641 5131; x_wconf 83' lang='lat' dir='ltr'><strong>crimina!</strong></span> <span class='ocrx_word' id='word_1_829' title='bbox 1677 5077 1742 5132; x_wconf 85' lang='lat' dir='ltr'><strong>Et</strong></span> <span class='ocrx_word' id='word_1_830' title='bbox 1773 5077 1831 5132; x_wconf 92' lang='lat' dir='ltr'><strong>S.</strong></span> <span class='ocrx_word' id='word_1_831' title='bbox 1863 5079 2122 5148; x_wconf 76' lang='lat' dir='ltr'><strong>Hierony-</strong></span> 
     </span>
    </p>
   </div>
   <div class='ocr_carea' id='block_1_107' title="bbox 536 5147 2123 5218">
    <p class='ocr_par' dir='ltr' id='par_1_107' title="bbox 536 5147 2123 5218">
     <span class='ocr_line' id='line_1_110' title="bbox 536 5147 2123 5218; baseline -0.001 -16"><span class='ocrx_word' id='word_1_832' title='bbox 536 5165 657 5204; x_wconf 87' lang='lat' dir='ltr'><strong>mus</strong></span> <span class='ocrx_word' id='word_1_833' title='bbox 705 5152 757 5203; x_wconf 95' lang='lat' dir='ltr'><strong>iu</strong></span> <span class='ocrx_word' id='word_1_834' title='bbox 807 5149 1200 5204; x_wconf 76' lang='lat' dir='ltr'><strong>commentario</strong></span> <span class='ocrx_word' id='word_1_835' title='bbox 1246 5165 1258 5200; x_wconf 92' lang='lat'><strong>:</strong></span> <span class='ocrx_word' id='word_1_836' title='bbox 1307 5147 1578 5218; x_wconf 84' lang='lat' dir='ltr'><strong>Legimus,</strong></span> <span class='ocrx_word' id='word_1_837' title='bbox 1623 5148 1729 5214; x_wconf 90' lang='lat' dir='ltr'><strong>ait,</strong></span> <span class='ocrx_word' id='word_1_838' title='bbox 1775 5149 1830 5202; x_wconf 90' lang='lat' dir='ltr'><strong>in</strong></span> <span class='ocrx_word' id='word_1_839' title='bbox 1888 5147 2123 5202; x_wconf 82' lang='lat' dir='ltr'><strong>Romana</strong></span> 
     </span>
    </p>
   </div>
   <div class='ocr_carea' id='block_1_108' title="bbox 541 5219 2122 5288">
    <p class='ocr_par' dir='ltr' id='par_1_108' title="bbox 541 5219 2122 5288">
     <span class='ocr_line' id='line_1_111' title="bbox 541 5219 2122 5288; baseline 0.001 -19"><span class='ocrx_word' id='word_1_840' title='bbox 541 5221 755 5274; x_wconf 72' lang='lat' dir='ltr'><strong>historia</strong></span> <span class='ocrx_word' id='word_1_841' title='bbox 809 5219 1122 5275; x_wconf 79' lang='lat' dir='ltr'><strong>Flaminium</strong></span> <span class='ocrx_word' id='word_1_842' title='bbox 1153 5222 1339 5273; x_wconf 79' lang='lat' dir='ltr'><strong>durem</strong></span> <span class='ocrx_word' id='word_1_843' title='bbox 1389 5219 1698 5284; x_wconf 83' lang='lat' dir='ltr'><strong>Romanum,</strong></span> <span class='ocrx_word' id='word_1_844' title='bbox 1739 5220 1876 5288; x_wconf 81' lang='lat' dir='ltr'><strong>quod</strong></span> <span class='ocrx_word' id='word_1_845' title='bbox 1917 5233 2122 5270; x_wconf 85' lang='lat' dir='ltr'><strong>accum-</strong></span> 
     </span>
    </p>
   </div>
   <div class='ocr_carea' id='block_1_109' title="bbox 537 5289 2121 5362">
    <p class='ocr_par' dir='ltr' id='par_1_109' title="bbox 537 5289 2121 5362">
     <span class='ocr_line' id='line_1_112' title="bbox 537 5289 2121 5362; baseline -0.001 -20"><span class='ocrx_word' id='word_1_846' title='bbox 537 5289 675 5344; x_wconf 85' lang='lat' dir='ltr'><strong>benti</strong></span> <span class='ocrx_word' id='word_1_847' title='bbox 694 5296 853 5362; x_wconf 70' lang='lat' dir='ltr'><strong>juxta</strong></span> <span class='ocrx_word' id='word_1_848' title='bbox 877 5309 932 5346; x_wconf 91' lang='lat' dir='ltr'><strong>se</strong></span> <span class='ocrx_word' id='word_1_849' title='bbox 961 5292 1298 5345; x_wconf 72' lang='lat' dir='ltr'><strong>meretricula:</strong></span> <span class='ocrx_word' id='word_1_850' title='bbox 1321 5306 1436 5355; x_wconf 82' lang='lat' dir='ltr'><strong>qua:</strong></span> <span class='ocrx_word' id='word_1_851' title='bbox 1464 5306 1739 5360; x_wconf 86' lang='lat' dir='ltr'><strong>numquam</strong></span> <span class='ocrx_word' id='word_1_852' title='bbox 1757 5307 1812 5344; x_wconf 89' lang='lat' dir='ltr'><strong>se</strong></span> <span class='ocrx_word' id='word_1_853' title='bbox 1834 5290 2019 5342; x_wconf 82' lang='lat' dir='ltr'><strong>vidisse</strong></span> <span class='ocrx_word' id='word_1_854' title='bbox 2040 5290 2121 5362; x_wconf 84' lang='lat' dir='ltr'><strong>di-</strong></span> 
     </span>
    </p>
   </div>
   <div class='ocr_carea' id='block_1_110' title="bbox 533 5360 2120 5430">
    <p class='ocr_par' dir='ltr' id='par_1_110' title="bbox 533 5360 2120 5430">
     <span class='ocr_line' id='line_1_113' title="bbox 533 5360 2120 5430; baseline -0.002 -16"><span class='ocrx_word' id='word_1_855' title='bbox 533 5374 666 5416; x_wconf 87' lang='lat' dir='ltr'><strong>ceret</strong></span> <span class='ocrx_word' id='word_1_856' title='bbox 695 5360 952 5415; x_wconf 84' lang='lat' dir='ltr'><strong>hominem</strong></span> <span class='ocrx_word' id='word_1_857' title='bbox 980 5362 1313 5430; x_wconf 86' lang='lat' dir='ltr'><strong>decollatum,</strong></span> <span class='ocrx_word' id='word_1_858' title='bbox 1359 5377 1595 5414; x_wconf 87' lang='lat' dir='ltr'><strong>assensus</strong></span> <span class='ocrx_word' id='word_1_859' title='bbox 1637 5362 1726 5426; x_wconf 89' lang='lat' dir='ltr'><strong>sit,</strong></span> <span class='ocrx_word' id='word_1_860' title='bbox 1772 5371 1826 5414; x_wconf 92' lang='lat' dir='ltr'><strong>ut</strong></span> <span class='ocrx_word' id='word_1_861' title='bbox 1855 5376 1974 5414; x_wconf 89' lang='lat' dir='ltr'><strong>reus</strong></span> <span class='ocrx_word' id='word_1_862' title='bbox 2003 5360 2120 5430; x_wconf 88' lang='lat' dir='ltr'><strong>qui-</strong></span> 
     </span>
    </p>
   </div>
   <div class='ocr_carea' id='block_1_111' title="bbox 534 5433 2122 5500">
    <p class='ocr_par' dir='ltr' id='par_1_111' title="bbox 534 5433 2122 5500">
     <span class='ocr_line' id='line_1_114' title="bbox 534 5433 2122 5500; baseline -0.001 -16"><span class='ocrx_word' id='word_1_863' title='bbox 534 5435 652 5486; x_wconf 90' lang='lat' dir='ltr'><strong>dam</strong></span> <span class='ocrx_word' id='word_1_864' title='bbox 683 5433 921 5500; x_wconf 84' lang='lat' dir='ltr'><strong>capitalis</strong></span> <span class='ocrx_word' id='word_1_865' title='bbox 953 5434 1183 5487; x_wconf 87' lang='lat' dir='ltr'><strong>criminis</strong></span> <span class='ocrx_word' id='word_1_866' title='bbox 1216 5434 1269 5486; x_wconf 87' lang='lat' dir='ltr'><strong>in</strong></span> <span class='ocrx_word' id='word_1_867' title='bbox 1301 5433 1530 5486; x_wconf 85' lang='lat' dir='ltr'><strong>convivio</strong></span> <span class='ocrx_word' id='word_1_868' title='bbox 1568 5440 1914 5495; x_wconf 86' lang='lat' dir='ltr'><strong>truncaretur,</strong></span> <span class='ocrx_word' id='word_1_869' title='bbox 1950 5448 1980 5484; x_wconf 93' lang='lat' dir='ltr'><strong>a</strong></span> <span class='ocrx_word' id='word_1_870' title='bbox 2009 5447 2122 5485; x_wconf 79' lang='lat' dir='ltr'><strong>cen-</strong></span> 
     </span>
    </p>
   </div>
   <div class='ocr_carea' id='block_1_112' title="bbox 531 5501 2110 5574">
    <p class='ocr_par' dir='ltr' id='par_1_112' title="bbox 531 5501 2110 5574">
     <span class='ocr_line' id='line_1_115' title="bbox 531 5501 2110 5574; baseline -0.002 -18"><span class='ocrx_word' id='word_1_871' title='bbox 531 5504 731 5558; x_wconf 77' lang='lat' dir='ltr'><strong>soribus</strong></span> <span class='ocrx_word' id='word_1_872' title='bbox 763 5502 966 5569; x_wconf 77' lang='lat' dir='ltr'><strong>pulsum</strong></span> <span class='ocrx_word' id='word_1_873' title='bbox 997 5506 1164 5567; x_wconf 86' lang='lat' dir='ltr'><strong>curia,</strong></span> <span class='ocrx_word' id='word_1_874' title='bbox 1193 5505 1327 5574; x_wconf 91' lang='lat' dir='ltr'><strong>quod</strong></span> <span class='ocrx_word' id='word_1_875' title='bbox 1360 5501 1537 5572; x_wconf 86' lang='lat' dir='ltr'><strong>epulas</strong></span> <span class='ocrx_word' id='word_1_876' title='bbox 1559 5503 1802 5574; x_wconf 82' lang='lat' dir='ltr'><strong>sanguini</strong></span> <span class='ocrx_word' id='word_1_877' title='bbox 1834 5501 2110 5574; x_wconf 85' lang='lat' dir='ltr'><strong>miscuerit,</strong></span> 
     </span>
    </p>
   </div>
   <div class='ocr_carea' id='block_1_113' title="bbox 528 5571 2113 5644">
    <p class='ocr_par' dir='ltr' id='par_1_113' title="bbox 528 5571 2113 5644">
     <span class='ocr_line' id='line_1_116' title="bbox 528 5571 2113 5644; baseline -0.004 -14"><span class='ocrx_word' id='word_1_878' title='bbox 528 5584 574 5630; x_wconf 89' lang='lat' dir='ltr'><strong>et</strong></span> <span class='ocrx_word' id='word_1_879' title='bbox 606 5586 817 5628; x_wconf 90' lang='lat' dir='ltr'><strong>mortem</strong></span> <span class='ocrx_word' id='word_1_880' title='bbox 851 5577 1087 5644; x_wconf 84' lang='lat' dir='ltr'><strong>quamvis</strong></span> <span class='ocrx_word' id='word_1_881' title='bbox 1123 5571 1264 5630; x_wconf 72' lang='lat' dir='ltr'><strong>mn</strong></span> <span class='ocrx_word' id='word_1_882' title='bbox 1302 5571 1541 5639; x_wconf 86' lang='lat' dir='ltr'><strong>hominis,</strong></span> <span class='ocrx_word' id='word_1_883' title='bbox 1576 5575 1630 5628; x_wconf 87' lang='lat' dir='ltr'><strong>in</strong></span> <span class='ocrx_word' id='word_1_884' title='bbox 1661 5571 1876 5628; x_wconf 80' lang='lat' dir='ltr'><strong>alterius</strong></span> <span class='ocrx_word' id='word_1_885' title='bbox 1901 5573 2113 5626; x_wconf 85' lang='lat' dir='ltr'><strong>delicias</strong></span> 
     </span>
    </p>
   </div>
   <div class='ocr_carea' id='block_1_114' title="bbox 525 5644 2113 5716">
    <p class='ocr_par' dir='ltr' id='par_1_114' title="bbox 525 5644 2113 5716">
     <span class='ocr_line' id='line_1_117' title="bbox 525 5644 2113 5716; baseline 0 -22"><span class='ocrx_word' id='word_1_886' title='bbox 525 5645 842 5716; x_wconf 62' lang='lat' dir='ltr'><strong>prastiterit,</strong></span> <span class='ocrx_word' id='word_1_887' title='bbox 885 5658 937 5699; x_wconf 90' lang='lat' dir='ltr'><strong>ut</strong></span> <span class='ocrx_word' id='word_1_888' title='bbox 969 5645 1128 5700; x_wconf 87' lang='lat' dir='ltr'><strong>libido</strong></span> <span class='ocrx_word' id='word_1_889' title='bbox 1170 5659 1217 5699; x_wconf 90' lang='lat' dir='ltr'><strong>et</strong></span> <span class='ocrx_word' id='word_1_890' title='bbox 1247 5646 1581 5716; x_wconf 76' lang='lat' dir='ltr'><strong>homicidium</strong></span> <span class='ocrx_word' id='word_1_891' title='bbox 1610 5644 1801 5715; x_wconf 87' lang='lat' dir='ltr'><strong>pariter</strong></span> <span class='ocrx_word' id='word_1_892' title='bbox 1842 5645 2113 5716; x_wconf 82' lang='lat' dir='ltr'><strong>misceren-</strong></span> 
     </span>
    </p>
   </div>
   <div class='ocr_carea' id='block_1_115' title="bbox 527 5713 2110 5785">
    <p class='ocr_par' dir='ltr' id='par_1_115' title="bbox 527 5713 2110 5785">
     <span class='ocr_line' id='line_1_118' title="bbox 527 5713 2110 5785; baseline -0.002 -16"><span class='ocrx_word' id='word_1_893' title='bbox 527 5713 631 5769; x_wconf 73' lang='lat' dir='ltr'><strong>tur.</strong></span> <span class='ocrx_word' id='word_1_894' title='bbox 667 5723 872 5782; x_wconf 71' lang='lat' dir='ltr'><strong>Quanto</strong></span> <span class='ocrx_word' id='word_1_895' title='bbox 901 5716 1436 5771; x_wconf 82' lang='lat' dir='ltr'><strong>sceleratiorllerodes</strong></span> <span class='ocrx_word' id='word_1_896' title='bbox 1459 5725 1505 5770; x_wconf 89' lang='lat' dir='ltr'><strong>et</strong></span> <span class='ocrx_word' id='word_1_897' title='bbox 1535 5713 1818 5779; x_wconf 84' lang='lat' dir='ltr'><strong>Herodias,</strong></span> <span class='ocrx_word' id='word_1_898' title='bbox 1846 5731 1907 5768; x_wconf 91' lang='lat' dir='ltr'><strong>ac</strong></span> <span class='ocrx_word' id='word_1_899' title='bbox 1935 5713 2110 5785; x_wconf 90' lang='lat' dir='ltr'><strong>puella</strong></span> 
     </span>
    </p>
   </div>
   <div class='ocr_carea' id='block_1_116' title="bbox 524 5786 2108 5860">
    <p class='ocr_par' dir='ltr' id='par_1_116' title="bbox 524 5786 2108 5860">
     <span class='ocr_line' id='line_1_119' title="bbox 524 5786 2108 5860; baseline -0.002 -18"><span class='ocrx_word' id='word_1_900' title='bbox 524 5801 643 5855; x_wconf 66' lang='lat' dir='ltr'><strong>qua:</strong></span> <span class='ocrx_word' id='word_1_901' title='bbox 665 5789 892 5856; x_wconf 77' lang='lat' dir='ltr'><strong>saltavit,</strong></span> <span class='ocrx_word' id='word_1_902' title='bbox 923 5789 977 5842; x_wconf 91' lang='lat' dir='ltr'><strong>in</strong></span> <span class='ocrx_word' id='word_1_903' title='bbox 1010 5789 1230 5858; x_wconf 84' lang='lat' dir='ltr'><strong>pretium</strong></span> <span class='ocrx_word' id='word_1_904' title='bbox 1254 5788 1522 5859; x_wconf 84' lang='lat' dir='ltr'><strong>sanguinis</strong></span> <span class='ocrx_word' id='word_1_905' title='bbox 1553 5797 1708 5858; x_wconf 88' lang='lat' dir='ltr'><strong>caput</strong></span> <span class='ocrx_word' id='word_1_906' title='bbox 1733 5786 1961 5860; x_wconf 85' lang='lat' dir='ltr'><strong>postulat</strong></span> <span class='ocrx_word' id='word_1_907' title='bbox 1991 5801 2108 5856; x_wconf 87' lang='lat' dir='ltr'><strong>pro-</strong></span> 
     </span>
    </p>
   </div>
   <div class='ocr_carea' id='block_1_117' title="bbox 2234 4650 3821 4720">
    <p class='ocr_par' dir='ltr' id='par_1_117' title="bbox 2234 4650 3821 4720">
     <span class='ocr_line' id='line_1_120' title="bbox 2234 4650 3821 4720; baseline 0.004 -18"><span class='ocrx_word' id='word_1_908' title='bbox 2234 4650 2372 4714; x_wconf 89' lang='lat' dir='ltr'><strong>vide,</strong></span> <span class='ocrx_word' id='word_1_909' title='bbox 2392 4660 2592 4720; x_wconf 74' lang='lat' dir='ltr'><strong>przcter</strong></span> <span class='ocrx_word' id='word_1_910' title='bbox 2621 4652 2757 4706; x_wconf 86' lang='lat' dir='ltr'><strong>alios</strong></span> <span class='ocrx_word' id='word_1_911' title='bbox 2786 4651 3134 4720; x_wconf 86' lang='lat' dir='ltr'><strong>interpretes,</strong></span> <span class='ocrx_word' id='word_1_912' title='bbox 3159 4653 3494 4708; x_wconf 86' lang='lat' dir='ltr'><strong>decretalem</strong></span> <span class='ocrx_word' id='word_1_913' title='bbox 3519 4651 3821 4708; x_wconf 86' lang='lat' dir='ltr'><strong>Innocentii</strong></span> 
     </span>
    </p>
   </div>
   <div class='ocr_carea' id='block_1_118' title="bbox 2230 4721 3824 4791">
    <p class='ocr_par' dir='ltr' id='par_1_118' title="bbox 2230 4721 3824 4791">
     <span class='ocr_line' id='line_1_121' title="bbox 2230 4721 3824 4791; baseline 0.001 -17"><span class='ocrx_word' id='word_1_914' title='bbox 2230 4724 2373 4776; x_wconf 86' lang='lat' dir='ltr'><strong>tertii</strong></span> <span class='ocrx_word' id='word_1_915' title='bbox 2403 4725 2471 4777; x_wconf 89' lang='lat' dir='ltr'><strong>de</strong></span> <span class='ocrx_word' id='word_1_916' title='bbox 2496 4723 2859 4791; x_wconf 79' lang='lat' dir='ltr'><strong>Jurejurando</strong></span> <span class='ocrx_word' id='word_1_917' title='bbox 2905 4721 3046 4791; x_wconf 87' lang='lat' dir='ltr'><strong>(Lib.</strong></span> <span class='ocrx_word' id='word_1_918' title='bbox 3080 4737 3118 4777; x_wconf 89' lang='lat' dir='ltr'><strong>ll</strong></span> <span class='ocrx_word' id='word_1_919' title='bbox 3149 4722 3432 4789; x_wconf 83' lang='lat' dir='ltr'><strong>Decretal.,</strong></span> <span class='ocrx_word' id='word_1_920' title='bbox 3458 4724 3539 4777; x_wconf 90' lang='lat' dir='ltr'><strong>tit.</strong></span> <span class='ocrx_word' id='word_1_921' title='bbox 3568 4725 3632 4776; x_wconf 89' lang='lat' dir='ltr'><strong>de</strong></span> <span class='ocrx_word' id='word_1_922' title='bbox 3660 4721 3824 4776; x_wconf 81' lang='lat' dir='ltr'><strong>Jure-</strong></span> 
     </span>
    </p>
   </div>
   <div class='ocr_carea' id='block_1_119' title="bbox 2219 4793 3823 4863">
    <p class='ocr_par' dir='ltr' id='par_1_119' title="bbox 2219 4793 3823 4863">
     <span class='ocr_line' id='line_1_122' title="bbox 2219 4793 3823 4863; baseline 0.004 -19"><span class='ocrx_word' id='word_1_923' title='bbox 2219 4793 2474 4862; x_wconf 87' lang='lat' dir='ltr'><strong>jurando,</strong></span> <span class='ocrx_word' id='word_1_924' title='bbox 2505 4809 2620 4863; x_wconf 84' lang='lat' dir='ltr'><strong>cap.</strong></span> <span class='ocrx_word' id='word_1_925' title='bbox 2654 4793 2766 4847; x_wconf 82' lang='lat' dir='ltr'><strong>Etsi</strong></span> <span class='ocrx_word' id='word_1_926' title='bbox 2796 4793 3073 4862; x_wconf 80' lang='lat' dir='ltr'><strong>Christus),</strong></span> <span class='ocrx_word' id='word_1_927' title='bbox 3107 4809 3213 4863; x_wconf 90' lang='lat' dir='ltr'><strong>qua</strong></span> <span class='ocrx_word' id='word_1_928' title='bbox 3243 4810 3351 4849; x_wconf 91' lang='lat' dir='ltr'><strong>non</strong></span> <span class='ocrx_word' id='word_1_929' title='bbox 3396 4795 3575 4849; x_wconf 89' lang='lat' dir='ltr'><strong>minus</strong></span> <span class='ocrx_word' id='word_1_930' title='bbox 3601 4795 3823 4850; x_wconf 79' lang='lat' dir='ltr'><strong>erudite</strong></span> 
     </span>
    </p>
   </div>
   <div class='ocr_carea' id='block_1_120' title="bbox 2228 4864 3826 4935">
    <p class='ocr_par' dir='ltr' id='par_1_120' title="bbox 2228 4864 3826 4935">
     <span class='ocr_line' id='line_1_123' title="bbox 2228 4864 3826 4935; baseline 0.004 -20"><span class='ocrx_word' id='word_1_931' title='bbox 2228 4877 2390 4935; x_wconf 82' lang='lat' dir='ltr'><strong>quam</strong></span> <span class='ocrx_word' id='word_1_932' title='bbox 2434 4865 2720 4933; x_wconf 88' lang='lat' dir='ltr'><strong>perspicue</strong></span> <span class='ocrx_word' id='word_1_933' title='bbox 2745 4865 2906 4919; x_wconf 90' lang='lat' dir='ltr'><strong>docet</strong></span> <span class='ocrx_word' id='word_1_934' title='bbox 2941 4876 3208 4935; x_wconf 89' lang='lat' dir='ltr'><strong>quatenus</strong></span> <span class='ocrx_word' id='word_1_935' title='bbox 3250 4865 3454 4920; x_wconf 90' lang='lat' dir='ltr'><strong>homini</strong></span> <span class='ocrx_word' id='word_1_936' title='bbox 3501 4864 3826 4920; x_wconf 87' lang='lat' dir='ltr'><strong>Christiano</strong></span> 
     </span>
    </p>
   </div>
   <div class='ocr_carea' id='block_1_121' title="bbox 2226 4933 3825 5005">
    <p class='ocr_par' dir='ltr' id='par_1_121' title="bbox 2226 4933 3825 5005">
     <span class='ocr_line' id='line_1_124' title="bbox 2226 4933 3825 5005; baseline 0.003 -18"><span class='ocrx_word' id='word_1_937' title='bbox 2226 4933 2412 5002; x_wconf 88' lang='lat' dir='ltr'><strong>jurare</strong></span> <span class='ocrx_word' id='word_1_938' title='bbox 2445 4935 2604 4989; x_wconf 88' lang='lat' dir='ltr'><strong>liceat</strong></span> <span class='ocrx_word' id='word_1_939' title='bbox 2652 4945 2744 4989; x_wconf 89' lang='lat' dir='ltr'><strong>aut</strong></span> <span class='ocrx_word' id='word_1_940' title='bbox 2795 4950 2901 4989; x_wconf 93' lang='lat' dir='ltr'><strong>non</strong></span> <span class='ocrx_word' id='word_1_941' title='bbox 2946 4933 3137 4997; x_wconf 85' lang='lat' dir='ltr'><strong>liceat;</strong></span> <span class='ocrx_word' id='word_1_942' title='bbox 3181 4935 3338 5004; x_wconf 90' lang='lat' dir='ltr'><strong>cujus</strong></span> <span class='ocrx_word' id='word_1_943' title='bbox 3370 4947 3577 5005; x_wconf 91' lang='lat' dir='ltr'><strong>partem</strong></span> <span class='ocrx_word' id='word_1_944' title='bbox 3609 4946 3825 5002; x_wconf 85' lang='lat' dir='ltr'><strong>postre-</strong></span> 
     </span>
    </p>
   </div>
   <div class='ocr_carea' id='block_1_122' title="bbox 2233 5005 3824 5078">
    <p class='ocr_par' dir='ltr' id='par_1_122' title="bbox 2233 5005 3824 5078">
     <span class='ocr_line' id='line_1_125' title="bbox 2233 5005 3824 5078; baseline 0.004 -21"><span class='ocrx_word' id='word_1_945' title='bbox 2233 5020 2395 5078; x_wconf 81' lang='lat' dir='ltr'><strong>mam,</strong></span> <span class='ocrx_word' id='word_1_946' title='bbox 2421 5006 2534 5078; x_wconf 74' lang='lat' dir='ltr'><strong>sive</strong></span> <span class='ocrx_word' id='word_1_947' title='bbox 2562 5005 2908 5078; x_wconf 85' lang='lat' dir='ltr'><strong>coronidem,</strong></span> <span class='ocrx_word' id='word_1_948' title='bbox 2928 5005 2995 5060; x_wconf 90' lang='lat' dir='ltr'><strong>ad</strong></span> <span class='ocrx_word' id='word_1_949' title='bbox 3026 5006 3311 5076; x_wconf 88' lang='lat' dir='ltr'><strong>religiosos</strong></span> <span class='ocrx_word' id='word_1_950' title='bbox 3341 5015 3684 5078; x_wconf 89' lang='lat' dir='ltr'><strong>spectantem</strong></span> <span class='ocrx_word' id='word_1_951' title='bbox 3718 5008 3824 5064; x_wconf 83' lang='lat' dir='ltr'><strong>ha-</strong></span> 
     </span>
    </p>
   </div>
   <div class='ocr_carea' id='block_1_123' title="bbox 2232 5075 3254 5144">
    <p class='ocr_par' dir='ltr' id='par_1_123' title="bbox 2232 5075 3254 5144">
     <span class='ocr_line' id='line_1_126' title="bbox 2232 5075 3254 5144; baseline 0.003 -15"><span class='ocrx_word' id='word_1_952' title='bbox 2232 5075 2328 5129; x_wconf 88' lang='lat' dir='ltr'><strong>bes</strong></span> <span class='ocrx_word' id='word_1_953' title='bbox 2357 5075 2583 5130; x_wconf 85' lang='lat' dir='ltr'><strong>inlerius</strong></span> <span class='ocrx_word' id='word_1_954' title='bbox 2613 5079 2830 5130; x_wconf 82' lang='lat' dir='ltr'><strong>citatam</strong></span> <span class='ocrx_word' id='word_1_955' title='bbox 2855 5077 2958 5144; x_wconf 80' lang='lat' dir='ltr'><strong>(Ad</strong></span> <span class='ocrx_word' id='word_1_956' title='bbox 2987 5093 3104 5143; x_wconf 79' lang='lat' dir='ltr'><strong>cap.</strong></span> <span class='ocrx_word' id='word_1_957' title='bbox 3137 5075 3254 5144; x_wconf 61' lang='lat'><strong>27).</strong></span> 
     </span>
    </p>
   </div>
   <div class='ocr_carea' id='block_1_124' title="bbox 2296 5144 3820 5219">
    <p class='ocr_par' dir='ltr' id='par_1_124' title="bbox 2296 5144 3820 5219">
     <span class='ocr_line' id='line_1_127' title="bbox 2296 5144 3820 5219; baseline 0.001 -18"><span class='ocrx_word' id='word_1_958' title='bbox 2296 5144 2324 5185; x_wconf 71' lang='grc' dir='ltr'><strong>ι’</strong></span> <span class='ocrx_word' id='word_1_959' title='bbox 2354 5147 2500 5201; x_wconf 84' lang='lat' dir='ltr'><strong>Alibi</strong></span> <span class='ocrx_word' id='word_1_960' title='bbox 2543 5149 2661 5219; x_wconf 79' lang='lat' dir='ltr'><strong>aliis</strong></span> <span class='ocrx_word' id='word_1_961' title='bbox 2690 5149 2866 5219; x_wconf 84' lang='lat' dir='ltr'><strong>verbis</strong></span> <span class='ocrx_word' id='word_1_962' title='bbox 2911 5145 3135 5218; x_wconf 89' lang='lat' dir='ltr'><strong>(Collat.</strong></span> <span class='ocrx_word' id='word_1_963' title='bbox 3188 5146 3253 5204; x_wconf 78' lang='grc'><strong>16</strong></span> <span class='ocrx_word' id='word_1_964' title='bbox 3299 5165 3417 5218; x_wconf 86' lang='lat' dir='ltr'><strong>cap.</strong></span> <span class='ocrx_word' id='word_1_965' title='bbox 3460 5147 3557 5219; x_wconf 86' lang='lat' dir='ltr'><strong>I8)</strong></span> <span class='ocrx_word' id='word_1_966' title='bbox 3593 5165 3608 5203; x_wconf 90' lang='lat'><strong>:</strong></span> <span class='ocrx_word' id='word_1_967' title='bbox 3647 5149 3820 5217; x_wconf 72' lang='lat' dir='ltr'><strong>Quasi</strong></span> 
     </span>
    </p>
   </div>
   <div class='ocr_carea' id='block_1_125' title="bbox 2223 5218 3823 5292">
    <p class='ocr_par' dir='ltr' id='par_1_125' title="bbox 2223 5218 3823 5292">
     <span class='ocr_line' id='line_1_128' title="bbox 2223 5218 3823 5292; baseline 0.003 -21"><span class='ocrx_word' id='word_1_968' title='bbox 2223 5233 2343 5292; x_wconf 79' lang='lat' dir='ltr'><strong>vero</strong></span> <span class='ocrx_word' id='word_1_969' title='bbox 2383 5219 2527 5288; x_wconf 88' lang='lat' dir='ltr'><strong>apud</strong></span> <span class='ocrx_word' id='word_1_970' title='bbox 2560 5218 2727 5273; x_wconf 89' lang='lat' dir='ltr'><strong>Deum</strong></span> <span class='ocrx_word' id='word_1_971' title='bbox 2763 5218 2915 5272; x_wconf 83' lang='lat' dir='ltr'><strong>verba</strong></span> <span class='ocrx_word' id='word_1_972' title='bbox 2952 5220 3306 5274; x_wconf 88' lang='lat' dir='ltr'><strong>tantummodo</strong></span> <span class='ocrx_word' id='word_1_973' title='bbox 3341 5229 3398 5292; x_wconf 7' lang='lat' dir='ltr'><strong>et,</strong></span> <span class='ocrx_word' id='word_1_974' title='bbox 3420 5218 3823 5292; x_wconf 74' lang='lat' dir='ltr'><strong>nonprazcipue</strong></span> 
     </span>
    </p>
   </div>
   <div class='ocr_carea' id='block_1_126' title="bbox 2222 5289 3823 5363">
    <p class='ocr_par' dir='ltr' id='par_1_126' title="bbox 2222 5289 3823 5363">
     <span class='ocr_line' id='line_1_129' title="bbox 2222 5289 3823 5363; baseline 0.002 -21"><span class='ocrx_word' id='word_1_975' title='bbox 2222 5289 2458 5363; x_wconf 79' lang='lat' dir='ltr'><strong>voluntas</strong></span> <span class='ocrx_word' id='word_1_976' title='bbox 2485 5301 2690 5343; x_wconf 85' lang='lat' dir='ltr'><strong>vocetur</strong></span> <span class='ocrx_word' id='word_1_977' title='bbox 2719 5291 2772 5344; x_wconf 92' lang='lat' dir='ltr'><strong>in</strong></span> <span class='ocrx_word' id='word_1_978' title='bbox 2807 5291 3038 5361; x_wconf 86' lang='lat' dir='ltr'><strong>culpam,</strong></span> <span class='ocrx_word' id='word_1_979' title='bbox 3081 5301 3128 5344; x_wconf 88' lang='lat' dir='ltr'><strong>et</strong></span> <span class='ocrx_word' id='word_1_980' title='bbox 3159 5307 3286 5362; x_wconf 90' lang='lat' dir='ltr'><strong>opus</strong></span> <span class='ocrx_word' id='word_1_981' title='bbox 3320 5289 3490 5345; x_wconf 89' lang='lat' dir='ltr'><strong>solum</strong></span> <span class='ocrx_word' id='word_1_982' title='bbox 3515 5289 3736 5363; x_wconf 78' lang='lat' dir='ltr'><strong>peccati.</strong></span> <span class='ocrx_word' id='word_1_983' title='bbox 3767 5302 3823 5345; x_wconf 91' lang='lat' dir='ltr'><strong>et</strong></span> 
     </span>
    </p>
   </div>
   <div class='ocr_carea' id='block_1_127' title="bbox 2223 5362 3826 5428">
    <p class='ocr_par' dir='ltr' id='par_1_127' title="bbox 2223 5362 3826 5428">
     <span class='ocr_line' id='line_1_130' title="bbox 2223 5362 3826 5428; baseline 0.002 -15"><span class='ocrx_word' id='word_1_984' title='bbox 2223 5375 2329 5414; x_wconf 91' lang='lat' dir='ltr'><strong>non</strong></span> <span class='ocrx_word' id='word_1_985' title='bbox 2372 5362 2530 5413; x_wconf 88' lang='lat' dir='ltr'><strong>etiam</strong></span> <span class='ocrx_word' id='word_1_986' title='bbox 2559 5370 2734 5415; x_wconf 82' lang='lat' dir='ltr'><strong>votum</strong></span> <span class='ocrx_word' id='word_1_987' title='bbox 2769 5377 2830 5415; x_wconf 88' lang='lat' dir='ltr'><strong>ac</strong></span> <span class='ocrx_word' id='word_1_988' title='bbox 2874 5362 3193 5428; x_wconf 85' lang='lat' dir='ltr'><strong>propositum</strong></span> <span class='ocrx_word' id='word_1_989' title='bbox 3236 5363 3490 5416; x_wconf 86' lang='lat' dir='ltr'><strong>habeatur</strong></span> <span class='ocrx_word' id='word_1_990' title='bbox 3519 5362 3588 5416; x_wconf 84' lang='lat' dir='ltr'><strong>in</strong></span> <span class='ocrx_word' id='word_1_991' title='bbox 3637 5364 3826 5416; x_wconf 84' lang='lat' dir='ltr'><strong>crimi-</strong></span> 
     </span>
    </p>
   </div>
   <div class='ocr_carea' id='block_1_128' title="bbox 2223 5429 3826 5503">
    <p class='ocr_par' dir='ltr' id='par_1_128' title="bbox 2223 5429 3826 5503">
     <span class='ocr_line' id='line_1_131' title="bbox 2223 5429 3826 5503; baseline 0.002 -21"><span class='ocrx_word' id='word_1_992' title='bbox 2223 5445 2306 5495; x_wconf 90' lang='lat' dir='ltr'><strong>ne,</strong></span> <span class='ocrx_word' id='word_1_993' title='bbox 2348 5441 2454 5485; x_wconf 90' lang='lat' dir='ltr'><strong>etc.</strong></span> <span class='ocrx_word' id='word_1_994' title='bbox 2505 5431 2571 5486; x_wconf 88' lang='lat' dir='ltr'><strong>Et</strong></span> <span class='ocrx_word' id='word_1_995' title='bbox 2601 5431 2737 5486; x_wconf 78' lang='lat' dir='ltr'><strong>infra</strong></span> <span class='ocrx_word' id='word_1_996' title='bbox 2773 5450 2785 5484; x_wconf 89' lang='lat'>:</span> <span class='ocrx_word' id='word_1_997' title='bbox 2829 5431 3061 5499; x_wconf 62' lang='lat' dir='ltr'><strong>Allectus</strong></span> <span class='ocrx_word' id='word_1_998' title='bbox 3103 5434 3239 5486; x_wconf 89' lang='lat' dir='ltr'><strong>enim</strong></span> <span class='ocrx_word' id='word_1_999' title='bbox 3283 5433 3516 5503; x_wconf 86' lang='lat' dir='ltr'><strong>peccati,</strong></span> <span class='ocrx_word' id='word_1_1000' title='bbox 3548 5449 3650 5486; x_wconf 90' lang='lat' dir='ltr'><strong>non</strong></span> <span class='ocrx_word' id='word_1_1001' title='bbox 3683 5429 3826 5503; x_wconf 85' lang='lat' dir='ltr'><strong>ordo</strong></span> 
     </span>
    </p>
   </div>
   <div class='ocr_carea' id='block_1_129' title="bbox 2222 5502 3822 5572">
    <p class='ocr_par' dir='ltr' id='par_1_129' title="bbox 2222 5502 3822 5572">
     <span class='ocr_line' id='line_1_132' title="bbox 2222 5502 3822 5572; baseline 0.003 -19"><span class='ocrx_word' id='word_1_1002' title='bbox 2222 5503 2636 5556; x_wconf 88' lang='lat' dir='ltr'><strong>considerandus</strong></span> <span class='ocrx_word' id='word_1_1003' title='bbox 2673 5512 2746 5556; x_wconf 85' lang='lat' dir='ltr'><strong>est</strong></span> <span class='ocrx_word' id='word_1_1004' title='bbox 2785 5503 3018 5556; x_wconf 88' lang='lat' dir='ltr'><strong>admissi.</strong></span> <span class='ocrx_word' id='word_1_1005' title='bbox 3053 5505 3144 5558; x_wconf 84' lang='lat' dir='ltr'><strong>Sic</strong></span> <span class='ocrx_word' id='word_1_1006' title='bbox 3172 5504 3268 5559; x_wconf 91' lang='lat' dir='ltr'><strong>ibi.</strong></span> <span class='ocrx_word' id='word_1_1007' title='bbox 3312 5504 3382 5558; x_wconf 87' lang='lat' dir='ltr'><strong>Et</strong></span> <span class='ocrx_word' id='word_1_1008' title='bbox 3415 5502 3517 5558; x_wconf 83' lang='lat' dir='ltr'><strong>hoc</strong></span> <span class='ocrx_word' id='word_1_1009' title='bbox 3553 5513 3640 5558; x_wconf 87' lang='lat' dir='ltr'><strong>est</strong></span> <span class='ocrx_word' id='word_1_1010' title='bbox 3666 5502 3822 5572; x_wconf 82' lang='lat' dir='ltr'><strong>quod</strong></span> 
     </span>
    </p>
   </div>
   <div class='ocr_carea' id='block_1_130' title="bbox 2215 5572 3818 5644">
    <p class='ocr_par' dir='ltr' id='par_1_130' title="bbox 2215 5572 3818 5644">
     <span class='ocr_line' id='line_1_133' title="bbox 2215 5572 3818 5644; baseline 0.002 -20"><span class='ocrx_word' id='word_1_1011' title='bbox 2215 5573 2375 5644; x_wconf 65' lang='lat' dir='ltr'><strong>vulgo</strong></span> <span class='ocrx_word' id='word_1_1012' title='bbox 2402 5574 2599 5644; x_wconf 88' lang='lat' dir='ltr'><strong>dicitur</strong></span> <span class='ocrx_word' id='word_1_1013' title='bbox 2621 5589 2634 5626; x_wconf 90' lang='lat'><strong>:</strong></span> <span class='ocrx_word' id='word_1_1014' title='bbox 2659 5572 2912 5627; x_wconf 84' lang='lat' dir='ltr'><strong>Voluntas</strong></span> <span class='ocrx_word' id='word_1_1015' title='bbox 2939 5573 3156 5628; x_wconf 87' lang='lat' dir='ltr'><strong>habetur</strong></span> <span class='ocrx_word' id='word_1_1016' title='bbox 3178 5591 3275 5644; x_wconf 86' lang='lat' dir='ltr'><strong>pro</strong></span> <span class='ocrx_word' id='word_1_1017' title='bbox 3297 5575 3457 5643; x_wconf 83' lang='lat' dir='ltr'><strong>facto,</strong></span> <span class='ocrx_word' id='word_1_1018' title='bbox 3488 5589 3648 5644; x_wconf 88' lang='lat' dir='ltr'><strong>supp.</strong></span> <span class='ocrx_word' id='word_1_1019' title='bbox 3673 5575 3818 5634; x_wconf 65' lang='lat' dir='ltr'><strong>apud</strong></span> 
     </span>
    </p>
   </div>
   <div class='ocr_carea' id='block_1_131' title="bbox 2214 5641 3784 5707">
    <p class='ocr_par' dir='ltr' id='par_1_131' title="bbox 2214 5641 3784 5707">
     <span class='ocr_line' id='line_1_134' title="bbox 2214 5641 3784 5707; baseline 0.006 -11"><span class='ocrx_word' id='word_1_1020' title='bbox 2214 5641 2386 5698; x_wconf 84' lang='lat' dir='ltr'><strong>Deum</strong></span> <span class='ocrx_word' id='word_1_1021' title='bbox 2417 5653 2472 5697; x_wconf 91' lang='lat' dir='ltr'><strong>et</strong></span> <span class='ocrx_word' id='word_1_1022' title='bbox 2499 5644 2550 5696; x_wconf 91' lang='lat' dir='ltr'><strong>in</strong></span> <span class='ocrx_word' id='word_1_1023' title='bbox 2583 5643 2698 5700; x_wconf 80' lang='lat' dir='ltr'><strong>foro</strong></span> <span class='ocrx_word' id='word_1_1024' title='bbox 2746 5645 3117 5701; x_wconf 54' lang='lat' dir='ltr'><strong>conscientia.</strong></span> <span class='ocrx_word' id='word_1_1025' title='bbox 3175 5641 3322 5701; x_wconf 89' lang='lat' dir='ltr'><strong>Idem</strong></span> <span class='ocrx_word' id='word_1_1026' title='bbox 3347 5659 3540 5701; x_wconf 86' lang='lat' dir='ltr'><strong>rursus</strong></span> <span class='ocrx_word' id='word_1_1027' title='bbox 3557 5641 3784 5707; x_wconf 55' lang='lat' dir='ltr'><strong>&#39;iuculca</strong></span> 
     </span>
    </p>
   </div>
   <div class='ocr_carea' id='block_1_132' title="bbox 2215 5721 2608 5784">
    <p class='ocr_par' dir='ltr' id='par_1_132' title="bbox 2215 5721 2608 5784">
     <span class='ocr_line' id='line_1_135' title="bbox 2215 5721 2608 5784; baseline -0.003 -14"><span class='ocrx_word' id='word_1_1028' title='bbox 2215 5721 2302 5770; x_wconf 88' lang='lat' dir='ltr'><strong>tur</strong></span> <span class='ocrx_word' id='word_1_1029' title='bbox 2331 5728 2448 5784; x_wconf 86' lang='lat' dir='ltr'><strong>seq.</strong></span> <span class='ocrx_word' id='word_1_1030' title='bbox 2483 5729 2608 5783; x_wconf 86' lang='lat' dir='ltr'><strong>cap.</strong></span> 
     </span>
    </p>
   </div>
  </div>
