  <div class='ocr_page' id='page_1' title='image "/cluster/home/n/w/nwhite01/storage/ocr_20150623/49/hvd.32044015471543/540.png"; bbox 0 0 4072 6324; ppageno 0'>
   <div class='ocr_carea' id='block_1_1' title="bbox 220 299 1822 368">
    <p class='ocr_par' dir='ltr' id='par_1_1' title="bbox 220 299 1789 366">
     <span class='ocr_line' id='line_1_1' title="bbox 220 299 1789 366; baseline -0.003 -4"><span class='ocrx_word' id='word_1_1' title='bbox 220 302 357 363; x_wconf 66' lang='grc'><strong>1037</strong></span> <span class='ocrx_word' id='word_1_2' title='bbox 1251 301 1586 361; x_wconf 86' lang='lat' dir='ltr'><strong>COLLATIO</strong></span> <span class='ocrx_word' id='word_1_3' title='bbox 1603 299 1789 366; x_wconf 56' lang='lat' dir='ltr'><strong>XVII.</strong></span> 
     </span>
    </p>
   </div>
   <div class='ocr_carea' id='block_1_2' title="bbox 1923 299 3512 368">
    <p class='ocr_par' dir='ltr' id='par_1_2' title="bbox 1924 301 3512 368">
     <span class='ocr_line' id='line_1_2' title="bbox 1924 301 3512 368; baseline 0.004 -8"><span class='ocrx_word' id='word_1_4' title='bbox 1924 301 2016 360; x_wconf 85' lang='lat' dir='ltr'><strong>DE</strong></span> <span class='ocrx_word' id='word_1_5' title='bbox 2057 302 2492 361; x_wconf 75' lang='lat' dir='ltr'><strong>DEFINIENDO.</strong></span> <span class='ocrx_word' id='word_1_6' title='bbox 3371 307 3512 368; x_wconf 78' lang='lat' dir='ltr'><strong>i058</strong></span> 
     </span>
    </p>
   </div>
   <div class='ocr_carea' id='block_1_3' title="bbox 223 417 3509 495">
    <p class='ocr_par' dir='ltr' id='par_1_3' title="bbox 223 417 3509 495">
     <span class='ocr_line' id='line_1_3' title="bbox 223 417 3509 495; baseline 0.002 -20"><span class='ocrx_word' id='word_1_7' title='bbox 223 420 345 475; x_wconf 77' lang='lat' dir='ltr'><strong>sarii</strong></span> <span class='ocrx_word' id='word_1_8' title='bbox 374 427 434 474; x_wconf 88' lang='lat' dir='ltr'><strong>et</strong></span> <span class='ocrx_word' id='word_1_9' title='bbox 462 431 635 475; x_wconf 77' lang='lat' dir='ltr'><strong>sancit</strong></span> <span class='ocrx_word' id='word_1_10' title='bbox 668 421 788 475; x_wconf 82' lang='lat' dir='ltr'><strong>tinis</strong></span> <span class='ocrx_word' id='word_1_11' title='bbox 814 419 1043 488; x_wconf 86' lang='lat' dir='ltr'><strong>intuitu,-</strong></span> <span class='ocrx_word' id='word_1_12' title='bbox 1077 417 1616 490; x_wconf 73' lang='lat' dir='ltr'><strong>vituperabilisinitii</strong></span> <span class='ocrx_word' id='word_1_13' title='bbox 1647 420 1814 477; x_wconf 83' lang='lat' dir='ltr'><strong>susti-</strong></span> <span class='ocrx_word' id='word_1_14' title='bbox 1840 423 1895 486; x_wconf 71' lang='grc' dir='ltr'><strong>Α</strong></span> <span class='ocrx_word' id='word_1_15' title='bbox 1920 434 2020 476; x_wconf 90' lang='lat' dir='ltr'><strong>nec</strong></span> <span class='ocrx_word' id='word_1_16' title='bbox 2050 419 2155 476; x_wconf 91' lang='lat' dir='ltr'><strong>iste</strong></span> <span class='ocrx_word' id='word_1_17' title='bbox 2183 421 2411 476; x_wconf 85' lang='lat' dir='ltr'><strong>salutem</strong></span> <span class='ocrx_word' id='word_1_18' title='bbox 2441 420 2625 477; x_wconf 87' lang='lat' dir='ltr'><strong>statuit</strong></span> <span class='ocrx_word' id='word_1_19' title='bbox 2653 421 2892 493; x_wconf 79' lang='lat' dir='ltr'><strong>operari.</strong></span> <span class='ocrx_word' id='word_1_20' title='bbox 2922 421 3057 480; x_wconf 89' lang='lat' dir='ltr'><strong>Illud</strong></span> <span class='ocrx_word' id='word_1_21' title='bbox 3101 420 3246 480; x_wconf 87' lang='lat' dir='ltr'><strong>enim</strong></span> <span class='ocrx_word' id='word_1_22' title='bbox 3280 439 3378 495; x_wconf 90' lang='lat' dir='ltr'><strong>pro</strong></span> <span class='ocrx_word' id='word_1_23' title='bbox 3416 441 3509 482; x_wconf 89' lang='lat' dir='ltr'><strong>re-</strong></span> 
     </span>
    </p>
   </div>
   <div class='ocr_carea' id='block_1_4' title="bbox 225 512 3512 586">
    <p class='ocr_par' dir='ltr' id='par_1_4' title="bbox 225 512 3512 586">
     <span class='ocr_line' id='line_1_4' title="bbox 225 512 3512 586; baseline 0.002 -18"><span class='ocrx_word' id='word_1_24' title='bbox 225 515 339 569; x_wconf 91' lang='lat' dir='ltr'><strong>nuit</strong></span> <span class='ocrx_word' id='word_1_25' title='bbox 369 515 775 571; x_wconf 71' lang='lat' dir='ltr'><strong>necessitatem.</strong></span> <span class='ocrx_word' id='word_1_26' title='bbox 1927 512 2220 569; x_wconf 89' lang='lat' dir='ltr'><strong>tributione</strong></span> <span class='ocrx_word' id='word_1_27' title='bbox 2242 513 2502 570; x_wconf 80' lang='lat' dir='ltr'><strong>mercedis</strong></span> <span class='ocrx_word' id='word_1_28' title='bbox 2519 513 2665 584; x_wconf 61' lang='lat' dir='ltr'><strong>jus-te</strong></span> <span class='ocrx_word' id='word_1_29' title='bbox 2691 515 2982 586; x_wconf 86' lang='lat' dir='ltr'><strong>unicuique</strong></span> <span class='ocrx_word' id='word_1_30' title='bbox 3007 526 3346 586; x_wconf 89' lang='lat' dir='ltr'><strong>repensatur,</strong></span> <span class='ocrx_word' id='word_1_31' title='bbox 3366 519 3512 584; x_wconf 88' lang='lat' dir='ltr'><strong>quod</strong></span> 
     </span>
    </p>
   </div>
   <div class='ocr_carea' id='block_1_5' title="bbox 835 603 3512 685">
    <p class='ocr_par' dir='ltr' id='par_1_5' title="bbox 835 603 3512 685">
     <span class='ocr_line' id='line_1_5' title="bbox 835 603 3512 685; baseline -0.001 -19"><span class='ocrx_word' id='word_1_32' title='bbox 835 625 1066 685; x_wconf 59' lang='lat' dir='ltr'><strong>CAPUT</strong></span> <span class='ocrx_word' id='word_1_33' title='bbox 1102 627 1221 684; x_wconf 58' lang='grc' dir='ltr'>χιι,</span> <span class='ocrx_word' id='word_1_34' title='bbox 1923 603 2291 674; x_wconf 77' lang='lat' dir='ltr'><strong>principaliter</strong></span> <span class='ocrx_word' id='word_1_35' title='bbox 2331 613 2516 661; x_wconf 89' lang='lat' dir='ltr'><strong>mente</strong></span> <span class='ocrx_word' id='word_1_36' title='bbox 2558 607 2911 677; x_wconf 86' lang='lat' dir='ltr'><strong>conceperit,</strong></span> <span class='ocrx_word' id='word_1_37' title='bbox 2956 621 3063 663; x_wconf 93' lang='lat' dir='ltr'><strong>non</strong></span> <span class='ocrx_word' id='word_1_38' title='bbox 3117 607 3262 679; x_wconf 93' lang='lat' dir='ltr'><strong>quod</strong></span> <span class='ocrx_word' id='word_1_39' title='bbox 3315 608 3512 666; x_wconf 80' lang='lat' dir='ltr'><strong>exinde</strong></span> 
     </span>
    </p>
   </div>
   <div class='ocr_carea' id='block_1_6' title="bbox 1923 695 3508 770">
    <p class='ocr_par' dir='ltr' id='par_1_6' title="bbox 1923 695 3508 770">
     <span class='ocr_line' id='line_1_6' title="bbox 1923 695 3508 770; baseline 0.003 -19"><span class='ocrx_word' id='word_1_40' title='bbox 1923 695 2066 752; x_wconf 88' lang='lat' dir='ltr'><strong>bene</strong></span> <span class='ocrx_word' id='word_1_41' title='bbox 2113 696 2202 752; x_wconf 93' lang='lat' dir='ltr'><strong>vel</strong></span> <span class='ocrx_word' id='word_1_42' title='bbox 2247 695 2389 753; x_wconf 87' lang='lat' dir='ltr'><strong>male</strong></span> <span class='ocrx_word' id='word_1_43' title='bbox 2432 706 2619 754; x_wconf 88' lang='lat' dir='ltr'><strong>contra</strong></span> <span class='ocrx_word' id='word_1_44' title='bbox 2656 707 2842 754; x_wconf 89' lang='lat' dir='ltr'><strong>votum</strong></span> <span class='ocrx_word' id='word_1_45' title='bbox 2887 700 3163 770; x_wconf 83' lang='lat' dir='ltr'><strong>operantis</strong></span> <span class='ocrx_word' id='word_1_46' title='bbox 3205 701 3508 756; x_wconf 85' lang='lat' dir='ltr'><strong>emerserit.</strong></span> 
     </span>
    </p>
   </div>
   <div class='ocr_carea' id='block_1_7' title="bbox 231 762 1822 862">
    <p class='ocr_par' dir='ltr' id='par_1_7' title="bbox 231 762 1820 862">
     <span class='ocr_line' id='line_1_7' title="bbox 231 762 1820 862; baseline 0.001 -1"><span class='ocrx_word' id='word_1_47' title='bbox 231 763 380 831; x_wconf 69' lang='grc' dir='ltr'><strong>θυοδ</strong></span> <span class='ocrx_word' id='word_1_48' title='bbox 420 763 1577 862; x_wconf 62' lang='lat' dir='ltr'><strong>“’23-P&#39;i”f.&quot;i&#39;ﬁi.&#39;3‘ﬂf¥l’l“_ﬁ‘ff‘ﬂi‘ﬁf‘ill‘f&quot;</strong></span> <span class='ocrx_word' id='word_1_49' title='bbox 1605 762 1820 837; x_wconf 72' lang='grc' dir='ltr'><strong>ννοίυε·</strong></span> 
     </span>
    </p>
   </div>
   <div class='ocr_carea' id='block_1_8' title="bbox 1923 762 3512 862">
    <p class='ocr_par' dir='ltr' id='par_1_8' title="bbox 1923 762 3512 862">
     <span class='ocr_line' id='line_1_8' title="bbox 1923 762 3512 862; baseline 0.004 -19"><span class='ocrx_word' id='word_1_50' title='bbox 1923 787 2157 859; x_wconf 89' lang='lat' dir='ltr'><strong>Ideoque</strong></span> <span class='ocrx_word' id='word_1_51' title='bbox 2176 788 2508 858; x_wconf 78' lang='lat' dir='ltr'><strong>iustissimus</strong></span> <span class='ocrx_word' id='word_1_52' title='bbox 2526 789 2691 860; x_wconf 88' lang='lat' dir='ltr'><strong>judex</strong></span> <span class='ocrx_word' id='word_1_53' title='bbox 2722 762 3111 862; x_wconf 84' lang='lat' dir='ltr'><strong>excusabilem,</strong></span> <span class='ocrx_word' id='word_1_54' title='bbox 3133 793 3298 849; x_wconf 86' lang='lat' dir='ltr'><strong>immo</strong></span> <span class='ocrx_word' id='word_1_55' title='bbox 3326 793 3512 849; x_wconf 88' lang='lat' dir='ltr'><strong>lauda-</strong></span> 
     </span>
    </p>
   </div>
   <div class='ocr_carea' id='block_1_9' title="bbox 494 835 3511 957">
    <p class='ocr_par' dir='ltr' id='par_1_9' title="bbox 494 835 3511 957">
     <span class='ocr_line' id='line_1_9' title="bbox 494 835 3482 892; baseline 0.005 -6"><span class='ocrx_word' id='word_1_56' title='bbox 494 835 597 890; x_wconf 84' lang='lat' dir='ltr'><strong>rint</strong></span> <span class='ocrx_word' id='word_1_57' title='bbox 652 851 741 892; x_wconf 83' lang='lat' dir='ltr'><strong>nec</strong></span> <span class='ocrx_word' id='word_1_58' title='bbox 767 836 908 891; x_wconf 85' lang='lat' dir='ltr'><strong>bonis</strong></span> <span class='ocrx_word' id='word_1_59' title='bbox 933 835 1074 890; x_wconf 86' lang='lat' dir='ltr'><strong>mala</strong></span> <span class='ocrx_word' id='word_1_60' title='bbox 1141 844 1246 891; x_wconf 88' lang='lat' dir='ltr'><strong>esta</strong></span> <span class='ocrx_word' id='word_1_61' title='bbox 1272 837 1538 891; x_wconf 79' lang='lat' dir='ltr'><strong>nocuerint</strong></span> <span class='ocrx_word' id='word_1_62' title='bbox 1607 835 1616 837; x_wconf 63' lang='grc'><strong><em>“</em></strong></span> <span class='ocrx_word' id='word_1_63' title='bbox 1704 835 1711 836; x_wconf 25' lang='grc' dir='ltr'>ί</span> <span class='ocrx_word' id='word_1_64' title='bbox 1923 835 2157 892; x_wconf 65' lang='grc' dir='ltr'><strong>’ἶ““¹“’</strong></span> <span class='ocrx_word' id='word_1_65' title='bbox 2176 835 2508 892; x_wconf 66' lang='grc' dir='ltr'><strong>⁴Ϊ“”“’”’“</strong></span> <span class='ocrx_word' id='word_1_66' title='bbox 2526 835 2690 860; x_wconf 71' lang='grc'><strong><em>³“““”</em></strong></span> <span class='ocrx_word' id='word_1_67' title='bbox 2724 835 3111 862; x_wconf 67' lang='grc'><strong>“’””“’”“”””””</strong></span> <span class='ocrx_word' id='word_1_68' title='bbox 3134 835 3298 849; x_wconf 58' lang='lat' dir='ltr'><strong>um&quot;</strong></span> <span class='ocrx_word' id='word_1_69' title='bbox 3326 835 3482 849; x_wconf 58' lang='lat' dir='ltr'><strong>&quot;W-</strong></span> 
     </span>
     <span class='ocr_line' id='line_1_10' title="bbox 606 854 3511 957; baseline 0.004 -28"><span class='ocrx_word' id='word_1_70' title='bbox 606 877 621 902; x_wconf 88' lang='lat'><strong>’</strong></span> <span class='ocrx_word' id='word_1_71' title='bbox 1104 854 1136 908; x_wconf 68' lang='lat'><strong><em>9</em></strong></span> <span class='ocrx_word' id='word_1_72' title='bbox 1542 877 1558 893; x_wconf 86' lang='lat'><strong><em>&#39;</em></strong></span> <span class='ocrx_word' id='word_1_73' title='bbox 1924 879 2082 935; x_wconf 88' lang='lat' dir='ltr'><strong>bilem</strong></span> <span class='ocrx_word' id='word_1_74' title='bbox 2121 882 2246 934; x_wconf 90' lang='lat' dir='ltr'><strong>talis</strong></span> <span class='ocrx_word' id='word_1_75' title='bbox 2278 877 2305 918; x_wconf 75' lang='grc' dir='ltr'>δ</span> <span class='ocrx_word' id='word_1_76' title='bbox 2335 881 2600 937; x_wconf 83' lang='lat' dir='ltr'><strong>mendacii</strong></span> <span class='ocrx_word' id='word_1_77' title='bbox 2630 883 2839 939; x_wconf 78' lang='lat' dir='ltr'><strong>censuit</strong></span> <span class='ocrx_word' id='word_1_78' title='bbox 2868 894 3315 956; x_wconf 73' lang='lat' dir='ltr'><strong>prtesumptorem</strong></span> <span class='ocrx_word' id='word_1_79' title='bbox 3340 926 3358 954; x_wconf 96' lang='lat'><strong>,</strong></span> <span class='ocrx_word' id='word_1_80' title='bbox 3385 887 3511 957; x_wconf 82' lang='lat' dir='ltr'><strong>quia</strong></span> 
     </span>
    </p>
   </div>
   <div class='ocr_carea' id='block_1_10' title="bbox 300 971 1822 1060">
    <p class='ocr_par' dir='ltr' id='par_1_10' title="bbox 300 990 1822 1060">
     <span class='ocr_line' id='line_1_11' title="bbox 300 990 1822 1060; baseline -0.001 -13"><span class='ocrx_word' id='word_1_81' title='bbox 300 991 373 1047; x_wconf 84' lang='lat' dir='ltr'><strong>Et</strong></span> <span class='ocrx_word' id='word_1_82' title='bbox 402 1001 462 1046; x_wconf 89' lang='lat' dir='ltr'><strong>ut</strong></span> <span class='ocrx_word' id='word_1_83' title='bbox 497 991 615 1047; x_wconf 58' lang='lat' dir='ltr'><strong>haec</strong></span> <span class='ocrx_word' id='word_1_84' title='bbox 646 993 832 1048; x_wconf 86' lang='lat' dir='ltr'><strong>eadem</strong></span> <span class='ocrx_word' id='word_1_85' title='bbox 870 992 938 1047; x_wconf 90' lang='lat' dir='ltr'><strong>de</strong></span> <span class='ocrx_word' id='word_1_86' title='bbox 973 999 1281 1047; x_wconf 88' lang='lat' dir='ltr'><strong>sanctarum</strong></span> <span class='ocrx_word' id='word_1_87' title='bbox 1312 991 1710 1060; x_wconf 90' lang='lat' dir='ltr'><strong>Scripturarum</strong></span> <span class='ocrx_word' id='word_1_88' title='bbox 1737 990 1822 1046; x_wconf 80' lang='lat' dir='ltr'><strong>di-</strong></span> 
     </span>
    </p>
   </div>
   <div class='ocr_carea' id='block_1_11' title="bbox 1923 971 3514 1060">
    <p class='ocr_par' dir='ltr' id='par_1_11' title="bbox 1924 971 3514 1047">
     <span class='ocr_line' id='line_1_12' title="bbox 1924 971 3514 1047; baseline 0.003 -20"><span class='ocrx_word' id='word_1_89' title='bbox 1924 972 2042 1028; x_wconf 90' lang='lat' dir='ltr'><strong>sine</strong></span> <span class='ocrx_word' id='word_1_90' title='bbox 2070 986 2137 1028; x_wconf 92' lang='lat' dir='ltr'><strong>eo</strong></span> <span class='ocrx_word' id='word_1_91' title='bbox 2167 971 2234 1026; x_wconf 90' lang='lat' dir='ltr'><strong>ad</strong></span> <span class='ocrx_word' id='word_1_92' title='bbox 2273 971 2707 1031; x_wconf 89' lang='lat' dir='ltr'><strong>benedictionem</strong></span> <span class='ocrx_word' id='word_1_93' title='bbox 2740 976 3134 1046; x_wconf 87' lang='lat' dir='ltr'><strong>primitivorum</strong></span> <span class='ocrx_word' id='word_1_94' title='bbox 3163 991 3270 1032; x_wconf 90' lang='lat' dir='ltr'><strong>non</strong></span> <span class='ocrx_word' id='word_1_95' title='bbox 3301 983 3514 1047; x_wconf 78' lang='lat' dir='ltr'><strong>poterat</strong></span> 
     </span>
    </p>
   </div>
   <div class='ocr_carea' id='block_1_12' title="bbox 231 1066 1822 1158">
    <p class='ocr_par' dir='ltr' id='par_1_12' title="bbox 231 1083 1822 1158">
     <span class='ocr_line' id='line_1_13' title="bbox 231 1083 1822 1158; baseline 0.001 -18"><span class='ocrx_word' id='word_1_96' title='bbox 231 1083 532 1140; x_wconf 88' lang='lat' dir='ltr'><strong>lucidemus</strong></span> <span class='ocrx_word' id='word_1_97' title='bbox 575 1085 870 1157; x_wconf 79' lang='lat' dir='ltr'><strong>exemplis,</strong></span> <span class='ocrx_word' id='word_1_98' title='bbox 916 1085 1043 1158; x_wconf 88' lang='lat' dir='ltr'><strong>quid</strong></span> <span class='ocrx_word' id='word_1_99' title='bbox 1091 1084 1361 1140; x_wconf 81' lang='lat' dir='ltr'><strong>salubrius</strong></span> <span class='ocrx_word' id='word_1_100' title='bbox 1399 1085 1596 1154; x_wconf 79' lang='lat' dir='ltr'><strong>quidve</strong></span> <span class='ocrx_word' id='word_1_101' title='bbox 1638 1085 1822 1141; x_wconf 82' lang='lat' dir='ltr'><strong>utilius</strong></span> 
     </span>
    </p>
   </div>
   <div class='ocr_carea' id='block_1_13' title="bbox 1923 1066 3510 1158">
    <p class='ocr_par' dir='ltr' id='par_1_13' title="bbox 1925 1066 3510 1141">
     <span class='ocr_line' id='line_1_14' title="bbox 1925 1066 3510 1141; baseline 0.001 -19"><span class='ocrx_word' id='word_1_102' title='bbox 1925 1066 2232 1137; x_wconf 77' lang='lat' dir='ltr'><strong>pervenire.</strong></span> <span class='ocrx_word' id='word_1_103' title='bbox 2267 1077 2290 1105; x_wconf 72' lang='grc' dir='ltr'>ε</span> <span class='ocrx_word' id='word_1_104' title='bbox 2322 1066 2433 1122; x_wconf 88' lang='lat' dir='ltr'><strong>Nec</strong></span> <span class='ocrx_word' id='word_1_105' title='bbox 2456 1067 2646 1124; x_wconf 88' lang='lat' dir='ltr'><strong>debuit</strong></span> <span class='ocrx_word' id='word_1_106' title='bbox 2674 1069 2728 1124; x_wconf 93' lang='lat' dir='ltr'><strong>in</strong></span> <span class='ocrx_word' id='word_1_107' title='bbox 2755 1070 2959 1126; x_wconf 88' lang='lat' dir='ltr'><strong>crimen</strong></span> <span class='ocrx_word' id='word_1_108' title='bbox 2984 1071 3164 1126; x_wconf 91' lang='lat' dir='ltr'><strong>vocari</strong></span> <span class='ocrx_word' id='word_1_109' title='bbox 3195 1070 3335 1141; x_wconf 91' lang='lat' dir='ltr'><strong>quod</strong></span> <span class='ocrx_word' id='word_1_110' title='bbox 3363 1069 3510 1126; x_wconf 85' lang='lat' dir='ltr'><strong>desi-</strong></span> 
     </span>
    </p>
   </div>
   <div class='ocr_carea' id='block_1_14' title="bbox 234 1157 3512 1248">
    <p class='ocr_par' dir='ltr' id='par_1_14' title="bbox 234 1157 3512 1248">
     <span class='ocr_line' id='line_1_15' title="bbox 234 1157 3512 1248; baseline 0.002 -36"><span class='ocrx_word' id='word_1_111' title='bbox 234 1179 493 1233; x_wconf 64' lang='grc' dir='ltr'><strong>υηίνειιςο</strong></span> <span class='ocrx_word' id='word_1_112' title='bbox 523 1178 644 1234; x_wconf 64' lang='lat' dir='ltr'><strong>orbi</strong></span> <span class='ocrx_word' id='word_1_113' title='bbox 676 1179 849 1248; x_wconf 67' lang='grc' dir='ltr'>ροιυίι</span> <span class='ocrx_word' id='word_1_114' title='bbox 880 1157 1154 1248; x_wconf 44' lang='lat' dir='ltr'><strong>procurari</strong></span> <span class='ocrx_word' id='word_1_115' title='bbox 1185 1193 1346 1248; x_wconf 70' lang='lat' dir='ltr'><strong>quam</strong></span> <span class='ocrx_word' id='word_1_116' title='bbox 1380 1177 1671 1233; x_wconf 59' lang='grc' dir='ltr'><strong>υοηιίηεοω</strong></span> <span class='ocrx_word' id='word_1_117' title='bbox 1701 1192 1826 1245; x_wconf 66' lang='lat' dir='ltr'><strong>pas-</strong></span> <span class='ocrx_word' id='word_1_118' title='bbox 1924 1157 2077 1214; x_wconf 73' lang='lat' dir='ltr'><strong>derio</strong></span> <span class='ocrx_word' id='word_1_119' title='bbox 2106 1158 2502 1215; x_wconf 87' lang='lat' dir='ltr'><strong>benedictionis</strong></span> <span class='ocrx_word' id='word_1_120' title='bbox 2528 1169 2774 1217; x_wconf 85' lang='lat' dir='ltr'><strong>exortum</strong></span> <span class='ocrx_word' id='word_1_121' title='bbox 2797 1172 2902 1218; x_wconf 89' lang='lat' dir='ltr'><strong>est.</strong></span> <span class='ocrx_word' id='word_1_122' title='bbox 2927 1164 3178 1235; x_wconf 85' lang='lat' dir='ltr'><strong>Alioquin</strong></span> <span class='ocrx_word' id='word_1_123' title='bbox 3209 1178 3318 1219; x_wconf 93' lang='lat' dir='ltr'><strong>non</strong></span> <span class='ocrx_word' id='word_1_124' title='bbox 3350 1163 3512 1219; x_wconf 91' lang='lat' dir='ltr'><strong>modo</strong></span> 
     </span>
    </p>
   </div>
   <div class='ocr_carea' id='block_1_15' title="bbox 235 1251 1822 1329">
    <p class='ocr_par' dir='ltr' id='par_1_15' title="bbox 235 1269 1821 1326">
     <span class='ocr_line' id='line_1_16' title="bbox 235 1269 1821 1326; baseline 0.001 -2"><span class='ocrx_word' id='word_1_125' title='bbox 235 1270 405 1324; x_wconf 91' lang='lat' dir='ltr'><strong>sionis</strong></span> <span class='ocrx_word' id='word_1_126' title='bbox 424 1270 661 1325; x_wconf 88' lang='lat' dir='ltr'><strong>salutare</strong></span> <span class='ocrx_word' id='word_1_127' title='bbox 683 1269 1016 1326; x_wconf 79' lang='lat' dir='ltr'><strong>remedium?</strong></span> <span class='ocrx_word' id='word_1_128' title='bbox 1040 1279 1065 1307; x_wconf 74' lang='grc' dir='ltr'>α</span> <span class='ocrx_word' id='word_1_129' title='bbox 1085 1269 1156 1325; x_wconf 85' lang='lat' dir='ltr'><strong>Et</strong></span> <span class='ocrx_word' id='word_1_130' title='bbox 1175 1279 1355 1325; x_wconf 89' lang='lat' dir='ltr'><strong>tamen</strong></span> <span class='ocrx_word' id='word_1_131' title='bbox 1385 1286 1490 1324; x_wconf 91' lang='lat' dir='ltr'><strong>non</strong></span> <span class='ocrx_word' id='word_1_132' title='bbox 1519 1270 1690 1324; x_wconf 89' lang='lat' dir='ltr'><strong>solum</strong></span> <span class='ocrx_word' id='word_1_133' title='bbox 1714 1284 1821 1326; x_wconf 92' lang='lat' dir='ltr'><strong>non</strong></span> 
     </span>
    </p>
   </div>
   <div class='ocr_carea' id='block_1_16' title="bbox 1923 1251 3510 1329">
    <p class='ocr_par' dir='ltr' id='par_1_16' title="bbox 1925 1251 3510 1329">
     <span class='ocr_line' id='line_1_17' title="bbox 1925 1251 3510 1329; baseline 0.005 -23"><span class='ocrx_word' id='word_1_134' title='bbox 1925 1251 2142 1322; x_wconf 88' lang='lat' dir='ltr'><strong>iniquus</strong></span> <span class='ocrx_word' id='word_1_135' title='bbox 2182 1253 2236 1309; x_wconf 92' lang='lat' dir='ltr'><strong>in</strong></span> <span class='ocrx_word' id='word_1_136' title='bbox 2285 1254 2503 1311; x_wconf 77' lang='lat' dir='ltr'><strong>fratrem</strong></span> <span class='ocrx_word' id='word_1_137' title='bbox 2535 1256 2840 1326; x_wconf 85' lang='lat' dir='ltr'><strong>patriarcha</strong></span> <span class='ocrx_word' id='word_1_138' title='bbox 2882 1259 3192 1329; x_wconf 56' lang='lat' dir='ltr'><strong>praedictus,</strong></span> <span class='ocrx_word' id='word_1_139' title='bbox 3223 1259 3320 1315; x_wconf 87' lang='lat' dir='ltr'><strong>sed</strong></span> <span class='ocrx_word' id='word_1_140' title='bbox 3351 1261 3510 1315; x_wconf 87' lang='lat' dir='ltr'><strong>etiam</strong></span> 
     </span>
    </p>
   </div>
   <div class='ocr_carea' id='block_1_17' title="bbox 236 1346 1822 1433">
    <p class='ocr_par' dir='ltr' id='par_1_17' title="bbox 236 1361 1822 1433">
     <span class='ocr_line' id='line_1_18' title="bbox 236 1361 1822 1433; baseline 0.002 -17"><span class='ocrx_word' id='word_1_141' title='bbox 236 1362 472 1433; x_wconf 82' lang='lat' dir='ltr'><strong>proluit,</strong></span> <span class='ocrx_word' id='word_1_142' title='bbox 510 1377 697 1418; x_wconf 87' lang='lat' dir='ltr'><strong>verum</strong></span> <span class='ocrx_word' id='word_1_143' title='bbox 729 1362 893 1418; x_wconf 85' lang='lat' dir='ltr'><strong>etiam</strong></span> <span class='ocrx_word' id='word_1_144' title='bbox 931 1363 984 1417; x_wconf 93' lang='lat' dir='ltr'><strong>in</strong></span> <span class='ocrx_word' id='word_1_145' title='bbox 1017 1371 1220 1418; x_wconf 91' lang='lat' dir='ltr'><strong>tantum</strong></span> <span class='ocrx_word' id='word_1_146' title='bbox 1252 1363 1331 1418; x_wconf 92' lang='lat' dir='ltr'><strong>illi</strong></span> <span class='ocrx_word' id='word_1_147' title='bbox 1372 1361 1546 1418; x_wconf 80' lang='lat' dir='ltr'><strong>obfuit</strong></span> <span class='ocrx_word' id='word_1_148' title='bbox 1577 1362 1822 1419; x_wconf 82' lang='lat' dir='ltr'><strong>traditori</strong></span> 
     </span>
    </p>
   </div>
   <div class='ocr_carea' id='block_1_18' title="bbox 1923 1346 3511 1433">
    <p class='ocr_par' dir='ltr' id='par_1_18' title="bbox 1925 1346 3511 1424">
     <span class='ocr_line' id='line_1_19' title="bbox 1925 1346 3511 1424; baseline 0.003 -22"><span class='ocrx_word' id='word_1_149' title='bbox 1925 1346 2322 1405; x_wconf 89' lang='lat' dir='ltr'><strong>circumventor</strong></span> <span class='ocrx_word' id='word_1_150' title='bbox 2356 1349 2411 1404; x_wconf 91' lang='lat' dir='ltr'><strong>in</strong></span> <span class='ocrx_word' id='word_1_151' title='bbox 2449 1359 2652 1419; x_wconf 87' lang='lat' dir='ltr'><strong>patrem</strong></span> <span class='ocrx_word' id='word_1_152' title='bbox 2685 1360 2736 1406; x_wconf 92' lang='lat' dir='ltr'><strong>et</strong></span> <span class='ocrx_word' id='word_1_153' title='bbox 2773 1353 3067 1424; x_wconf 82' lang='lat' dir='ltr'><strong>sacrilegus</strong></span> <span class='ocrx_word' id='word_1_154' title='bbox 3097 1353 3434 1419; x_wconf 88' lang='lat' dir='ltr'><strong>exstitisset,</strong></span> <span class='ocrx_word' id='word_1_155' title='bbox 3465 1353 3511 1407; x_wconf 88' lang='lat' dir='ltr'><strong>si</strong></span> 
     </span>
    </p>
   </div>
   <div class='ocr_carea' id='block_1_19' title="bbox 235 1437 1822 1527">
    <p class='ocr_par' dir='ltr' id='par_1_19' title="bbox 235 1455 1822 1527">
     <span class='ocr_line' id='line_1_20' title="bbox 235 1455 1822 1527; baseline 0 -16"><span class='ocrx_word' id='word_1_156' title='bbox 235 1456 389 1526; x_wconf 86' lang='lat' dir='ltr'><strong>cujus</strong></span> <span class='ocrx_word' id='word_1_157' title='bbox 414 1455 716 1512; x_wconf 87' lang='lat' dir='ltr'><strong>ministerio</strong></span> <span class='ocrx_word' id='word_1_158' title='bbox 740 1457 994 1527; x_wconf 86' lang='lat' dir='ltr'><strong>probatur</strong></span> <span class='ocrx_word' id='word_1_159' title='bbox 1022 1457 1322 1527; x_wconf 90' lang='lat' dir='ltr'><strong>impletum,</strong></span> <span class='ocrx_word' id='word_1_160' title='bbox 1349 1467 1405 1511; x_wconf 91' lang='lat' dir='ltr'><strong>ut</strong></span> <span class='ocrx_word' id='word_1_161' title='bbox 1427 1456 1673 1513; x_wconf 88' lang='lat' dir='ltr'><strong>absolute</strong></span> <span class='ocrx_word' id='word_1_162' title='bbox 1702 1473 1822 1526; x_wconf 90' lang='lat' dir='ltr'><strong>pro-</strong></span> 
     </span>
    </p>
   </div>
   <div class='ocr_carea' id='block_1_20' title="bbox 1923 1437 3510 1527">
    <p class='ocr_par' dir='ltr' id='par_1_20' title="bbox 1926 1437 3510 1516">
     <span class='ocr_line' id='line_1_21' title="bbox 1926 1437 3510 1516; baseline 0.004 -22"><span class='ocrx_word' id='word_1_163' title='bbox 1926 1437 2130 1496; x_wconf 87' lang='lat' dir='ltr'><strong>babens</strong></span> <span class='ocrx_word' id='word_1_164' title='bbox 2163 1441 2326 1496; x_wconf 80' lang='lat' dir='ltr'><strong>aliam</strong></span> <span class='ocrx_word' id='word_1_165' title='bbox 2358 1443 2500 1497; x_wconf 84' lang='lat' dir='ltr'><strong>viam</strong></span> <span class='ocrx_word' id='word_1_166' title='bbox 2537 1457 2639 1513; x_wconf 89' lang='lat' dir='ltr'><strong>qua</strong></span> <span class='ocrx_word' id='word_1_167' title='bbox 2681 1443 2749 1498; x_wconf 88' lang='lat' dir='ltr'><strong>ad</strong></span> <span class='ocrx_word' id='word_1_168' title='bbox 2786 1443 3179 1502; x_wconf 83' lang='lat' dir='ltr'><strong>benedictionis</strong></span> <span class='ocrx_word' id='word_1_169' title='bbox 3208 1445 3353 1501; x_wconf 91' lang='lat' dir='ltr'><strong>illius</strong></span> <span class='ocrx_word' id='word_1_170' title='bbox 3383 1460 3510 1516; x_wconf 81' lang='lat' dir='ltr'><strong>gra-</strong></span> 
     </span>
    </p>
   </div>
   <div class='ocr_carea' id='block_1_21' title="bbox 235 1530 1822 1620">
    <p class='ocr_par' dir='ltr' id='par_1_21' title="bbox 235 1546 1822 1620">
     <span class='ocr_line' id='line_1_22' title="bbox 235 1546 1822 1620; baseline 0 -18"><span class='ocrx_word' id='word_1_171' title='bbox 235 1547 513 1602; x_wconf 89' lang='lat' dir='ltr'><strong>nuntietur</strong></span> <span class='ocrx_word' id='word_1_172' title='bbox 542 1547 610 1602; x_wconf 89' lang='lat' dir='ltr'><strong>de</strong></span> <span class='ocrx_word' id='word_1_173' title='bbox 639 1547 751 1616; x_wconf 91' lang='lat' dir='ltr'><strong>illo,</strong></span> <span class='ocrx_word' id='word_1_174' title='bbox 780 1546 988 1602; x_wconf 91' lang='lat' dir='ltr'><strong>Bonum</strong></span> <span class='ocrx_word' id='word_1_175' title='bbox 1023 1556 1130 1603; x_wconf 84' lang='lat' dir='ltr'><strong>erat</strong></span> <span class='ocrx_word' id='word_1_176' title='bbox 1162 1548 1232 1613; x_wconf 87' lang='lat' dir='ltr'><strong>ei,</strong></span> <span class='ocrx_word' id='word_1_177' title='bbox 1262 1549 1308 1602; x_wconf 86' lang='lat' dir='ltr'><strong>si</strong></span> <span class='ocrx_word' id='word_1_178' title='bbox 1335 1558 1483 1602; x_wconf 87' lang='lat' dir='ltr'><strong>natus</strong></span> <span class='ocrx_word' id='word_1_179' title='bbox 1511 1565 1614 1603; x_wconf 86' lang='lat' dir='ltr'><strong>non</strong></span> <span class='ocrx_word' id='word_1_180' title='bbox 1643 1549 1822 1620; x_wconf 80' lang='lat' dir='ltr'><strong>fuisset</strong></span> 
     </span>
    </p>
   </div>
   <div class='ocr_carea' id='block_1_22' title="bbox 1923 1530 3510 1620">
    <p class='ocr_par' dir='ltr' id='par_1_22' title="bbox 1929 1530 3510 1604">
     <span class='ocr_line' id='line_1_23' title="bbox 1929 1530 3510 1604; baseline 0.004 -21"><span class='ocrx_word' id='word_1_181' title='bbox 1929 1530 2054 1584; x_wconf 90' lang='lat' dir='ltr'><strong>tiam</strong></span> <span class='ocrx_word' id='word_1_182' title='bbox 2087 1533 2416 1600; x_wconf 90' lang='lat' dir='ltr'><strong>perveniret,</strong></span> <span class='ocrx_word' id='word_1_183' title='bbox 2452 1532 2592 1588; x_wconf 85' lang='lat' dir='ltr'><strong>lianc</strong></span> <span class='ocrx_word' id='word_1_184' title='bbox 2635 1548 2754 1604; x_wconf 72' lang='lat' dir='ltr'><strong>qua:</strong></span> <span class='ocrx_word' id='word_1_185' title='bbox 2789 1534 2941 1589; x_wconf 76' lang='lat' dir='ltr'><strong>fratri</strong></span> <span class='ocrx_word' id='word_1_186' title='bbox 2987 1535 3244 1592; x_wconf 89' lang='lat' dir='ltr'><strong>damnosa</strong></span> <span class='ocrx_word' id='word_1_187' title='bbox 3275 1546 3420 1592; x_wconf 88' lang='lat' dir='ltr'><strong>esset</strong></span> <span class='ocrx_word' id='word_1_188' title='bbox 3448 1550 3510 1592; x_wconf 88' lang='lat' dir='ltr'><strong>ac</strong></span> 
     </span>
    </p>
   </div>
   <div class='ocr_carea' id='block_1_23' title="bbox 235 1625 1822 1712">
    <p class='ocr_par' dir='ltr' id='par_1_23' title="bbox 235 1639 1822 1712">
     <span class='ocr_line' id='line_1_24' title="bbox 235 1639 1822 1712; baseline 0.003 -19"><span class='ocrx_word' id='word_1_189' title='bbox 235 1641 388 1693; x_wconf 76' lang='lat' dir='ltr'><strong>Inoino</strong></span> <span class='ocrx_word' id='word_1_190' title='bbox 432 1640 526 1694; x_wconf 87' lang='lat' dir='ltr'><strong>ille</strong></span> <span class='ocrx_word' id='word_1_191' title='bbox 567 1639 783 1710; x_wconf 78' lang='lat' dir='ltr'><strong>(Matth.</strong></span> <span class='ocrx_word' id='word_1_192' title='bbox 815 1639 990 1712; x_wconf 74' lang='lat' dir='ltr'><strong>sxw).</strong></span> <span class='ocrx_word' id='word_1_193' title='bbox 1027 1639 1143 1695; x_wconf 79' lang='lat' dir='ltr'><strong>Non</strong></span> <span class='ocrx_word' id='word_1_194' title='bbox 1190 1640 1334 1695; x_wconf 91' lang='lat' dir='ltr'><strong>enim</strong></span> <span class='ocrx_word' id='word_1_195' title='bbox 1383 1641 1677 1697; x_wconf 87' lang='lat' dir='ltr'><strong>secundum</strong></span> <span class='ocrx_word' id='word_1_196' title='bbox 1721 1641 1822 1698; x_wconf 91' lang='lat' dir='ltr'><strong>hoc</strong></span> 
     </span>
    </p>
   </div>
   <div class='ocr_carea' id='block_1_24' title="bbox 1923 1625 3508 1712">
    <p class='ocr_par' dir='ltr' id='par_1_24' title="bbox 1926 1625 3508 1699">
     <span class='ocr_line' id='line_1_25' title="bbox 1926 1625 3508 1699; baseline 0.002 -20"><span class='ocrx_word' id='word_1_197' title='bbox 1926 1625 2118 1691; x_wconf 88' lang='lat' dir='ltr'><strong>noxia,</strong></span> <span class='ocrx_word' id='word_1_198' title='bbox 2150 1635 2409 1696; x_wconf 84' lang='lat' dir='ltr'><strong>expetere</strong></span> <span class='ocrx_word' id='word_1_199' title='bbox 2439 1627 2741 1682; x_wconf 86' lang='lat' dir='ltr'><strong>maluisset.</strong></span> <span class='ocrx_word' id='word_1_200' title='bbox 2775 1627 2976 1683; x_wconf 79' lang='lat' dir='ltr'><strong>Videtis</strong></span> <span class='ocrx_word' id='word_1_201' title='bbox 3016 1643 3144 1699; x_wconf 81' lang='lat' dir='ltr'><strong>ergo</strong></span> <span class='ocrx_word' id='word_1_202' title='bbox 3167 1627 3306 1699; x_wconf 90' lang='lat' dir='ltr'><strong>apud</strong></span> <span class='ocrx_word' id='word_1_203' title='bbox 3340 1627 3508 1682; x_wconf 89' lang='lat' dir='ltr'><strong>Deum</strong></span> 
     </span>
    </p>
   </div>
   <div class='ocr_carea' id='block_1_25' title="bbox 235 1718 1822 1802">
    <p class='ocr_par' dir='ltr' id='par_1_25' title="bbox 235 1729 1814 1802">
     <span class='ocr_line' id='line_1_26' title="bbox 235 1729 1814 1802; baseline 0.001 -18"><span class='ocrx_word' id='word_1_204' title='bbox 235 1730 379 1802; x_wconf 88' lang='lat' dir='ltr'><strong>quod</strong></span> <span class='ocrx_word' id='word_1_205' title='bbox 410 1731 623 1797; x_wconf 83' lang='lat' dir='ltr'><strong>evenit,</strong></span> <span class='ocrx_word' id='word_1_206' title='bbox 648 1730 853 1786; x_wconf 82' lang='lat' dir='ltr'><strong>fructus</strong></span> <span class='ocrx_word' id='word_1_207' title='bbox 882 1729 956 1786; x_wconf 88' lang='lat' dir='ltr'><strong>illi</strong></span> <span class='ocrx_word' id='word_1_208' title='bbox 986 1739 1068 1787; x_wconf 89' lang='lat' dir='ltr'><strong>est</strong></span> <span class='ocrx_word' id='word_1_209' title='bbox 1095 1730 1175 1786; x_wconf 91' lang='lat' dir='ltr'><strong>sui</strong></span> <span class='ocrx_word' id='word_1_210' title='bbox 1203 1733 1383 1800; x_wconf 79' lang='lat' dir='ltr'><strong>Operis</strong></span> <span class='ocrx_word' id='word_1_211' title='bbox 1411 1731 1779 1802; x_wconf 87' lang='lat' dir='ltr'><strong>repensandus</strong></span> <span class='ocrx_word' id='word_1_212' title='bbox 1799 1774 1814 1799; x_wconf 85' lang='lat'><strong>,</strong></span> 
     </span>
    </p>
   </div>
   <div class='ocr_carea' id='block_1_26' title="bbox 1923 1718 3512 1802">
    <p class='ocr_par' dir='ltr' id='par_1_26' title="bbox 1927 1718 3512 1788">
     <span class='ocr_line' id='line_1_27' title="bbox 1927 1718 3512 1788; baseline 0.004 -19"><span class='ocrx_word' id='word_1_213' title='bbox 1927 1731 2031 1770; x_wconf 91' lang='lat' dir='ltr'><strong>non</strong></span> <span class='ocrx_word' id='word_1_214' title='bbox 2061 1731 2372 1786; x_wconf 89' lang='lat' dir='ltr'><strong>processum</strong></span> <span class='ocrx_word' id='word_1_215' title='bbox 2404 1719 2610 1788; x_wconf 88' lang='lat' dir='ltr'><strong>operis,</strong></span> <span class='ocrx_word' id='word_1_216' title='bbox 2640 1718 2736 1774; x_wconf 91' lang='lat' dir='ltr'><strong>sed</strong></span> <span class='ocrx_word' id='word_1_217' title='bbox 2762 1718 3175 1777; x_wconf 86' lang='lat' dir='ltr'><strong>destinationem</strong></span> <span class='ocrx_word' id='word_1_218' title='bbox 3205 1723 3398 1778; x_wconf 90' lang='lat' dir='ltr'><strong>mentis</strong></span> <span class='ocrx_word' id='word_1_219' title='bbox 3428 1722 3512 1776; x_wconf 85' lang='lat' dir='ltr'><strong>in-</strong></span> 
     </span>
    </p>
   </div>
   <div class='ocr_carea' id='block_1_27' title="bbox 234 1808 1822 1894">
    <p class='ocr_par' dir='ltr' id='par_1_27' title="bbox 234 1821 1818 1894">
     <span class='ocr_line' id='line_1_28' title="bbox 234 1821 1818 1894; baseline 0.001 -17"><span class='ocrx_word' id='word_1_220' title='bbox 234 1821 330 1877; x_wconf 88' lang='lat' dir='ltr'><strong>sed</strong></span> <span class='ocrx_word' id='word_1_221' title='bbox 372 1823 668 1878; x_wconf 87' lang='lat' dir='ltr'><strong>secundum</strong></span> <span class='ocrx_word' id='word_1_222' title='bbox 702 1821 754 1877; x_wconf 94' lang='lat' dir='ltr'><strong>id</strong></span> <span class='ocrx_word' id='word_1_223' title='bbox 785 1822 926 1891; x_wconf 90' lang='lat' dir='ltr'><strong>quod</strong></span> <span class='ocrx_word' id='word_1_224' title='bbox 959 1821 1135 1878; x_wconf 76' lang='lat' dir='ltr'><strong>facere</strong></span> <span class='ocrx_word' id='word_1_225' title='bbox 1163 1823 1363 1888; x_wconf 88' lang='lat' dir='ltr'><strong>voluit,</strong></span> <span class='ocrx_word' id='word_1_226' title='bbox 1397 1823 1480 1878; x_wconf 87' lang='lat' dir='ltr'><strong>vel</strong></span> <span class='ocrx_word' id='word_1_227' title='bbox 1519 1822 1659 1894; x_wconf 92' lang='lat' dir='ltr'><strong>quod</strong></span> <span class='ocrx_word' id='word_1_228' title='bbox 1688 1823 1818 1879; x_wconf 80' lang='lat' dir='ltr'><strong>ell&#39;e-</strong></span> 
     </span>
    </p>
   </div>
   <div class='ocr_carea' id='block_1_28' title="bbox 1923 1808 3508 1894">
    <p class='ocr_par' dir='ltr' id='par_1_28' title="bbox 1925 1809 3508 1888">
     <span class='ocr_line' id='line_1_29' title="bbox 1925 1809 3508 1888; baseline 0.006 -26"><span class='ocrx_word' id='word_1_229' title='bbox 1925 1809 2084 1879; x_wconf 91' lang='lat' dir='ltr'><strong>quiri.</strong></span> <span class='ocrx_word' id='word_1_230' title='bbox 2138 1809 2230 1865; x_wconf 86' lang='lat' dir='ltr'><strong>llis</strong></span> <span class='ocrx_word' id='word_1_231' title='bbox 2279 1811 2456 1882; x_wconf 84' lang='lat' dir='ltr'><strong>itaque</strong></span> <span class='ocrx_word' id='word_1_232' title='bbox 2518 1813 2892 1884; x_wconf 62' lang='lat' dir='ltr'><strong>praestructis,</strong></span> <span class='ocrx_word' id='word_1_233' title='bbox 2946 1822 3006 1869; x_wconf 91' lang='lat' dir='ltr'><strong>ut</strong></span> <span class='ocrx_word' id='word_1_234' title='bbox 3053 1814 3120 1870; x_wconf 90' lang='lat' dir='ltr'><strong>ad</strong></span> <span class='ocrx_word' id='word_1_235' title='bbox 3178 1818 3508 1888; x_wconf 87' lang='lat' dir='ltr'><strong>propositam</strong></span> 
     </span>
    </p>
   </div>
   <div class='ocr_carea' id='block_1_29' title="bbox 235 1903 1822 1986">
    <p class='ocr_par' dir='ltr' id='par_1_29' title="bbox 235 1913 1822 1986">
     <span class='ocr_line' id='line_1_30' title="bbox 235 1913 1822 1986; baseline 0.001 -16"><span class='ocrx_word' id='word_1_236' title='bbox 235 1923 454 1970; x_wconf 89' lang='lat' dir='ltr'><strong>cturum</strong></span> <span class='ocrx_word' id='word_1_237' title='bbox 482 1928 544 1970; x_wconf 90' lang='lat' dir='ltr'><strong>se</strong></span> <span class='ocrx_word' id='word_1_238' title='bbox 573 1929 696 1970; x_wconf 86' lang='lat' dir='ltr'><strong>esse</strong></span> <span class='ocrx_word' id='word_1_239' title='bbox 720 1913 967 1970; x_wconf 90' lang='lat' dir='ltr'><strong>credidit.</strong></span> <span class='ocrx_word' id='word_1_240' title='bbox 996 1913 1064 1969; x_wconf 83' lang='lat' dir='ltr'><strong>Et</strong></span> <span class='ocrx_word' id='word_1_241' title='bbox 1084 1929 1291 1977; x_wconf 83' lang='lat' dir='ltr'><strong>rursus,</strong></span> <span class='ocrx_word' id='word_1_242' title='bbox 1325 1914 1450 1986; x_wconf 91' lang='lat' dir='ltr'><strong>quid</strong></span> <span class='ocrx_word' id='word_1_243' title='bbox 1478 1915 1822 1972; x_wconf 90' lang='lat' dir='ltr'><strong>criminosius</strong></span> 
     </span>
    </p>
   </div>
   <div class='ocr_carea' id='block_1_30' title="bbox 1923 1903 3511 1986">
    <p class='ocr_par' dir='ltr' id='par_1_30' title="bbox 1923 1903 3511 1978">
     <span class='ocr_line' id='line_1_31' title="bbox 1923 1903 3511 1978; baseline 0.006 -22"><span class='ocrx_word' id='word_1_244' title='bbox 1923 1903 2276 1974; x_wconf 74' lang='lat' dir='ltr'><strong>quaastionem</strong></span> <span class='ocrx_word' id='word_1_245' title='bbox 2327 1903 2398 1959; x_wconf 94' lang='lat' dir='ltr'><strong>ob</strong></span> <span class='ocrx_word' id='word_1_246' title='bbox 2445 1921 2604 1976; x_wconf 90' lang='lat' dir='ltr'><strong>quam</strong></span> <span class='ocrx_word' id='word_1_247' title='bbox 2637 1905 2755 1961; x_wconf 86' lang='lat' dir='ltr'><strong>haec</strong></span> <span class='ocrx_word' id='word_1_248' title='bbox 2784 1906 3030 1962; x_wconf 87' lang='lat' dir='ltr'><strong>universa</strong></span> <span class='ocrx_word' id='word_1_249' title='bbox 3063 1908 3338 1978; x_wconf 74' lang='lat' dir='ltr'><strong>pmmissa</strong></span> <span class='ocrx_word' id='word_1_250' title='bbox 3385 1917 3511 1965; x_wconf 89' lang='lat' dir='ltr'><strong>sunt</strong></span> 
     </span>
    </p>
   </div>
   <div class='ocr_carea' id='block_1_31' title="bbox 234 1997 3511 2079">
    <p class='ocr_par' dir='ltr' id='par_1_31' title="bbox 234 1997 3511 2079">
     <span class='ocr_line' id='line_1_32' title="bbox 234 1997 3511 2079; baseline 0.003 -17"><span class='ocrx_word' id='word_1_251' title='bbox 234 2008 362 2063; x_wconf 90' lang='lat' dir='ltr'><strong>dolo</strong></span> <span class='ocrx_word' id='word_1_252' title='bbox 387 2017 552 2079; x_wconf 87' lang='lat' dir='ltr'><strong>atque</strong></span> <span class='ocrx_word' id='word_1_253' title='bbox 584 2008 891 2073; x_wconf 89' lang='lat' dir='ltr'><strong>mendacio,</strong></span> <span class='ocrx_word' id='word_1_254' title='bbox 925 2008 1089 2064; x_wconf 89' lang='lat' dir='ltr'><strong>etiam</strong></span> <span class='ocrx_word' id='word_1_255' title='bbox 1121 2009 1176 2063; x_wconf 93' lang='lat' dir='ltr'><strong>in</strong></span> <span class='ocrx_word' id='word_1_256' title='bbox 1205 2019 1545 2072; x_wconf 83' lang='lat' dir='ltr'><strong>extraneum,</strong></span> <span class='ocrx_word' id='word_1_257' title='bbox 1580 2024 1647 2064; x_wconf 90' lang='lat' dir='ltr'><strong>ne</strong></span> <span class='ocrx_word' id='word_1_258' title='bbox 1676 2009 1824 2066; x_wconf 83' lang='lat' dir='ltr'><strong>dixe-</strong></span> <span class='ocrx_word' id='word_1_259' title='bbox 1922 2004 2281 2063; x_wconf 55' lang='lat' dir='ltr'><strong>revertamur,</strong></span> <span class='ocrx_word' id='word_1_260' title='bbox 2312 1997 2688 2068; x_wconf 66' lang='grc' dir='ltr'><strong>ῐθεροηάεειίε</strong></span> <span class='ocrx_word' id='word_1_261' title='bbox 2715 1997 2844 2053; x_wconf 68' lang='lat' dir='ltr'><strong>mihi</strong></span> <span class='ocrx_word' id='word_1_262' title='bbox 2874 1999 3120 2069; x_wconf 58' lang='lat' dir='ltr'><strong>[irimillis</strong></span> <span class='ocrx_word' id='word_1_263' title='bbox 3150 2000 3335 2066; x_wconf 61' lang='lat' dir='ltr'><strong>Velim.</strong></span> <span class='ocrx_word' id='word_1_264' title='bbox 3357 2002 3511 2072; x_wconf 58' lang='lat' dir='ltr'><strong>cuius</strong></span> 
     </span>
    </p>
   </div>
   <div class='ocr_carea' id='block_1_32' title="bbox 237 2089 3402 2170">
    <p class='ocr_par' dir='ltr' id='par_1_32' title="bbox 237 2089 3402 2170">
     <span class='ocr_line' id='line_1_33' title="bbox 237 2089 3402 2170; baseline -0.003 -14"><span class='ocrx_word' id='word_1_265' title='bbox 237 2100 339 2153; x_wconf 91' lang='lat' dir='ltr'><strong>rim</strong></span> <span class='ocrx_word' id='word_1_266' title='bbox 391 2098 446 2154; x_wconf 90' lang='lat' dir='ltr'><strong>in</strong></span> <span class='ocrx_word' id='word_1_267' title='bbox 492 2113 810 2170; x_wconf 72' lang='lat' dir='ltr'><strong>germanum</strong></span> <span class='ocrx_word' id='word_1_268' title='bbox 863 2109 1135 2170; x_wconf 86' lang='lat' dir='ltr'><strong>patremve</strong></span> <span class='ocrx_word' id='word_1_269' title='bbox 1176 2100 1503 2156; x_wconf 74' lang='lat' dir='ltr'><strong>commisso?</strong></span> <span class='ocrx_word' id='word_1_270' title='bbox 1541 2101 1606 2155; x_wconf 84' lang='lat' dir='ltr'><strong>Et</strong></span> <span class='ocrx_word' id='word_1_271' title='bbox 1642 2111 1822 2158; x_wconf 85' lang='lat' dir='ltr'><strong>tamen</strong></span> <span class='ocrx_word' id='word_1_272' title='bbox 1921 2089 2000 2145; x_wconf 84' lang='lat' dir='ltr'><strong>rei</strong></span> <span class='ocrx_word' id='word_1_273' title='bbox 2029 2104 2192 2146; x_wconf 86' lang='lat' dir='ltr'><strong>causa</strong></span> <span class='ocrx_word' id='word_1_274' title='bbox 2217 2106 2314 2148; x_wconf 87' lang='lat' dir='ltr'><strong>vos</strong></span> <span class='ocrx_word' id='word_1_275' title='bbox 2345 2092 2490 2148; x_wconf 91' lang='lat' dir='ltr'><strong>illius</strong></span> <span class='ocrx_word' id='word_1_276' title='bbox 2517 2092 2826 2164; x_wconf 86' lang='lat' dir='ltr'><strong>sponsionis</strong></span> <span class='ocrx_word' id='word_1_277' title='bbox 2854 2093 3082 2150; x_wconf 87' lang='lat' dir='ltr'><strong>nexibus</strong></span> <span class='ocrx_word' id='word_1_278' title='bbox 3104 2094 3402 2149; x_wconf 89' lang='lat' dir='ltr'><strong>vinxeritis.</strong></span> 
     </span>
    </p>
   </div>
   <div class='ocr_carea' id='block_1_33' title="bbox 236 2191 2894 2303">
    <p class='ocr_par' dir='ltr' id='par_1_33' title="bbox 236 2191 2894 2303">
     <span class='ocr_line' id='line_1_34' title="bbox 236 2191 2894 2303; baseline 0.012 -61"><span class='ocrx_word' id='word_1_279' title='bbox 236 2208 342 2303; x_wconf 69' lang='lat' dir='ltr'><strong>non</strong></span> <span class='ocrx_word' id='word_1_280' title='bbox 372 2191 554 2299; x_wconf 74' lang='lat' dir='ltr'><strong>solum</strong></span> <span class='ocrx_word' id='word_1_281' title='bbox 590 2192 794 2303; x_wconf 64' lang='lat' dir='ltr'><strong>nullum</strong></span> <span class='ocrx_word' id='word_1_282' title='bbox 825 2207 922 2303; x_wconf 78' lang='lat' dir='ltr'><strong>pro</strong></span> <span class='ocrx_word' id='word_1_283' title='bbox 959 2191 1046 2303; x_wconf 74' lang='lat' dir='ltr'><strong>bis</strong></span> <span class='ocrx_word' id='word_1_284' title='bbox 1080 2191 1481 2303; x_wconf 68' lang='lat' dir='ltr'><strong>damnationem</strong></span> <span class='ocrx_word' id='word_1_285' title='bbox 1513 2201 1606 2247; x_wconf 87' lang='lat' dir='ltr'><strong>aut</strong></span> <span class='ocrx_word' id='word_1_286' title='bbox 1641 2208 1827 2303; x_wconf 37' lang='lat' dir='ltr'><strong>re‘pre-</strong></span> <span class='ocrx_word' id='word_1_287' title='bbox 2512 2246 2739 2302; x_wconf 70' lang='lat' dir='ltr'><strong>CAPUT</strong></span> <span class='ocrx_word' id='word_1_288' title='bbox 2777 2246 2894 2303; x_wconf 71' lang='lat' dir='ltr'><strong>xm</strong></span> 
     </span>
    </p>
   </div>
   <div class='ocr_carea' id='block_1_34' title="bbox 236 2285 1822 2356">
    <p class='ocr_par' dir='ltr' id='par_1_34' title="bbox 236 2285 1822 2356">
     <span class='ocr_line' id='line_1_35' title="bbox 236 2285 1822 2356; baseline 0.001 -15"><span class='ocrx_word' id='word_1_289' title='bbox 236 2285 559 2343; x_wconf 87' lang='lat' dir='ltr'><strong>bensionem</strong></span> <span class='ocrx_word' id='word_1_290' title='bbox 587 2286 755 2342; x_wconf 84' lang='lat' dir='ltr'><strong>Jacob</strong></span> <span class='ocrx_word' id='word_1_291' title='bbox 783 2287 1087 2356; x_wconf 85' lang='lat' dir='ltr'><strong>patriarcha</strong></span> <span class='ocrx_word' id='word_1_292' title='bbox 1117 2287 1412 2352; x_wconf 88' lang='lat' dir='ltr'><strong>contraxit,</strong></span> <span class='ocrx_word' id='word_1_293' title='bbox 1442 2301 1629 2341; x_wconf 89' lang='lat' dir='ltr'><strong>verum</strong></span> <span class='ocrx_word' id='word_1_294' title='bbox 1661 2288 1822 2342; x_wconf 90' lang='lat' dir='ltr'><strong>etiam</strong></span> 
     </span>
    </p>
   </div>
   <div class='ocr_carea' id='block_1_35' title="bbox 236 2361 1822 2450">
    <p class='ocr_par' dir='ltr' id='par_1_35' title="bbox 236 2376 1822 2450">
     <span class='ocr_line' id='line_1_36' title="bbox 236 2376 1822 2450; baseline 0.001 -17"><span class='ocrx_word' id='word_1_295' title='bbox 236 2387 494 2450; x_wconf 88' lang='lat' dir='ltr'><strong>perpetua</strong></span> <span class='ocrx_word' id='word_1_296' title='bbox 519 2378 913 2436; x_wconf 89' lang='lat' dir='ltr'><strong>benedictionis</strong></span> <span class='ocrx_word' id='word_1_297' title='bbox 937 2378 1256 2434; x_wconf 84' lang='lat' dir='ltr'><strong>haereditate</strong></span> <span class='ocrx_word' id='word_1_298' title='bbox 1279 2378 1481 2433; x_wconf 89' lang='lat' dir='ltr'><strong>ditatus</strong></span> <span class='ocrx_word' id='word_1_299' title='bbox 1503 2387 1585 2434; x_wconf 90' lang='lat' dir='ltr'><strong>est</strong></span> <span class='ocrx_word' id='word_1_300' title='bbox 1611 2376 1822 2450; x_wconf 77' lang='lat' dir='ltr'><strong>(Cenes.</strong></span> 
     </span>
    </p>
   </div>
   <div class='ocr_carea' id='block_1_36' title="bbox 1923 2361 3514 2450">
    <p class='ocr_par' dir='ltr' id='par_1_36' title="bbox 1925 2361 3514 2446">
     <span class='ocr_line' id='line_1_37' title="bbox 1925 2361 3514 2446; baseline 0.002 -29"><span class='ocrx_word' id='word_1_301' title='bbox 1925 2361 2209 2433; x_wconf 78' lang='lat' dir='ltr'><strong>Responsio</strong></span> <span class='ocrx_word' id='word_1_302' title='bbox 2238 2369 2435 2429; x_wconf 88' lang='lat' dir='ltr'><strong>nostra,</strong></span> <span class='ocrx_word' id='word_1_303' title='bbox 2469 2377 2586 2432; x_wconf 72' lang='lat' dir='ltr'><strong>qua:</strong></span> <span class='ocrx_word' id='word_1_304' title='bbox 2623 2377 2785 2416; x_wconf 86' lang='lat' dir='ltr'><strong>causa</strong></span> <span class='ocrx_word' id='word_1_305' title='bbox 2828 2379 2865 2445; x_wconf 59' lang='grc' dir='ltr'>ιε</span> <span class='ocrx_word' id='word_1_306' title='bbox 2901 2363 3046 2446; x_wconf 77' lang='lat' dir='ltr'><strong>nobis</strong></span> <span class='ocrx_word' id='word_1_307' title='bbox 3071 2361 3302 2435; x_wconf 56' lang='lat' dir='ltr'><strong>:eaegerit</strong></span> <span class='ocrx_word' id='word_1_308' title='bbox 3330 2379 3514 2420; x_wconf 82' lang='lat' dir='ltr'><strong>sacra-</strong></span> 
     </span>
    </p>
   </div>
   <div class='ocr_carea' id='block_1_37' title="bbox 235 2444 1822 2542">
    <p class='ocr_par' dir='ltr' id='par_1_37' title="bbox 235 2444 1822 2542">
     <span class='ocr_line' id='line_1_38' title="bbox 235 2444 1822 2542; baseline 0.001 -17"><span class='ocrx_word' id='word_1_309' title='bbox 235 2444 435 2542; x_wconf 54' lang='lat' dir='ltr'><strong>ixi&quot;).</strong></span> <span class='ocrx_word' id='word_1_310' title='bbox 467 2469 578 2526; x_wconf 77' lang='lat' dir='ltr'><strong>Nec</strong></span> <span class='ocrx_word' id='word_1_311' title='bbox 623 2470 926 2537; x_wconf 90' lang='lat' dir='ltr'><strong>immerito,</strong></span> <span class='ocrx_word' id='word_1_312' title='bbox 959 2469 1081 2540; x_wconf 88' lang='lat' dir='ltr'><strong>quia</strong></span> <span class='ocrx_word' id='word_1_313' title='bbox 1132 2478 1190 2525; x_wconf 91' lang='lat' dir='ltr'><strong>et</strong></span> <span class='ocrx_word' id='word_1_314' title='bbox 1243 2469 1346 2525; x_wconf 90' lang='lat' dir='ltr'><strong>iste</strong></span> <span class='ocrx_word' id='word_1_315' title='bbox 1393 2444 1822 2526; x_wconf 81' lang='lat' dir='ltr'><strong>benedictionem</strong></span> 
     </span>
    </p>
   </div>
   <div class='ocr_carea' id='block_1_38' title="bbox 1923 2444 3001 2542">
    <p class='ocr_par' dir='ltr' id='par_1_38' title="bbox 2437 2444 3001 2504">
     <span class='ocr_line' id='line_1_39' title="bbox 2437 2444 3001 2504; baseline 0.004 -18"><span class='ocrx_word' id='word_1_316' title='bbox 2437 2444 2662 2487; x_wconf 83' lang='lat' dir='ltr'><strong>mentum</strong></span> <span class='ocrx_word' id='word_1_317' title='bbox 2690 2444 3001 2504; x_wconf 71' lang='grc' dir='ltr'><strong>εροπιιοηισ.</strong></span> 
     </span>
    </p>
   </div>
   <div class='ocr_carea' id='block_1_39' title="bbox 236 2563 3512 2642">
    <p class='ocr_par' dir='ltr' id='par_1_39' title="bbox 236 2563 3512 2642">
     <span class='ocr_line' id='line_1_40' title="bbox 236 2563 3512 2642; baseline -0 -22"><span class='ocrx_word' id='word_1_318' title='bbox 236 2565 598 2636; x_wconf 78' lang='lat' dir='ltr'><strong>primogenita</strong></span> <span class='ocrx_word' id='word_1_319' title='bbox 630 2564 953 2620; x_wconf 88' lang='lat' dir='ltr'><strong>destinatam</strong></span> <span class='ocrx_word' id='word_1_320' title='bbox 985 2579 1093 2619; x_wconf 90' lang='lat' dir='ltr'><strong>non</strong></span> <span class='ocrx_word' id='word_1_321' title='bbox 1121 2578 1189 2619; x_wconf 88' lang='lat' dir='ltr'><strong>ex</strong></span> <span class='ocrx_word' id='word_1_322' title='bbox 1221 2563 1504 2633; x_wconf 67' lang='lat' dir='ltr'><strong>praesentis</strong></span> <span class='ocrx_word' id='word_1_323' title='bbox 1532 2563 1666 2618; x_wconf 89' lang='lat' dir='ltr'><strong>lucri</strong></span> <span class='ocrx_word' id='word_1_324' title='bbox 1695 2579 1822 2619; x_wconf 86' lang='lat' dir='ltr'><strong>ava-</strong></span> <span class='ocrx_word' id='word_1_325' title='bbox 1997 2567 2300 2626; x_wconf 83' lang='lat' dir='ltr'><strong>Germanus</strong></span> <span class='ocrx_word' id='word_1_326' title='bbox 2329 2584 2344 2624; x_wconf 72' lang='grc' dir='ltr'>ε</span> <span class='ocrx_word' id='word_1_327' title='bbox 2377 2567 2578 2635; x_wconf 79' lang='lat' dir='ltr'><strong>Prima,</strong></span> <span class='ocrx_word' id='word_1_328' title='bbox 2608 2577 2668 2623; x_wconf 80' lang='lat' dir='ltr'><strong>ut</strong></span> <span class='ocrx_word' id='word_1_329' title='bbox 2693 2568 2945 2637; x_wconf 73' lang='lat' dir='ltr'><strong>diximus,</strong></span> <span class='ocrx_word' id='word_1_330' title='bbox 2970 2570 3176 2626; x_wconf 75' lang='lat' dir='ltr'><strong>exstitit</strong></span> <span class='ocrx_word' id='word_1_331' title='bbox 3199 2584 3384 2638; x_wconf 77' lang='lat' dir='ltr'><strong>causa,</strong></span> <span class='ocrx_word' id='word_1_332' title='bbox 3409 2585 3512 2642; x_wconf 82' lang='lat' dir='ltr'><strong>qua</strong></span> 
     </span>
    </p>
   </div>
   <div class='ocr_carea' id='block_1_40' title="bbox 236 2656 3516 2732">
    <p class='ocr_par' dir='ltr' id='par_1_40' title="bbox 236 2656 3516 2732">
     <span class='ocr_line' id='line_1_41' title="bbox 236 2656 3516 2732; baseline 0.002 -18"><span class='ocrx_word' id='word_1_333' title='bbox 236 2660 392 2726; x_wconf 86' lang='lat' dir='ltr'><strong>ritia,</strong></span> <span class='ocrx_word' id='word_1_334' title='bbox 423 2659 519 2715; x_wconf 88' lang='lat' dir='ltr'><strong>sed</strong></span> <span class='ocrx_word' id='word_1_335' title='bbox 549 2675 616 2715; x_wconf 91' lang='lat' dir='ltr'><strong>ex</strong></span> <span class='ocrx_word' id='word_1_336' title='bbox 647 2658 754 2714; x_wconf 82' lang='lat' dir='ltr'><strong>ﬁde</strong></span> <span class='ocrx_word' id='word_1_337' title='bbox 781 2657 1224 2714; x_wconf 79' lang='lat' dir='ltr'><strong>sanctificationis</strong></span> <span class='ocrx_word' id='word_1_338' title='bbox 1263 2665 1536 2728; x_wconf 76' lang='lat' dir='ltr'><strong>perpetuae</strong></span> <span class='ocrx_word' id='word_1_339' title='bbox 1568 2656 1828 2728; x_wconf 85' lang='lat' dir='ltr'><strong>coneupi-</strong></span> <span class='ocrx_word' id='word_1_340' title='bbox 1928 2672 2144 2716; x_wconf 90' lang='lat' dir='ltr'><strong>nostros</strong></span> <span class='ocrx_word' id='word_1_341' title='bbox 2188 2661 2538 2716; x_wconf 72' lang='lat' dir='ltr'><strong>moestilicare</strong></span> <span class='ocrx_word' id='word_1_342' title='bbox 2585 2661 2831 2716; x_wconf 88' lang='lat' dir='ltr'><strong>seniores</strong></span> <span class='ocrx_word' id='word_1_343' title='bbox 2879 2676 2943 2716; x_wconf 90' lang='lat' dir='ltr'><strong>ac</strong></span> <span class='ocrx_word' id='word_1_344' title='bbox 2991 2663 3280 2732; x_wconf 66' lang='lat' dir='ltr'><strong>praeceptis</strong></span> <span class='ocrx_word' id='word_1_345' title='bbox 3327 2677 3516 2719; x_wconf 90' lang='lat' dir='ltr'><strong>eorum</strong></span> 
     </span>
    </p>
   </div>
   <div class='ocr_carea' id='block_1_41' title="bbox 235 2751 3516 2826">
    <p class='ocr_par' dir='ltr' id='par_1_41' title="bbox 235 2751 3516 2826">
     <span class='ocr_line' id='line_1_42' title="bbox 235 2751 3516 2826; baseline 0.002 -21"><span class='ocrx_word' id='word_1_346' title='bbox 235 2753 346 2817; x_wconf 84' lang='lat' dir='ltr'><strong>vit;</strong></span> <span class='ocrx_word' id='word_1_347' title='bbox 377 2761 436 2808; x_wconf 89' lang='lat' dir='ltr'><strong>et</strong></span> <span class='ocrx_word' id='word_1_348' title='bbox 463 2752 556 2808; x_wconf 88' lang='lat' dir='ltr'><strong>ille</strong></span> <span class='ocrx_word' id='word_1_349' title='bbox 583 2767 688 2807; x_wconf 92' lang='lat' dir='ltr'><strong>non</strong></span> <span class='ocrx_word' id='word_1_350' title='bbox 719 2751 971 2807; x_wconf 65' lang='lat' dir='ltr'><strong>humanae</strong></span> <span class='ocrx_word' id='word_1_351' title='bbox 1009 2752 1196 2806; x_wconf 88' lang='lat' dir='ltr'><strong>salutis</strong></span> <span class='ocrx_word' id='word_1_352' title='bbox 1223 2751 1468 2817; x_wconf 91' lang='lat' dir='ltr'><strong>obtentu,</strong></span> <span class='ocrx_word' id='word_1_353' title='bbox 1496 2751 1590 2806; x_wconf 90' lang='lat' dir='ltr'><strong>sed</strong></span> <span class='ocrx_word' id='word_1_354' title='bbox 1620 2751 1822 2820; x_wconf 84' lang='lat' dir='ltr'><strong>philar-</strong></span> <span class='ocrx_word' id='word_1_355' title='bbox 1927 2753 2191 2810; x_wconf 88' lang='lat' dir='ltr'><strong>obsistere</strong></span> <span class='ocrx_word' id='word_1_356' title='bbox 2210 2753 2557 2809; x_wconf 90' lang='lat' dir='ltr'><strong>verebamur.</strong></span> <span class='ocrx_word' id='word_1_357' title='bbox 2578 2753 2844 2822; x_wconf 89' lang='lat' dir='ltr'><strong>Secunda,</strong></span> <span class='ocrx_word' id='word_1_358' title='bbox 2869 2769 2975 2824; x_wconf 91' lang='lat' dir='ltr'><strong>qua</strong></span> <span class='ocrx_word' id='word_1_359' title='bbox 2997 2754 3042 2810; x_wconf 92' lang='lat' dir='ltr'><strong>si</strong></span> <span class='ocrx_word' id='word_1_360' title='bbox 3066 2753 3192 2825; x_wconf 87' lang='lat' dir='ltr'><strong>quid</strong></span> <span class='ocrx_word' id='word_1_361' title='bbox 3215 2754 3516 2826; x_wconf 82' lang='lat' dir='ltr'><strong>perfectum</strong></span> 
     </span>
    </p>
   </div>
   <div class='ocr_carea' id='block_1_42' title="bbox 234 2843 3520 2918">
    <p class='ocr_par' dir='ltr' id='par_1_42' title="bbox 234 2843 3520 2918">
     <span class='ocr_line' id='line_1_43' title="bbox 234 2843 3520 2918; baseline 0.002 -20"><span class='ocrx_word' id='word_1_362' title='bbox 234 2843 402 2914; x_wconf 80' lang='lat' dir='ltr'><strong>gyriae</strong></span> <span class='ocrx_word' id='word_1_363' title='bbox 431 2843 658 2900; x_wconf 91' lang='lat' dir='ltr'><strong>crimine</strong></span> <span class='ocrx_word' id='word_1_364' title='bbox 688 2843 846 2899; x_wconf 89' lang='lat' dir='ltr'><strong>morti</strong></span> <span class='ocrx_word' id='word_1_365' title='bbox 876 2843 1095 2899; x_wconf 84' lang='lat' dir='ltr'><strong>tradidit</strong></span> <span class='ocrx_word' id='word_1_366' title='bbox 1117 2843 1356 2898; x_wconf 88' lang='lat' dir='ltr'><strong>omnium</strong></span> <span class='ocrx_word' id='word_1_367' title='bbox 1384 2844 1820 2915; x_wconf 82' lang='lat' dir='ltr'><strong>Redemptorem.</strong></span> <span class='ocrx_word' id='word_1_368' title='bbox 1926 2857 2090 2918; x_wconf 87' lang='lat' dir='ltr'><strong>atque</strong></span> <span class='ocrx_word' id='word_1_369' title='bbox 2122 2846 2470 2916; x_wconf 83' lang='lat' dir='ltr'><strong>magniﬁcum</strong></span> <span class='ocrx_word' id='word_1_370' title='bbox 2498 2846 2582 2902; x_wconf 92' lang='lat' dir='ltr'><strong>vel</strong></span> <span class='ocrx_word' id='word_1_371' title='bbox 2613 2847 2732 2901; x_wconf 89' lang='lat' dir='ltr'><strong>visu</strong></span> <span class='ocrx_word' id='word_1_372' title='bbox 2760 2847 2843 2900; x_wconf 91' lang='lat' dir='ltr'><strong>vel</strong></span> <span class='ocrx_word' id='word_1_373' title='bbox 2873 2845 3060 2901; x_wconf 88' lang='lat' dir='ltr'><strong>auditu</strong></span> <span class='ocrx_word' id='word_1_374' title='bbox 3092 2847 3520 2918; x_wconf 88' lang='lat' dir='ltr'><strong>percepissemus</strong></span> 
     </span>
    </p>
   </div>
   <div class='ocr_carea' id='block_1_43' title="bbox 233 2932 3520 3006">
    <p class='ocr_par' dir='ltr' id='par_1_43' title="bbox 233 2932 3520 3006">
     <span class='ocr_line' id='line_1_44' title="bbox 233 2932 3520 3006; baseline 0.002 -19"><span class='ocrx_word' id='word_1_375' title='bbox 233 2933 304 2987; x_wconf 82' lang='lat' dir='ltr'><strong>Et</strong></span> <span class='ocrx_word' id='word_1_376' title='bbox 344 2932 549 2989; x_wconf 84' lang='lat' dir='ltr'><strong>idcirco</strong></span> <span class='ocrx_word' id='word_1_377' title='bbox 585 2934 801 3004; x_wconf 90' lang='lat' dir='ltr'><strong>utrique</strong></span> <span class='ocrx_word' id='word_1_378' title='bbox 845 2949 1033 2990; x_wconf 92' lang='lat' dir='ltr'><strong>eorum</strong></span> <span class='ocrx_word' id='word_1_379' title='bbox 1073 2933 1277 2990; x_wconf 83' lang='lat' dir='ltr'><strong>fructus</strong></span> <span class='ocrx_word' id='word_1_380' title='bbox 1305 2936 1638 3004; x_wconf 86' lang='lat' dir='ltr'><strong>operationis</strong></span> <span class='ocrx_word' id='word_1_381' title='bbox 1678 2951 1823 3003; x_wconf 70' lang='lat' dir='ltr'><strong>sure,</strong></span> <span class='ocrx_word' id='word_1_382' title='bbox 1927 2954 1957 2994; x_wconf 90' lang='lat' dir='ltr'><strong>a</strong></span> <span class='ocrx_word' id='word_1_383' title='bbox 1989 2939 2164 3006; x_wconf 85' lang='lat' dir='ltr'><strong>vobis,</strong></span> <span class='ocrx_word' id='word_1_384' title='bbox 2196 2954 2318 2994; x_wconf 94' lang='lat' dir='ltr'><strong>cum</strong></span> <span class='ocrx_word' id='word_1_385' title='bbox 2352 2938 2554 2994; x_wconf 90' lang='lat' dir='ltr'><strong>reversi</strong></span> <span class='ocrx_word' id='word_1_386' title='bbox 2585 2939 2651 2994; x_wconf 90' lang='lat' dir='ltr'><strong>ad</strong></span> <span class='ocrx_word' id='word_1_387' title='bbox 2677 2939 2984 2994; x_wconf 74' lang='lat' dir='ltr'><strong>emnobium</strong></span> <span class='ocrx_word' id='word_1_388' title='bbox 3017 2939 3328 3005; x_wconf 75' lang='lat' dir='ltr'><strong>fuissemus,</strong></span> <span class='ocrx_word' id='word_1_389' title='bbox 3359 2955 3520 2996; x_wconf 77' lang='lat' dir='ltr'><strong>exer-</strong></span> 
     </span>
    </p>
   </div>
   <div class='ocr_carea' id='block_1_44' title="bbox 235 3025 3518 3102">
    <p class='ocr_par' dir='ltr' id='par_1_44' title="bbox 235 3025 3518 3102">
     <span class='ocr_line' id='line_1_45' title="bbox 235 3025 3518 3102; baseline 0.002 -22"><span class='ocrx_word' id='word_1_390' title='bbox 235 3025 534 3081; x_wconf 85' lang='lat' dir='ltr'><strong>secundum</strong></span> <span class='ocrx_word' id='word_1_391' title='bbox 565 3027 980 3082; x_wconf 84' lang='lat' dir='ltr'><strong>destinationem</strong></span> <span class='ocrx_word' id='word_1_392' title='bbox 1027 3027 1227 3083; x_wconf 89' lang='lat' dir='ltr'><strong>mentis</strong></span> <span class='ocrx_word' id='word_1_393' title='bbox 1265 3042 1454 3083; x_wconf 92' lang='lat' dir='ltr'><strong>eorum</strong></span> <span class='ocrx_word' id='word_1_394' title='bbox 1487 3041 1551 3082; x_wconf 92' lang='lat' dir='ltr'><strong>ac</strong></span> <span class='ocrx_word' id='word_1_395' title='bbox 1580 3029 1827 3098; x_wconf 88' lang='lat' dir='ltr'><strong>proposi—</strong></span> <span class='ocrx_word' id='word_1_396' title='bbox 1931 3045 2056 3087; x_wconf 90' lang='lat' dir='ltr'><strong>cere</strong></span> <span class='ocrx_word' id='word_1_397' title='bbox 2088 3045 2187 3088; x_wconf 90' lang='lat' dir='ltr'><strong>nos</strong></span> <span class='ocrx_word' id='word_1_398' title='bbox 2222 3045 2384 3102; x_wconf 89' lang='lat' dir='ltr'><strong>posse</strong></span> <span class='ocrx_word' id='word_1_399' title='bbox 2418 3031 2875 3088; x_wconf 85' lang='lat' dir='ltr'><strong>iiiconsultissima</strong></span> <span class='ocrx_word' id='word_1_400' title='bbox 2908 3032 3258 3102; x_wconf 81' lang='lat' dir='ltr'><strong>persuasione</strong></span> <span class='ocrx_word' id='word_1_401' title='bbox 3289 3031 3518 3088; x_wconf 89' lang='lat' dir='ltr'><strong>credidi-</strong></span> 
     </span>
    </p>
   </div>
   <div class='ocr_carea' id='block_1_45' title="bbox 236 3120 2070 3192">
    <p class='ocr_par' dir='ltr' id='par_1_45' title="bbox 236 3120 2070 3192">
     <span class='ocr_line' id='line_1_46' title="bbox 236 3120 2070 3192; baseline 0.002 -18"><span class='ocrx_word' id='word_1_402' title='bbox 236 3127 351 3176; x_wconf 90' lang='lat' dir='ltr'><strong>tum</strong></span> <span class='ocrx_word' id='word_1_403' title='bbox 376 3121 670 3177; x_wconf 88' lang='lat' dir='ltr'><strong>voluntatis</strong></span> <span class='ocrx_word' id='word_1_404' title='bbox 691 3121 956 3192; x_wconf 88' lang='lat' dir='ltr'><strong>ascriptus</strong></span> <span class='ocrx_word' id='word_1_405' title='bbox 985 3130 1070 3178; x_wconf 81' lang='lat' dir='ltr'><strong>est</strong></span> <span class='ocrx_word' id='word_1_406' title='bbox 1142 3122 1268 3181; x_wconf 80' lang='lat' dir='ltr'><strong>quia</strong></span> <span class='ocrx_word' id='word_1_407' title='bbox 1299 3137 1400 3178; x_wconf 90' lang='lat' dir='ltr'><strong>nec</strong></span> <span class='ocrx_word' id='word_1_408' title='bbox 1431 3123 1521 3178; x_wconf 93' lang='lat' dir='ltr'><strong>ille</strong></span> <span class='ocrx_word' id='word_1_409' title='bbox 1556 3120 1824 3190; x_wconf 82' lang='lat' dir='ltr'><strong>fraudem,</strong></span> <span class='ocrx_word' id='word_1_410' title='bbox 1931 3139 2070 3180; x_wconf 91' lang='lat' dir='ltr'><strong>mus.</strong></span> 
     </span>
    </p>
   </div>
   <div class='ocr_carea' id='block_1_46' title="bbox 1309 3276 2433 3336">
    <p class='ocr_par' dir='ltr' id='par_1_46' title="bbox 1309 3276 2433 3336">
     <span class='ocr_line' id='line_1_47' title="bbox 1309 3276 2433 3336; baseline 0.003 -3"><span class='ocrx_word' id='word_1_411' title='bbox 1309 3276 1566 3334; x_wconf 83' lang='lat' dir='ltr'><strong>ALARDI</strong></span> <span class='ocrx_word' id='word_1_412' title='bbox 1601 3277 1834 3335; x_wconf 62' lang='lat' dir='ltr'><strong>GAZIEI</strong></span> <span class='ocrx_word' id='word_1_413' title='bbox 1871 3279 2433 3336; x_wconf 76' lang='lat' dir='ltr'><strong>COMMENTARIUS.</strong></span> 
     </span>
    </p>
   </div>
   <div class='ocr_carea' id='block_1_47' title="bbox 315 3387 3519 3456">
    <p class='ocr_par' dir='ltr' id='par_1_47' title="bbox 315 3387 3519 3456">
     <span class='ocr_line' id='line_1_48' title="bbox 315 3387 3519 3456; baseline 0.001 -10"><span class='ocrx_word' id='word_1_414' title='bbox 315 3401 342 3430; x_wconf 77' lang='grc' dir='ltr'><strong>ι</strong></span> <span class='ocrx_word' id='word_1_415' title='bbox 364 3389 511 3446; x_wconf 88' lang='lat' dir='ltr'><strong>Idem</strong></span> <span class='ocrx_word' id='word_1_416' title='bbox 540 3389 700 3445; x_wconf 88' lang='lat' dir='ltr'><strong>etiam</strong></span> <span class='ocrx_word' id='word_1_417' title='bbox 753 3389 936 3445; x_wconf 86' lang='lat' dir='ltr'><strong>docuit</strong></span> <span class='ocrx_word' id='word_1_418' title='bbox 961 3389 1126 3445; x_wconf 84' lang='lat' dir='ltr'><strong>abbas</strong></span> <span class='ocrx_word' id='word_1_419' title='bbox 1172 3387 1493 3443; x_wconf 83' lang='lat' dir='ltr'><strong>Theodorus</strong></span> <span class='ocrx_word' id='word_1_420' title='bbox 1527 3390 1714 3446; x_wconf 84' lang='lat' dir='ltr'><strong>collat.</strong></span> <span class='ocrx_word' id='word_1_421' title='bbox 1751 3390 1815 3456; x_wconf 89' lang='lat'><strong>6,</strong></span> <span class='ocrx_word' id='word_1_422' title='bbox 1845 3388 1892 3452; x_wconf 85' lang='lat' dir='ltr'><strong>C</strong></span> <span class='ocrx_word' id='word_1_423' title='bbox 1925 3398 2064 3455; x_wconf 90' lang='lat' dir='ltr'><strong>tuus,</strong></span> <span class='ocrx_word' id='word_1_424' title='bbox 2095 3406 2200 3444; x_wconf 91' lang='lat' dir='ltr'><strong>non</strong></span> <span class='ocrx_word' id='word_1_425' title='bbox 2241 3407 2362 3446; x_wconf 89' lang='lat' dir='ltr'><strong>esse</strong></span> <span class='ocrx_word' id='word_1_426' title='bbox 2393 3390 2698 3456; x_wconf 89' lang='lat' dir='ltr'><strong>mentitum,</strong></span> <span class='ocrx_word' id='word_1_427' title='bbox 2735 3389 2828 3444; x_wconf 87' lang='lat' dir='ltr'><strong>sed</strong></span> <span class='ocrx_word' id='word_1_428' title='bbox 2857 3406 3047 3446; x_wconf 89' lang='lat' dir='ltr'><strong>verum</strong></span> <span class='ocrx_word' id='word_1_429' title='bbox 3078 3390 3300 3456; x_wconf 84' lang='lat' dir='ltr'><strong>dixisse,</strong></span> <span class='ocrx_word' id='word_1_430' title='bbox 3331 3399 3380 3447; x_wconf 75' lang='lat' dir='ltr'><strong>a&#39;</strong></span> <span class='ocrx_word' id='word_1_431' title='bbox 3412 3394 3519 3449; x_wconf 89' lang='lat' dir='ltr'><strong>alio</strong></span> 
     </span>
    </p>
   </div>
   <div class='ocr_carea' id='block_1_48' title="bbox 232 3459 3514 3532">
    <p class='ocr_par' dir='ltr' id='par_1_48' title="bbox 232 3459 3514 3532">
     <span class='ocr_line' id='line_1_49' title="bbox 232 3459 3514 3532; baseline 0.001 -18"><span class='ocrx_word' id='word_1_432' title='bbox 232 3477 356 3528; x_wconf 85' lang='lat' dir='ltr'><strong>cap.</strong></span> <span class='ocrx_word' id='word_1_433' title='bbox 388 3463 424 3518; x_wconf 80' lang='lat'><strong>9</strong></span> <span class='ocrx_word' id='word_1_434' title='bbox 452 3478 466 3515; x_wconf 88' lang='lat'><strong><em>:</em></strong></span> <span class='ocrx_word' id='word_1_435' title='bbox 501 3461 678 3531; x_wconf 85' lang='lat' dir='ltr'><strong>Neque</strong></span> <span class='ocrx_word' id='word_1_436' title='bbox 700 3463 858 3532; x_wconf 82' lang='lat' dir='ltr'><strong>enim,</strong></span> <span class='ocrx_word' id='word_1_437' title='bbox 883 3462 976 3522; x_wconf 86' lang='lat' dir='ltr'><strong>ait.</strong></span> <span class='ocrx_word' id='word_1_438' title='bbox 1007 3461 1251 3532; x_wconf 83' lang='lat' dir='ltr'><strong>patientia</strong></span> <span class='ocrx_word' id='word_1_439' title='bbox 1273 3459 1374 3512; x_wconf 83' lang='lat' dir='ltr'><strong>Job</strong></span> <span class='ocrx_word' id='word_1_440' title='bbox 1400 3461 1683 3532; x_wconf 74' lang='lat' dir='ltr'><strong>mercedem</strong></span> <span class='ocrx_word' id='word_1_441' title='bbox 1705 3461 1820 3515; x_wconf 80' lang='lat' dir='ltr'><strong>dia-</strong></span> <span class='ocrx_word' id='word_1_442' title='bbox 1925 3477 2087 3516; x_wconf 86' lang='lat' dir='ltr'><strong>sensu</strong></span> <span class='ocrx_word' id='word_1_443' title='bbox 2118 3477 2277 3530; x_wconf 79' lang='lat' dir='ltr'><strong>quam</strong></span> <span class='ocrx_word' id='word_1_444' title='bbox 2312 3476 2467 3530; x_wconf 84' lang='lat' dir='ltr'><strong>pater</strong></span> <span class='ocrx_word' id='word_1_445' title='bbox 2495 3462 2610 3529; x_wconf 76' lang='lat' dir='ltr'><strong>ejus</strong></span> <span class='ocrx_word' id='word_1_446' title='bbox 2651 3462 3002 3530; x_wconf 72' lang='lat' dir='ltr'><strong>iiiti-lligebat.</strong></span> <span class='ocrx_word' id='word_1_447' title='bbox 3051 3461 3322 3517; x_wconf 82' lang='lat' dir='ltr'><strong>ltitellexit</strong></span> <span class='ocrx_word' id='word_1_448' title='bbox 3368 3465 3514 3520; x_wconf 88' lang='lat' dir='ltr'><strong>enim</strong></span> 
     </span>
    </p>
   </div>
   <div class='ocr_carea' id='block_1_49' title="bbox 234 3530 3512 3602">
    <p class='ocr_par' dir='ltr' id='par_1_49' title="bbox 234 3530 3512 3602">
     <span class='ocr_line' id='line_1_50' title="bbox 234 3530 3512 3602; baseline 0 -13"><span class='ocrx_word' id='word_1_449' title='bbox 234 3534 378 3599; x_wconf 86' lang='lat' dir='ltr'><strong>bolo,</strong></span> <span class='ocrx_word' id='word_1_450' title='bbox 409 3535 496 3602; x_wconf 89' lang='lat' dir='ltr'><strong>qui</strong></span> <span class='ocrx_word' id='word_1_451' title='bbox 527 3530 640 3586; x_wconf 87' lang='lat' dir='ltr'><strong>eum</strong></span> <span class='ocrx_word' id='word_1_452' title='bbox 669 3530 1136 3586; x_wconf 43' lang='lat' dir='ltr'><strong>illustriorem&#39;suis</strong></span> <span class='ocrx_word' id='word_1_453' title='bbox 1167 3530 1530 3584; x_wconf 88' lang='lat' dir='ltr'><strong>tentationibus</strong></span> <span class='ocrx_word' id='word_1_454' title='bbox 1560 3531 1816 3596; x_wconf 84' lang='lat' dir='ltr'><strong>reddidit,</strong></span> <span class='ocrx_word' id='word_1_455' title='bbox 1922 3545 1980 3585; x_wconf 88' lang='lat' dir='ltr'><strong>se</strong></span> <span class='ocrx_word' id='word_1_456' title='bbox 2009 3546 2129 3586; x_wconf 89' lang='lat' dir='ltr'><strong>esse</strong></span> <span class='ocrx_word' id='word_1_457' title='bbox 2162 3533 2330 3597; x_wconf 83' lang='lat' dir='ltr'><strong>Esau,</strong></span> <span class='ocrx_word' id='word_1_458' title='bbox 2365 3547 2467 3585; x_wconf 91' lang='lat' dir='ltr'><strong>non</strong></span> <span class='ocrx_word' id='word_1_459' title='bbox 2504 3535 2553 3584; x_wconf 90' lang='lat' dir='ltr'><strong>in</strong></span> <span class='ocrx_word' id='word_1_460' title='bbox 2583 3547 2806 3599; x_wconf 84' lang='lat' dir='ltr'><strong>persona</strong></span> <span class='ocrx_word' id='word_1_461' title='bbox 2827 3572 2842 3594; x_wconf 85' lang='lat'><strong>,</strong></span> <span class='ocrx_word' id='word_1_462' title='bbox 2875 3532 2968 3585; x_wconf 87' lang='lat' dir='ltr'><strong>sed</strong></span> <span class='ocrx_word' id='word_1_463' title='bbox 3004 3533 3054 3585; x_wconf 92' lang='lat' dir='ltr'><strong>in</strong></span> <span class='ocrx_word' id='word_1_464' title='bbox 3091 3534 3212 3598; x_wconf 89' lang='lat' dir='ltr'><strong>jure</strong></span> <span class='ocrx_word' id='word_1_465' title='bbox 3239 3533 3512 3602; x_wconf 71' lang='lat' dir='ltr'><strong>primoge-</strong></span> 
     </span>
    </p>
   </div>
   <div class='ocr_carea' id='block_1_50' title="bbox 232 3602 3517 3673">
    <p class='ocr_par' dir='ltr' id='par_1_50' title="bbox 232 3602 3517 3673">
     <span class='ocr_line' id='line_1_51' title="bbox 232 3602 3517 3673; baseline -0.001 -14"><span class='ocrx_word' id='word_1_466' title='bbox 232 3607 330 3659; x_wconf 86' lang='lat' dir='ltr'><strong>sed</strong></span> <span class='ocrx_word' id='word_1_467' title='bbox 360 3605 439 3658; x_wconf 88' lang='lat' dir='ltr'><strong>illi</strong></span> <span class='ocrx_word' id='word_1_468' title='bbox 467 3603 569 3670; x_wconf 89' lang='lat' dir='ltr'><strong>ipsi</strong></span> <span class='ocrx_word' id='word_1_469' title='bbox 597 3605 686 3673; x_wconf 87' lang='lat' dir='ltr'><strong>qui</strong></span> <span class='ocrx_word' id='word_1_470' title='bbox 729 3619 813 3656; x_wconf 87' lang='lat' dir='ltr'><strong>eas</strong></span> <span class='ocrx_word' id='word_1_471' title='bbox 856 3603 1069 3656; x_wconf 83' lang='lat' dir='ltr'><strong>viriliter</strong></span> <span class='ocrx_word' id='word_1_472' title='bbox 1108 3603 1345 3671; x_wconf 83' lang='lat' dir='ltr'><strong>pertulit,</strong></span> <span class='ocrx_word' id='word_1_473' title='bbox 1396 3602 1698 3672; x_wconf 68' lang='lat' dir='ltr'><strong>acquisivit;</strong></span> <span class='ocrx_word' id='word_1_474' title='bbox 1726 3618 1818 3654; x_wconf 89' lang='lat' dir='ltr'><strong>nec</strong></span> <span class='ocrx_word' id='word_1_475' title='bbox 1922 3604 2114 3656; x_wconf 77' lang='lat' dir='ltr'><strong>niturm</strong></span> <span class='ocrx_word' id='word_1_476' title='bbox 2145 3603 2246 3656; x_wconf 88' lang='lat' dir='ltr'><strong>sibi</strong></span> <span class='ocrx_word' id='word_1_477' title='bbox 2282 3604 2464 3656; x_wconf 88' lang='lat' dir='ltr'><strong>debito</strong></span> <span class='ocrx_word' id='word_1_478' title='bbox 2493 3613 2548 3656; x_wconf 91' lang='lat' dir='ltr'><strong>et</strong></span> <span class='ocrx_word' id='word_1_479' title='bbox 2580 3603 2812 3672; x_wconf 78' lang='lat' dir='ltr'><strong>legitime</strong></span> <span class='ocrx_word' id='word_1_480' title='bbox 2843 3602 3108 3671; x_wconf 80' lang='lat' dir='ltr'><strong>acquisita</strong></span> <span class='ocrx_word' id='word_1_481' title='bbox 3143 3619 3154 3654; x_wconf 87' lang='lat'>:</span> <span class='ocrx_word' id='word_1_482' title='bbox 3189 3613 3328 3659; x_wconf 88' lang='lat' dir='ltr'><strong>sicut</strong></span> <span class='ocrx_word' id='word_1_483' title='bbox 3359 3606 3517 3659; x_wconf 67' lang='lat' dir='ltr'><strong>Clario</strong></span> 
     </span>
    </p>
   </div>
   <div class='ocr_carea' id='block_1_51' title="bbox 229 3673 3515 3743">
    <p class='ocr_par' dir='ltr' id='par_1_51' title="bbox 229 3673 3515 3743">
     <span class='ocr_line' id='line_1_52' title="bbox 229 3673 3515 3743; baseline 0 -13"><span class='ocrx_word' id='word_1_484' title='bbox 229 3676 406 3730; x_wconf 75' lang='lat' dir='ltr'><strong>ludas</strong></span> <span class='ocrx_word' id='word_1_485' title='bbox 435 3677 613 3729; x_wconf 66' lang='grc' dir='ltr'><strong>(τιετηὶ</strong></span> <span class='ocrx_word' id='word_1_486' title='bbox 667 3675 908 3743; x_wconf 80' lang='lat' dir='ltr'><strong>supplicii</strong></span> <span class='ocrx_word' id='word_1_487' title='bbox 960 3673 1279 3740; x_wconf 62' lang='lat' dir='ltr'><strong>immunitate</strong></span> <span class='ocrx_word' id='word_1_488' title='bbox 1331 3673 1606 3726; x_wconf 85' lang='lat' dir='ltr'><strong>donabitur</strong></span> <span class='ocrx_word' id='word_1_489' title='bbox 1630 3716 1646 3739; x_wconf 92' lang='lat'><strong>,</strong></span> <span class='ocrx_word' id='word_1_490' title='bbox 1696 3675 1818 3739; x_wconf 86' lang='lat' dir='ltr'><strong>quia</strong></span> <span class='ocrx_word' id='word_1_491' title='bbox 1922 3683 2037 3726; x_wconf 88' lang='lat' dir='ltr'><strong>stus</strong></span> <span class='ocrx_word' id='word_1_492' title='bbox 2069 3673 2302 3727; x_wconf 62' lang='lat' dir='ltr'><strong>Mattbaei</strong></span> <span class='ocrx_word' id='word_1_493' title='bbox 2333 3689 2385 3727; x_wconf 78' lang='grc' dir='ltr'>χι</span> <span class='ocrx_word' id='word_1_494' title='bbox 2414 3684 2463 3727; x_wconf 90' lang='lat' dir='ltr'><strong>et</strong></span> <span class='ocrx_word' id='word_1_495' title='bbox 2495 3688 2604 3726; x_wconf 87' lang='lat' dir='ltr'><strong>xvn</strong></span> <span class='ocrx_word' id='word_1_496' title='bbox 2626 3674 2761 3726; x_wconf 86' lang='lat' dir='ltr'><strong>dixit</strong></span> <span class='ocrx_word' id='word_1_497' title='bbox 2792 3674 3050 3727; x_wconf 79' lang='lat' dir='ltr'><strong>Joannem</strong></span> <span class='ocrx_word' id='word_1_498' title='bbox 3075 3673 3366 3741; x_wconf 89' lang='lat' dir='ltr'><strong>Baptistam</strong></span> <span class='ocrx_word' id='word_1_499' title='bbox 3391 3690 3515 3731; x_wconf 89' lang='lat' dir='ltr'><strong>esse</strong></span> 
     </span>
    </p>
   </div>
   <div class='ocr_carea' id='block_1_52' title="bbox 230 3743 3513 3818">
    <p class='ocr_par' dir='ltr' id='par_1_52' title="bbox 230 3743 3513 3818">
     <span class='ocr_line' id='line_1_53' title="bbox 230 3743 3513 3818; baseline 0 -19"><span class='ocrx_word' id='word_1_500' title='bbox 230 3747 462 3818; x_wconf 82' lang='lat' dir='ltr'><strong>proditio</strong></span> <span class='ocrx_word' id='word_1_501' title='bbox 490 3747 608 3816; x_wconf 81' lang='lat' dir='ltr'><strong>ejus</strong></span> <span class='ocrx_word' id='word_1_502' title='bbox 635 3745 704 3797; x_wconf 88' lang='lat' dir='ltr'><strong>ad</strong></span> <span class='ocrx_word' id='word_1_503' title='bbox 731 3748 948 3818; x_wconf 82' lang='lat' dir='ltr'><strong>salutem</strong></span> <span class='ocrx_word' id='word_1_504' title='bbox 977 3745 1176 3818; x_wconf 83' lang='lat' dir='ltr'><strong>generis</strong></span> <span class='ocrx_word' id='word_1_505' title='bbox 1201 3743 1397 3818; x_wconf 78' lang='lat' dir='ltr'><strong>profuit</strong></span> <span class='ocrx_word' id='word_1_506' title='bbox 1423 3744 1655 3818; x_wconf 78' lang='lat' dir='ltr'><strong>humani.</strong></span> <span class='ocrx_word' id='word_1_507' title='bbox 1695 3743 1816 3818; x_wconf 85' lang='lat' dir='ltr'><strong>Non</strong></span> <span class='ocrx_word' id='word_1_508' title='bbox 1921 3743 2129 3818; x_wconf 58' lang='lat' dir='ltr'><strong>Etiam,</strong></span> <span class='ocrx_word' id='word_1_509' title='bbox 2168 3761 2276 3798; x_wconf 91' lang='lat' dir='ltr'><strong>non</strong></span> <span class='ocrx_word' id='word_1_510' title='bbox 2314 3746 2365 3798; x_wconf 91' lang='lat' dir='ltr'><strong>in</strong></span> <span class='ocrx_word' id='word_1_511' title='bbox 2398 3759 2660 3818; x_wconf 63' lang='lat' dir='ltr'><strong>persona,</strong></span> <span class='ocrx_word' id='word_1_512' title='bbox 2692 3744 2793 3818; x_wconf 5' lang='lat' dir='ltr'><strong>sed,</strong></span> <span class='ocrx_word' id='word_1_513' title='bbox 2809 3745 2862 3796; x_wconf 86' lang='lat' dir='ltr'><strong>in</strong></span> <span class='ocrx_word' id='word_1_514' title='bbox 2887 3744 3076 3818; x_wconf 81' lang='lat' dir='ltr'><strong>spiritu</strong></span> <span class='ocrx_word' id='word_1_515' title='bbox 3112 3755 3159 3797; x_wconf 89' lang='lat' dir='ltr'><strong>et</strong></span> <span class='ocrx_word' id='word_1_516' title='bbox 3187 3746 3387 3818; x_wconf 71' lang='lat' dir='ltr'><strong>i&#39;irtute.</strong></span> <span class='ocrx_word' id='word_1_517' title='bbox 3423 3747 3513 3802; x_wconf 89' lang='lat' dir='ltr'><strong>Sic</strong></span> 
     </span>
    </p>
   </div>
   <div class='ocr_carea' id='block_1_53' title="bbox 231 3813 3506 3886">
    <p class='ocr_par' dir='ltr' id='par_1_53' title="bbox 231 3813 3506 3886">
     <span class='ocr_line' id='line_1_54' title="bbox 231 3813 3506 3886; baseline -0.001 -16"><span class='ocrx_word' id='word_1_518' title='bbox 231 3813 373 3870; x_wconf 77' lang='lat' dir='ltr'><strong>enim</strong></span> <span class='ocrx_word' id='word_1_519' title='bbox 399 3813 675 3886; x_wconf 63' lang='lat' dir='ltr'><strong>prouentus</strong></span> <span class='ocrx_word' id='word_1_520' title='bbox 701 3813 1104 3869; x_wconf 77' lang='lat' dir='ltr'><strong>considerandus</strong></span> <span class='ocrx_word' id='word_1_521' title='bbox 1131 3813 1209 3867; x_wconf 83' lang='lat' dir='ltr'><strong>est</strong></span> <span class='ocrx_word' id='word_1_522' title='bbox 1223 3815 1415 3886; x_wconf 83' lang='lat' dir='ltr'><strong>operis,</strong></span> <span class='ocrx_word' id='word_1_523' title='bbox 1439 3815 1530 3867; x_wconf 85' lang='lat' dir='ltr'><strong>sed</strong></span> <span class='ocrx_word' id='word_1_524' title='bbox 1558 3817 1817 3882; x_wconf 85' lang='lat' dir='ltr'><strong>aperantis</strong></span> <span class='ocrx_word' id='word_1_525' title='bbox 1919 3815 2297 3886; x_wconf 75' lang='lat' dir='ltr'><strong>Tlieodoreius</strong></span> <span class='ocrx_word' id='word_1_526' title='bbox 2325 3834 2378 3882; x_wconf 89' lang='lat' dir='ltr'><strong>q.</strong></span> <span class='ocrx_word' id='word_1_527' title='bbox 2412 3815 2482 3870; x_wconf 91' lang='lat'><strong>80</strong></span> <span class='ocrx_word' id='word_1_528' title='bbox 2514 3817 2564 3868; x_wconf 91' lang='lat' dir='ltr'><strong>in</strong></span> <span class='ocrx_word' id='word_1_529' title='bbox 2597 3813 2855 3870; x_wconf 86' lang='lat' dir='ltr'><strong>Genesim</strong></span> <span class='ocrx_word' id='word_1_530' title='bbox 2883 3832 2896 3869; x_wconf 91' lang='lat'>:</span> <span class='ocrx_word' id='word_1_531' title='bbox 2928 3815 3005 3886; x_wconf 83' lang='lat' dir='ltr'><strong>A_n</strong></span> <span class='ocrx_word' id='word_1_532' title='bbox 3039 3830 3140 3868; x_wconf 88' lang='lat' dir='ltr'><strong>non</strong></span> <span class='ocrx_word' id='word_1_533' title='bbox 3170 3825 3271 3886; x_wconf 88' lang='lat' dir='ltr'><strong>est__,</strong></span> <span class='ocrx_word' id='word_1_534' title='bbox 3306 3817 3506 3886; x_wconf 82' lang='lat' dir='ltr'><strong>inquit,</strong></span> 
     </span>
    </p>
   </div>
   <div class='ocr_carea' id='block_1_54' title="bbox 229 3883 3508 3957">
    <p class='ocr_par' dir='ltr' id='par_1_54' title="bbox 229 3883 3508 3957">
     <span class='ocr_line' id='line_1_55' title="bbox 229 3883 3508 3957; baseline -0 -16"><span class='ocrx_word' id='word_1_535' title='bbox 229 3883 474 3955; x_wconf 69' lang='lat' dir='ltr'><strong>affectus.</strong></span> <span class='ocrx_word' id='word_1_536' title='bbox 502 3886 602 3941; x_wconf 87' lang='lat' dir='ltr'><strong>Ubi</strong></span> <span class='ocrx_word' id='word_1_537' title='bbox 634 3897 901 3957; x_wconf 71' lang='lat' dir='ltr'><strong>proventus</strong></span> <span class='ocrx_word' id='word_1_538' title='bbox 929 3886 1068 3941; x_wconf 89' lang='lat' dir='ltr'><strong>idem</strong></span> <span class='ocrx_word' id='word_1_539' title='bbox 1097 3885 1235 3955; x_wconf 89' lang='lat' dir='ltr'><strong>quod</strong></span> <span class='ocrx_word' id='word_1_540' title='bbox 1259 3883 1525 3957; x_wconf 75' lang='lat' dir='ltr'><strong>processus</strong></span> <span class='ocrx_word' id='word_1_541' title='bbox 1549 3902 1736 3956; x_wconf 87' lang='lat' dir='ltr'><strong>supra,</strong></span> <span class='ocrx_word' id='word_1_542' title='bbox 1765 3887 1815 3940; x_wconf 93' lang='lat' dir='ltr'><strong>id</strong></span> <span class='ocrx_word' id='word_1_543' title='bbox 1919 3901 2044 3939; x_wconf 84' lang='lat' dir='ltr'><strong>usus</strong></span> <span class='ocrx_word' id='word_1_544' title='bbox 2072 3883 2236 3939; x_wconf 80' lang='lat' dir='ltr'><strong>Jarob</strong></span> <span class='ocrx_word' id='word_1_545' title='bbox 2265 3887 2556 3944; x_wconf 81' lang='lat' dir='ltr'><strong>mendacio,</strong></span> <span class='ocrx_word' id='word_1_546' title='bbox 2590 3902 2706 3939; x_wconf 88' lang='lat' dir='ltr'><strong>cum</strong></span> <span class='ocrx_word' id='word_1_547' title='bbox 2733 3886 2862 3939; x_wconf 78' lang='lat' dir='ltr'><strong>dixit</strong></span> <span class='ocrx_word' id='word_1_548' title='bbox 2887 3901 2905 3938; x_wconf 94' lang='lat'><strong><em>:</em></strong></span> <span class='ocrx_word' id='word_1_549' title='bbox 2938 3883 3050 3955; x_wconf 83' lang='lat' dir='ltr'><strong>Ego</strong></span> <span class='ocrx_word' id='word_1_550' title='bbox 3078 3902 3188 3938; x_wconf 88' lang='lat' dir='ltr'><strong>sum</strong></span> <span class='ocrx_word' id='word_1_551' title='bbox 3225 3883 3364 3938; x_wconf 79' lang='lat' dir='ltr'><strong>Esau</strong></span> <span class='ocrx_word' id='word_1_552' title='bbox 3382 3883 3508 3950; x_wconf 42' lang='lat' dir='ltr'><strong>&#39;pris</strong></span> 
     </span>
    </p>
   </div>
   <div class='ocr_carea' id='block_1_55' title="bbox 230 3957 3507 4027">
    <p class='ocr_par' dir='ltr' id='par_1_55' title="bbox 230 3957 3507 4027">
     <span class='ocr_line' id='line_1_56' title="bbox 230 3957 3507 4027; baseline -0 -14"><span class='ocrx_word' id='word_1_553' title='bbox 230 3967 344 4025; x_wconf 86' lang='lat' dir='ltr'><strong>est,</strong></span> <span class='ocrx_word' id='word_1_554' title='bbox 377 3972 683 4018; x_wconf 85' lang='lat' dir='ltr'><strong>successus,</strong></span> <span class='ocrx_word' id='word_1_555' title='bbox 711 3957 795 4011; x_wconf 87' lang='lat' dir='ltr'><strong>vel</strong></span> <span class='ocrx_word' id='word_1_556' title='bbox 829 3967 1071 4011; x_wconf 61' lang='lat' dir='ltr'><strong>eventus.</strong></span> <span class='ocrx_word' id='word_1_557' title='bbox 1198 4026 1202 4027; x_wconf 18' lang='grc' dir='ltr'><em>ν</em></span> <span class='ocrx_word' id='word_1_558' title='bbox 1919 3960 2204 4026; x_wconf 76' lang='lat' dir='ltr'><strong>moqenitus</strong></span> <span class='ocrx_word' id='word_1_559' title='bbox 2235 3958 2395 4010; x_wconf 85' lang='lat' dir='ltr'><strong>tuus?</strong></span> <span class='ocrx_word' id='word_1_560' title='bbox 2429 3957 2650 4027; x_wconf 84' lang='lat' dir='ltr'><strong>Minime</strong></span> <span class='ocrx_word' id='word_1_561' title='bbox 2665 3973 2802 4017; x_wconf 85' lang='lat' dir='ltr'><strong>vero,</strong></span> <span class='ocrx_word' id='word_1_562' title='bbox 2835 3966 3024 4008; x_wconf 86' lang='lat' dir='ltr'><strong>emerat</strong></span> <span class='ocrx_word' id='word_1_563' title='bbox 3049 3960 3184 4010; x_wconf 85' lang='lat' dir='ltr'><strong>enim</strong></span> <span class='ocrx_word' id='word_1_564' title='bbox 3226 3957 3314 4008; x_wconf 83' lang='lat' dir='ltr'><strong>ille</strong></span> <span class='ocrx_word' id='word_1_565' title='bbox 3342 3959 3507 4027; x_wconf 84' lang='lat' dir='ltr'><strong>privi-</strong></span> 
     </span>
    </p>
   </div>
   <div class='ocr_carea' id='block_1_56' title="bbox 302 4026 3508 4100">
    <p class='ocr_par' dir='ltr' id='par_1_56' title="bbox 302 4026 3508 4100">
     <span class='ocr_line' id='line_1_57' title="bbox 302 4026 3508 4100; baseline -0.001 -18"><span class='ocrx_word' id='word_1_566' title='bbox 302 4028 336 4067; x_wconf 66' lang='grc' dir='ltr'>δ</span> <span class='ocrx_word' id='word_1_567' title='bbox 369 4029 443 4082; x_wconf 92' lang='lat' dir='ltr'><strong>De</strong></span> <span class='ocrx_word' id='word_1_568' title='bbox 489 4029 668 4083; x_wconf 85' lang='lat' dir='ltr'><strong>verbis</strong></span> <span class='ocrx_word' id='word_1_569' title='bbox 730 4029 896 4083; x_wconf 83' lang='lat' dir='ltr'><strong>Jacob</strong></span> <span class='ocrx_word' id='word_1_570' title='bbox 957 4026 1310 4100; x_wconf 65' lang='lat' dir='ltr'><strong>patriarchae,</strong></span> <span class='ocrx_word' id='word_1_571' title='bbox 1368 4042 1489 4094; x_wconf 71' lang='lat' dir='ltr'><strong>quae</strong></span> <span class='ocrx_word' id='word_1_572' title='bbox 1547 4027 1816 4100; x_wconf 80' lang='lat' dir='ltr'><strong>habentur</strong></span> <span class='ocrx_word' id='word_1_573' title='bbox 1920 4028 2050 4096; x_wconf 77' lang='lat' dir='ltr'><strong>legio</strong></span> <span class='ocrx_word' id='word_1_574' title='bbox 2079 4030 2497 4100; x_wconf 79' lang='lat' dir='ltr'><strong>primogenitum:</strong></span> <span class='ocrx_word' id='word_1_575' title='bbox 2522 4030 2584 4081; x_wconf 88' lang='lat' dir='ltr'><strong>ab</strong></span> <span class='ocrx_word' id='word_1_576' title='bbox 2608 4026 2786 4100; x_wconf 78' lang='lat' dir='ltr'><strong>Esau;</strong></span> <span class='ocrx_word' id='word_1_577' title='bbox 2816 4043 2931 4100; x_wconf 84' lang='lat' dir='ltr'><strong>vere</strong></span> <span class='ocrx_word' id='word_1_578' title='bbox 2957 4029 3114 4100; x_wconf 70' lang='lat' dir='ltr'><strong>igitur</strong></span> <span class='ocrx_word' id='word_1_579' title='bbox 3137 4044 3191 4100; x_wconf 77' lang='lat' dir='ltr'><strong>se</strong></span> <span class='ocrx_word' id='word_1_580' title='bbox 3211 4028 3508 4100; x_wconf 61' lang='lat' dir='ltr'><strong>appellabat</strong></span> 
     </span>
    </p>
   </div>
   <div class='ocr_carea' id='block_1_57' title="bbox 230 4095 3505 4168">
    <p class='ocr_par' dir='ltr' id='par_1_57' title="bbox 230 4095 3505 4168">
     <span class='ocr_line' id='line_1_58' title="bbox 230 4095 3505 4168; baseline -0.002 -13"><span class='ocrx_word' id='word_1_581' title='bbox 230 4099 374 4155; x_wconf 85' lang='lat' dir='ltr'><strong>Gen.</strong></span> <span class='ocrx_word' id='word_1_582' title='bbox 403 4114 565 4154; x_wconf 79' lang='lat' dir='ltr'><strong>xxvn.</strong></span> <span class='ocrx_word' id='word_1_583' title='bbox 601 4109 708 4154; x_wconf 88' lang='lat' dir='ltr'><strong>tres</strong></span> <span class='ocrx_word' id='word_1_584' title='bbox 735 4111 856 4151; x_wconf 85' lang='lat' dir='ltr'><strong>sunt</strong></span> <span class='ocrx_word' id='word_1_585' title='bbox 885 4103 1184 4154; x_wconf 62' lang='lat' dir='ltr'><strong>sementim.</strong></span> <span class='ocrx_word' id='word_1_586' title='bbox 1220 4098 1400 4151; x_wconf 90' lang='lat' dir='ltr'><strong>Prima</strong></span> <span class='ocrx_word' id='word_1_587' title='bbox 1431 4098 1622 4151; x_wconf 73' lang='lat' dir='ltr'><strong>asserit</strong></span> <span class='ocrx_word' id='word_1_588' title='bbox 1647 4100 1816 4155; x_wconf 70' lang='lat' dir='ltr'><strong>Jacaib</strong></span> <span class='ocrx_word' id='word_1_589' title='bbox 1920 4095 2332 4168; x_wconf 67' lang='lat' dir='ltr'><strong>primogenitum.</strong></span> <span class='ocrx_word' id='word_1_590' title='bbox 2371 4100 2566 4153; x_wconf 72' lang='lat' dir='ltr'><strong>Eadem</strong></span> <span class='ocrx_word' id='word_1_591' title='bbox 2599 4099 2806 4153; x_wconf 85' lang='lat' dir='ltr'><strong>ratione</strong></span> <span class='ocrx_word' id='word_1_592' title='bbox 2834 4099 2941 4151; x_wconf 88' lang='lat' dir='ltr'><strong>div.</strong></span> <span class='ocrx_word' id='word_1_593' title='bbox 2968 4095 3263 4164; x_wconf 70' lang='lat' dir='ltr'><strong>Gregorius</strong></span> <span class='ocrx_word' id='word_1_594' title='bbox 3287 4098 3452 4152; x_wconf 62' lang='lat' dir='ltr'><strong>Jacnb</strong></span> <span class='ocrx_word' id='word_1_595' title='bbox 3475 4116 3505 4155; x_wconf 83' lang='lat' dir='ltr'><strong>a</strong></span> 
     </span>
    </p>
   </div>
   <div class='ocr_carea' id='block_1_58' title="bbox 227 4169 3506 4239">
    <p class='ocr_par' dir='ltr' id='par_1_58' title="bbox 227 4169 3506 4239">
     <span class='ocr_line' id='line_1_59' title="bbox 227 4169 3506 4239; baseline 0 -18"><span class='ocrx_word' id='word_1_596' title='bbox 227 4187 362 4224; x_wconf 84' lang='lat' dir='ltr'><strong>vere</strong></span> <span class='ocrx_word' id='word_1_597' title='bbox 388 4185 509 4224; x_wconf 87' lang='lat' dir='ltr'><strong>esse</strong></span> <span class='ocrx_word' id='word_1_598' title='bbox 542 4171 846 4232; x_wconf 87' lang='lat' dir='ltr'><strong>mentitum,</strong></span> <span class='ocrx_word' id='word_1_599' title='bbox 871 4186 974 4223; x_wconf 91' lang='lat' dir='ltr'><strong>non</strong></span> <span class='ocrx_word' id='word_1_600' title='bbox 1009 4180 1184 4223; x_wconf 87' lang='lat' dir='ltr'><strong>tamen</strong></span> <span class='ocrx_word' id='word_1_601' title='bbox 1217 4184 1488 4233; x_wconf 62' lang='lat' dir='ltr'><strong>peccasse,</strong></span> <span class='ocrx_word' id='word_1_602' title='bbox 1517 4187 1636 4239; x_wconf 85' lang='lat' dir='ltr'><strong>quia</strong></span> <span class='ocrx_word' id='word_1_603' title='bbox 1665 4187 1816 4225; x_wconf 65' lang='lat' dir='ltr'><strong>nn&#39;n-</strong></span> <span class='ocrx_word' id='word_1_604' title='bbox 1919 4171 2200 4223; x_wconf 73' lang='lat' dir='ltr'><strong>mendacio</strong></span> <span class='ocrx_word' id='word_1_605' title='bbox 2230 4179 2451 4223; x_wconf 65' lang='lat' dir='ltr'><strong>exciisnt</strong></span> <span class='ocrx_word' id='word_1_606' title='bbox 2481 4171 2666 4223; x_wconf 87' lang='lat' dir='ltr'><strong>liumil.</strong></span> <span class='ocrx_word' id='word_1_607' title='bbox 2709 4173 2740 4224; x_wconf 83' lang='lat' dir='ltr'><strong>ti</strong></span> <span class='ocrx_word' id='word_1_608' title='bbox 2772 4169 2823 4223; x_wconf 91' lang='lat' dir='ltr'><strong>in</strong></span> <span class='ocrx_word' id='word_1_609' title='bbox 2869 4170 3038 4222; x_wconf 75' lang='grc' dir='ltr'><strong>Εῑνειι</strong></span> <span class='ocrx_word' id='word_1_610' title='bbox 3065 4171 3222 4228; x_wconf 71' lang='lat' dir='ltr'><strong>clem.</strong></span> <span class='ocrx_word' id='word_1_611' title='bbox 3255 4180 3309 4223; x_wconf 88' lang='lat' dir='ltr'><strong>et</strong></span> <span class='ocrx_word' id='word_1_612' title='bbox 3342 4169 3506 4224; x_wconf 91' lang='lat' dir='ltr'><strong>Inuo-</strong></span> 
     </span>
    </p>
   </div>
   <div class='ocr_carea' id='block_1_59' title="bbox 227 4239 3501 4310">
    <p class='ocr_par' dir='ltr' id='par_1_59' title="bbox 227 4239 3501 4310">
     <span class='ocr_line' id='line_1_60' title="bbox 227 4239 3501 4310; baseline -0.001 -15"><span class='ocrx_word' id='word_1_613' title='bbox 227 4242 445 4295; x_wconf 85' lang='lat' dir='ltr'><strong>dacioin</strong></span> <span class='ocrx_word' id='word_1_614' title='bbox 483 4241 614 4294; x_wconf 89' lang='lat' dir='ltr'><strong>illud</strong></span> <span class='ocrx_word' id='word_1_615' title='bbox 667 4258 769 4294; x_wconf 89' lang='lat' dir='ltr'><strong>non</strong></span> <span class='ocrx_word' id='word_1_616' title='bbox 819 4241 979 4293; x_wconf 85' lang='lat' dir='ltr'><strong>modo</strong></span> <span class='ocrx_word' id='word_1_617' title='bbox 1023 4242 1122 4293; x_wconf 91' lang='lat' dir='ltr'><strong>l&#39;uit</strong></span> <span class='ocrx_word' id='word_1_618' title='bbox 1149 4241 1491 4303; x_wconf 64' lang='lat' dir='ltr'><strong>excusabile,</strong></span> <span class='ocrx_word' id='word_1_619' title='bbox 1526 4242 1618 4294; x_wconf 65' lang='lat' dir='ltr'><strong>sed</strong></span> <span class='ocrx_word' id='word_1_620' title='bbox 1650 4243 1810 4295; x_wconf 86' lang='lat' dir='ltr'><strong>etiam</strong></span> <span class='ocrx_word' id='word_1_621' title='bbox 1917 4242 2131 4294; x_wconf 85' lang='lat' dir='ltr'><strong>centius</strong></span> <span class='ocrx_word' id='word_1_622' title='bbox 2157 4241 2219 4294; x_wconf 93' lang='lat' dir='ltr'><strong>Ill</strong></span> <span class='ocrx_word' id='word_1_623' title='bbox 2252 4257 2373 4310; x_wconf 83' lang='lat' dir='ltr'><strong>cap.</strong></span> <span class='ocrx_word' id='word_1_624' title='bbox 2408 4239 2726 4299; x_wconf 79' lang='lat' dir='ltr'><strong>Gaudemus,</strong></span> <span class='ocrx_word' id='word_1_625' title='bbox 2756 4244 2822 4293; x_wconf 73' lang='lat' dir='ltr'><strong>de</strong></span> <span class='ocrx_word' id='word_1_626' title='bbox 2857 4241 3107 4293; x_wconf 68' lang='lat' dir='ltr'><strong>Div‘irlilS</strong></span> <span class='ocrx_word' id='word_1_627' title='bbox 3138 4240 3270 4308; x_wconf 81' lang='lat' dir='ltr'><strong>(Lib.</strong></span> <span class='ocrx_word' id='word_1_628' title='bbox 3309 4257 3358 4293; x_wconf 87' lang='lat' dir='ltr'><strong>iv</strong></span> <span class='ocrx_word' id='word_1_629' title='bbox 3397 4241 3501 4292; x_wconf 81' lang='lat' dir='ltr'><strong>De-</strong></span> 
     </span>
    </p>
   </div>
   <div class='ocr_carea' id='block_1_60' title="bbox 228 4310 3502 4381">
    <p class='ocr_par' dir='ltr' id='par_1_60' title="bbox 228 4310 3502 4381">
     <span class='ocr_line' id='line_1_61' title="bbox 228 4310 3502 4381; baseline -0.001 -16"><span class='ocrx_word' id='word_1_630' title='bbox 228 4311 505 4365; x_wconf 85' lang='lat' dir='ltr'><strong>lainlabile</strong></span> <span class='ocrx_word' id='word_1_631' title='bbox 553 4321 607 4364; x_wconf 89' lang='lat' dir='ltr'><strong>et</strong></span> <span class='ocrx_word' id='word_1_632' title='bbox 641 4311 748 4364; x_wconf 86' lang='lat' dir='ltr'><strong>Deo</strong></span> <span class='ocrx_word' id='word_1_633' title='bbox 789 4323 1086 4380; x_wconf 76' lang='lat' dir='ltr'><strong>acceptum.</strong></span> <span class='ocrx_word' id='word_1_634' title='bbox 1141 4312 1214 4364; x_wconf 91' lang='lat' dir='ltr'><strong>Ita</strong></span> <span class='ocrx_word' id='word_1_635' title='bbox 1257 4311 1423 4363; x_wconf 90' lang='lat' dir='ltr'><strong>abbas</strong></span> <span class='ocrx_word' id='word_1_636' title='bbox 1468 4310 1608 4375; x_wconf 62' lang='lat' dir='ltr'><strong>.losu-i</strong></span> <span class='ocrx_word' id='word_1_637' title='bbox 1633 4310 1667 4364; x_wconf 83' lang='lat' dir='ltr'><strong>li</strong></span> <span class='ocrx_word' id='word_1_638' title='bbox 1714 4314 1813 4366; x_wconf 89' lang='lat' dir='ltr'><strong>lioc</strong></span> <span class='ocrx_word' id='word_1_639' title='bbox 1917 4311 2096 4365; x_wconf 83' lang='lat' dir='ltr'><strong>cretal.</strong></span> <span class='ocrx_word' id='word_1_640' title='bbox 2124 4314 2200 4364; x_wconf 83' lang='lat' dir='ltr'><strong>tit.</strong></span> <span class='ocrx_word' id='word_1_641' title='bbox 2233 4313 2342 4381; x_wconf 82' lang='lat' dir='ltr'><strong>l9).</strong></span> <span class='ocrx_word' id='word_1_642' title='bbox 2371 4311 2488 4366; x_wconf 49' lang='lat' dir='ltr'><strong>Div.</strong></span> <span class='ocrx_word' id='word_1_643' title='bbox 2521 4315 2775 4378; x_wconf 60' lang='lat' dir='ltr'><strong>&#39;l&#39;bomas,</strong></span> <span class='ocrx_word' id='word_1_644' title='bbox 2798 4312 2916 4374; x_wconf 69' lang='lat'><strong>2-2,</strong></span> <span class='ocrx_word' id='word_1_645' title='bbox 2945 4325 3132 4378; x_wconf 62' lang='lat' dir='ltr'><strong>quaiSi.</strong></span> <span class='ocrx_word' id='word_1_646' title='bbox 3155 4313 3275 4370; x_wconf 81' lang='lat' dir='ltr'><strong>lli),</strong></span> <span class='ocrx_word' id='word_1_647' title='bbox 3301 4322 3403 4366; x_wconf 91' lang='lat' dir='ltr'><strong>art.</strong></span> <span class='ocrx_word' id='word_1_648' title='bbox 3430 4311 3502 4366; x_wconf 69' lang='grc' dir='ltr'><strong>ὃς</strong></span> 
     </span>
    </p>
   </div>
   <div class='ocr_carea' id='block_1_61' title="bbox 229 4381 3502 4452">
    <p class='ocr_par' dir='ltr' id='par_1_61' title="bbox 229 4381 3502 4452">
     <span class='ocr_line' id='line_1_62' title="bbox 229 4381 3502 4452; baseline -0 -17"><span class='ocrx_word' id='word_1_649' title='bbox 229 4385 374 4436; x_wconf 72' lang='lat' dir='ltr'><strong>loco.</strong></span> <span class='ocrx_word' id='word_1_650' title='bbox 407 4382 512 4435; x_wconf 71' lang='lat' dir='ltr'><strong>Sed</strong></span> <span class='ocrx_word' id='word_1_651' title='bbox 546 4384 658 4434; x_wconf 78' lang='lat' dir='ltr'><strong>liztc</strong></span> <span class='ocrx_word' id='word_1_652' title='bbox 687 4387 949 4436; x_wconf 84' lang='lat' dir='ltr'><strong>sententia</strong></span> <span class='ocrx_word' id='word_1_653' title='bbox 980 4383 1046 4434; x_wconf 78' lang='lat' dir='ltr'><strong>ali</strong></span> <span class='ocrx_word' id='word_1_654' title='bbox 1075 4381 1320 4435; x_wconf 86' lang='lat' dir='ltr'><strong>omnibus</strong></span> <span class='ocrx_word' id='word_1_655' title='bbox 1353 4383 1611 4447; x_wconf 76' lang='lat' dir='ltr'><strong>rejiciiur,</strong></span> <span class='ocrx_word' id='word_1_656' title='bbox 1647 4390 1704 4434; x_wconf 86' lang='lat' dir='ltr'><strong>ut</strong></span> <span class='ocrx_word' id='word_1_657' title='bbox 1726 4384 1811 4434; x_wconf 89' lang='lat' dir='ltr'><strong>di-</strong></span> <span class='ocrx_word' id='word_1_658' title='bbox 1915 4381 2098 4437; x_wconf 84' lang='lat' dir='ltr'><strong>Jucob.</strong></span> <span class='ocrx_word' id='word_1_659' title='bbox 2136 4383 2326 4452; x_wconf 82' lang='lat' dir='ltr'><strong>inquit.</strong></span> <span class='ocrx_word' id='word_1_660' title='bbox 2371 4384 2578 4452; x_wconf 62' lang='lat' dir='ltr'><strong>mystice</strong></span> <span class='ocrx_word' id='word_1_661' title='bbox 2618 4383 2750 4434; x_wconf 63' lang='lat' dir='ltr'><strong>dixit</strong></span> <span class='ocrx_word' id='word_1_662' title='bbox 2779 4399 2833 4434; x_wconf 76' lang='lat' dir='ltr'><strong>se</strong></span> <span class='ocrx_word' id='word_1_663' title='bbox 2862 4399 2969 4434; x_wconf 51' lang='lat' dir='ltr'><strong>exue</strong></span> <span class='ocrx_word' id='word_1_664' title='bbox 3003 4381 3140 4434; x_wconf 73' lang='lat' dir='ltr'><strong>Esau</strong></span> <span class='ocrx_word' id='word_1_665' title='bbox 3184 4382 3502 4452; x_wconf 73' lang='lat' dir='ltr'><strong>primoyeni-</strong></span> 
     </span>
    </p>
   </div>
   <div class='ocr_carea' id='block_1_62' title="bbox 229 4452 3505 4521">
    <p class='ocr_par' dir='ltr' id='par_1_62' title="bbox 229 4452 3505 4521">
     <span class='ocr_line' id='line_1_63' title="bbox 229 4452 3505 4521; baseline -0.002 -13"><span class='ocrx_word' id='word_1_666' title='bbox 229 4465 377 4508; x_wconf 81' lang='lat' dir='ltr'><strong>etiiin</strong></span> <span class='ocrx_word' id='word_1_667' title='bbox 410 4463 512 4507; x_wconf 70' lang='lat' dir='ltr'><strong>est.</strong></span> <span class='ocrx_word' id='word_1_668' title='bbox 549 4452 650 4507; x_wconf 81' lang='lat' dir='ltr'><strong>Alii</strong></span> <span class='ocrx_word' id='word_1_669' title='bbox 687 4460 910 4507; x_wconf 80' lang='lat' dir='ltr'><strong>censent</strong></span> <span class='ocrx_word' id='word_1_670' title='bbox 940 4453 1024 4505; x_wconf 77' lang='lat' dir='ltr'><strong>illa</strong></span> <span class='ocrx_word' id='word_1_671' title='bbox 1069 4456 1233 4505; x_wconf 78' lang='lat' dir='ltr'><strong>verba</strong></span> <span class='ocrx_word' id='word_1_672' title='bbox 1283 4455 1559 4505; x_wconf 78' lang='lat' dir='ltr'><strong>continere</strong></span> <span class='ocrx_word' id='word_1_673' title='bbox 1591 4455 1811 4505; x_wconf 83' lang='lat' dir='ltr'><strong>iiienila-</strong></span> <span class='ocrx_word' id='word_1_674' title='bbox 1917 4467 2025 4506; x_wconf 88' lang='lat' dir='ltr'><strong>tum</strong></span> <span class='ocrx_word' id='word_1_675' title='bbox 2059 4453 2237 4514; x_wconf 78' lang='lat' dir='ltr'><strong>Isaac,</strong></span> <span class='ocrx_word' id='word_1_676' title='bbox 2271 4454 2391 4518; x_wconf 82' lang='lat' dir='ltr'><strong>quia</strong></span> <span class='ocrx_word' id='word_1_677' title='bbox 2417 4452 2653 4505; x_wconf 84' lang='lat' dir='ltr'><strong>videlicet</strong></span> <span class='ocrx_word' id='word_1_678' title='bbox 2683 4453 3022 4518; x_wconf 70' lang='lat' dir='ltr'><strong>llfitlmgi‘ltlla</strong></span> <span class='ocrx_word' id='word_1_679' title='bbox 3048 4452 3190 4505; x_wconf 81' lang='lat' dir='ltr'><strong>illius</strong></span> <span class='ocrx_word' id='word_1_680' title='bbox 3217 4454 3424 4521; x_wconf 79' lang='lat' dir='ltr'><strong>dejure</strong></span> <span class='ocrx_word' id='word_1_681' title='bbox 3457 4454 3505 4506; x_wconf 86' lang='lat' dir='ltr'><strong>ei</strong></span> 
     </span>
    </p>
   </div>
   <div class='ocr_carea' id='block_1_63' title="bbox 227 4522 3503 4591">
    <p class='ocr_par' dir='ltr' id='par_1_63' title="bbox 227 4522 3503 4591">
     <span class='ocr_line' id='line_1_64' title="bbox 227 4522 3503 4591; baseline -0.001 -14"><span class='ocrx_word' id='word_1_682' title='bbox 227 4527 372 4578; x_wconf 90' lang='lat' dir='ltr'><strong>cintn</strong></span> <span class='ocrx_word' id='word_1_683' title='bbox 407 4524 728 4586; x_wconf 84' lang='lat' dir='ltr'><strong>oliiciosuin,</strong></span> <span class='ocrx_word' id='word_1_684' title='bbox 756 4536 804 4577; x_wconf 89' lang='lat' dir='ltr'><strong>et</strong></span> <span class='ocrx_word' id='word_1_685' title='bbox 834 4526 1056 4591; x_wconf 84' lang='lat' dir='ltr'><strong>proinde</strong></span> <span class='ocrx_word' id='word_1_686' title='bbox 1077 4541 1103 4574; x_wconf 90' lang='lat' dir='ltr'><strong>a</strong></span> <span class='ocrx_word' id='word_1_687' title='bbox 1127 4523 1278 4590; x_wconf 55' lang='lat' dir='ltr'><strong>culpa</strong></span> <span class='ocrx_word' id='word_1_688' title='bbox 1303 4522 1494 4575; x_wconf 82' lang='lat' dir='ltr'><strong>veniali</strong></span> <span class='ocrx_word' id='word_1_689' title='bbox 1523 4537 1626 4574; x_wconf 88' lang='lat' dir='ltr'><strong>non</strong></span> <span class='ocrx_word' id='word_1_690' title='bbox 1653 4539 1812 4588; x_wconf 80' lang='lat' dir='ltr'><strong>posse</strong></span> <span class='ocrx_word' id='word_1_691' title='bbox 1914 4525 2229 4577; x_wconf 67' lang='lat' dir='ltr'><strong>debebantur</strong></span> <span class='ocrx_word' id='word_1_692' title='bbox 2258 4540 2276 4577; x_wconf 90' lang='lat'><strong><em>:</em></strong></span> <span class='ocrx_word' id='word_1_693' title='bbox 2305 4540 2429 4576; x_wconf 87' lang='lat' dir='ltr'><strong>usus</strong></span> <span class='ocrx_word' id='word_1_694' title='bbox 2471 4535 2542 4574; x_wconf 85' lang='lat' dir='ltr'><strong>est</strong></span> <span class='ocrx_word' id='word_1_695' title='bbox 2587 4533 2705 4574; x_wconf 86' lang='lat' dir='ltr'><strong>ante</strong></span> <span class='ocrx_word' id='word_1_696' title='bbox 2788 4523 2884 4574; x_wconf 83' lang='lat' dir='ltr'><strong>hoc</strong></span> <span class='ocrx_word' id='word_1_697' title='bbox 2927 4524 3078 4574; x_wconf 88' lang='lat' dir='ltr'><strong>modo</strong></span> <span class='ocrx_word' id='word_1_698' title='bbox 3127 4526 3365 4591; x_wconf 72' lang='lat' dir='ltr'><strong>loquendi</strong></span> <span class='ocrx_word' id='word_1_699' title='bbox 3413 4541 3503 4590; x_wconf 87' lang='lat' dir='ltr'><strong>per</strong></span> 
     </span>
    </p>
   </div>
   <div class='ocr_carea' id='block_1_64' title="bbox 226 4593 3462 4667">
    <p class='ocr_par' dir='ltr' id='par_1_64' title="bbox 226 4593 3462 4667">
     <span class='ocr_line' id='line_1_65' title="bbox 226 4593 3462 4667; baseline -0.001 -17"><span class='ocrx_word' id='word_1_700' title='bbox 226 4598 499 4650; x_wconf 71' lang='lat' dir='ltr'><strong>excusari.</strong></span> <span class='ocrx_word' id='word_1_701' title='bbox 525 4595 596 4648; x_wconf 88' lang='lat' dir='ltr'><strong>lia</strong></span> <span class='ocrx_word' id='word_1_702' title='bbox 622 4594 882 4667; x_wconf 58' lang='lat' dir='ltr'><strong>Lyraiiiis,</strong></span> <span class='ocrx_word' id='word_1_703' title='bbox 908 4595 1210 4656; x_wconf 80' lang='lat' dir='ltr'><strong>Abulensis,</strong></span> <span class='ocrx_word' id='word_1_704' title='bbox 1234 4593 1540 4667; x_wconf 76' lang='lat' dir='ltr'><strong>Caietanus.</strong></span> <span class='ocrx_word' id='word_1_705' title='bbox 1573 4597 1642 4645; x_wconf 83' lang='lat' dir='ltr'><strong>At</strong></span> <span class='ocrx_word' id='word_1_706' title='bbox 1664 4610 1813 4667; x_wconf 15' lang='lat' dir='ltr'><strong>croni-</strong></span> <span class='ocrx_word' id='word_1_707' title='bbox 1873 4597 2154 4667; x_wconf 55' lang='lat' dir='ltr'><strong>mpii-itum</strong></span> <span class='ocrx_word' id='word_1_708' title='bbox 2187 4594 2473 4667; x_wconf 71' lang='lat' dir='ltr'><strong>pronhetiie</strong></span> <span class='ocrx_word' id='word_1_709' title='bbox 2498 4593 2565 4667; x_wconf 76' lang='lat' dir='ltr'><strong>ad</strong></span> <span class='ocrx_word' id='word_1_710' title='bbox 2598 4596 2974 4667; x_wconf 76' lang='lat' dir='ltr'><strong>designandum</strong></span> <span class='ocrx_word' id='word_1_711' title='bbox 3005 4596 3322 4667; x_wconf 74' lang='lat' dir='ltr'><strong>mysterium,</strong></span> <span class='ocrx_word' id='word_1_712' title='bbox 3356 4603 3462 4667; x_wconf 74' lang='lat' dir='ltr'><strong>etc.</strong></span> 
     </span>
    </p>
   </div>
   <div class='ocr_carea' id='block_1_65' title="bbox 227 4663 3504 4733">
    <p class='ocr_par' dir='ltr' id='par_1_65' title="bbox 227 4663 3504 4733">
     <span class='ocr_line' id='line_1_66' title="bbox 227 4663 3504 4733; baseline -0.001 -15"><span class='ocrx_word' id='word_1_713' title='bbox 227 4668 450 4720; x_wconf 85' lang='lat' dir='ltr'><strong>miiiiior</strong></span> <span class='ocrx_word' id='word_1_714' title='bbox 504 4678 585 4719; x_wconf 87' lang='lat' dir='ltr'><strong>est</strong></span> <span class='ocrx_word' id='word_1_715' title='bbox 631 4663 729 4721; x_wconf 77' lang='lat' dir='ltr'><strong>SS.</strong></span> <span class='ocrx_word' id='word_1_716' title='bbox 787 4665 1000 4719; x_wconf 86' lang='lat' dir='ltr'><strong>Patrum</strong></span> <span class='ocrx_word' id='word_1_717' title='bbox 1055 4675 1317 4718; x_wconf 87' lang='lat' dir='ltr'><strong>sententa</strong></span> <span class='ocrx_word' id='word_1_718' title='bbox 1340 4705 1354 4726; x_wconf 94' lang='lat'><strong>,</strong></span> <span class='ocrx_word' id='word_1_719' title='bbox 1404 4665 1492 4733; x_wconf 90' lang='lat' dir='ltr'><strong>qui</strong></span> <span class='ocrx_word' id='word_1_720' title='bbox 1556 4666 1809 4730; x_wconf 68' lang='lat' dir='ltr'><strong>prmdicta</strong></span> <span class='ocrx_word' id='word_1_721' title='bbox 1900 4663 1910 4667; x_wconf 66' lang='grc'>⁷</span> <span class='ocrx_word' id='word_1_722' title='bbox 1947 4663 1951 4664; x_wconf 28' lang='grc' dir='ltr'>ί</span> <span class='ocrx_word' id='word_1_723' title='bbox 1990 4676 2012 4703; x_wconf 71' lang='grc' dir='ltr'><strong>ε</strong></span> <span class='ocrx_word' id='word_1_724' title='bbox 2047 4665 2276 4718; x_wconf 78' lang='lat' dir='ltr'><strong>Escusat</strong></span> <span class='ocrx_word' id='word_1_725' title='bbox 2311 4663 2399 4716; x_wconf 86' lang='lat' dir='ltr'><strong>hic</strong></span> <span class='ocrx_word' id='word_1_726' title='bbox 2428 4664 2597 4715; x_wconf 83' lang='lat' dir='ltr'><strong>abbas</strong></span> <span class='ocrx_word' id='word_1_727' title='bbox 2628 4664 2982 4727; x_wconf 54' lang='lat' dir='ltr'><strong>patriam-bam</strong></span> <span class='ocrx_word' id='word_1_728' title='bbox 3012 4663 3206 4728; x_wconf 72' lang='lat' dir='ltr'><strong>lat-ob,</strong></span> <span class='ocrx_word' id='word_1_729' title='bbox 3241 4665 3380 4729; x_wconf 84' lang='lat' dir='ltr'><strong>quod</strong></span> <span class='ocrx_word' id='word_1_730' title='bbox 3411 4669 3504 4718; x_wconf 72' lang='lat' dir='ltr'><strong>ile-</strong></span> 
     </span>
    </p>
   </div>
   <div class='ocr_carea' id='block_1_66' title="bbox 225 4733 3498 4802">
    <p class='ocr_par' dir='ltr' id='par_1_66' title="bbox 225 4733 3498 4802">
     <span class='ocr_line' id='line_1_67' title="bbox 225 4733 3498 4802; baseline -0.001 -13"><span class='ocrx_word' id='word_1_731' title='bbox 225 4739 391 4792; x_wconf 79' lang='lat' dir='ltr'><strong>verbzi</strong></span> <span class='ocrx_word' id='word_1_732' title='bbox 423 4736 590 4791; x_wconf 74' lang='lat' dir='ltr'><strong>Iacob</strong></span> <span class='ocrx_word' id='word_1_733' title='bbox 622 4736 898 4790; x_wconf 62' lang='lat' dir='ltr'><strong>mendacio</strong></span> <span class='ocrx_word' id='word_1_734' title='bbox 930 4751 1118 4790; x_wconf 75' lang='lat' dir='ltr'><strong>carere</strong></span> <span class='ocrx_word' id='word_1_735' title='bbox 1148 4736 1436 4799; x_wconf 82' lang='lat' dir='ltr'><strong>al&#39;liriiiant,</strong></span> <span class='ocrx_word' id='word_1_736' title='bbox 1469 4744 1524 4786; x_wconf 91' lang='lat' dir='ltr'><strong>ut</strong></span> <span class='ocrx_word' id='word_1_737' title='bbox 1554 4737 1660 4789; x_wconf 88' lang='lat' dir='ltr'><strong>div.</strong></span> <span class='ocrx_word' id='word_1_738' title='bbox 1697 4740 1809 4789; x_wconf 79' lang='lat' dir='ltr'><strong>Au-</strong></span> <span class='ocrx_word' id='word_1_739' title='bbox 1839 4776 1891 4802; x_wconf 67' lang='grc' dir='ltr'><strong>η</strong></span> <span class='ocrx_word' id='word_1_740' title='bbox 1916 4735 2117 4790; x_wconf 86' lang='lat' dir='ltr'><strong>siderio</strong></span> <span class='ocrx_word' id='word_1_741' title='bbox 2165 4735 2563 4802; x_wconf 71' lang='lat' dir='ltr'><strong>consequentiae</strong></span> <span class='ocrx_word' id='word_1_742' title='bbox 2595 4733 3006 4797; x_wconf 74' lang='lat' dir='ltr'><strong>benedictionis,</strong></span> <span class='ocrx_word' id='word_1_743' title='bbox 3060 4749 3180 4788; x_wconf 90' lang='lat' dir='ltr'><strong>cum</strong></span> <span class='ocrx_word' id='word_1_744' title='bbox 3233 4750 3348 4785; x_wconf 77' lang='lat' dir='ltr'><strong>eam</strong></span> <span class='ocrx_word' id='word_1_745' title='bbox 3400 4736 3498 4788; x_wconf 85' lang='lat' dir='ltr'><strong>alia</strong></span> 
     </span>
    </p>
   </div>
   <div class='ocr_carea' id='block_1_67' title="bbox 226 4776 3500 4877">
    <p class='ocr_par' dir='ltr' id='par_1_67' title="bbox 226 4776 3500 4877">
     <span class='ocr_line' id='line_1_68' title="bbox 226 4776 3500 4877; baseline -0.002 -17"><span class='ocrx_word' id='word_1_746' title='bbox 226 4776 478 4877; x_wconf 53' lang='lat' dir='ltr'><strong>gos-tinus</strong></span> <span class='ocrx_word' id='word_1_747' title='bbox 520 4805 612 4862; x_wconf 85' lang='lat' dir='ltr'><strong>lib.</strong></span> <span class='ocrx_word' id='word_1_748' title='bbox 656 4817 842 4861; x_wconf 87' lang='lat' dir='ltr'><strong>contra</strong></span> <span class='ocrx_word' id='word_1_749' title='bbox 889 4806 1217 4861; x_wconf 75' lang='lat' dir='ltr'><strong>Mendacium</strong></span> <span class='ocrx_word' id='word_1_750' title='bbox 1263 4821 1385 4877; x_wconf 82' lang='lat' dir='ltr'><strong>cap.</strong></span> <span class='ocrx_word' id='word_1_751' title='bbox 1420 4776 1490 4859; x_wconf 66' lang='lat' dir='ltr'><strong>i0</strong></span> <span class='ocrx_word' id='word_1_752' title='bbox 1518 4817 1569 4858; x_wconf 89' lang='lat' dir='ltr'><strong>et</strong></span> <span class='ocrx_word' id='word_1_753' title='bbox 1601 4805 1690 4859; x_wconf 89' lang='lat' dir='ltr'><strong>lib.</strong></span> <span class='ocrx_word' id='word_1_754' title='bbox 1723 4821 1810 4861; x_wconf 77' lang='lat' dir='ltr'><strong>xvr</strong></span> <span class='ocrx_word' id='word_1_755' title='bbox 1839 4776 1891 4835; x_wconf 71' lang='grc' dir='ltr'><strong>θ</strong></span> <span class='ocrx_word' id='word_1_756' title='bbox 1918 4806 2130 4861; x_wconf 86' lang='lat' dir='ltr'><strong>ratimie</strong></span> <span class='ocrx_word' id='word_1_757' title='bbox 2158 4776 2412 4872; x_wconf 56' lang='lat' dir='ltr'><strong>conseq&#39;tii</strong></span> <span class='ocrx_word' id='word_1_758' title='bbox 2443 4821 2545 4858; x_wconf 92' lang='lat' dir='ltr'><strong>nou</strong></span> <span class='ocrx_word' id='word_1_759' title='bbox 2578 4813 2781 4877; x_wconf 63' lang='lat' dir='ltr'><strong>posset,</strong></span> <span class='ocrx_word' id='word_1_760' title='bbox 2813 4776 3212 4877; x_wconf 56' lang='lat' dir='ltr'><strong>ii_iia~i_’coactus</strong></span> <span class='ocrx_word' id='word_1_761' title='bbox 3243 4806 3500 4877; x_wconf 70' lang='lat' dir='ltr'><strong>ll‘leltllllls</strong></span> 
     </span>
    </p>
   </div>
   <div class='ocr_carea' id='block_1_68' title="bbox 225 4873 3501 4946">
    <p class='ocr_par' dir='ltr' id='par_1_68' title="bbox 225 4873 3501 4946">
     <span class='ocr_line' id='line_1_69' title="bbox 225 4873 3501 4946; baseline -0.002 -14"><span class='ocrx_word' id='word_1_762' title='bbox 225 4873 296 4934; x_wconf 75' lang='lat' dir='ltr'><strong>de</strong></span> <span class='ocrx_word' id='word_1_763' title='bbox 324 4878 489 4932; x_wconf 86' lang='lat' dir='ltr'><strong>Civit.</strong></span> <span class='ocrx_word' id='word_1_764' title='bbox 516 4893 634 4946; x_wconf 80' lang='lat' dir='ltr'><strong>cap.</strong></span> <span class='ocrx_word' id='word_1_765' title='bbox 660 4879 760 4945; x_wconf 75' lang='lat'><strong>37,</strong></span> <span class='ocrx_word' id='word_1_766' title='bbox 786 4877 997 4932; x_wconf 89' lang='lat' dir='ltr'><strong>tametsi</strong></span> <span class='ocrx_word' id='word_1_767' title='bbox 1021 4877 1160 4943; x_wconf 85' lang='lat' dir='ltr'><strong>quod</strong></span> <span class='ocrx_word' id='word_1_768' title='bbox 1190 4873 1341 4940; x_wconf 78' lang='lat' dir='ltr'><strong>dicit,</strong></span> <span class='ocrx_word' id='word_1_769' title='bbox 1371 4876 1565 4930; x_wconf 78' lang='lat' dir='ltr'><strong>factum</strong></span> <span class='ocrx_word' id='word_1_770' title='bbox 1597 4878 1713 4944; x_wconf 76' lang='lat' dir='ltr'><strong>ejus</strong></span> <span class='ocrx_word' id='word_1_771' title='bbox 1744 4878 1811 4932; x_wconf 88' lang='lat' dir='ltr'><strong>ad</strong></span> <span class='ocrx_word' id='word_1_772' title='bbox 1919 4877 2100 4931; x_wconf 81' lang='lat' dir='ltr'><strong>fuerit.</strong></span> <span class='ocrx_word' id='word_1_773' title='bbox 2143 4878 2274 4944; x_wconf 69' lang='lat' dir='ltr'><strong>Quae</strong></span> <span class='ocrx_word' id='word_1_774' title='bbox 2319 4887 2466 4930; x_wconf 66' lang='lat' dir='ltr'><strong>certe</strong></span> <span class='ocrx_word' id='word_1_775' title='bbox 2506 4875 2780 4929; x_wconf 74' lang='lat' dir='ltr'><strong>excusatio</strong></span> <span class='ocrx_word' id='word_1_776' title='bbox 2823 4875 3017 4928; x_wconf 75' lang='lat' dir='ltr'><strong>debilis</strong></span> <span class='ocrx_word' id='word_1_777' title='bbox 3057 4885 3138 4928; x_wconf 90' lang='lat' dir='ltr'><strong>est</strong></span> <span class='ocrx_word' id='word_1_778' title='bbox 3176 4889 3222 4926; x_wconf 89' lang='lat' dir='ltr'><strong>ei</strong></span> <span class='ocrx_word' id='word_1_779' title='bbox 3259 4873 3501 4941; x_wconf 83' lang='lat' dir='ltr'><strong>iiiliruia,</strong></span> 
     </span>
    </p>
   </div>
   <div class='ocr_carea' id='block_1_69' title="bbox 225 4947 3497 5015">
    <p class='ocr_par' dir='ltr' id='par_1_69' title="bbox 225 4947 3497 5015">
     <span class='ocr_line' id='line_1_70' title="bbox 225 4947 3497 5015; baseline -0.003 -10"><span class='ocrx_word' id='word_1_780' title='bbox 225 4950 547 5015; x_wconf 69' lang='lat' dir='ltr'><strong>mySterium</strong></span> <span class='ocrx_word' id='word_1_781' title='bbox 577 4949 914 5004; x_wconf 65' lang='lat' dir='ltr'><strong>referendum</strong></span> <span class='ocrx_word' id='word_1_782' title='bbox 944 4963 1084 5010; x_wconf 86' lang='lat' dir='ltr'><strong>esse,</strong></span> <span class='ocrx_word' id='word_1_783' title='bbox 1107 4963 1292 5002; x_wconf 79' lang='lat' dir='ltr'><strong>revera</strong></span> <span class='ocrx_word' id='word_1_784' title='bbox 1323 4947 1672 5015; x_wconf 63' lang='lat' dir='ltr'><strong>quaestionem</strong></span> <span class='ocrx_word' id='word_1_785' title='bbox 1703 4963 1810 5004; x_wconf 92' lang='lat' dir='ltr'><strong>non</strong></span> <span class='ocrx_word' id='word_1_786' title='bbox 1919 4949 2020 5003; x_wconf 86' lang='lat' dir='ltr'><strong>nisi</strong></span> <span class='ocrx_word' id='word_1_787' title='bbox 2051 4949 2128 5001; x_wconf 71' lang='lat' dir='ltr'><strong>sic</strong></span> <span class='ocrx_word' id='word_1_788' title='bbox 2161 4947 2426 5015; x_wconf 77' lang='lat' dir='ltr'><strong>intelligas</strong></span> <span class='ocrx_word' id='word_1_789' title='bbox 2456 4947 2623 5001; x_wconf 82' lang='lat' dir='ltr'><strong>Jacob</strong></span> <span class='ocrx_word' id='word_1_790' title='bbox 2669 4949 2972 4999; x_wconf 62' lang='lat' dir='ltr'><strong>necessario</strong></span> <span class='ocrx_word' id='word_1_791' title='bbox 3019 4955 3299 4999; x_wconf 73' lang='grc' dir='ltr'>ιιιρητιιιιιιι</span> <span class='ocrx_word' id='word_1_792' title='bbox 3346 4959 3497 5010; x_wconf 80' lang='lat' dir='ltr'><strong>esse,</strong></span> 
     </span>
    </p>
   </div>
   <div class='ocr_carea' id='block_1_70' title="bbox 223 5017 3496 5088">
    <p class='ocr_par' dir='ltr' id='par_1_70' title="bbox 223 5017 3496 5088">
     <span class='ocr_line' id='line_1_71' title="bbox 223 5017 3496 5088; baseline -0.002 -14"><span class='ocrx_word' id='word_1_793' title='bbox 223 5022 413 5075; x_wconf 73' lang='lat' dir='ltr'><strong>solvit.</strong></span> <span class='ocrx_word' id='word_1_794' title='bbox 459 5019 591 5074; x_wconf 82' lang='lat' dir='ltr'><strong>Nam</strong></span> <span class='ocrx_word' id='word_1_795' title='bbox 639 5033 830 5074; x_wconf 79' lang='lat' dir='ltr'><strong>sensus</strong></span> <span class='ocrx_word' id='word_1_796' title='bbox 859 5020 1143 5088; x_wconf 82' lang='lat' dir='ltr'><strong>mysticus,</strong></span> <span class='ocrx_word' id='word_1_797' title='bbox 1175 5019 1314 5072; x_wconf 86' lang='lat' dir='ltr'><strong>sicut</strong></span> <span class='ocrx_word' id='word_1_798' title='bbox 1360 5018 1670 5071; x_wconf 85' lang='lat' dir='ltr'><strong>historicum</strong></span> <span class='ocrx_word' id='word_1_799' title='bbox 1704 5037 1809 5074; x_wconf 88' lang='lat' dir='ltr'><strong>non</strong></span> <span class='ocrx_word' id='word_1_800' title='bbox 1920 5033 1978 5072; x_wconf 91' lang='lat' dir='ltr'><strong>ut</strong></span> <span class='ocrx_word' id='word_1_801' title='bbox 2023 5019 2446 5072; x_wconf 87' lang='lat' dir='ltr'><strong>benedictionem</strong></span> <span class='ocrx_word' id='word_1_802' title='bbox 2494 5017 2615 5086; x_wconf 90' lang='lat' dir='ltr'><strong>jure</strong></span> <span class='ocrx_word' id='word_1_803' title='bbox 2653 5017 2754 5071; x_wconf 87' lang='lat' dir='ltr'><strong>sibi</strong></span> <span class='ocrx_word' id='word_1_804' title='bbox 2793 5017 3027 5070; x_wconf 85' lang='lat' dir='ltr'><strong>debitam</strong></span> <span class='ocrx_word' id='word_1_805' title='bbox 3058 5031 3496 5084; x_wconf 57' lang='lat' dir='ltr'><strong>cou~equtreiur.</strong></span> 
     </span>
    </p>
   </div>
   <div class='ocr_carea' id='block_1_71' title="bbox 223 5088 3500 5159">
    <p class='ocr_par' dir='ltr' id='par_1_71' title="bbox 223 5088 3500 5159">
     <span class='ocr_line' id='line_1_72' title="bbox 223 5088 3500 5159; baseline -0.001 -16"><span class='ocrx_word' id='word_1_806' title='bbox 223 5091 388 5153; x_wconf 84' lang='lat' dir='ltr'><strong>tollit,</strong></span> <span class='ocrx_word' id='word_1_807' title='bbox 426 5093 495 5143; x_wconf 88' lang='lat' dir='ltr'><strong>ita</strong></span> <span class='ocrx_word' id='word_1_808' title='bbox 527 5106 640 5145; x_wconf 89' lang='lat' dir='ltr'><strong>rem</strong></span> <span class='ocrx_word' id='word_1_809' title='bbox 667 5101 870 5159; x_wconf 77' lang='lat' dir='ltr'><strong>gestam</strong></span> <span class='ocrx_word' id='word_1_810' title='bbox 904 5104 1008 5142; x_wconf 90' lang='lat' dir='ltr'><strong>non</strong></span> <span class='ocrx_word' id='word_1_811' title='bbox 1037 5100 1278 5144; x_wconf 81' lang='lat' dir='ltr'><strong>excusat.</strong></span> <span class='ocrx_word' id='word_1_812' title='bbox 1310 5089 1494 5146; x_wconf 69' lang='lat' dir='ltr'><strong>Neque</strong></span> <span class='ocrx_word' id='word_1_813' title='bbox 1523 5089 1698 5142; x_wconf 86' lang='lat' dir='ltr'><strong>simile</strong></span> <span class='ocrx_word' id='word_1_814' title='bbox 1726 5102 1810 5145; x_wconf 90' lang='lat' dir='ltr'><strong>est</strong></span> <span class='ocrx_word' id='word_1_815' title='bbox 1919 5090 2032 5144; x_wconf 70' lang='lat' dir='ltr'><strong>Hac</strong></span> <span class='ocrx_word' id='word_1_816' title='bbox 2071 5092 2212 5142; x_wconf 89' lang='lat' dir='ltr'><strong>enim</strong></span> <span class='ocrx_word' id='word_1_817' title='bbox 2263 5089 2470 5141; x_wconf 76' lang='lat' dir='ltr'><strong>ratione</strong></span> <span class='ocrx_word' id='word_1_818' title='bbox 2517 5100 2721 5142; x_wconf 78' lang='lat' dir='ltr'><strong>cerium</strong></span> <span class='ocrx_word' id='word_1_819' title='bbox 2769 5096 2852 5142; x_wconf 78' lang='lat' dir='ltr'><strong>i-st</strong></span> <span class='ocrx_word' id='word_1_820' title='bbox 2894 5089 3170 5149; x_wconf 86' lang='lat' dir='ltr'><strong>excusari,</strong></span> <span class='ocrx_word' id='word_1_821' title='bbox 3215 5091 3258 5140; x_wconf 88' lang='lat' dir='ltr'><strong>si</strong></span> <span class='ocrx_word' id='word_1_822' title='bbox 3294 5102 3397 5159; x_wconf 83' lang='lat' dir='ltr'><strong>non</strong></span> <span class='ocrx_word' id='word_1_823' title='bbox 3427 5088 3500 5159; x_wconf 83' lang='lat' dir='ltr'><strong>ab</strong></span> 
     </span>
    </p>
   </div>
   <div class='ocr_carea' id='block_1_72' title="bbox 219 5157 3500 5230">
    <p class='ocr_par' dir='ltr' id='par_1_72' title="bbox 219 5157 3500 5230">
     <span class='ocr_line' id='line_1_73' title="bbox 219 5157 3500 5230; baseline -0.001 -18"><span class='ocrx_word' id='word_1_824' title='bbox 219 5164 287 5212; x_wconf 80' lang='lat' dir='ltr'><strong>i|--</strong></span> <span class='ocrx_word' id='word_1_825' title='bbox 320 5157 691 5229; x_wconf 71' lang='lat' dir='ltr'><strong>nietapboris,</strong></span> <span class='ocrx_word' id='word_1_826' title='bbox 721 5160 1017 5227; x_wconf 76' lang='lat' dir='ltr'><strong>parabolis,</strong></span> <span class='ocrx_word' id='word_1_827' title='bbox 1050 5161 1274 5230; x_wconf 88' lang='lat' dir='ltr'><strong>aliisque</strong></span> <span class='ocrx_word' id='word_1_828' title='bbox 1306 5159 1544 5227; x_wconf 80' lang='lat' dir='ltr'><strong>ﬁguratis</strong></span> <span class='ocrx_word' id='word_1_829' title='bbox 1570 5159 1810 5213; x_wconf 88' lang='lat' dir='ltr'><strong>locutio-</strong></span> <span class='ocrx_word' id='word_1_830' title='bbox 1919 5161 2066 5214; x_wconf 92' lang='lat' dir='ltr'><strong>omni</strong></span> <span class='ocrx_word' id='word_1_831' title='bbox 2097 5160 2392 5220; x_wconf 86' lang='lat' dir='ltr'><strong>mendacio,</strong></span> <span class='ocrx_word' id='word_1_832' title='bbox 2428 5159 2616 5213; x_wconf 79' lang='lat' dir='ltr'><strong>saltem</strong></span> <span class='ocrx_word' id='word_1_833' title='bbox 2649 5161 2716 5212; x_wconf 89' lang='lat' dir='ltr'><strong>ab</strong></span> <span class='ocrx_word' id='word_1_834' title='bbox 2744 5175 2810 5214; x_wconf 90' lang='lat' dir='ltr'><strong>eo</strong></span> <span class='ocrx_word' id='word_1_835' title='bbox 2835 5167 2975 5226; x_wconf 85' lang='lat' dir='ltr'><strong>quod</strong></span> <span class='ocrx_word' id='word_1_836' title='bbox 3011 5159 3206 5213; x_wconf 78' lang='lat' dir='ltr'><strong>dicitur</strong></span> <span class='ocrx_word' id='word_1_837' title='bbox 3238 5157 3500 5224; x_wconf 68' lang='lat' dir='ltr'><strong>pernicio-</strong></span> 
     </span>
    </p>
   </div>
   <div class='ocr_carea' id='block_1_73' title="bbox 221 5230 1822 5300">
    <p class='ocr_par' dir='ltr' id='par_1_73' title="bbox 221 5232 1808 5299">
     <span class='ocr_line' id='line_1_74' title="bbox 221 5232 1808 5299; baseline -0.001 -13"><span class='ocrx_word' id='word_1_838' title='bbox 221 5235 420 5286; x_wconf 82' lang='lat' dir='ltr'><strong>nibus:</strong></span> <span class='ocrx_word' id='word_1_839' title='bbox 466 5235 589 5299; x_wconf 85' lang='lat' dir='ltr'><strong>quia</strong></span> <span class='ocrx_word' id='word_1_840' title='bbox 620 5247 802 5286; x_wconf 90' lang='lat' dir='ltr'><strong>sermo</strong></span> <span class='ocrx_word' id='word_1_841' title='bbox 853 5233 1089 5299; x_wconf 85' lang='lat' dir='ltr'><strong>tropicus</strong></span> <span class='ocrx_word' id='word_1_842' title='bbox 1121 5243 1323 5284; x_wconf 88' lang='lat' dir='ltr'><strong>tantum</strong></span> <span class='ocrx_word' id='word_1_843' title='bbox 1359 5232 1650 5284; x_wconf 70' lang='grc' dir='ltr'>θυι-ιιιιιιιιιιι</span> <span class='ocrx_word' id='word_1_844' title='bbox 1695 5244 1808 5284; x_wconf 89' lang='lat' dir='ltr'><strong>tro-</strong></span> 
     </span>
    </p>
   </div>
   <div class='ocr_carea' id='block_1_74' title="bbox 1923 5230 3499 5300">
    <p class='ocr_par' dir='ltr' id='par_1_74' title="bbox 1923 5230 3499 5300">
     <span class='ocr_line' id='line_1_75' title="bbox 1923 5230 3499 5300; baseline -0.003 -15"><span class='ocrx_word' id='word_1_845' title='bbox 1923 5246 2067 5292; x_wconf 77' lang='lat' dir='ltr'><strong>Sum,</strong></span> <span class='ocrx_word' id='word_1_846' title='bbox 2097 5233 2221 5298; x_wconf 85' lang='lat' dir='ltr'><strong>quia</strong></span> <span class='ocrx_word' id='word_1_847' title='bbox 2251 5232 2472 5300; x_wconf 73' lang='lat' dir='ltr'><strong>jii~titiie</strong></span> <span class='ocrx_word' id='word_1_848' title='bbox 2517 5242 2568 5285; x_wconf 91' lang='lat' dir='ltr'><strong>et</strong></span> <span class='ocrx_word' id='word_1_849' title='bbox 2598 5231 2845 5283; x_wconf 85' lang='lat' dir='ltr'><strong>cbaritati</strong></span> <span class='ocrx_word' id='word_1_850' title='bbox 2877 5230 3232 5294; x_wconf 71' lang='lat' dir='ltr'><strong>contrarium,</strong></span> <span class='ocrx_word' id='word_1_851' title='bbox 3269 5230 3499 5300; x_wconf 56' lang='lat' dir='ltr'><strong>ideoque</strong></span> 
     </span>
    </p>
   </div>
   <div class='ocr_carea' id='block_1_75' title="bbox 222 5297 3497 5373">
    <p class='ocr_par' dir='ltr' id='par_1_75' title="bbox 222 5297 3497 5373">
     <span class='ocr_line' id='line_1_76' title="bbox 222 5297 3497 5373; baseline -0.002 -17"><span class='ocrx_word' id='word_1_852' title='bbox 222 5319 354 5370; x_wconf 74' lang='lat' dir='ltr'><strong>puin</strong></span> <span class='ocrx_word' id='word_1_853' title='bbox 390 5297 612 5373; x_wconf 74' lang='lat' dir='ltr'><strong>inteiligi</strong></span> <span class='ocrx_word' id='word_1_854' title='bbox 645 5301 834 5368; x_wconf 87' lang='lat' dir='ltr'><strong>debet,</strong></span> <span class='ocrx_word' id='word_1_855' title='bbox 867 5311 922 5356; x_wconf 92' lang='lat' dir='ltr'><strong>et</strong></span> <span class='ocrx_word' id='word_1_856' title='bbox 944 5297 1224 5370; x_wconf 62' lang='lat' dir='ltr'><strong>parabolas</strong></span> <span class='ocrx_word' id='word_1_857' title='bbox 1259 5317 1361 5353; x_wconf 92' lang='lat' dir='ltr'><strong>non</strong></span> <span class='ocrx_word' id='word_1_858' title='bbox 1397 5300 1497 5353; x_wconf 81' lang='lat' dir='ltr'><strong>nisi</strong></span> <span class='ocrx_word' id='word_1_859' title='bbox 1538 5302 1808 5368; x_wconf 84' lang='lat' dir='ltr'><strong>paraboli-</strong></span> <span class='ocrx_word' id='word_1_860' title='bbox 1918 5297 2276 5356; x_wconf 57' lang='lat' dir='ltr'><strong>inoriilerui&#39;u&#39;.</strong></span> <span class='ocrx_word' id='word_1_861' title='bbox 2308 5301 2490 5369; x_wconf 79' lang='lat' dir='ltr'><strong>Neque</strong></span> <span class='ocrx_word' id='word_1_862' title='bbox 2517 5303 2679 5356; x_wconf 66' lang='lat' dir='ltr'><strong>refert</strong></span> <span class='ocrx_word' id='word_1_863' title='bbox 2705 5301 3038 5373; x_wconf 72' lang='lat' dir='ltr'><strong>qodgrave</strong></span> <span class='ocrx_word' id='word_1_864' title='bbox 3066 5303 3316 5373; x_wconf 63' lang='lat' dir='ltr'><strong>damnum</strong></span> <span class='ocrx_word' id='word_1_865' title='bbox 3351 5297 3497 5350; x_wconf 84' lang='lat' dir='ltr'><strong>tiatri</strong></span> 
     </span>
    </p>
   </div>
   <div class='ocr_carea' id='block_1_76' title="bbox 218 5371 3499 5444">
    <p class='ocr_par' dir='ltr' id='par_1_76' title="bbox 218 5371 3499 5444">
     <span class='ocr_line' id='line_1_77' title="bbox 218 5371 3499 5444; baseline -0.002 -17"><span class='ocrx_word' id='word_1_866' title='bbox 218 5389 349 5427; x_wconf 88' lang='lat' dir='ltr'><strong>cuin</strong></span> <span class='ocrx_word' id='word_1_867' title='bbox 382 5371 587 5444; x_wconf 75' lang='lat' dir='ltr'><strong>habent</strong></span> <span class='ocrx_word' id='word_1_868' title='bbox 628 5387 843 5426; x_wconf 76' lang='lat' dir='ltr'><strong>Sensum</strong></span> <span class='ocrx_word' id='word_1_869' title='bbox 880 5390 894 5424; x_wconf 89' lang='lat'><strong>:</strong></span> <span class='ocrx_word' id='word_1_870' title='bbox 930 5373 1149 5426; x_wconf 75' lang='lat' dir='ltr'><strong>liiStoria</strong></span> <span class='ocrx_word' id='word_1_871' title='bbox 1194 5387 1324 5426; x_wconf 78' lang='lat' dir='ltr'><strong>vi-ro</strong></span> <span class='ocrx_word' id='word_1_872' title='bbox 1351 5375 1558 5425; x_wconf 85' lang='lat' dir='ltr'><strong>etiamsi</strong></span> <span class='ocrx_word' id='word_1_873' title='bbox 1609 5384 1802 5444; x_wconf 71' lang='lat' dir='ltr'><strong>my~te-</strong></span> <span class='ocrx_word' id='word_1_874' title='bbox 1914 5389 2013 5444; x_wconf 68' lang='lat' dir='ltr'><strong>suo</strong></span> <span class='ocrx_word' id='word_1_875' title='bbox 2050 5374 2149 5427; x_wconf 86' lang='lat' dir='ltr'><strong>hoc</strong></span> <span class='ocrx_word' id='word_1_876' title='bbox 2196 5373 2334 5426; x_wconf 80' lang='lat' dir='ltr'><strong>iacio</strong></span> <span class='ocrx_word' id='word_1_877' title='bbox 2367 5373 2637 5439; x_wconf 85' lang='lat' dir='ltr'><strong>intulerit,</strong></span> <span class='ocrx_word' id='word_1_878' title='bbox 2679 5377 2802 5441; x_wconf 84' lang='lat' dir='ltr'><strong>quia</strong></span> <span class='ocrx_word' id='word_1_879' title='bbox 2848 5372 2900 5424; x_wconf 89' lang='lat' dir='ltr'><strong>id</strong></span> <span class='ocrx_word' id='word_1_880' title='bbox 2938 5375 3081 5438; x_wconf 52' lang='lat' dir='ltr'><strong>jisste</strong></span> <span class='ocrx_word' id='word_1_881' title='bbox 3121 5371 3250 5426; x_wconf 80' lang='lat' dir='ltr'><strong>fecit</strong></span> <span class='ocrx_word' id='word_1_882' title='bbox 3284 5377 3499 5444; x_wconf 81' lang='lat' dir='ltr'><strong>,_utens_</strong></span> 
     </span>
    </p>
   </div>
   <div class='ocr_carea' id='block_1_77' title="bbox 219 5438 3498 5563">
    <p class='ocr_par' dir='ltr' id='par_1_77' title="bbox 219 5438 3498 5563">
     <span class='ocr_line' id='line_1_78' title="bbox 219 5438 3498 5563; baseline -0.002 -65"><span class='ocrx_word' id='word_1_883' title='bbox 219 5447 371 5498; x_wconf 87' lang='lat' dir='ltr'><strong>rium</strong></span> <span class='ocrx_word' id='word_1_884' title='bbox 402 5443 700 5509; x_wconf 80' lang='lat' dir='ltr'><strong>contineat,</strong></span> <span class='ocrx_word' id='word_1_885' title='bbox 733 5459 856 5498; x_wconf 73' lang='lat' dir='ltr'><strong>vera</strong></span> <span class='ocrx_word' id='word_1_886' title='bbox 889 5454 1066 5497; x_wconf 87' lang='lat' dir='ltr'><strong>tamen</strong></span> <span class='ocrx_word' id='word_1_887' title='bbox 1103 5459 1208 5496; x_wconf 90' lang='lat' dir='ltr'><strong>non</strong></span> <span class='ocrx_word' id='word_1_888' title='bbox 1240 5446 1371 5504; x_wconf 86' lang='lat' dir='ltr'><strong>erit,</strong></span> <span class='ocrx_word' id='word_1_889' title='bbox 1405 5445 1503 5496; x_wconf 91' lang='lat' dir='ltr'><strong>nisi</strong></span> <span class='ocrx_word' id='word_1_890' title='bbox 1537 5438 1803 5512; x_wconf 55' lang='lat' dir='ltr'><strong>qiize&#39;iian</strong></span> <span class='ocrx_word' id='word_1_891' title='bbox 1914 5438 2032 5563; x_wconf 70' lang='lat' dir='ltr'><strong>iure</strong></span> <span class='ocrx_word' id='word_1_892' title='bbox 2063 5460 2188 5506; x_wconf 68' lang='lat' dir='ltr'><strong>suo,</strong></span> <span class='ocrx_word' id='word_1_893' title='bbox 2233 5460 2340 5514; x_wconf 91' lang='lat' dir='ltr'><strong>quo</strong></span> <span class='ocrx_word' id='word_1_894' title='bbox 2369 5460 2428 5497; x_wconf 91' lang='lat' dir='ltr'><strong>se</strong></span> <span class='ocrx_word' id='word_1_895' title='bbox 2466 5446 2602 5497; x_wconf 74' lang='lat' dir='ltr'><strong>Esau</strong></span> <span class='ocrx_word' id='word_1_896' title='bbox 2626 5438 3010 5510; x_wconf 82' lang='lat' dir='ltr'><strong>spoliaverat:</strong></span> <span class='ocrx_word' id='word_1_897' title='bbox 3045 5444 3182 5496; x_wconf 87' lang='lat' dir='ltr'><strong>unde</strong></span> <span class='ocrx_word' id='word_1_898' title='bbox 3218 5440 3416 5496; x_wconf 88' lang='lat' dir='ltr'><strong>nullatn</strong></span> <span class='ocrx_word' id='word_1_899' title='bbox 3448 5439 3498 5492; x_wconf 89' lang='lat' dir='ltr'><strong>ei</strong></span> 
     </span>
     <span class='ocr_line' id='line_1_79' title="bbox 219 5509 3497 5563; baseline -0 0"><span class='ocrx_word' id='word_1_900' title='bbox 219 5526 421 5563; x_wconf 78' lang='lat' dir='ltr'><strong>rantur</strong></span> <span class='ocrx_word' id='word_1_901' title='bbox 451 5517 520 5563; x_wconf 84' lang='lat' dir='ltr'><strong>ita</strong></span> <span class='ocrx_word' id='word_1_902' title='bbox 552 5525 698 5563; x_wconf 47' lang='lat' dir='ltr'><strong>uesta</strong></span> <span class='ocrx_word' id='word_1_903' title='bbox 727 5514 834 5563; x_wconf 81' lang='lat' dir='ltr'><strong>sint</strong></span> <span class='ocrx_word' id='word_1_904' title='bbox 873 5516 945 5563; x_wconf 81' lang='lat' dir='ltr'><strong>illi</strong></span> <span class='ocrx_word' id='word_1_905' title='bbox 998 5526 1300 5563; x_wconf 83' lang='lat' dir='ltr'><strong>narrantur.</strong></span> <span class='ocrx_word' id='word_1_906' title='bbox 1334 5513 1502 5563; x_wconf 81' lang='lat' dir='ltr'><strong>Onale</strong></span> <span class='ocrx_word' id='word_1_907' title='bbox 1547 5525 1628 5563; x_wconf 74' lang='lat' dir='ltr'><strong>est</strong></span> <span class='ocrx_word' id='word_1_908' title='bbox 1677 5515 1809 5563; x_wconf 75' lang='lat' dir='ltr'><strong>illud</strong></span> <span class='ocrx_word' id='word_1_909' title='bbox 1939 5519 2042 5563; x_wconf 77' lang='lat' dir='ltr'><strong>ecit</strong></span> <span class='ocrx_word' id='word_1_910' title='bbox 2084 5515 2356 5563; x_wconf 78' lang='lat' dir='ltr'><strong>iniuriam.</strong></span> <span class='ocrx_word' id='word_1_911' title='bbox 2393 5517 2513 5563; x_wconf 83' lang='lat' dir='ltr'><strong>auia</strong></span> <span class='ocrx_word' id='word_1_912' title='bbox 2547 5515 2690 5563; x_wconf 90' lang='lat' dir='ltr'><strong>nulla</strong></span> <span class='ocrx_word' id='word_1_913' title='bbox 2721 5514 2914 5563; x_wconf 86' lang='lat' dir='ltr'><strong>iniuria</strong></span> <span class='ocrx_word' id='word_1_914' title='bbox 2959 5513 3062 5563; x_wconf 88' lang='lat' dir='ltr'><strong>nisi</strong></span> <span class='ocrx_word' id='word_1_915' title='bbox 3109 5522 3295 5563; x_wconf 83' lang='lat' dir='ltr'><strong>contra</strong></span> <span class='ocrx_word' id='word_1_916' title='bbox 3341 5509 3497 5563; x_wconf 89' lang='lat' dir='ltr'><strong>iusti-</strong></span> 
     </span>
    </p>
   </div>
   <div class='ocr_carea' id='block_1_78' title="bbox 219 5509 3497 5584">
    <p class='ocr_par' dir='ltr' id='par_1_78' title="bbox 219 5509 3497 5584">
     <span class='ocr_line' id='line_1_80' title="bbox 219 5509 3497 5584; baseline -0.002 -15"><span class='ocrx_word' id='word_1_917' title='bbox 219 5526 421 5569; x_wconf 82' lang='lat' dir='ltr'><strong>raotur</strong></span> <span class='ocrx_word' id='word_1_918' title='bbox 451 5517 520 5568; x_wconf 86' lang='lat' dir='ltr'><strong>ita</strong></span> <span class='ocrx_word' id='word_1_919' title='bbox 552 5525 698 5584; x_wconf 55' lang='lat' dir='ltr'><strong>gesta</strong></span> <span class='ocrx_word' id='word_1_920' title='bbox 727 5514 834 5568; x_wconf 87' lang='lat' dir='ltr'><strong>sint</strong></span> <span class='ocrx_word' id='word_1_921' title='bbox 873 5516 946 5566; x_wconf 91' lang='lat' dir='ltr'><strong>uti</strong></span> <span class='ocrx_word' id='word_1_922' title='bbox 998 5526 1300 5568; x_wconf 90' lang='lat' dir='ltr'><strong>narrantur.</strong></span> <span class='ocrx_word' id='word_1_923' title='bbox 1334 5513 1502 5581; x_wconf 87' lang='lat' dir='ltr'><strong>Quale</strong></span> <span class='ocrx_word' id='word_1_924' title='bbox 1547 5509 1628 5567; x_wconf 68' lang='lat' dir='ltr'><strong>est</strong></span> <span class='ocrx_word' id='word_1_925' title='bbox 1677 5515 1809 5570; x_wconf 87' lang='lat' dir='ltr'><strong>illud</strong></span> <span class='ocrx_word' id='word_1_926' title='bbox 1917 5509 2042 5569; x_wconf 76' lang='lat' dir='ltr'><strong>iecit</strong></span> <span class='ocrx_word' id='word_1_927' title='bbox 2083 5509 2357 5581; x_wconf 81' lang='lat' dir='ltr'><strong>injuriaiu,</strong></span> <span class='ocrx_word' id='word_1_928' title='bbox 2393 5517 2513 5581; x_wconf 84' lang='lat' dir='ltr'><strong>quia</strong></span> <span class='ocrx_word' id='word_1_929' title='bbox 2547 5509 2690 5568; x_wconf 85' lang='lat' dir='ltr'><strong>nulla</strong></span> <span class='ocrx_word' id='word_1_930' title='bbox 2721 5514 2914 5580; x_wconf 85' lang='lat' dir='ltr'><strong>injuria</strong></span> <span class='ocrx_word' id='word_1_931' title='bbox 2959 5513 3062 5584; x_wconf 82' lang='lat' dir='ltr'><strong>nisi</strong></span> <span class='ocrx_word' id='word_1_932' title='bbox 3109 5522 3305 5584; x_wconf 74' lang='lat' dir='ltr'><strong>contra</strong></span> <span class='ocrx_word' id='word_1_933' title='bbox 3336 5509 3497 5584; x_wconf 81' lang='lat' dir='ltr'><strong>justi-</strong></span> 
     </span>
    </p>
   </div>
   <div class='ocr_carea' id='block_1_79' title="bbox 218 5582 3498 5654">
    <p class='ocr_par' dir='ltr' id='par_1_79' title="bbox 218 5582 3498 5654">
     <span class='ocr_line' id='line_1_81' title="bbox 218 5582 3498 5654; baseline -0.002 -14"><span class='ocrx_word' id='word_1_934' title='bbox 218 5591 290 5640; x_wconf 90' lang='lat' dir='ltr'><strong>de</strong></span> <span class='ocrx_word' id='word_1_935' title='bbox 323 5587 537 5639; x_wconf 85' lang='lat' dir='ltr'><strong>duobus</strong></span> <span class='ocrx_word' id='word_1_936' title='bbox 559 5582 794 5640; x_wconf 36' lang='lat' dir='ltr'><strong>&#39;Abraliie</strong></span> <span class='ocrx_word' id='word_1_937' title='bbox 824 5584 948 5639; x_wconf 84' lang='lat' dir='ltr'><strong>ﬁliis</strong></span> <span class='ocrx_word' id='word_1_938' title='bbox 971 5584 1168 5654; x_wconf 77' lang='lat' dir='ltr'><strong>(Galat.</strong></span> <span class='ocrx_word' id='word_1_939' title='bbox 1195 5596 1291 5652; x_wconf 78' lang='lat' dir='ltr'><strong>IV),</strong></span> <span class='ocrx_word' id='word_1_940' title='bbox 1321 5588 1492 5638; x_wconf 88' lang='lat' dir='ltr'><strong>altero</strong></span> <span class='ocrx_word' id='word_1_941' title='bbox 1522 5601 1584 5639; x_wconf 85' lang='lat' dir='ltr'><strong>ex</strong></span> <span class='ocrx_word' id='word_1_942' title='bbox 1619 5585 1806 5653; x_wconf 76' lang='lat' dir='ltr'><strong>ilbt’l&#39;a,</strong></span> <span class='ocrx_word' id='word_1_943' title='bbox 1917 5587 2068 5641; x_wconf 84' lang='lat' dir='ltr'><strong>tiam.</strong></span> <span class='ocrx_word' id='word_1_944' title='bbox 2102 5587 2218 5639; x_wconf 84' lang='lat' dir='ltr'><strong>Div.</strong></span> <span class='ocrx_word' id='word_1_945' title='bbox 2253 5586 2542 5653; x_wconf 53' lang='lat' dir='ltr'><strong>Gri-goriiis</strong></span> <span class='ocrx_word' id='word_1_946' title='bbox 2575 5586 2662 5638; x_wconf 92' lang='lat' dir='ltr'><strong>ubi</strong></span> <span class='ocrx_word' id='word_1_947' title='bbox 2694 5599 2853 5653; x_wconf 87' lang='lat' dir='ltr'><strong>supra</strong></span> <span class='ocrx_word' id='word_1_948' title='bbox 2887 5601 2900 5637; x_wconf 90' lang='lat'><strong>:</strong></span> <span class='ocrx_word' id='word_1_949' title='bbox 2946 5582 3126 5647; x_wconf 75' lang='lat' dir='ltr'><strong>Iacob,</strong></span> <span class='ocrx_word' id='word_1_950' title='bbox 3164 5582 3356 5650; x_wconf 86' lang='lat' dir='ltr'><strong>inquit,</strong></span> <span class='ocrx_word' id='word_1_951' title='bbox 3391 5582 3498 5654; x_wconf 82' lang='lat' dir='ltr'><strong>pri-</strong></span> 
     </span>
    </p>
   </div>
   <div class='ocr_carea' id='block_1_80' title="bbox 217 5652 3496 5728">
    <p class='ocr_par' dir='ltr' id='par_1_80' title="bbox 217 5652 3496 5728">
     <span class='ocr_line' id='line_1_82' title="bbox 217 5652 3496 5728; baseline -0.002 -18"><span class='ocrx_word' id='word_1_952' title='bbox 217 5659 402 5712; x_wconf 84' lang='lat' dir='ltr'><strong>aliero</strong></span> <span class='ocrx_word' id='word_1_953' title='bbox 431 5673 493 5711; x_wconf 81' lang='lat' dir='ltr'><strong>ex</strong></span> <span class='ocrx_word' id='word_1_954' title='bbox 522 5659 748 5715; x_wconf 88' lang='lat' dir='ltr'><strong>ancilla.</strong></span> <span class='ocrx_word' id='word_1_955' title='bbox 776 5652 997 5724; x_wconf 78' lang='lat' dir='ltr'><strong>genitis,</strong></span> <span class='ocrx_word' id='word_1_956' title='bbox 1029 5666 1084 5710; x_wconf 90' lang='lat' dir='ltr'><strong>et</strong></span> <span class='ocrx_word' id='word_1_957' title='bbox 1107 5655 1213 5728; x_wconf 73' lang='lat' dir='ltr'><strong>alia</strong></span> <span class='ocrx_word' id='word_1_958' title='bbox 1241 5671 1397 5724; x_wconf 89' lang='lat' dir='ltr'><strong>quam</strong></span> <span class='ocrx_word' id='word_1_959' title='bbox 1429 5657 1680 5722; x_wconf 86' lang='lat' dir='ltr'><strong>plurima.</strong></span> <span class='ocrx_word' id='word_1_960' title='bbox 1711 5657 1812 5710; x_wconf 68' lang='grc' dir='ltr'><strong>νε-</strong></span> <span class='ocrx_word' id='word_1_961' title='bbox 1919 5654 2160 5728; x_wconf 79' lang='lat' dir='ltr'><strong>inogem&#39;ii</strong></span> <span class='ocrx_word' id='word_1_962' title='bbox 2191 5652 2620 5720; x_wconf 71' lang='lat' dir='ltr'><strong>benedictionem,</strong></span> <span class='ocrx_word' id='word_1_963' title='bbox 2667 5652 2773 5708; x_wconf 81' lang='lat' dir='ltr'><strong>non</strong></span> <span class='ocrx_word' id='word_1_964' title='bbox 2814 5672 2901 5721; x_wconf 86' lang='lat' dir='ltr'><strong>per</strong></span> <span class='ocrx_word' id='word_1_965' title='bbox 2932 5655 3169 5728; x_wconf 73' lang='lat' dir='ltr'><strong>fraudem</strong></span> <span class='ocrx_word' id='word_1_966' title='bbox 3213 5652 3496 5728; x_wconf 40' lang='lat' dir='ltr'><strong>“rapuit;</strong></span> 
     </span>
    </p>
   </div>
   <div class='ocr_carea' id='block_1_81' title="bbox 219 5725 3491 5798">
    <p class='ocr_par' dir='ltr' id='par_1_81' title="bbox 219 5725 3491 5798">
     <span class='ocr_line' id='line_1_83' title="bbox 219 5725 3491 5798; baseline -0.002 -14"><span class='ocrx_word' id='word_1_967' title='bbox 219 5731 343 5784; x_wconf 80' lang='lat' dir='ltr'><strong>rior</strong></span> <span class='ocrx_word' id='word_1_968' title='bbox 367 5733 547 5796; x_wconf 86' lang='lat' dir='ltr'><strong>itaque</strong></span> <span class='ocrx_word' id='word_1_969' title='bbox 569 5742 633 5781; x_wconf 78' lang='lat' dir='ltr'><strong>ac.</strong></span> <span class='ocrx_word' id='word_1_970' title='bbox 657 5727 884 5782; x_wconf 87' lang='lat' dir='ltr'><strong>solidior</strong></span> <span class='ocrx_word' id='word_1_971' title='bbox 910 5729 1136 5781; x_wconf 87' lang='lat' dir='ltr'><strong>aliorum</strong></span> <span class='ocrx_word' id='word_1_972' title='bbox 1168 5726 1382 5798; x_wconf 51' lang='lat' dir='ltr'><strong>Patuum</strong></span> <span class='ocrx_word' id='word_1_973' title='bbox 1411 5728 1806 5796; x_wconf 74' lang='lat' dir='ltr'><strong>interpretatio,</strong></span> <span class='ocrx_word' id='word_1_974' title='bbox 1916 5725 2088 5781; x_wconf 40' lang='lat' dir='ltr'><strong>sed—ut</strong></span> <span class='ocrx_word' id='word_1_975' title='bbox 2121 5730 2213 5781; x_wconf 87' lang='lat' dir='ltr'><strong>sibi</strong></span> <span class='ocrx_word' id='word_1_976' title='bbox 2243 5728 2462 5779; x_wconf 80' lang='lat' dir='ltr'><strong>debitam</strong></span> <span class='ocrx_word' id='word_1_977' title='bbox 2499 5728 2721 5796; x_wconf 80' lang='lat' dir='ltr'><strong>accepit,</strong></span> <span class='ocrx_word' id='word_1_978' title='bbox 2753 5743 2940 5798; x_wconf 86' lang='lat' dir='ltr'><strong>quam,</strong></span> <span class='ocrx_word' id='word_1_979' title='bbox 2979 5725 3284 5781; x_wconf 83' lang='lat' dir='ltr'><strong>concedente</strong></span> <span class='ocrx_word' id='word_1_980' title='bbox 3318 5725 3491 5793; x_wconf 73' lang='lat' dir='ltr'><strong>&#39;ratre,</strong></span> 
     </span>
    </p>
   </div>
   <div class='ocr_carea' id='block_1_82' title="bbox 221 5796 2698 5870">
    <p class='ocr_par' dir='ltr' id='par_1_82' title="bbox 221 5796 2698 5870">
     <span class='ocr_line' id='line_1_84' title="bbox 221 5796 2698 5870; baseline -0.002 -14"><span class='ocrx_word' id='word_1_981' title='bbox 221 5799 398 5857; x_wconf 63' lang='lat' dir='ltr'><strong>Iacob</strong></span> <span class='ocrx_word' id='word_1_982' title='bbox 443 5801 660 5868; x_wconf 78' lang='lat' dir='ltr'><strong>quando</strong></span> <span class='ocrx_word' id='word_1_983' title='bbox 705 5799 842 5855; x_wconf 79' lang='lat' dir='ltr'><strong>dixit</strong></span> <span class='ocrx_word' id='word_1_984' title='bbox 882 5817 895 5853; x_wconf 88' lang='lat'><strong>:</strong></span> <span class='ocrx_word' id='word_1_985' title='bbox 938 5798 1051 5869; x_wconf 78' lang='lat' dir='ltr'><strong>Ego</strong></span> <span class='ocrx_word' id='word_1_986' title='bbox 1095 5815 1209 5852; x_wconf 86' lang='lat' dir='ltr'><strong>sum</strong></span> <span class='ocrx_word' id='word_1_987' title='bbox 1258 5796 1401 5852; x_wconf 83' lang='lat' dir='ltr'><strong>Esau</strong></span> <span class='ocrx_word' id='word_1_988' title='bbox 1448 5799 1814 5870; x_wconf 83' lang='lat' dir='ltr'><strong>primogenitits</strong></span> <span class='ocrx_word' id='word_1_989' title='bbox 1919 5799 2041 5853; x_wconf 83' lang='lat' dir='ltr'><strong>data</strong></span> <span class='ocrx_word' id='word_1_990' title='bbox 2071 5801 2218 5853; x_wconf 85' lang='lat' dir='ltr'><strong>lentis</strong></span> <span class='ocrx_word' id='word_1_991' title='bbox 2252 5798 2481 5852; x_wconf 75' lang='lat' dir='ltr'><strong>mercede</strong></span> <span class='ocrx_word' id='word_1_992' title='bbox 2512 5807 2698 5853; x_wconf 84' lang='lat' dir='ltr'><strong>eiiterat</strong></span> 
     </span>
    </p>
   </div>
  </div>
