4072 6324
476 309 618 379 1089

1067 430 1290 492 CAPUT
1325 430 1447 491 XIV

476 529 778 602 Disputatio
801 542 937 583 sentt
950 526 1093 602 quod
1113 540 1222 602 stne
1245 528 1399 602 culpa
1418 526 1786 602 actionisuordo
1806 536 2053 597 mutetur,

713 601 989 655 dummodo
1009 600 1127 653 boni
1156 600 1311 654 studit
1331 598 1568 672 capiatur
1591 598 1822 667 elfectus.

550 716 749 788 Joseph
782 732 797 771 :
829 716 979 772 Sicut
1011 717 1215 785 prtelati
1241 729 1452 785 sumus,
1486 724 1513 754 ι
1541 720 1831 772 destinatio
1859 720 2057 772 mentis

474 810 560 867 vel
592 820 900 865 remunerst
946 809 1218 866 hominem
1253 808 1334 863 vel
1372 808 1721 876 condemnat,
1759 810 2055 864 secundum

476 904 606 961 illud
643 922 657 958 :
686 903 756 958 Et
782 906 921 959 inter
946 920 1001 959 se
1035 905 1248 959 invicem
1278 904 1668 975 cogitationibus
1698 903 2058 959 accusantibus

475 1008 567 1053 aut
588 996 743 1054 etiam
772 998 1182 1067 defendentibus,
1213 1000 1263 1053 in
1285 1000 1369 1054 die
1396 998 1767 1068 quajudicabit
1798 995 1939 1052 Deus
1967 1013 2057 1052 oc-

474 1091 615 1145 culto
649 1091 910 1146 hominum
943 1091 1125 1161 (Rom.
1155 1090 1250 1159 ιι).
1293 1090 1426 1146 Illud
1475 1090 1634 1145 etiam
1676 1105 1691 1143 :
1731 1088 1841 1160 Ego
1887 1104 2091 1143 autem-

477 1199 633 1257 opera
667 1192 714 1239 et
758 1184 1094 1258 cogitationes
1120 1198 1295 1239 eorum
1336 1183 1482 1237 venio
1511 1190 1567 1236 ut
1597 1194 1902 1255 congregem
1942 1190 2059 1234 cum

476 1277 715 1331 omnibus
742 1277 978 1350 gentibus
1001 1287 1050 1331 et
1080 1276 1268 1349 linguis
1295 1274 1476 1346 (Isaite
1504 1277 1673 1344 vat).
1696 1274 2056 1342 Quamobrem

476 1369 755 1426 desiderio
795 1371 1162 1440 perfectionis,
1195 1382 1252 1427 ut
1281 1372 1471 1441 video,
1504 1370 1606 1427 hoc
1632 1386 1728 1426 vos
1756 1370 2061 1440 sponsionis

480 1463 695 1518 vinculo
723 1462 1050 1533 colligastis,
1085 1464 1215 1520 dum
1260 1464 1564 1520 credidistis
1607 1464 1699 1520 illo
1740 1476 1858 1519 eam
1900 1474 2060 1533 posse

479 1557 668 1611 ordine
696 1557 1113 1628 comprehendi,
1146 1573 1253 1629 quo
1282 1560 1455 1629 nunc',
1487 1558 1901 1630 superveniente
1949 1559 2062 1630 ple-

479 1650 631 1706 niore
654 1649 895 1720 judicio,
930 1652 997 1706 ad
1026 1652 1415 1709 sublimitatem
1458 1656 1577 1723 ejus
1620 1654 1910 1708 conscendi
1952 1668 2058 1708 non

478 1757 642 1814 posse
671 1744 957 1813 respicitis.
989 1743 1104 1799 Non
1156 1759 1285 1816 ergo
1326 1744 1640 1815 praejudicat
1668 1743 1922 1816 quidquid
1952 1745 2061 1801 dis-

1527 308 1805 379 iOANNlS
1838 309 2150 376 CASSIANI
2185 307 2676 379 COLLATIONES.

2080 439 2134 502 Α
2157 432 2233 491 hil
2263 436 2417 490 vobis
2438 437 2614 490 oberit
2636 441 2863 491 extorta!
2889 437 3115 494 mutatio
3138 438 3423 511 pactionis,
3446 443 3749 507 dummodo

3600 328 3748 394 1060

2158 528 2470 599 principalis
2501 529 2644 584 illius
2672 530 2935 601 perfectio
2964 535 3237 603 puritatis,
3266 550 3363 606 pro
3388 550 3491 609 qua
3517 542 3748 610 sponsio

2155 632 2334 677 vestra
2380 632 2755 693 processerat,
2805 625 3098 680 secundant
3146 626 3361 684 Domini
3412 633 3747 692 voluntatem

2157 715 2420 769 maturius
2452 718 2784 785 acquiratur.
2815 719 2929 773 Non
2959 720 3103 774 enim
3133 735 3200 775 ex
3236 720 3337 777 bac
3368 723 3750 786 immutatione

2158 808 2324 864 ullum
2356 818 2530 879 potest
2551 810 2779 880 judicari
2802 813 3163 878 mendacium,
3192 814 3287 871 sed
3309 815 3632 875 inconsultae
3653 821 3755 878 de-

2159 902 2419 956 ﬁnitionis
2447 904 2679 971 prudens
2700 904 3059 977 salutarisque
3086 910 3377 965 correctio.
3411 910 3480 966 Et
3503 922 3563 967 ut
3582 916 3751 970 etiam

2161 994 2230 1050 de
2271 995 2534 1067 physicis,
2577 996 2721 1067 quod
2748 999 2946 1053 nodum
2977 1002 3268 1070 prapositm
3296 1004 3620 1073 quaestionis
3646 1007 3753 1061 ab-

2159 1090 2353 1157 solvat,
2388 1090 2590 1164 aliquid
2619 1093 2932 1159 inferamus,
2962 1105 3151 1150 natura
3174 1096 3289 1165 ipsa
3315 1097 3371 1151 in
3393 1097 3553 1153 nobis
3579 1112 3754 1169 opera

2162 1196 2259 1238 sua
2288 1183 2356 1238 de
2396 1186 2623 1240 consilio
2651 1184 2848 1241 divinas
2882 1187 3178 1257 maiestatis
3219 1187 3491 1246 immutat.
3521 1190 3654 1245 Nam
3681 1191 3755 1247 ab

2162 1273 2383 1330 infantia
2415 1275 2466 1329 in
2500 1275 2815 1345 pueritiam,
2846 1277 2916 1333 de
2945 1280 3172 1347 puerttia
3206 1279 3262 1334 in
3286 1279 3653 1352 juventutem,
3683 1282 3757 1340 de

2156 1366 2439 1438 juventute
2468 1370 2520 1422 in
2546 1370 2842 1425 senectutis
2867 1372 3121 1427 ulteriora
3151 1372 3558 1440 transierimur;
3588 1384 3759 1447 atque

2160 1456 2234 1513 ita
2263 1458 2379 1515 haec
2408 1461 2460 1515 in
2483 1462 2641 1517 nobis
2670 1462 2974 1518 Conditoris
3003 1466 3173 1520 nostri
3198 1470 3596 1523 consummatio
3622 1484 3757 1538 per-

2160 1554 2300 1621 egit,
2363 1560 2424 1606 ut
2462 1568 2533 1608 ex
2575 1552 2677 1608 hac
2722 1556 3116 1624 permutatione
3156 1555 3361 1614 nullum
3406 1562 3758 1619 mendactum

2160 1644 2469 1699 ascribatur
2514 1647 2684 1700 atati.
2736 1646 2808 1701 Ita
2862 1649 3023 1702 etiam
3073 1648 3302 1705 interior
3350 1650 3514 1707 homo
3566 1663 3762 1710 noster

2161 1739 2463 1797 ablactatus
2485 1755 2515 1795 a
2540 1740 2957 1812 primordiorum
2982 1744 3291 1799 tenerrimis
3313 1744 3594 1815 institutis,
3624 1758 3757 1804 cum

480 1844 709 1905 crepans
732 1839 800 1891 ab
826 1838 913 1891 illa
939 1837 1292 1907 dispositione
1316 1838 1488 1893 visum
1521 1837 1678 1894 fuerit
1708 1838 1990 1903 accidisse,
2014 1836 2061 1893 si
2089 1838 2136 1900 Β
2163 1847 2261 1905 per
2300 1832 2545 1890 diversus
2591 1844 2878 1905 provectus
2925 1845 3114 1893 aetates
3159 1837 3229 1893 ad
3277 1839 3642 1897 robustiorem
3684 1840 3761 1899 de

481 1927 644 1982 modo
670 1927 814 1983 nulla
840 1928 1149 2000 principalis
1175 1929 1321 1985 illius
1354 1930 1609 2001 propositi
1632 1928 1914 1986 diversitas
1934 1929 2063 1985 sub-

482 2032 758 2091 sequatur.
796 2021 980 2089 Neque
1025 2024 1166 2078 enim
1216 2024 1416 2094 opilicii
1462 2023 1779 2094 cujusquam
1824 2023 2063 2081 desertio

482 2122 567 2169 est
585 2113 881 2169 demutatio
903 2114 1240 2182 ferramenti,
1269 2124 1362 2171 aut
1389 2117 1666 2187 segnitiem
1696 2118 1871 2187 arguit
1896 2116 2065 2172 viato-

482 2205 560 2261 ris
606 2207 704 2262 vize
749 2208 1228 2277 compendiosioris
1273 2225 1339 2265 ac
1385 2209 1691 2265 directioris
1740 2210 1956 2265 electio.
1987 2209 2064 2266 Ita

483 2297 648 2370 igitur
674 2310 727 2356 et
754 2300 806 2355 in
835 2300 938 2356 hac
956 2311 1109 2371 parte
1135 2301 1441 2359 emendatio
1468 2303 1837 2373 dispositionis
1867 2304 2067 2374 impro-

485 2390 622 2446 vida:
652 2407 757 2447 non
804 2393 1061 2461 spiritalis
1089 2395 1199 2451 voti
1244 2396 1642 2467 estjjudicanda
1690 2397 2063 2469 transgressio.

450 2562 455 2567 η
484 2483 751 2555 Quidquid
781 2486 923 2542 enim
956 2503 1054 2558 pro
1092 2488 1357 2544 cbaritate
1390 2491 1483 2546 Dei
1529 2499 1585 2545 et
1627 2491 1841 2562 pietatis
1880 2506 2068 2548 amore

485 2579 780 2648 perﬁcitur,
809 2594 929 2650 qum
955 2582 1344 2652 promissionem
1372 2581 1521 2638 habet
1549 2585 1666 2639 uitta
1688 2600 1805 2655 qut:
1830 2601 1967 2639 nunc
1993 2593 2068 2641 est

485 2680 533 2726 et
563 2677 755 2742 futura:
774 2672 817 2745 (l
839 2673 975 2730 Tim.
1003 2675 1103 2743 tv),
1130 2678 1338 2731 tametsi
1363 2677 1514 2732 duris
1538 2687 1698 2749 atque
1726 2678 1966 2734 adversis
1987 2678 2071 2734 vi-

485 2760 678 2819 deatur
706 2765 988 2836 principiis
1030 2767 1293 2833 inchoari,
1326 2783 1432 2824 non
1462 2769 1635 2825 solum
1685 2770 1828 2825 nulla
1874 2785 2066 2842 repre-

486 2855 782 2927 hensione,
825 2862 919 2916 sed
950 2862 1111 2917 etiam
1158 2862 1317 2920 laude
1345 2863 1719 2934 dignissimum
1749 2874 1853 2922 est.
1888 2867 1955 2922 Et
1989 2866 2071 2922 id-

486 2948 634 3007 circo
662 2952 794 3007 nihil
822 2954 1136 3023 praeiudicat
1161 2956 1448 3029 refragatio
1478 2958 1785 3028 sponsionis
1812 2959 2063 3028 incautas,

488 3041 534 3097 si
563 3044 802 3113 quolibet
831 3059 1028 3115 genere
1055 3060 1254 3117 sc0pus
1278 3057 1484 3103 tantum
1504 3093 1519 3118 ,
1553 3050 1606 3105 id
1636 3057 1748 3115 est,
1791 3050 2070 3123 proposita

486 3134 705 3207 pietatis
731 3138 1022 3195 destinatio
1053 3149 1314 3198 teneatur.
1344 3142 1536 3198 Omnia
1580 3159 1812 3215 namque
1854 3145 1924 3200 ob
1967 3146 2070 3201 hoc

2167 1940 2487 1999 unaquaque
2512 1928 2819 2000 profecerit,
2851 1937 3011 2000 atque
3034 1929 3230 1986 exinde
3258 1931 3327 1987 sd
3356 1932 3612 1989 canitiem
3635 1944 3760 1992 Sen-

2164 2035 2321 2076 suum
2344 2034 2406 2076 ac
2429 2022 2595 2075 uirum
2624 2022 2910 2093 perfectum
2932 2032 2986 2077 et
3011 2038 3309 2079 mensuram
3334 2027 3504 2080 aetatis
3528 2026 3762 2096 plenitu-

2166 2113 2301 2168 dinis
2343 2113 2535 2168 Christi
2567 2114 2883 2181 perveniens
2927 2113 3144 2185 (Ephes.
3187 2115 3284 2187 tv),
3330 2116 3645 2187 deposuerit
3687 2130 3758 2173 ea

2164 2220 2287 2277 quae
2315 2215 2469 2262 erant
2517 2207 2755 2278 parvuli,
2801 2209 3064 2279 numquid
3114 2208 3427 2264 varietatem
3459 2210 3763 2267 incurrisse

2166 2300 2455 2369 mendacii,
2484 2311 2539 2357 et
2582 2317 2694 2359 non
2744 2303 2922 2372 potius
2968 2303 3312 2371 perfectionis
3362 2302 3760 2373 plenitudinem

2167 2400 2491 2451 consecutus
2542 2409 2668 2451 esse
2693 2393 2996 2450 credendus
3025 2396 3143 2451 est?
3185 2394 3277 2453 Sic
3322 2396 3628 2451 rudittIenta
3663 2413 3763 2453 ve-

2167 2488 2299 2544 teris
2328 2488 2701 2558 instrumenti,
2733 2490 3138 2560 dispensatione
3168 2489 3492 2560 legislaturis
3525 2490 3655 2556 Dei,
3687 2492 3763 2546 ad

2168 2586 2554 2655 perfectionem
2594 2584 2951 2640 beatitudinis
2979 2585 3305 2656 evangelicae
3335 2587 3758 2653 transferuntur,

2170 2690 2272 2733 nec
2299 2685 2477 2733 tamen
2518 2684 2585 2733 ex
2618 2677 2721 2732 hoc
2761 2677 3065 2733 immutatio
3111 2687 3205 2733 aut
3241 2678 3527 2733 diversitas
3559 2686 3763 2749 praetc-

2168 2770 2284 2823 ritte
2310 2770 2607 2825 sanctionis
2637 2770 2994 2825 intervenisse
3021 2769 3291 2825 credenda
3324 2779 3425 2834 cst,
3461 2770 3557 2824 sed
3589 2770 3766 2825 adim-

2168 2863 2335 2934 pletio
2359 2872 2410 2919 et
2436 2863 2685 2918 cumulus
2726 2862 3100 2917 sublimiorum
3128 2870 3184 2917 et
3210 2863 3511 2918 caelestium
3546 2875 3759 2931 prace-

2169 2965 2417 3026 ptorum;
2453 2971 2554 3011 nec
2588 2968 2760 3009 sacrae
2790 2955 3239 3026 promulgationis
3268 2955 3415 3011 illius
3439 2956 3764 3010 testlmsnda

2170 3059 2256 3109 est
2283 3051 2525 3117 abolitio,
2558 3049 2652 3106 sed
2694 3064 2986 3116 ascensus;
3020 3063 3119 3105 nec
3157 3050 3417 3113 varietas.
3447 3049 3545 3105 sed
3575 3047 3765 3119 proie-

2170 3155 2311 3202 ctus.
2346 3145 2496 3201 Unde
2523 3154 2577 3200 et
2609 3144 2872 3199 Dominus
2903 3154 3109 3210 noster,
3141 3142 3343 3207 Nolite,
3378 3143 3591 3214 inquit,
3623 3144 3767 3199 testi.

488 3226 720 3297 agimus,
746 3238 803 3285 ut
826 3232 938 3287 Deo
965 3247 1061 3289 cor
1082 3234 1338 3289 mundum
1368 3234 1627 3292 exhibere
1651 3238 1949 3307 possimus;
1976 3254 2073 3294 cu—
2098 3216 2145 3280 ο
2174 3256 2317 3295 mare
2344 3239 2485 3311 quod
2522 3239 2635 3293 veni
2679 3238 2874 3293 soluere
2913 3236 3079 3309 legem
3106 3246 3197 3291 aut
3234 3237 3546 3309 prophetas;
3590 3234 3618 3275 δ
3658 3251 3767 3291 non

486 3322 577 3395 ius
604 3326 1002 3383 consummatio
1023 3326 1070 3383 si
1091 3327 1145 3383 in
1171 3327 1257 3385 his
1282 3328 1415 3384 locis
1438 3330 1645 3385 lacilior
1665 3329 1959 3401 judicatur,
1988 3331 2072 3387 ni-

2174 3332 2290 3387 ueni
2328 3330 2544 3396 solvere,
2587 3330 2677 3387 sed
2715 3331 2997 3403 adimplere
3027 3330 3240 3405 (Matth.
3273 3329 3363 3402 v);
3413 3331 3466 3386 id
3502 3340 3615 3399 est,
3649 3344 3764 3385 non

1552 3468 1809 3525 ALARDI
1846 3468 2082 3526 GAZEI
2120 3468 2683 3528 COMMENTARIUS.

566 3591 594 3621 ι
622 3576 915 3637 DeStinatin
940 3584 1166 3647 mentis,
1199 3582 1251 3636 id
1284 3591 1397 3648 est,
1427 3582 1685 3649 intentio,
1721 3596 2067 3652 remunerat,

489 3642 545 3711 id
586 3666 699 3722 est,
748 3655 874 3709 facit
904 3642 1175 3708 hominem
1205 3654 1315 3709 Deo
1345 3642 1749 3724 acceptumfet
1776 3671 1911 3724 Opus
1949 3642 2072 3725 ejus

489 3728 847 3797 moritorium,
868 3725 1019 3794 juxta
1048 3726 1177 3781 illud
1209 3725 1394 3781 Matth.
1419 3742 1471 3780 vr
1501 3744 1513 3779 :
1540 3725 1601 3797 Si
1629 3726 1805 3780 oculus
1827 3737 1941 3797 tuus
1961 3732 2073 3797 fue-

487 3796 557 3851 rit
583 3796 821 3862 simplex.
852 3808 1011 3851 totum
1042 3814 1227 3861 corpus
1262 3807 1406 3851 tuum
1435 3796 1667 3851 lucidum
1697 3797 1809 3851 erit.
1847 3795 2073 3853 Oculum

488 3869 648 3937 enim,
671 3872 746 3923 ait
772 3866 1104 3938 Augusdnus
1134 3865 1273 3940 (Lib.
1295 3883 1332 3922 ll
1364 3866 1428 3922 de
1454 3884 1608 3921 serm.
1637 3867 1789 3922 Dom.
1814 3886 1927 3940 cap.
1952 3869 2070 3939 2|),

491 3943 724 4008 accipere
753 3941 989 3991 debemus
1015 3942 1348 3993 intentionem
1378 3950 1638 4004 nostram,
1661 3956 1774 4008 qua:
1798 3941 1842 3993 si
1874 3943 2074 3994 munda

490 4007 650 4078 fuerit
692 4018 739 4063 et
782 4020 940 4072 recta,
974 4011 1146 4063 omnia
1191 4026 1344 4080 Opera
1390 4022 1595 4072 nostra,
1636 4026 1748 4078 quae
1787 4015 2074 4065 secundum

490 4094 601 4133 eam
633 4096 929 4153 operantur,
952 4081 1109 4153 (bona
1139 4089 1289 4148 sunt;
1318 4096 1433 4149 qua:
1460 4081 1664 4151 quidem
1688 4085 1883 4153 omnia
1910 4094 2073 4137 totum

492 4149 680 4223 corpus
705 4149 1006 4223 appellauit,
1034 4153 1155 4221 quia
1180 4161 1226 4223 et
1250 4149 1522 4223 Apostolus
1543 4152 1767 4204 membra
1792 4164 1967 4207 nostra
1994 4153 2073 4206 di-

490 4223 559 4275 cit
585 4221 820 4290 qutedam
846 4238 1001 4289 opera
1030 4223 1114 4276 ubi
1143 4222 1215 4275 ait
1239 4237 1257 4274 :
1293 4221 1600 4289 Mortiﬁcate
1626 4224 1855 4278 membra
1884 4235 2068 4290 vestra,

488 4306 604 4365 qua:
648 4304 762 4348 sunt
801 4310 955 4365 super
996 4303 1214 4356 terram,
1269 4293 1658 4365 fornicationem
1702 4302 1749 4347 et
1796 4298 2073 4349 immundi—

491 4364 644 4432 tiam,
695 4375 794 4419 etc.
846 4362 971 4420 Non
1016 4381 1136 4437 ergo
1179 4362 1303 4432 quid
1348 4365 1564 4437 quisque
1611 4364 1799 4435 faciat,
1844 4366 1936 4420 sed
1972 4383 2071 4435 quo

489 4437 661 4489 animo
690 4437 882 4504 faciat,
923 4436 1354 4490 considerandum
1391 4446 1483 4490 est.
1522 4436 1783 4489 tlmtcrttm
1816 4438 2072 4491 admonet

490 4502 630 4579 idem
660 4502 988 4576 Augustinus
1015 4508 1069 4564 in
1096 4510 1234 4564 libro
1260 4518 1444 4562 contra
1473 4505 1803 4562 Mendacium
1833 4509 1984 4577 (Cap.
2012 4510 2065 4579 7)

490 4575 608 4631 hmo
639 4575 981 4647 intelligenda
1010 4596 1131 4635 esse
1156 4581 1224 4633 de
1253 4579 1531 4643 cpt-ribus,
1562 4593 1681 4647 qua:
1714 4594 1819 4632 non
1844 4575 1974 4632 sunt
2003 4575 2068 4634 ei

488 4662 550 4707 se
578 4650 753 4713 mala,
783 4666 902 4719 qute
947 4652 1090 4706 nulla
1142 4652 1436 4703 intentione
1476 4659 1567 4702 aut
1609 4653 1800 4703 mentis
1833 4651 2071 4705 destina-

488 4719 634 4776 tione
667 4719 780 4776 iieri
815 4733 1038 4790 possunt
1065 4722 1201 4778 bona
1238 4739 1249 4773 :
1285 4719 1503 4774 lnttrest
1532 4721 1734 4789 quidem
1763 4723 2065 4788 plurimum,

487 4790 689 4863 ipquit,
721 4809 823 4863 qua
848 4809 1008 4848 causa
1026 4833 1042 4858 ,
1083 4809 1183 4862 quo
1212 4792 1343 4860 ﬁne,
1370 4808 1471 4858 qua
1499 4792 1775 4845 intentione
1799 4792 1923 4859 quid
1949 4792 2065 4860 ﬁat.

488 4859 597 4944 Sed
624 4879 684 4917 ea
711 4859 825 4944 ante
847 4859 1174 4944 constetesse
1197 4873 1425 4944 peccata,
1448 4864 1592 4944 nullo
1622 4863 1766 4944 bona:
1788 4879 1958 4944 causa:
1979 4862 2067 4916 ob-
2093 4882 2145 4944 ι)

488 4941 658 5005 tentu,
696 4935 841 4988 nullo
866 4936 1018 5005 quasi
1062 4935 1193 5005 bono
1223 4935 1354 5001 ﬁne,
1389 4935 1535 4997 nulla
1562 4932 1695 5005 velut
1727 4934 1857 4987 bona
1897 4934 2066 4988 inten-

488 5003 623 5058 tione
662 5003 899 5073 facienda
928 5017 1065 5060 sunt.
1102 5004 1186 5061 Ea
1220 5007 1413 5076 quippe
1450 5021 1605 5071 apero
1647 5004 1939 5068 hominum,
1974 5021 2066 5059 seu
2112 5048 2113 5053 η

486 5089 669 5129 causas
698 5075 968 5131 habuerint
996 5078 1157 5132 bonas
1176 5122 1189 5145 ,
1220 5092 1305 5131 seu
1350 5076 1515 5130 malas
1536 5117 1550 5139 ,
1583 5092 1721 5130 nunc
1756 5088 1872 5130 sunt
1901 5077 2061 5142 bona,

486 5159 622 5218 nunc
662 5151 828 5211 mala,
870 5164 987 5218 qua:
1028 5166 1131 5202 non
1172 5157 1289 5204 sunt
1333 5164 1423 5218 per
1451 5148 1620 5211 seipsa
1650 5157 1859 5210 peccata
1885 5163 1906 5201 .·
1934 5148 2067 5200 sicut

484 5216 672 5271 rictum
711 5216 937 5289 prtebere
984 5216 1342 5289 pauperibus,
1376 5217 1563 5271 bonum
1600 5234 1727 5281 opus
1770 5228 1880 5285 est,
1922 5219 1967 5273 si
2005 5219 2065 5287 ﬁt

484 5302 644 5343 causa
686 5291 1054 5346 misericordia:
1098 5308 1216 5345 cum
1256 5300 1393 5345 recta
1430 5289 1564 5358 ﬁde;
1594 5290 1725 5342 sicut
1766 5292 2064 5343 concubitus

483 5360 771 5429 conjugalis
799 5364 1008 5431 quando
1036 5362 1093 5433 ﬁt
1120 5360 1621 5433 causaigenerandi,‘
1644 5360 1688 5412 si
1717 5376 1776 5413 ea
1802 5361 1905 5428 ﬁde
1935 5360 2061 5433 ﬁat,

481 5442 542 5505 ut
576 5429 856 5505 gignantur
883 5429 1213 5503 regenerandi
1244 5429 1407 5505 (Vide
1448 5429 1961 5505 diu.ABernartt._lib.
2000 5431 2063 5484 de

480 5499 715 5579 Ρηῖνιὲρ.
745 5523 843 5579 cap
896 5499 959 5562 Π
986 5517 1033 5563 et
1064 5507 1175 5576 18).
1207 5499 1342 5579 Haec
1361 5512 1513 5575 atque
1558 5501 1855 5579 hujusmodi
1882 5518 2063 5579 secun-

478 5576 605 5633 dum
630 5573 753 5635 sitas
774 5573 960 5635 causas
982 5573 1142 5645 Opera
1165 5587 1283 5631 sunt
1326 5573 1457 5629 bona
1493 5574 1569 5628 uel
1596 5576 1762 5637 mala,
1804 5573 1931 5644 quia
1972 5589 2062 5628 ea-

480 5651 598 5705 dem
626 5652 740 5720 ipso
769 5656 812 5706 si
843 5652 1061 5707 habeant
1095 5651 1261 5704 malos
1291 5663 1497 5711 causas,
1529 5646 1587 5700 in
1615 5656 1825 5715 peccata
1851 5654 2056 5698 vertun-

478 5726 599 5784 tur;
644 5726 778 5775 velut
828 5726 871 5777 si
907 5727 1173 5791 iactantur
1218 5737 1371 5773 causa
1418 5735 1612 5781 ptltlltel'
1661 5720 1927 5791 pascitur;
1971 5725 2059 5768 aut

479 5791 706 5847 lascivit?
732 5809 888 5847 causa
907 5788 1027 5846 cum
1069 5806 1228 5846 uxore
1256 5791 1639 5854 conrumbitttr;
1669 5797 1754 5841 aut
1780 5788 1876 5857 ﬁlii
1903 5803 2057 5855 gene-

480 5873 695 5928 l'utttur,
737 5881 841 5919 non
880 5875 936 5918 ut
980 5865 1119 5928 Deo,
1147 5864 1238 5917 sed
1268 5872 1319 5915 ut
1350 5862 1551 5915 diabolo
1580 5863 1890 5915 nutriantur.
1923 5859 2055 5914 Cum.

2171 3600 2288 3638 vero
2307 3586 2423 3655 jam
2444 3600 2597 3655 opera
2622 3583 2736 3652 ipsa
2757 3592 2967 3655 peccata
2994 3590 3145 3655 sunt),
3174 3584 3305 3639 sicut
3336 3583 3506 3651 furta,
3537 3592 3718 3649 stupra
3740 3623 3763 3649 ,

2174 3650 2502 3727 blasphemia:
2529 3655 2605 3708 vel
2642 3650 2823 3709 cetera
2853 3653 3012 3716 talia,
3043 3650 3158 3724 quis
3187 3664 3262 3711 est
3301 3650 3387 3727 qui
3424 3655 3569 3727 dicat
3589 3655 3767 3727 causis

2175 3725 2321 3782 bonis
2345 3742 2452 3780 esse
2478 3727 2751 3796 facienda;
2781 3736 2834 3780 ut
2865 3729 2943 3780 vel
2968 3738 3176 3798 peccata
3206 3742 3308 3780 non
3337 3726 3462 3789 sint,
3493 3725 3769 3798 vel,__quod

2174 3807 2250 3869 est
2278 3795 2554 3853 absurdius
2574 3839 2589 3865 ,
2610 3799 2755 3869 justa
2782 3795 2990 3869 peccata
3016 3798 3118 3851 sint
3134 3799 3161 3860 ,9
3193 3798 3320 3864 Quis
3344 3807 3419 3869 est
3456 3796 3545 3865 qui
3574 3795 3716 3869 dicat
3746 3812 3769 3851 :

2179 3867 2250 3924 Ut
2279 3869 2553 3922 habeamus
2592 3867 2727 3936 quod
2765 3867 2941 3921 demus
2982 3869 3314 3940 pauperibus,
3343 3867 3601 3940 faciamus
3618 3868 3770 3940 furta

2173 3939 2449 4005 divitibus;
2488 3949 2577 3991 aut
2606 3940 2896 3992 testimonia
2939 3938 3423 4006 [alsa’vendamuh
3461 3939 3691 3992 maxime
3717 3938 3770 3993 si

2172 4027 2276 4065 non
2318 4010 2436 4065 inde
2483 4010 2776 4064 innocentes
2826 4010 3105 4074 itcdantur,
3158 4012 3245 4064 sed
3293 4020 3526 4065 nocentes
3582 4010 3761 4077 potius

2172 4082 2496 4136 damnaturis
2528 4080 2787 4143 iudicibus
2825 4084 3111 4135 eruantur?
3142 4080 3261 4136 Duo
3289 4083 3427 4135 enim
3465 4080 3598 4133 bona
3630 4081 3767 4145 ﬁunt

2172 4152 2330 4225 hujus
2364 4154 2655 4225 (venditione
2704 4152 2994 4225 mendacii,
3044 4160 3183 4225 utet
3228 4152 3449 4225 pecunia
3488 4161 3764 4225 sumatur,

2174 4221 2308 4278 unde
2354 4224 2502 4294 inops
2532 4224 2737 4288 alatur;
2764 4233 2813 4277 et
2831 4222 2998 4294 judex
3036 4223 3277 4293 fallatur,
3307 4240 3368 4275 ne
3395 4224 3545 4294 homo
3574 4221 3767 4290 punia—

2174 4303 2278 4349 tur.
2311 4292 2570 4350 llteediv.
2597 4292 2952 4363 Augustinus,
2977 4292 3172 4364 et'qua:
3199 4304 3496 4363 sequuntur
3526 4292 3580 4347 in
3607 4307 3765 4348 eam-

2173 4364 2296 4421 dem
2331 4368 2679 4420 sententiam.

2243 4435 2270 4475 b
2312 4438 2590 4501 Quomodo
2611 4435 2860 4491 Christus
2880 4436 3020 4491 dicat
3045 4452 3107 4493 se
3133 4452 3237 4493 non
3262 4435 3556 4491 venissent
3582 4435 3765 4506 legem

2172 4508 2439 4573 solveret,
2487 4509 2579 4562 sed
2635 4508 2983 4576 atlitnplerel.
3033 4524 3153 4563 cum
3202 4509 3378 4577 reipsa
3425 4508 3655 4561 Solverit
3704 4519 3767 4563 et

2171 4580 2469 4648 ahrogarit,
2498 4580 2863 4648 pulcherrime
2891 4579 3124 4647 explicat
3151 4579 3388 4634 Joannes
3417 4577 3763 4633 Maldonatus

2174 4647 2276 4719 (In
2300 4668 2418 4721 cap.
2451 4666 2483 4705 v
2518 4649 2701 4703 Matth.
2728 4652 2746 4718 )
2792 4662 2909 4718 post
2952 4653 3009 4704 ὃ.
3038 4651 3298 4705 Thomam
3335 4650 3498 4721 (1-2,
3541 4667 3598 4720 q.
3630 4650 3757 4715 107,

2170 4736 2220 4773 a.
2248 4732 2278 4773 ξ
2299 4720 2339 4791 ),
2369 4722 2522 4791 cuius
2569 4722 2683 4774 Inec
2718 4733 2843 4775 sunt
2870 4723 3029 4775 verba
3063 4740 3075 4775 :
3113 4720 3379 4789 Praecepta
3412 4723 3593 4775 ueteris
3628 4722 3762 4791 legis

2169 4788 2463 4859 adimplevit
2486 4788 2719 4845 Christus
2747 4803 2794 4846 et
2821 4809 2972 4862 opere
2991 4804 3040 4847 et
3065 4795 3332 4847 doctrina:
3356 4808 3506 4862 apere
3523 4788 3758 4861 quidem,

2169 4864 2291 4929 quia
2321 4864 2619 4917 circumcidi
2652 4864 2826 4935 toluit,
2851 4874 2897 4918 et
2943 4866 3049 4918 alia
3090 4865 3289 4935 legaltar
3321 4864 3608 4935 observare,

2169 4943 2312 5001 erant
2350 4945 2571 5000 tempore
2601 4933 2693 4987 illo
2722 4935 3060 5001 obseruanda,
3102 4930 3381 4989 secundum
3411 4933 3542 4987 illud
3572 4930 3754 4988 Colat.

2167 5019 2223 5059 Iv
2251 5021 2265 5059 :
2294 4996 2520 5058 Factum
2546 5008 2639 5059 sub
2667 5007 2798 5075 lege.
2835 5006 2947 5061 Suo
2972 4996 3147 5061 autem
3183 5030 3193 5054 ι
3220 5007 3418 5061 octritta
3454 5005 3759 5075 odinIpleoit

2167 5091 2423 5146 pra’cepta
2447 5077 2569 5147 legis
2594 5074 2882 5143 tripticiter.
2898 5076 3079 5131 Primo
3101 5079 3329 5147 quidem,
3351 5091 3526 5147 verum
3548 5074 3757 5147 intelleo

2169 5145 2304 5220 ctum
2346 5149 2470 5220 legis
2498 5145 2874 5219 exprimendo,
2920 5150 3052 5220 sicut
3096 5145 3233 5220 patet
3278 5148 3333 5220 in
3380 5145 3663 5220 homicidio
3706 5155 3759 5220 ct

2165 5215 2445 5283 adulterto,
2468 5220 2519 5272 in
2550 5215 2767 5289 quorum
2810 5215 3153 5289 prohibitione
3181 5219 3378 5274 Scriba:
3417 5226 3465 5271 et
3499 5215 3760 5289 Pharisaei

2166 5304 2273 5343 non
2297 5287 2643 5359 intelligebont
2665 5336 2679 5353 ,
2709 5287 2819 5345 nisi
2849 5293 3150 5345 exteriorem
3187 5301 3360 5345 actunt
3394 5287 3714 5355 prohibitum
3740 5304 3761 5344 :

2164 5361 2301 5433 unde
2319 5359 2567 5416 Dominus
2588 5364 2748 5431 tegent
2772 5363 3089 5433 aditnplevit,
3114 5362 3435 5433 attendendo
3449 5360 3606 5433 etiam
3624 5360 3760 5433 inte-

2162 5431 2326 5486 riores
2352 5444 2497 5486 actus
2539 5428 2861 5500 peccatorum
2901 5428 3085 5488 cadere
3118 5434 3213 5488 sub
3256 5431 3623 5502 prohibitione.
3656 5428 3759 5502 8e-

2164 5504 2355 5568 cundo,
2379 5498 2682 5576 adimplevit
2700 5502 2951 5558 Dominus
2990 5498 3266 5576 pra'cepta'
3286 5504 3437 5572 legis,
3460 5498 3758 5555 ordinando

2162 5574 2418 5643 quomodo
2443 5573 2600 5628 tutius
2630 5573 3264 5644 observaretur'quod‘lea:
3291 5585 3430 5629 vetus
3458 5582 3717 5644 statuerat
3740 5586 3757 5626 :

2163 5645 2294 5698 sicut
2317 5648 2400 5698 lex
2422 5657 2563 5700 uetus
2586 5657 2837 5699 statuerat
2866 5658 2921 5699 ut
2950 5646 3101 5700 homo
3135 5663 3235 5699 non
3260 5646 3554 5718 pejoraret;
3579 5652 3628 5696 et
3659 5643 3761 5718 hoc

2165 5718 2323 5788 tutius
2354 5719 2647 5770 observatur
2668 5719 2714 5770 si
2740 5722 2946 5771 omnino
2965 5736 2999 5772 a
3014 5714 3315 5788 juramento
3340 5716 3621 5788 abstineat,
3653 5714 3762 5767 nisi

2165 5786 2217 5839 in
2246 5802 2399 5841 causa
2428 5790 2755 5842 necessit‘ttts.
2790 5788 2981 5853 Tertio,
3014 5786 3313 5855 adimpleoit
3344 5787 3598 5840 Dominus
3618 5801 3765 5854 prte-

2158 5868 2306 5929 ceptu
2345 5859 2503 5929 legis,
2540 5876 2692 5928 super
2711 5861 2951 5915 addendo
2981 5860 3223 5925 autetiam
3255 5860 3595 5921 perlectionis
3632 5870 3771 5911 com
