4072 6324
193 274 320 341 1061

1207 255 1550 322 COLLATIO
1586 257 1752 318 XVII.
1780 287 1852 301 —-
1880 259 1969 316 DE
2006 250 2444 317 DEFINIENDO.

3326 249 3474 320 1062

195 396 472 466 antiquare
498 389 705 462 priora,
731 385 829 445 sed
849 383 920 443 ad
949 382 1338 458 perfectionem
1359 381 1658 454 perducere
1681 377 1782 436 im-
1807 378 1866 443 Δ.
1887 373 2129 432 daeorum
2166 376 2462 432 inﬁdelitas
2498 372 2820 442 obduratur,
2851 372 2936 430 vel
2966 378 3150 429 tumor
3190 375 3477 444 sapientiai

195 487 453 565 perlecta.

800 569 1028 630 CAPUT
1062 569 1161 628 XV

196 671 558 744 Interrogatio,
595 685 665 744 an
696 667 886 744 absque
925 676 1145 744 peccato.
1161 665 1249 732 sit,
1278 663 1420 744 quod
1440 663 1660 744 inﬁrmis
1691 677 1786 718 no.

300 735 423 801 ιιιπᾶ
439 735 752 798 conscientia
777 735 1100 794 occasionem
1127 735 1310 808 ingerit
1340 735 1618 790 mentiendi
1635 735 1661 789 7

257 862 566 920 Germanus
601 875 615 912 :
651 855 922 927 Quantum
966 859 1177 924 spectat
1219 851 1288 908 ad
1323 851 1431 907 vim
1472 864 1786 906 sermonum

196 955 280 1028 qui
315 950 715 1009 rationabiliter
748 947 1157 1019 prudenterque
1194 944 1390 1016 digesti
1433 953 1590 1012 sunt,
1641 941 1789 998 haud

196 1045 416 1104 difﬁcile
436 1043 749 1116 Sponsionis
779 1051 987 1098 nostra:
1015 1039 1308 1111 scrupulus
1331 1053 1361 1092 a
1392 1038 1552 1093 nobis
1582 1037 1789 1106 potuis-

203 1149 281 1196 set
335 1138 589 1203 extrndi,
639 1136 740 1191 nisi
783 1135 915 1191 illud
963 1149 1062 1189 nos
1092 1131 1570 1189 vehementissime
1599 1129 1786 1184 deter-

196 1242 362 1297 reret,
399 1230 546 1302 quod
579 1228 970 1284 inﬁrmioribus
1008 1227 1311 1297 quibusque
1352 1225 1640 1278 intromitti
1673 1222 1790 1278 lor-

198 1336 340 1381 tasse
375 1338 474 1392 per
511 1322 630 1376 haec
660 1321 882 1376 videtur
917 1319 1165 1388 exempla
1196 1317 1412 1372 occasio
1456 1315 1784 1384 mentiendi,

197 1417 239 1474 si
260 1416 376 1471 ullo
405 1415 567 1470 modo
594 1414 738 1484 pacti
770 1412 929 1466 ﬁdem
962 1410 1180 1465 dissolvi
1215 1424 1376 1480 posse
1401 1408 1782 1478 cognoverint;

199 1509 392 1580 quippe
415 1522 538 1562 cum
565 1504 728 1558 tantis
753 1503 856 1558 ltoc
879 1503 1053 1572 ipsum
1077 1512 1134 1558 et
1163 1510 1270 1555 tam
1297 1498 1599 1555 minacibus
1625 1500 1791 1554 inter-

197 1599 406 1655 dicatur
432 1598 686 1668 eloquiis,
729 1594 999 1665 Pr0pbeta
1030 1594 1270 1660 dicente,
1313 1603 1341 1631 ι
1380 1591 1576 1647 Perdes
1617 1608 1790 1647 omnes

198 1694 277 1763 qui
326 1692 606 1760 loquuntur
659 1688 982 1742 mendacium
1029 1685 1344 1759 (Psal.v);
1393 1695 1486 1755 et,
1543 1686 1612 1742 0s
1651 1685 1790 1756 quod

199 1784 458 1851 mentitur,
489 1781 675 1837 occidit
710 1779 940 1834 animant
970 1778 989 1850 (
1007 1779 1136 1852 Sap.
1169 1779 1246 1849 t).

791 1891 1021 1948 CAPUT
1059 1891 1202 1947 XVI.

200 1985 519 2057 Responsio,
545 1983 686 2055 quod
725 1999 827 2037 non
866 1991 1075 2057 propter
1116 1982 1452 2057 infirmorum
1482 1982 1792 2038 scandalum

480 2053 876 2122 Scripturarum
905 2053 1092 2106 veritas
1133 2054 1197 2106 sit
1237 2053 1506 2106 mutanda.

262 2150 465 2221 Ioseph
505 2150 577 2204 ιιι
617 2148 946 2204 Occasiones
983 2161 1271 2216 causmque
1309 2147 1675 2216 perditionum
1706 2145 1791 2202 his

201 2247 286 2318 qui
315 2244 539 2316 perituri
565 2251 711 2309 sunt,
738 2243 903 2298 immo
919 2241 1009 2312 qui
1033 2242 1210 2312 perire
1231 2241 1560 2306 desiderant,
1593 2241 1785 2297 deesse

202 2355 301 2395 non
335 2346 586 2406 possunt.
609 2336 795 2407 Neque
821 2335 966 2391 enim
993 2333 1298 2404 abiicienda
1327 2343 1451 2390 sunt
1479 2336 1785 2390 testimonia

203 2430 625 2502 Scripturarum,
655 2444 719 2484 ac
746 2429 816 2484 de
845 2442 944 2484 suo
969 2442 1198 2499 corpore
1221 2426 1434 2498 penitus
1453 2428 1784 2498 abradenda,

203 2524 396 2597 quibus
429 2523 513 2579 vel
543 2522 921 2578 haereticorum
961 2521 1196 2591 pravitas
1239 2521 1534 2588 animatur,
1572 2521 1656 2577 vel
1695 2519 1789 2576 Ju-

1884 469 2107 543 gentilis
2153 469 2481 536 olleuditur;
2527 466 2622 523 sed
2654 469 2839 538 utique
2867 475 2924 522 et
2959 465 3045 537 pie
3089 465 3386 538 credenda,
3424 477 3480 532 et

1888 561 2240 618 immobiliter
2283 572 2408 617 sunt
2456 561 2728 628 tenenda,
2777 569 2833 618 et
2881 559 3182 616 secundum
3229 561 3479 618 veritatis

1887 657 2133 727 regulam
2169 656 2525 725 prmdicanda.
2552 657 2618 711 Et
2645 655 2851 711 idcirco
2873 671 2980 712 non
3005 656 3266 713 debemus
3283 656 3478 714 aliena:

1887 749 2226 805 inﬁdelitatis
2250 751 2472 804 obtentu
2502 751 2859 817 mcenomias,
2895 750 2945 803 id
2973 759 3088 816 est,
3119 749 3482 820 dispensatio-

1887 858 1986 899 nes
2015 848 2397 913 proyhetarum
2442 853 2604 914 atque
2644 852 2989 906 sanctorum,
3020 858 3156 914 quas
3197 843 3479 913 Scriptura

1885 943 2307 1003 commemorat,
2353 933 2624 1002 abdicare,
2671 949 2737 990 ne
2777 935 2902 989 dum
2947 933 3246 989 inﬁrmitati
3286 948 3476 989 eorum

1888 1028 2328 1085 condescendere
2378 1029 2578 1083 debere
2631 1043 2728 1083 nos
2781 1029 3096 1096 credimus,
3147 1045 3255 1084 non
3300 1028 3478 1083 solum

1888 1119 2182 1185 mendacii,
2199 1134 2384 1174 verum
2409 1120 2570 1173 etiam
2597 1120 2868 1189 sacrilegii
2892 1120 3121 1176 crimine
3142 1121 3479 1190 polluantur;

1887 1213 2008 1280 sed,
2044 1211 2497 1283 quemadmodum
2528 1211 2785 1280 diximus,
2809 1222 3026 1285 oportet
3060 1229 3159 1269 nos
3189 1230 3275 1279 ea,
3307 1227 3360 1271 et
3389 1229 3481 1270 se-

1890 1305 2126 1360 cundum
2171 1305 2451 1360 historiam
2489 1305 2760 1374 conﬁteri,
2805 1315 2859 1361 et
2904 1305 3364 1377 quemadmodum
3397 1305 3484 1377 pie

1887 1407 2040 1469 gesta
2076 1407 2199 1452 sunt
2240 1397 2551 1466 explanare.
2600 1395 2872 1452 Cteterum
2922 1398 3004 1452 bis
3040 1399 3131 1467 qui
3173 1401 3324 1470 pravi
3359 1414 3482 1470 pro-

1893 1491 2051 1560 positi
2087 1499 2238 1557 sunt,
2278 1506 2388 1545 non
2418 1505 2487 1546 ex
2520 1489 2623 1544 hoc
2664 1489 2966 1546 mentiendi
3009 1490 3190 1547 aditus
3231 1491 3486 1548 obstrue-

1892 1589 1999 1647 tur,
2035 1582 2080 1635 si
2113 1598 2299 1637 earum
2331 1597 2510 1637 rerum
2552 1595 2686 1652 quas
2714 1580 2798 1636 vel
2843 1582 3106 1649 prolaturi
3151 1598 3362 1652 sumus,
3397 1583 3484 1640 vel

1891 1675 2240 1746 protulimus,
2291 1674 2600 1740 veritatem,
2654 1683 2748 1728 aut
2792 1676 3007 1745 penitus
3054 1677 3343 1744 abnegare,
3393 1683 3488 1733 aut

1817 1797 1866 1858 Β
1893 1779 2190 1823 extenuare
2219 1767 2532 1836 allegoricis
2569 1768 3109 1838 interpretationibus
3155 1770 3481 1826 laboremus.

1893 1861 2030 1930 Quid
2063 1861 2204 1916 enim
2239 1861 2348 1915 illis
2379 1860 2568 1914 borum
2598 1859 3028 1915 testimoniorum
3057 1863 3272 1916 nocebit
3301 1871 3488 1918 aucto-

1892 1953 2048 2022 ritas,
2080 1951 2278 2023 quibus
2304 1952 2463 2008 etiam
2490 1951 2601 2007 sola
2627 1951 2909 2022 corruptio
2932 1952 3226 2010 voluntatis
3252 1954 3488 2010 sufﬁcit?

2468 2106 2696 2165 CAPUT
2733 2106 2895 2164 XVII.

1967 2221 2119 2289 Quod
2139 2207 2406 2278 ventaliter
2430 2222 2891 2306 mendaciosancti
2913 2231 3174 2278 tamauam
3197 2225 3418 2282 elleboro

2565 2309 2644 2348 ωι
2677 2303 2800 2349 sint.

1967 2428 2150 2498 Itaque
2181 2428 2355 2484 taliter
2383 2427 2450 2483 de
2483 2427 2766 2482 mendacio
2807 2429 3174 2494 sentiendum,
3204 2440 3366 2502 atque
3396 2432 3470 2488 ita

1894 2537 1961 2580 eo
1995 2533 2018 2562 θ
2052 2523 2312 2578 utendum
2361 2531 2467 2589 est,
2513 2521 2668 2593 quasi
2713 2533 2907 2580 natura
2956 2524 3010 2580 ei
3054 2523 3185 2580 insit
3217 2524 3487 2594 ellebori;

1264 2662 1520 2718 ALARDI
1560 2663 1788 2720 (ὶΛΖᾹΞΙ
1828 2662 2402 2721 COMMENTARIUS.

205 2763 338 2823 sitia,
379 2769 436 2815 ut
483 2767 623 2832 patet
653 2759 845 2813 Matth.
893 2771 1023 2832 xta,
1053 2755 1160 2832 ubi
1187 2756 1374 2832 dicenti
1397 2773 1475 2832 _se_
1503 2756 1797 2812 observasse

206 2840 460 2905 prter-cpta
483 2826 680 2886 "veteris
720 2831 868 2905 legis,
919 2829 1086 2905 dicit:
1115 2826 1287 2905 Unum
1316 2827 1407 2880 tibi
1439 2828 1620 2905 deest:
1655 2832 1699 2882 si
1723 2831 1800 2883 vis

210 2899 468 2976 perfectus
497 2919 623 2976 esse.
652 2902 777 2976 uade
812 2910 858 2954 ct
895 2899 1054 2976 vende
1083 2899 1254 2952 omnia
1290 2914 1402 2976 qua:
1429 2901 1602 2963 habes,
1645 2911 1747 2954 etc.

273 2971 306 3012 ⁸⁷
347 2973 440 3027 Hae
470 2983 521 3027 et
557 2975 763 3027 similes
789 2973 1094 3033 sententiae,
1129 2971 1425 3024 secundum
1450 2986 1800 3026 communem

207 3045 731 3113 interpretatiOnetn.
764 3058 870 3096 non
903 3042 970 3095 de
997 3056 1338 3113 quocumque
1369 3041 1672 3113 mendacio.
1702 3042 1799 3097 sed

207 3117 274 3173 de
298 3111 607 3186 pernicioso
628 3115 911 3186 dumtaxat
932 3111 1309 3186 intelliguntur
1330 3116 1346 3180 (
1368 3111 1493 3186 Vide
1513 3115 1652 3181 infra
1676 3130 1796 3186 cap.

1903 2759 2148 2824 hamum;
2175 2766 2222 2813 et
2263 2775 2375 2812 eum
2405 2758 2593 2830 piscem
2629 2757 2721 2828 qui
2747 2757 2946 2828 primus
2994 2757 3284 2831 ascenderit
3323 2759 3446 2814 tolle
3471 2807 3485 2831 ,

1901 2838 1950 2884 et
1981 2844 2158 2898 aperto
2188 2846 2275 2882 ore
2304 2827 2440 2900 ejui,
2472 2827 2694 2900 inuenies
2720 2827 2987 2900 stateram,
3018 2827 3168 2882 illum
3194 2847 3400 2887 sumens
3424 2827 3495 2890 da

1903 2901 1974 2975 eis
2002 2897 2098 2970 pro
2119 2918 2198 2954 me
2221 2911 2269 2954 et
2292 2897 2339 2954 te
2362 2899 2576 2975 (Matth.
2607 2897 2763 2975 X_\'ll).
2793 2900 2893 2964 Qui
2912 2915 3116 2975 rursum
3145 2919 3260 2975 cum
3283 2904 3492 2975 diceret,

1907 2972 2047 3039 Quia
2077 2987 2226 3024 omne
2260 2972 2396 3040 quod
2436 2973 2491 3024 in
2523 2987 2578 3023 os
2623 2973 2780 3023 intrat
2822 2987 2928 3024 non
2974 2973 3270 3042 coinquinat
3324 2972 3494 3029 hami!-

1904 3059 2039 3112 nem,
2077 3054 2195 3096 tunc
2225 3041 2518 3097 accedentes
2548 3041 2795 3112 discipuli
2830 3043 3074 3096 dixerunt
3102 3041 3148 3096 ei
3177 3059 3196 3096 :
3227 3043 3343 3099 Scis
3375 3047 3497 3111 quia

1904 3111 2165 3167 Pharisaei
2206 3117 2386 3167 audito
2423 3113 2520 3166 hoc
2556 3111 2706 3166 verbo
2751 3113 3097 3167 scandalizati
3133 3116 3289 3168 sunt?
3315 3117 3377 3169 At
3409 3118 3500 3174 ille

210 3173 314 3255 48$
345 3204 359 3241 :
398 3187 696 3254 prmsertim
725 3185 793 3239 de
823 3199 892 3238 eo
921 3185 1060 3257 quod
1094 3173 1278 3257 [iictati
1325 3173 1406 3238 vel
1440 3173 1687 3257 religioni
1715 3173 1802 3239 re-
1827 3173 1874 3236 C
1907 3188 2225 3257 respondens
2262 3187 2334 3238 ait
2377 3200 2396 3257 ς
2439 3184 2619 3237 Omnis
2649 3185 2902 3257 plantatio
2937 3201 3090 3257 quam
3121 3202 3226 3257 non
3249 3173 3501 3257 plantauit

208 3267 439 3330 pugnat;
469 3255 1096 3330 quemadmodumenim
1121 3256 1320 3330 veritas
1351 3257 1622 3322 praecipue
1652 3255 1806 3330 inve-

209 3326 352 3386 nitur
394 3331 450 3384 in
491 3326 742 3384 doctrina
785 3326 1084 3397 religionis,
1129 3326 1201 3379 ita
1245 3339 1340 3392 per
1371 3329 1802 3381 antonomasiam

210 3401 262 3457 id
295 3411 526 3456 vocatur
571 3399 944 3462 mendacium,
994 3397 1138 3467 quod
1185 3397 1398 3452 veritati
1440 3397 1719 3467 religionis
1751 3405 1807 3453 et

212 3475 378 3528 verbo
430 3471 522 3526 Dei
561 3471 946 3526 Contrariatur.

314 3543 344 3582 δ
388 3544 504 3597 Hoc
532 3551 695 3609 caput
719 3557 838 3595 eum
873 3539 1042 3594 tribus
1067 3537 1416 3607 sequentibus
1463 3540 1809 3604 praetermisit

215 3614 515 3685 Dionysius
539 3612 920 3685 paraphrastes
944 3610 1138 3685 (quem
1163 3619 1216 3664 et
1234 3610 1568 3685 Lavartliuus
1591 3620 1806 3685 secutus

208 3681 439 3753 est),'et
472 3681 570 3752 pro
595 3686 843 3739 doctrina
875 3683 1033 3751 huius
1065 3696 1211 3750 ηρ..
1241 3697 1360 3750 quae
1387 3681 1670 3735 videbatur
1710 3683 1806 3737 ali-

211 3758 338 3825 quid
371 3757 744 3825 ambiguitatis
768 3756 1076 3815 continere,
1102 3765 1156 3807 et
1186 3753 1251 3806 ad
1282 3761 1596 3821 sequentem
1621 3754 1808 3821 dispu-

211 3831 476 3883 tationem
515 3838 570 3882 et
595 3826 964 3881 defensionem
1010 3825 1278 3878 mendacii
1309 3825 1511 3878 aditum
1545 3827 1759 3891 aperire
1786 3868 1801 3892 ,

211 3897 354 3955 hanc
396 3899 688 3954 clariorem
721 3897 950 3966 subjecit
982 3898 1032 3949 iu
1066 3911 1294 3964 persona
1337 3894 1557 3964 .losephi
1595 3898 1807 3952 abbatis

210 3969 276 4026 ad
309 3971 677 4039 objectionem
709 3969 812 4022 sibi
860 3971 1050 4022 tactam
1096 3967 1491 4035 respondentis,
1535 3967 1810 4036 decerptis

209 4041 560 4096 solummodo
588 4041 904 4108 quibusdant
934 4041 1242 4101 sententiis,
1273 4055 1340 4091 ex
1369 4053 1492 4108 cap.
1517 4039 1763 4104 sequenti
1792 4057 1803 4091 :

209 4110 328 4167 Nos
366 4113 474 4166 ista
521 4114 856 4182 pradiximus
900 4111 967 4163 de
999 4113 1285 4164 mutatione
1332 4110 1691 4180 promissionis
1728 4110 1810 4163 in-

210 4194 402 4250 cautaz,
437 4200 544 4237 non
583 4195 634 4236 ut
673 4186 853 4236 demus
883 4190 969 4235 aut
1008 4197 1288 4234 reseramus
1325 4197 1457 4234 viam
1487 4197 1575 4233 seu
1614 4182 1809 4235 aditum

209 4256 495 4324 prohibitis
533 4255 804 4321 noxiisque
833 4253 1148 4316 mendaciis;
1179 4251 1358 4305 utilius
1393 4254 1724 4322 judicantes.
1756 4262 1809 4305 ut

209 4327 256 4379 si
285 4326 427 4394 forte
449 4327 749 4393 prtevenerit
771 4339 863 4377 nos
885 4324 1178 4376 inconsulta
1205 4327 1472 4387 sententia,
1504 4335 1810 4385 temperetur

212 4393 610 4467 superveniente
667 4396 1019 4448 moderatione
1068 4395 1372 4467 salubrioris
1426 4393 1665 4467 consilii;
1719 4410 1811 4448 nec

211 4466 425 4537 oportet
460 4484 554 4522 nos
577 4468 772 4536 rigidos
798 4466 1252 4532 irrevocabilesque
1280 4481 1484 4516 manere
1513 4468 1563 4517 in
1597 4466 1676 4518 his
1697 4480 1812 4528 qua

209 4541 377 4592 semel
405 4540 712 4603 statuimus,
749 4538 794 4591 si
822 4548 1024 4590 matura
1051 4553 1111 4588 ac
1138 4537 1362 4603 prudens
1393 4538 1631 4588 discretio
1674 4539 1725 4588 in
1759 4553 1812 4589 e-

207 4612 346 4664 nerit
378 4620 556 4677 postea
585 4611 772 4662 rectius
793 4608 1010 4678 aliquid.
1047 4607 1205 4660 Aliud
1232 4622 1449 4676 namque
1478 4617 1551 4658 est
1580 4609 1804 4671 mentiri,

207 4682 360 4734 aliud
393 4691 594 4733 statuta
629 4696 716 4732 seu
755 4680 1010 4751 promissa
1041 4690 1257 4751 mature,
1306 4690 1410 4731 etc.
1450 4678 1650 4751 Deinde
1681 4693 1804 4744 pro-

205 4755 467 4821 sequitur
493 4752 717 4821 Diouys.
745 4748 804 4802 ea
831 4767 947 4818 qua:
974 4750 1238 4803 habentur
1265 4765 1386 4816 cap.
1425 4751 1508 4804 l9.
1537 4748 1804 4821 Cancrum

206 4819 468 4880 doctrina
503 4819 662 4890 hujus
684 4837 829 4888 cap.,
863 4831 916 4875 ut
949 4821 1016 4873 ab
1049 4822 1285 4876 Auctore
1318 4823 1518 4889 prolata
1547 4830 1648 4886 est,
1679 4819 1806 4874 nihil

203 4894 460 4950 alienum
500 4909 530 4947 a
569 4896 800 4948 veritate
842 4894 1106 4956 continet,
1152 4905 1202 4945 et
1245 4908 1368 4945 vere
1399 4893 1555 4946 docet
1593 4894 1808 4960 quando

203 4966 544 5022 seandalum
575 4965 648 5019 sit
675 4963 949 5017 vitandum
981 4973 1076 5017 aut
1099 4962 1578 5017 contemnendum.
1605 4965 1703 5018 Cui
1735 4964 1809 5018 si-

202 5038 360 5091 milis
389 5039 548 5091 locus
577 5047 660 5089 est
700 5035 839 5104 apud
867 5035 925 5089 S.
951 5035 1265 5101 Gregorium
1294 5035 1507 5087 Ιιιιιίιίιίιι
1536 5036 1564 5088 7
1592 5036 1643 5086 itt
1670 5035 1806 5088 Eze-

202 5107 455 5163 chielem
499 5106 553 5160 in
596 5107 711 5160 lure
753 5107 910 5159 verba
960 5122 974 5160 :
1025 5105 1091 5158 In
1128 5119 1302 5160 nostro
1343 5105 1476 5158 bono
1518 5121 1669 5172 apere
1707 5106 1808 5158 ali-

200 5181 426 5247 quando
457 5178 743 5231 cavendum
777 5186 850 5229 est
882 5177 1188 5230 scandalum
1234 5177 1484 5248 proximi.
1527 5178 1808 5248 aliquando

1909 3254 2072 3309 Pater
2121 3273 2262 3310 meus
2296 3255 2514 3309 ccclesiis
2562 3256 2922 3309 eradicabitur.
2951 3254 3138 3310 'Sinite
3167 3254 3289 3311 illos
3331 3274 3350 3312 :
3377 3262 3499 3316 circi

1907 3338 2050 3402 sunt,
2083 3335 2130 3380 et
2169 3334 2322 3402 duces
2358 3342 2611 3402 caecorum
2654 3324 2882 3402 (Matth.
2907 3326 3027 3396 xv).
3072 3327 3208 3381 Ecce
3247 3333 3499 3402 magistra

1915 3397 2121 3451 Veritas
2159 3415 2233 3473 tte
2250 3400 2303 3451 in
2341 3398 2696 3473 quorumdam
2717 3397 3294 3473 cordibususcafdalunt
3325 3397 3500 3473 gigne-

1907 3477 2068 3527 retur.
2094 3471 2234 3534 quod
2258 3485 2361 3520 non
2385 3467 2576 3542 debuit,
2609 3467 2856 3542 tributum
2877 3469 3035 3522 dedit.
3062 3468 3130 3542 Et
3153 3487 3357 3523 rursum
3377 3467 3499 3542 quia

1909 3543 2144 3610 generari
2173 3542 2474 3592 scandalum
2501 3539 2553 3590 in
2581 3539 2924 3604 quorumdam
2949 3539 3186 3592 cordibus
3214 3539 3396 3596 contra
3416 3561 3499 3598 ve-

1909 3614 2109 3684 r_itatem
2144 3613 2270 3664 vidit
2292 3651 2309 3684 ,_
2333 3612 2398 3684 in
2438 3625 2535 3684 suo
2562 3624 2645 3684 eos
2673 3613 2922 3684 scandala
2952 3625 3214 3684 remanere
3242 3617 3492 3684 permisit.

1910 3679 1996 3736 Ea:
2022 3700 2124 3749 qua
2145 3699 2199 3734 re
2221 3682 2365 3735 nobis
2394 3681 2821 3734 considerandum
2845 3690 2947 3746 est,
2976 3682 3125 3751 quia,
3158 3684 3213 3736 in
3242 3679 3498 3748 quantum

1911 3754 2021 3806 sine
2048 3762 2258 3824 peccato
2291 3769 2580 3821 possumus,
2614 3755 2775 3804 uitare
2801 3755 3152 3824 proximorum
3192 3757 3497 3813 scandalum

1912 3821 2171 3878 debemus.
2203 3826 2263 3880 Si
2286 3835 2457 3877 autem
2485 3825 2547 3876 de
2568 3825 2778 3877 veritate
2799 3821 3100 3878 scandalum
3124 3827 3366 3893 sumitur,
3395 3830 3499 3883 uti-

1912 3897 2014 3950 lius
2046 3897 2355 3962 permittitur
2391 3895 2535 3947 nasci
2574 3895 2907 3958 scandalum,
2940 3911 3093 3964 quam
3123 3898 3310 3953 ueritas
3335 3901 3496 3954 relin-

1910 3977 2117 4041 quatur.
2166 3966 2302 4041 Haec,
2332 3966 2660 4041 Gregorius,
2705 3981 2829 4041 qua:
2879 3967 3063 4041 videre
3110 3968 3240 4024 licet
3289 3971 3499 4041 plenius

1912 4037 2180 4108 etplicata
2213 4054 2240 4091 a
2273 4040 2330 4094 S.
2365 4038 2572 4091 'l'boma
2605 4037 2761 4108 (2-2.
2793 4056 2843 4109 q.
2872 4037 2965 4104 45,
2996 4048 3096 4093 art.
3121 4041 3210 4108 'l).

1990 4120 2013 4149 τ
2057 4110 2258 4164 Ponam
2294 4111 2380 4163 hic
2408 4113 2639 4178 primum
2669 4110 2830 4162 verba
2863 4111 3004 4163 Petri
3035 4111 3229 4166 Maturi
3258 4112 3322 4166 ad
3356 4113 3500 4172 hunc

1914 4182 2118 4246 locum,
2157 4195 2224 4236 ne
2249 4183 2374 4255 quid
2403 4183 2586 4233 lectori
2613 4181 2852 4255 excidat.
2877 4181 3111 4255 Eadem,
3131 4185 3323 4253 inquit,
3357 4202 3495 4255 pene

1915 4267 2044 4308 usus
2088 4265 2170 4307 est
2214 4253 2566 4307 similitudine
2612 4251 2761 4306 Plato
2792 4257 2842 4324 in
2889 4267 2942 4306 ιιι
2982 4253 3050 4306 de
3082 4251 3398 4324 Republica,
3444 4269 3501 4314 et

1913 4325 2175 4392 Origenes
2209 4326 2300 4378 lib.
2330 4326 2764 4396 vIAStromatum.
2798 4323 3064 4379 Cmtermn
3097 4323 3340 4396 quamvis
3373 4345 3502 4384 non-

1919 4399 2049 4448 nulli
2079 4411 2142 4448 es
2173 4396 2344 4449 sacris
2375 4394 2702 4448 Doctoribus
2731 4405 2984 4458 existant,
3017 4394 3127 4464 qui
3152 4399 3501 4459 mentiriali-

1913 4468 2133 4532 quando
2166 4469 2280 4520 viro
2306 4466 2614 4520 Christiano
2644 4469 2974 4533 pertt‘tittant,
3010 4471 3184 4534 potior
3208 4478 3291 4524 est
3320 4483 3498 4529 tamen

1917 4539 2199 4611 hugnslini
2245 4544 2295 4592 in
2338 4539 2433 4591 lib.
2476 4537 2543 4611 de
2574 4536 2855 4611 Mendacio
2890 4538 2957 4591 ad
2994 4539 3343 4611 Consentium
3376 4560 3496 4611 cap.

1917 4609 1970 4673 5,
1998 4619 2050 4661 et
2073 4617 2258 4661 eontra
2296 4608 2632 4662 mendacium
2664 4621 2781 4671 cap.
2812 4609 2867 4670 2,
2901 4617 2954 4662 et
2983 4609 3190 4676 epist‘ol.
3229 4615 3263 4667 8
3288 4613 3352 4664 ad
3384 4608 3495 4669 div.

1915 4679 2325 4749 Hieronymum,
2357 4691 2409 4732 et
2443 4679 2553 4733 div.
2589 4677 2811 4751 ’[Ιιοιιιτθ
2840 4683 2891 4732 in
2917 4676 3038 4751 2-2,
3067 4693 3117 4748 q.
3155 4681 3274 4741 ΗΟ,
3305 4691 3408 4738 art.
3439 4685 3493 4751 3,

1914 4759 1970 4804 et
2001 4753 2050 4803 in
2093 4748 2140 4803 3.
2184 4752 2308 4804 dist.
2348 4753 2439 4812 58,
2470 4761 2570 4802 nrt.
2604 4748 2658 4811 5,
2698 4750 2986 4813 sententia,
3025 4765 3180 4815 quam
3213 4755 3373 4806 etiam
3403 4748 3492 4811 se;

1914 4824 2097 4890 quitur
2118 4822 2550 4875 div.Antoninns
2577 4819 2714 4873 iol'ra
2743 4821 2841 4892 hoc
2865 4819 3056 4875 eodem
3089 4819 3205 4890 §.et
3236 4823 3286 4876 in
3318 4839 3348 4876 ιι
3379 4840 3494 4892 par.

1913 4893 2065 4948 Satn.
2097 4893 2278 4965 trt._ltl
2307 4906 2429 4959 cap.
2462 4893 2512 4954 1,
2545 4892 2634 4956 91,
2672 4891 2918 4965 nimirum
2941 4906 3102 4944 ouute
3133 4891 3495 4965 mendacium,

1913 4969 2028 5018 sive
2076 4963 2202 5036 illud
2251 4965 2548 5017 ofﬁciosum
2597 4971 2689 5029 sd,
2735 4963 2849 5036 sive
2889 4963 3156 5032 jocosum,
3190 4980 3322 5036 βεδε
3369 4963 3496 5036 ρεοὲ

1914 5041 2116 5088 catum.
2165 5035 2270 5088 Pro
2306 5035 2500 5104 quibus
2549 5035 2713 5104 etiam
2747 5033 2871 5087 facit
2923 5035 3268 5090 lnttocentius
3314 5033 3409 5102 Ill,
3443 5043 3498 5096 in

1913 5104 2185 5160 Decretal.
2232 5103 2336 5159 lib.’
2366 5119 2399 5157 v
2439 5107 2520 5158 tit.
2576 5105 2642 5158 19
2686 5103 2752 5160 de
2795 5106 2976 5160 usuris
3005 5120 3055 5159 c.
3079 5106 3134 5170 4,
3168 5110 3253 5160 ubi
3287 5110 3418 5165 diett
3442 5112 3495 5166 in

1913 5177 2191 5240 Scriptura
2234 5191 2381 5230 sacra
2422 5176 2696 5244 prohiberi
2731 5191 2798 5230 ne
2841 5179 2964 5246 quis
2996 5193 3092 5244 pro
3121 5180 3344 5233 alterius
3387 5185 3497 5238 vita

198 5266 323 5303 vero
356 5265 463 5320 pro
505 5249 670 5320 nihilo
711 5258 1167 5320 contemnendum.
1209 5248 1450 5320 Quodiin
1484 5250 1594 5320 ipso
1631 5259 1807 5301 nostra

199 5318 448 5374 Aucture
477 5319 776 5385 didicimus,
809 5321 895 5388 qui
925 5318 1050 5372 dum
1084 5319 1330 5372 tributum
1362 5318 1516 5372 Petro
1562 5320 1808 5388 inquisito

199 5403 503 5462 peteretur.
535 5391 679 5460 prius
703 5391 1005 5459 paradigma
1016 5391 1304 5462 proposuit,
1336 5407 1426 5460 per
1445 5392 1582 5459 quod
1603 5406 1656 5443 se
1678 5390 1810 5443 nihil

201 5408 503 5462 peteretur.
535 5408 679 5460 prius
703 5408 1005 5459 paraatgma
1023 5408 1304 5512 proposuit,
1336 5408 1426 5460 per
1445 5408 1580 5459 quoa
1603 5408 1656 5443 se
1678 5408 1807 5443 mnu

201 5462 404 5517 debere
436 5464 722 5529 respondit,
753 5462 927 5514 dicens
954 5476 970 5512 ,·
1001 5461 1023 5513 l
1047 5478 1160 5531 eges
1196 5471 1346 5514 terra:
1385 5477 1416 5514 a
1448 5462 1634 5531 quibus
1665 5462 1807 5513 acci-

199 5534 360 5605 liunt
394 5532 674 5596 tributum,
699 5533 774 5586 cel
803 5548 1032 5605 censum.
1059 5549 1090 5605 ιι
1117 5532 1242 5605 ﬁliis
1261 5533 1388 5589 suis.
1417 5549 1483 5585 an
1512 5533 1576 5605 ab
1603 5533 1815 5605 alienis?

197 5600 310 5662 Cui
337 5620 472 5659 cum
502 5605 778 5664 diceretur,
812 5604 875 5655 ab
915 5604 1099 5655 alienis
1121 5600 1140 5664 ⁷,
1167 5601 1308 5654 illico
1336 5604 1597 5674 respondit
1622 5618 1640 5658 :
1672 5601 1814 5673 Ergo

197 5675 362 5730 liberi
411 5686 536 5730 sunt
551 5675 684 5744 ﬁlii?
705 5674 812 5729 Sed
838 5684 1103 5742 postquam
1125 5674 1341 5727 liberum
1363 5693 1416 5729 se
1435 5693 1540 5729 esse
1562 5686 1816 5727 monstra-

195 5749 297 5815 vit,
322 5765 399 5802 ne
433 5748 654 5814 fortasse
676 5745 977 5799 scandalum
1007 5747 1246 5815 cuiquam
1277 5751 1485 5815 faceret,
1511 5748 1676 5800 subdit
1708 5761 1727 5799 :
1750 5745 1820 5801 Ut
1919 5762 2065 5801 mum
2111 5751 2462 5814 paradoxum,
2505 5763 2598 5799 seu
2633 5752 2799 5812 prima
2849 5749 3107 5801 sententia
3159 5749 3284 5803 falsa
3327 5764 3379 5804 et
3408 5767 3499 5805 er-

190 5830 387 5878 lutent
425 5834 533 5873 non
561 5815 976 5873 scandalizemus
1004 5832 1116 5887 eos,
1151 5817 1285 5872 uade
1311 5820 1382 5873 ad
1409 5835 1572 5886 mare,
1598 5830 1646 5873 et
1676 5819 1822 5873 mitte
1919 5831 2087 5875 ronea
2133 5821 2274 5875 inter
2319 5835 2413 5875 eas
2460 5821 2656 5889 quibus
2695 5819 2991 5874 mentiendi
3038 5820 3256 5875 licentia
3303 5824 3356 5876 in
3396 5819 3498 5887 bar

1916 5251 2232 5302 mentiatur.
2285 5245 2417 5300 Vide
2460 5256 2653 5315 praeter
2704 5245 3010 5302 nominatos
3053 5259 3302 5304 auctores
3333 5253 3496 5310 etiam

1913 5319 2247 5385 Alphonsum
2289 5332 2316 5370 a
2349 5318 2542 5373 Castro
2577 5320 2646 5373 de
2679 5318 3012 5387 "teresibtts,
3041 5319 3094 5372 in
3133 5322 3295 5375 verbo
3340 5322 3495 5378 Men-

1914 5391 2122 5442 dacium
2147 5431 2160 5452 ,
2188 5399 2243 5443 et
2273 5390 2483 5444 Sixtum
2517 5391 2744 5444 Senens.
2780 5391 2872 5443 lib.
2901 5405 2932 5442 v
2963 5391 3217 5445 Biblioth.
3252 5405 3494 5451 annotat,

1918 5461 2040 5516 107.
2094 5461 2218 5514 Haec
2262 5461 2454 5516 Petrus
2503 5461 2760 5516 Maturus.
2811 5460 2914 5515 Sed
2953 5461 3062 5529 jam
3111 5465 3177 5515 ad
3210 5471 3411 5518 textum
3445 5475 3500 5522 et

1915 5536 2213 5602 praecipuas
2234 5533 2583 5587 dttl‘tcultates
2603 5531 2951 5588 excutiendas
2973 5538 3322 5588 accedamus:
3348 5536 3500 5591 Men-

1914 5604 2067 5656 dacio
2101 5607 2351 5657 utendum
2381 5616 2479 5666 est,
2529 5606 2677 5675 quasi
2727 5615 2913 5656 natura
2942 5605 2986 5658 ei
3016 5607 3140 5657 insit
3169 5604 3400 5662 ellebori.
3443 5609 3498 5664 Id

1917 5687 2022 5739 eat,
2057 5679 2340 5729 mendacio
2369 5677 2622 5729 utendum
2652 5675 2960 5742 aliquando,
2995 5688 3049 5728 ιιι
3082 5677 3345 5732 elleboro.
3383 5681 3499 5734 Pri-
