4072 6324
499 279 642 350 1063

1564 272 1845 338 JOANNIS
1884 271 2194 338 CASSIANI
2230 275 2720 341 COLLATIONES.

3643 282 3801 350 lolii

501 403 657 471 Quod
692 402 739 458 si
770 397 1088 456 imminente
1129 393 1337 452 exitiali
1377 392 1568 450 morbo
1609 403 1879 466 sumptum
1911 395 2094 465 fuerit,
2122 407 2178 462 Α
2203 398 2352 454 tiiera
2393 398 2639 457 imminet
2670 400 2967 471 aegritudo;
3000 399 3083 458 sin
3114 415 3244 458 vero
3273 399 3476 474 integra
3507 413 3562 460 et
3588 405 3804 477 imper.

499 496 564 563 iit
593 495 828 560 salubre,
864 500 1123 548 caeterum
1163 489 1368 559 absque
1406 488 1600 543 summi
1647 487 1975 544 discriminis
2002 504 2098 544 ne-

503 591 763 646 cessitate
792 595 1111 656 perceptum
1135 584 1422 653 praesentis
1444 582 1599 636 exitii
1625 589 1728 636 est.
1762 581 1840 636 lta
1867 596 2097 652 namque

506 685 668 738 etiam
692 689 911 736 sanctos
935 693 999 732 ac
1024 676 1437 746 probatissimos
1457 674 1572 730 Deo
1588 674 1737 731 viros
1757 675 2099 730 veniabiliter

505 773 735 845 legimus
767 785 894 826 usos
936 769 1102 825 fuisse
1142 768 1454 835 mendacio,
1493 769 1637 824 sicut
1663 776 1690 805 τι
1726 767 1877 824 Raab
1910 766 2099 837 (Josue

504 868 602 940 ιι),
632 865 946 935 cujuscum
975 878 1084 919 non
1112 863 1289 920 solum
1314 863 1461 918 nulla
1487 864 1781 928 virtutum,
1812 860 1908 917 sed
1937 863 2095 916 etiam

505 963 534 1003 ιθ
548 960 898 1033 impudicitia:
915 967 1264 1015 monumenta
1279 966 1672 1014 commemoret
1685 957 1985 1028 Scriptura,
2001 969 2098 1026 pro

505 1055 600 1111 tali
648 1053 966 1120 mendacio,
1015 1068 1124 1122 quo
1169 1051 1548 1120 exploratores
1594 1052 1781 1106 maluit
1823 1049 2099 1105 occultare

502 1165 663 1220 quam
695 1149 951 1220 prodere,
1001 1147 1292 1202 admisceri
1333 1147 1532 1217 pupulo
1560 1145 1657 1200 Dei
1687 1152 1892 1200 aeterna
1935 1143 2100 1198 bene-

503 1244 741 1300 dictione
765 1243 1090 1313 promeruit.
1109 1244 1242 1310 Quae
1263 1242 1307 1297 si
1331 1240 1612 1296 veritatem
1635 1239 1806 1308 loqui,
1828 1246 1920 1292 aut
1940 1236 2098 1292 saluti

504 1336 701 1392 civium
731 1335 1021 1390 consulere
1053 1334 1372 1400 maluisset,
1403 1332 1538 1388 nulli
1570 1331 1793 1388 dubium
1825 1330 1966 1401 quod
2000 1345 2101 1386 nec

507 1429 881 1486 imminentem
927 1445 1049 1485 cum
1093 1430 1342 1483 universa
1382 1427 1547 1483 domo
1575 1443 1672 1482 sua
1706 1425 1931 1497 fugisset
1962 1427 2102 1482 inte-

506 1525 692 1587 ritum,
725 1537 829 1578 nec
855 1520 1170 1576 auctoribus
1202 1519 1500 1576 Dominica:
1538 1518 1848 1574 Nativitatis
1871 1519 2096 1586 inserta,

507 1618 642 1675 etin
674 1617 1107 1688 patriarcharum
1147 1623 1503 1671 annumerata
1537 1613 1805 1683 catalogo,
1836 1628 1933 1683 per
1973 1627 2100 1667 suc-

506 1711 809 1768 cessionem
851 1725 963 1765 sute
995 1708 1167 1780 prolis
1193 1708 1356 1763 edere
1384 1709 1674 1764 meruisset
1699 1707 1943 1761 omnium
1975 1705 2100 1760 Sal-

2198 490 2416 545 turbata
2443 493 2687 561 corporis
2713 494 2946 548 sanitate
2972 503 3239 560 sumatur,
3271 495 3452 549 statim
3481 496 3546 550 ad
3586 511 3805 567 praeoc-

2197 585 2446 654 cupanda
2497 586 2680 640 vitalia
2723 587 2806 642 vis
2850 589 3157 658 perniciosa
3202 587 3488 658 pertendit.
3539 589 3693 657 Quod
3725 592 3805 648 de

2199 675 2351 731 Raab
2381 675 2786 732 Hierichontina
2815 676 3026 751 (Josue,
3057 680 3133 750 ιι)
3161 686 3218 734 et
3259 679 3328 735 de
3357 679 3525 736 Jacob
3554 682 3802 750 patriar-

2199 769 2304 826 cha
2325 768 2544 841 (Genes.
2572 769 2752 841 xxvii)
2784 771 3075 828 evidenter
3101 781 3380 828 ostensum
3408 781 3522 840 est,
3548 789 3578 829 e
3597 776 3802 845 quibus

2199 879 2302 922 nec
2332 866 2424 921 illa
2468 875 2700 922 mortem
2741 869 2874 922 alias
2911 883 3070 938 quam
3107 867 3212 923 hoc
3255 869 3498 924 remedio
3526 871 3805 940 potuisset

2200 959 2455 1025 evadere,
2485 974 2585 1015 nec
2605 961 2708 1015 iste
2735 960 2802 1016 ad
2832 960 3265 1017 benedictionem
3295 962 3642 1033 primogeniti
3673 978 3804 1032 per-

2205 1056 2413 1109 venire.
2436 1052 2556 1109 Non
2581 1053 2728 1109 enim
2755 1054 2894 1108 Deus
2913 1054 3205 1108 verborum
3231 1061 3440 1109 tantum
3469 1063 3804 1125 actuumque

2201 1155 2512 1202 nostrorum
2557 1146 2836 1202 discussor
2869 1152 2926 1201 et
2961 1144 3155 1215 judex,
3197 1146 3292 1202 sed
3337 1149 3501 1202 etiam
3531 1146 3804 1217 propositi

2202 1254 2264 1295 ac
2289 1240 2666 1296 deStinationis
2711 1241 2983 1311 inspector
3015 1251 3120 1295 est.
3157 1239 3256 1308 Qui
3293 1240 3338 1295 si
3380 1240 3586 1309 aliquid
3630 1255 3803 1295 causa

2202 1332 2396 1388 salutis
2433 1343 2650 1389 aeternae
2689 1348 2752 1389 ac
2780 1332 2978 1388 divinae
3004 1334 3474 1404 contemplationis
3507 1334 3700 1390 intuitu
3729 1334 3804 1389 ab

2205 1442 2534 1498 unoquoque
2562 1427 2651 1482 vel
2681 1427 2883 1482 factum
2923 1427 3120 1483 viderit
3168 1428 3252 1482 vel
3281 1429 3631 1497 promissum,
3662 1438 3807 1481 tam-

2205 1521 2308 1576 etsi
2351 1519 2661 1575 hominibus
2692 1519 2888 1574 durum
2916 1529 3080 1588 atque
3106 1519 3347 1588 iniquum
3373 1534 3495 1574 esse
3526 1517 3800 1584 videatur,

2204 1611 2297 1666 ille
2333 1619 2515 1666 tamen
2547 1609 2790 1664 intimam
2819 1609 3002 1664 cordis
3030 1609 3331 1677 inspiciens
3363 1609 3654 1678 pietatem,
3688 1623 3802 1661 non

2204 1701 2495 1759 verborum
2541 1717 2758 1768 sonum,
2805 1702 2900 1756 sed
2946 1712 3130 1756 votum
3173 1699 3434 1770 dijitdicat
3482 1700 3804 1764 voluntatis,

506 1812 772 1860 vatorem.
819 1802 1058 1872 Denique
1094 1800 1265 1854 Dalila
1313 1797 1521 1868 (Judic.
1554 1797 1702 1870 xvi),
1737 1813 1858 1869 quae
1887 1799 2104 1853 utilitati
2132 1803 2182 1864 B
2207 1796 2335 1866 quia
2367 1795 2487 1851 finis
2511 1797 2693 1866 operis
2721 1806 2776 1851 et
2805 1794 3030 1851 allectus
3072 1795 3499 1850 considerandus
3550 1803 3634 1849 est
3676 1809 3810 1863 per-

509 1899 709 1954 civium
747 1897 1071 1960 consulens,
1120 1894 1455 1963 exploratam
1503 1891 1743 1962 prodidit
1788 1891 2099 1958 veritatem,

509 2001 790 2063 perpetuae
808 1988 1128 2060 perditionis
1149 1987 1577 2042 vicissitudinem
1599 1994 1909 2049 consecuta,
1930 1985 2100 2039 solam

511 2084 757 2139 criminis
787 2083 871 2138 sui
899 2080 1112 2136 cunctis
1157 2079 1478 2136 memoriam
1534 2076 1842 2148 dereliquit.
1877 2075 2102 2145 Quando

513 2178 678 2249 igitur
697 2191 866 2248 grave
883 2174 1098 2247 aliquod
1121 2173 1368 2229 imminet
1388 2174 1457 2228 de
1486 2171 1738 2228 veritatis
1759 2170 2101 2228 confessione

511 2270 826 2334 discrimen,
872 2276 1004 2323 tunc
1042 2266 1448 2322 mendaciorum
1487 2273 1616 2321 sunt
1641 2263 1954 2333 recipienda
1979 2277 2102 2333 per-

510 2361 658 2432 fugia
691 2371 738 2425 ο,
767 2361 839 2415 ita
860 2365 1040 2414 tamen
1067 2365 1127 2412 ut
1147 2367 1300 2412 reatu
1333 2355 1554 2411 humilis
1579 2355 1928 2410 conscientia:
1958 2355 2102 2408 salu-

510 2455 682 2511 briter
711 2453 1078 2509 mordeamur.
1102 2449 1206 2506 Ubi
1229 2457 1408 2506 autem
1435 2449 1581 2504 nulla
1605 2447 1847 2504 conditio
1877 2461 2099 2502 summae

511 2545 850 2604 necessitatis
897 2543 1188 2608 incumbit,
1251 2542 1395 2596 omni
1449 2540 1700 2596 cautione
1758 2538 2099 2594 mendacium

509 2641 660 2696 velut
702 2637 1040 2693 mortiferum
1079 2633 1428 2692 devitandum
1475 2642 1560 2688 est
1593 2651 1606 2686 :
1646 2629 2100 2702 quemadmodum

510 2731 582 2788 de
608 2729 832 2787 ellebori
863 2730 1098 2784 diximus
1127 2737 1287 2797 potu,
1321 2724 1464 2796 quod
1508 2723 1727 2780 salubre
1764 2731 1848 2778 est
1884 2722 2101 2792 quidem

511 2823 558 2880 si
581 2832 706 2880 tunc
731 2823 954 2878 demum
979 2829 1224 2876 sumatur
1249 2834 1371 2874 cum
1403 2815 1736 2874 inevitabilis
1766 2825 1927 2886 atque
1958 2831 2104 2871 mor-

2210 1890 2494 1961 petrantis,
2524 1887 2550 1926 ἀ
2579 1905 2686 1960 quo
2711 1898 3008 1960 potuerunt
3035 1890 3281 1960 quidam,
3316 1897 3374 1944 ut
3399 1903 3564 1958 supra
3594 1886 3805 1941 dictum

2209 1993 2316 2050 est,
2349 1985 2514 2040 etiam
2547 1999 2642 2053 per
2670 1983 3013 2039 mendacium
3037 1983 3351 2053 justillcari,
3381 1993 3436 2037 et
3465 1983 3555 2036 alii
3586 1997 3684 2052 per
3707 1996 3812 2037 ve-

2207 2078 2384 2134 ritatis
2410 2081 2765 2134 assertionem
2796 2089 3078 2148 peccatum
3107 2085 3383 2149 perpetuae
3410 2076 3601 2132 mortis
3620 2077 3811 2129 incur-

2207 2185 2348 2226 rere.
2375 2171 2456 2225 Ad
2495 2186 2654 2241 quem
2681 2169 2843 2226 linem
2871 2171 3035 2226 etiam
3065 2170 3234 2226 Jacob
3263 2169 3568 2240 patriarcha
3594 2165 3808 2240 (Ibid.)

2207 2263 2532 2332 respiciens,
2566 2264 2833 2335 hispidam
2877 2264 3106 2320 fraterni
3137 2265 3388 2335 corporis
3431 2263 3670 2336 speciem
3698 2265 3809 2317 ob-

2207 2355 2482 2410 volutione
2513 2355 2731 2424 pellium
2762 2356 3022 2412 simulare
3052 2371 3158 2411 non
3189 2357 3401 2424 timuit,
3431 2365 3487 2410 et
3525 2356 3809 2425 instiganti

2206 2448 2274 2502 ad
2327 2447 2428 2504 hoc
2481 2450 2826 2505 mendacium
2885 2449 3045 2505 matri
3101 2450 3447 2505 laudabiliter
3508 2452 3808 2518 acquievit.

2212 2539 2438 2597 Videbat
2461 2542 2605 2597 enim
2635 2557 2700 2598 ex
2731 2541 2832 2598 hoc
2857 2543 3066 2612 majora
3093 2543 3197 2598 sibi
3227 2544 3372 2598 lucra
3409 2543 3812 2599 benedictionis

2208 2643 2368 2702 atque
2393 2635 2616 2704 juStitiae
2644 2650 2808 2706 quam
2851 2651 2948 2707 per
2986 2636 3356 2705 simplicitatis
3394 2635 3809 2691 observantiam

2209 2727 2570 2794 conferenda;
2620 2744 2726 2784 non
2776 2731 2921 2785 enim
2979 2728 3260 2784 dubitabat
3317 2729 3582 2784 mendacii
3642 2729 3811 2799 hujus

2212 2821 2477 2876 maculam
2501 2821 2854 2878 inundatione
2877 2830 3114 2892 paternae
3137 2821 3526 2878 benedictionis
3549 2824 3811 2892 protinus

1588 2979 1844 3038 ALARDI
1883 2977 2121 3037 GAZ/Ei
2158 2979 2716 3039 COMMENTARIUS.

514 3103 804 3162 collatione
856 3099 1116 3156 astruitur
1172 3108 1228 3155 et
1274 3095 1602 3170 defenditur,
1662 3110 1797 3170 quas
1851 3095 2175 3170 dominusC
2209 3099 2395 3170 bonum
2445 3099 2829 3170 remuneravit,
2857 3107 2926 3165 et,
2959 3108 3166 3170 propter
3207 3100 3302 3153 hoc
3352 3100 3560 3162 bonum,
3602 3100 3816 3156 malum

519 3175 792 3248 Cuychius
811 3173 1050 3248 collegit,
1083 3182 1136 3226 et
1166 3171 1218 3224 in
1247 3169 1493 3248 ordinem
1522 3169 1908 3248 digessitkquo
1936 3168 2106 3248 lecto-

513 3237 671 3304 ribus
699 3245 870 3315 magis
903 3251 1123 3315 pateant
1150 3250 1206 3295 et
1221 3243 1395 3315 tutius
1417 3248 1737 3315 caveantur.
1769 3237 1939 3315 Porro
1970 3240 2108 3293 elle-

517 3321 733 3378 borum.
776 3309 972 3380 v'el,'ut
1002 3313 1094 3367 alii
1129 3313 1366 3378 malunt,
1417 3309 1774 3380 helleborum,
1807 3310 1972 3364 herba
2005 3320 2111 3376 est,

515 3391 781 3459 insignem
801 3379 1065 3459 purgandi
1082 3384 1185 3439 vim
1207 3384 1432 3459 habens,
1457 3396 1618 3459 quam
1639 3379 1814 3459 Latini
1837 3389 2112 3459 veratrum

515 3453 819 3531 appéllant.
836 3529 843 3531 Α
871 3453 1380 3531 Praestantissimum
1413 3453 1688 3531 _nascitur
1741 3453 1796 3506 in
1825 3454 2110 3531 Anticyra

515 3522 692 3588 insula
711 3573 726 3596 ,
758 3529 847 3584 ubi
878 3537 934 3584 et
960 3527 1239 3596 tutissime,
1254 3524 1567 3579 sumebatur
1596 3522 1863 3596 purgandi
1891 3522 2121 3578 cerebri

515 3594 952 3668 causa,’auctore
978 3598 1150 3653 Plinio
1180 3595 1329 3669 (Lib.
1352 3610 1459 3649 xxv
1481 3611 1598 3661 cap.
1621 3594 1700 3669 5).
1734 3594 1887 3650 Unde
1917 3597 2111 3669 factum

518 3686 599 3729 est
623 3666 794 3742 utqui
817 3671 1044 3727 cerebro
1074 3666 1253 3742 minus
1283 3681 1418 3742 sano
1439 3679 1559 3742 esse
1574 3666 1925 3742 viderentur,
1952 3666 2112 3719 Λιιιὶ-

517 3760 702 3818 cyram
724 3737 1007 3818 navigare
1031 3750 1130 3818 aut
1155 3738 1496 3818 helleborum
1537 3737 1743 3818 bibere
1762 3737 2108 3818 juberentur,

518 3809 589 3871 Et
629 3815 768 3885 apud
800 3809 1026 3885 Graecos
1065 3811 1396 3882 ἓλλιϐορίζειν
1441 3822 1538 3878 pro
1564 3809 1814 3885 insanire
1856 3809 2110 3885 sumitur;

521 3897 577 3942 et
603 3878 694 3956 qui
725 3898 910 3956 parum
941 3883 1124 3956 animo
1153 3878 1523 3956 ("t‘tt'lsilsllltel
1551 3878 1798 3956 levitatis
1825 3881 2114 3956 aut_verti-

519 3949 660 4028 ginis
682 3949 870 4028 morbo
886 3954 1152 4017 laborant,
1168 3952 1416 4028 ἱλλςϐῥρῳ
1431 3949 1646 4028 agro-eat.
1665 3950 1715 4004 id
1731 3959 1814 4004 est
1837 3950 2115 4005 hellelioro

518 4023 764 4097 indigere
807 4026 1080 4088 dicuntur,
1129 4024 1275 4097 quod
1313 4023 1651 4097 h'elleborum
1680 4036 1921 4097 purgare
1963 4035 2116 4097 cere-

520 4093 701 4163 brum,
747 4098 977 4164 ideoque
1023 4110 1217 4164 curare
1265 4095 1527 4164 insaniam
1581 4094 1816 4161 antiquis
1849 4093 2114 4164 creditum

522 4171 612 4225 sit.
645 4161 798 4225 Unde
821 4161 1059 4222 Isidorus
1099 4163 1310 4236 (Erym.
1337 4163 1427 4216 lib.
1449 4179 1580 4227 xvit,
1609 4180 1728 4230 cap.
1758 4165 1824 4233 9)
1854 4179 1869 4216 :
1903 4161 2113 4216 Ellebo-

518 4259 656 4304 rum,
690 4240 893 4308 inquit,
928 4237 1148 4291 Romani
1179 4238 1286 4288 alio
1313 4236 1514 4308 nomine
1543 4249 1800 4288 veratrum
1833 4236 2034 4297 dicunt,
2059 4250 2116 4287 eo

520 4311 658 4384 quod
668 4306 960 4384 #suinptum
988 4315 1178 4384 minam
1199 4306 1517 4384 _mentemAin
1538 4308 1810 4384 sanitatem
1839 4307 2071 4359 reducat.

599 4393 622 4419 ιι
665 4378 822 4435 Raab
877 4378 1285 4434 lliericbontina
1345 4378 1538 4430 mulier
1596 4379 1841 4431 ol‘liciuso
1887 4393 1978 4429 usa
2032 4385 2118 4430 est

527 4452 832 4516 mendacio,
861 4450 986 4504 dum
1014 4449 1162 4518 jussa
1191 4448 1418 4518 prodere
1439 4449 1806 4518 exploratores
1846 4448 2106 4502 Hebraeos

523 4523 616 4595 qui
651 4526 715 4577 ad
747 4517 1206 4595 sedivcrterant,
1240 4519 1519 4595 respondit
1543 4537 1572 4595 Ξ
1598 4517 1812 4582 Fateor,
1856 4530 2102 4595 uenerunt

520 4587 589 4649 ᾱιι
614 4611 712 4659 me,
738 4593 828 4647 sed
858 4592 1139 4646 nesciebam
1163 4593 1297 4644 unde
1317 4601 1497 4644 essent.
1531 4587 1759 4661 Cumque
1787 4602 1935 4662 porta
1960 4591 2106 4642 clau-

521 4668 725 4721 deretur
752 4667 804 4718 in
849 4664 1087 4722 tenebris.
1116 4673 1163 4716 et
1191 4663 1274 4715 illi
1299 4663 1490 4733 pariter
1511 4664 1763 4724 exierunt,
1809 4664 1976 4715 nescio
2005 4678 2107 4731 qua

522 4740 779 4799 abierunt,
797 4744 904 4790 etc.
922 4736 1128 4803 (Josue,
1147 4736 1224 4802 ιι).
1250 4734 1358 4787 Hoc
1374 4733 1710 4788 mendacium
1736 4748 1856 4786 cum
1888 4735 2106 4786 menda-

520 4811 605 4865 cio
628 4809 976 4863 obstetricum
999 4804 1398 4878 [Egyptin_t'um,
1431 4819 1573 4874 qua),
1604 4815 1660 4857 ιιι
1689 4805 2108 4878 lilios_llt-br.co—

522 4898 640 4935 rum
689 4889 862 4933 morte
912 4875 1214 4941 eriperent,
1245 4876 1507 4929 Pharaoni
1543 4880 1780 4930 mentitae
1831 4875 2102 4944 leguntur,

521 4951 811 5006 conferens
846 4949 906 5002 Ι).
935 4949 1268 5018 Augustinus
1317 4961 1468 5000 suam
1516 4946 1583 5000 dt:
1616 4956 1844 5015 utroque
1891 4959 2109 5018 senten-

523 5022 652 5076 tiam
697 5023 765 5075 ita
797 5020 1049 5074 edisserit
1079 5017 1228 5088 (Lib.
1262 5027 1439 5070 contra
1472 5018 1793 5071 mendacium
1815 5034 1930 5088 capi.
1965 5017 2062 5086 15)
2091 5032 2107 5070 :

526 5092 680 5158 Quod
725 5094 978 5158 scriptum
1016 5087 1096 5143 est
1133 5092 1256 5142 bene
1307 5087 1472 5158 Deum
1513 5089 1692 5158 fecisse
1722 5105 1836 5142 cum
1877 5087 2108 5142 Hebrteis

522 5157 898 5228 obstetricibus,
933 5169 980 5214 et
1019 5176 1138 5214 cum
1181 5159 1326 5213 Raab
1368 5157 1771 5214 Hierirliontina
1819 5160 2105 5224 inerrtrice,

522 5252 626 5289 non
656 5236 769 5287 ideo
789 5234 982 5297 factum
1013 5242 1086 5286 est
1116 5233 1237 5298 quia
1256 5233 1482 5284 mentita:
1504 5242 1644 5290 sunt.
1675 5233 1763 5285 sed
1790 5234 1912 5301 quia
1940 5231 1992 5283 in
2017 5234 2112 5283 Ito-

518 5311 684 5360 mines
742 5303 838 5357 Dei
884 5303 1232 5357 misericordes
1283 5302 1512 5373 fuerunt.
1576 5301 1699 5355 Non
1730 5313 1802 5356 est
1847 5302 2021 5372 itaque
2057 5302 2112 5355 in

517 5379 592 5433 eis
631 5385 957 5432 remunerata
1001 5374 1237 5442 fallacia,
1279 5375 1367 5426 sed
1406 5373 1752 5445 benevolentia
1785 5374 2112 5445 :benignitas

517 5451 724 5512 mentis,
781 5463 881 5500 non
929 5446 1170 5514 iniquitas
1217 5445 1523 5500 mentientis.
1569 5444 1716 5500 Sicut
1754 5445 1888 5498 enim
1927 5444 2114 5496 mirum

517 5520 902 5587 absurdumque
921 5533 1023 5570 non
1049 5525 1203 5579 esset,
1230 5519 1272 5569 si
1299 5517 1403 5568 alio
1425 5517 1569 5585 prius
1592 5526 1821 5582 tempore
1842 5516 2114 5568 commissa

519 5591 585 5643 ab
611 5592 682 5644 eis
710 5591 886 5660 aliqua
915 5605 1073 5656 opera
1094 5587 1234 5641 mula
1257 5587 1397 5640 Deus
1419 5601 1627 5660 propter
1651 5587 1935 5654 posteriora
1959 5601 2114 5656 opera

520 5660 657 5714 bona
683 5663 828 5716 vellet
857 5664 1116 5732 ignoscere
1139 5675 1157 5712 :
1177 5663 1250 5732 ita
1280 5659 1575 5711 mirandum
1605 5674 1704 5710 non
1734 5667 1806 5710 est
1851 5663 1984 5732 quod
2013 5673 2114 5732 uno

521 5741 773 5799 tempore,
804 5733 857 5784 in
878 5730 988 5785 una
1017 5749 1171 5785 causa
1207 5730 1343 5784 Deus
1384 5741 1656 5797 utrumque
1685 5730 2023 5795 conspiciens,
2055 5730 2108 5782 id

521 5819 631 5867 est,
689 5804 884 5874 {dictum
928 5805 1346 5866 misericorditer,
1395 5803 1690 5872 [actumque
1735 5800 2018 5871 fallacuer,
2064 5808 2111 5856 et

2211 3169 2348 3221 illud
2391 3170 2610 3238 ignovit.
2646 3170 2712 3223 Et
2750 3169 2888 3223 infra
2919 3181 3041 3238 post
3074 3171 3288 3232 longam
3319 3172 3387 3224 de
3415 3174 3654 3236 utrisque
3685 3173 3814 3227 dis-

2215 3240 2571 3309 putationem,
2599 3243 2668 3293 ita
2693 3241 2966 3295 concludit
2994 3259 3008 3292 :
3036 3239 3266 3294 Proinde
3290 3242 3433 3296 Raab
3457 3244 3506 3293 in
3533 3242 3813 3308 Hiericho,

2213 3312 2336 3380 quia
2358 3312 2657 3382 peregrinos
2695 3312 2924 3365 homines
2953 3310 3050 3364 Dei
3078 3314 3304 3383 suscepit
3329 3313 3571 3383 hospitio,
3601 3319 3726 3383 quia
3751 3318 3814 3370 in

2213 3398 2390 3435 eorum
2419 3383 2737 3452 susceptione
2769 3384 3057 3449 periclitata
3078 3393 3175 3446 est,
3206 3387 3324 3452 quia
3353 3387 3405 3437 in
3427 3400 3602 3438 eorum
3635 3385 3814 3441 Deum

2215 3454 2450 3527 credidit.
2502 3456 2626 3521 quia
2666 3455 2942 3527 diligenter
2985 3469 3107 3527 cas,
3140 3455 3224 3507 ubi
3270 3457 3459 3527 potuit,
3507 3455 3818 3522 occultavit;

2214 3525 2335 3590 quia
2372 3539 2462 3594 per
2491 3526 2650 3578 aliam
2683 3526 2821 3578 viam
2849 3525 3110 3596 remeandi
3138 3525 3412 3580 consilium
3444 3528 3814 3596 ﬁdelissimum

2215 3595 2378 3661 dedit,
2405 3596 2560 3649 etiam
2588 3612 2828 3662 superate
2855 3595 3185 3651 Hierusalem
3209 3599 3400 3651 civibus
3427 3595 3673 3651 imitanda
3693 3599 3821 3652 lau-

2216 3667 2388 3742 datur.
2420 3667 2571 3742 Quod
2593 3682 2760 3742 autem
2790 3669 3002 3720 mentita
3022 3677 3121 3742 est,
3144 3669 3346 3722 etiamsi
3369 3669 3660 3742 aliquidibi
3685 3689 3820 3742 pro-

2216 3737 2470 3806 pheticum
2493 3737 2838 3808 intelligenter
2859 3741 3154 3809 exponitur,
3180 3757 3279 3793 non
3303 3753 3467 3792 tamen
3497 3737 3817 3796 imitandum

2214 3810 2476 3880 sapienter
2502 3812 2844 3880 proponitur;
2874 3811 3102 3880 quamvis
3131 3811 3264 3864 Deus
3294 3810 3390 3863 illa
3414 3810 3821 3866 bonamemora-

2217 3878 2383 3950 biliter
2404 3878 2749 3946 Itonoraoerit,
2773 3881 2869 3934 hoc
2886 3878 3079 3934 malum
3095 3881 3365 3935 clementer
3389 3884 3656 3950 ignoverit.
3681 3885 3818 3939 Haec

2219 3949 2282 4003 D.
2300 3951 2628 4020 Augustinus
2654 3952 2722 4006 de
2746 3952 3029 4006 mendacio
3050 3952 3219 4012 Raab.
3250 3955 3314 4006 ad
3336 3949 3493 4020 hujus
3511 3957 3612 4008 loci
3638 3957 3818 4017 expli~

2218 4021 2506 4083 Catianem,
2549 4033 2603 4076 et
2643 4023 2789 4076 falsae
2826 4027 3141 4078 assertiOms
3186 4024 3254 4078 de
3286 4025 3566 4079 mendacio
3601 4026 3819 4081 utiliter

2218 4101 2272 4146 et
2330 4093 2675 4166 laudabiliter
2730 4104 2990 4164 usurpato
3035 4095 3501 4161 coniutationem,
3549 4112 3816 4166 perquam

2218 4164 2645 4219 accommodata.

2292 4233 2319 4272 δ
2353 4236 2430 4290 De
2462 4237 2608 4289 Raab
2635 4252 2741 4290 non
2772 4237 2876 4290 alia
2911 4237 3261 4308 impudicitiae
3292 4239 3619 4293 monimenta
3656 4239 3818 4295 Scri-

2219 4316 2372 4375 ptura
2399 4318 2819 4372 commemorat,
2859 4312 2960 4362 nisi
2993 4311 3134 4376 quod
3172 4325 3290 4362 cam
3326 4315 3666 4364 meretricem
3702 4329 3818 4368 tum

2221 4381 2392 4432 Solum
2423 4379 2639 4432 historia
2690 4378 2875 4442 .losne,
2909 4381 3003 4434 sed
3043 4393 3095 4435 et
3128 4385 3419 4448 Apostolus
3454 4384 3518 4432 ad
3552 4384 3818 4439 ιιι-Ιιιιινοθ

2137 4482 2187 4543 D
2219 4451 2538 4543 undecimo,
2570 4462 2625 4504 et
2654 4448 3042 4533 Jacobus'cup.
3075 4456 3313 4534 secundo
3346 4452 3601 4543 nominet.
3642 4457 3816 4524 Lyra-

2213 4533 2314 4574 ntts
2355 4531 2529 4575 tamen
2564 4537 2670 4574 non
2722 4523 2937 4591 proprie
2979 4529 3344 4579 meretricem.
3375 4525 3469 4578 sed
3509 4523 3812 4592 conponunt

2209 4604 2303 4670 seu
2363 4592 2629 4670 hospitam
2691 4594 2856 4670 fuisse
2899 4594 3198 4648 contendit.
3245 4595 3378 4650 Vide
3438 4599 3815 4652 Aialdonatum

2209 4663 2262 4714 in
2297 4678 2417 4732 cap.
2443 4679 2457 4717 I
2483 4663 2735 4718 Mattltmi.

2288 4744 2312 4807 (ᾗ
2343 4741 2411 4787 At
2437 4747 2627 4788 contra
2655 4736 2912 4807 reclamat
2943 4735 3259 4804 Apostolus,
3291 4753 3396 4789 non
3425 4753 3534 4791 esse
3565 4739 3816 4807 facienda

2210 4805 2671 4876 malamteveniant
2685 4805 2998 4876 bonumom.
3015 4808 3093 4875 5).
3112 4811 3385 4862 ltoclamat
3400 4809 3457 4860 Β.
3472 4805 3777 4866 lubuit-ens
3799 4829 3814 4864 :

2211 4873 2484 4949 Numquid
2503 4875 2638 4930 Deus
2662 4873 2856 4949 indiget
2882 4873 3141 4932 nundacio
3169 4892 3342 4932 nostra
3366 4876 3508 4941 (Job.
3539 4885 3684 4946 aut)!
3706 4881 3816 4934 Rv-

2211 4947 2450 5022 cla_tt'i_ant
2486 4953 2580 5022 βξ.
2617 4947 2809 5022 Patres
2831 4990 2846 5012 ,
2877 4963 3011 5022 quos
3043 4965 3197 5018 supra
3230 4951 3512 5004 citavnnus
3547 4953 3701 5019 (Cap.
3728 4953 3813 5022 δ).

2283 5015 2310 5054 ἀ
2338 5017 2578 5088 Respicit
2607 5021 2848 5087 exempla
2883 5019 3030 5073 Raab
3058 5015 3120 5074 et'
3149 5022 3353 5084 Dalilae,
3388 5015 3810 5090 supor'tus'alléo

2212 5099 2354 5157 gata.
2408 5090 2477 5144 At
2503 5093 2600 5161 _dc
2654 5092 2799 5144 Ilaah
2833 5095 2988 5157 longe
3036 5092 3192 5146 aliter
3238 5095 3492 5161 prtutlirat
3534 5097 3815 5160 apostolus

2214 5161 2414 5214 Paulus
2445 5181 2457 5215 :
2492 5158 2627 5214 Fide
2656 5161 2799 5215 Raab
2824 5165 3065 5216 meretrix
3093 5179 3193 5216 non
3235 5158 3389 5232 periit
3420 5181 3532 5215 cum
3565 5158 3811 5219 incredw

2215 5234 2298 5294 lis,
2335 5233 2592 5300 excipiens
2619 5233 2968 5304 exploratores
2997 5251 3111 5286 cum
3139 5251 3263 5304 pace
3293 5234 3480 5288 (Hebr.
3519 5238 3594 5303 xi)
3651 5235 3811 5302 Fide,

2216 5304 2409 5372 inquit,
2443 5321 2547 5357 non
2580 5306 2859 5359 mendacio
2892 5321 2907 5358 :
2939 5314 2993 5358 et
3025 5306 3128 5359 ltde
3165 5320 3266 5358 n0n
3297 5308 3417 5360 licta
3448 5321 3536 5360 aut
3569 5320 3811 5373 ttlttrlllri,

2216 5379 2310 5428 sed
2354 5381 2470 5429 viva
2501 5385 2556 5429 et
2586 5391 2682 5444 per
2712 5377 3028 5429 charttatem
3067 5389 3358 5441 operante,
3393 5389 3447 5430 ut
3481 5378 3708 5445 extillent
3743 5379 3811 5435 Β.

2216 5447 2448 5500 Jacobus
2477 5447 2662 5500 dioens
2687 5464 2700 5498 :
2734 5447 2984 5500 Similiter
3006 5460 3050 5500 et
3075 5446 3219 5501 Raab
3246 5450 3513 5512 meretrix,
3553 5466 3720 5503 nonne
3749 5466 3816 5504 ex

2217 5516 2457 5581 operibus
2489 5518 2775 5588 iustiﬁcata
2811 5532 2884 5570 est
2923 5519 3203 5588 suscipiens
3249 5521 3458 5573 nuntios
3484 5531 3531 5573 et
3576 5523 3681 5573 alia
3726 5523 3816 5575 cia

2218 5589 2424 5660 ejiciens
2455 5586 2658 5655 (Jacob.
2691 5604 2723 5642 ιι
2749 5600 2762 5654 )
2794 5590 2816 5642 ?
2856 5589 3024 5643 Dalila
3055 5586 3186 5644 vero
3225 5590 3502 5645 Samsonis
3537 5606 3674 5645 uxor
3702 5609 3812 5647 non

2218 5662 2289 5711 ob
2318 5661 2565 5713 veritatis
2607 5661 3028 5727 conlessiouem,
3059 5662 3152 5716 sed
3184 5662 3254 5714 ob
3292 5663 3635 5730 perlidiOsam
3677 5679 3804 5718 coti-

2215 5730 2357 5801 jugts
2389 5733 2745 5799 proditionem
2779 5735 2838 5806 in,
2867 5748 3055 5806 inattus
3093 5734 3344 5799 hostium,
3380 5745 3663 5802 peccatum
3694 5750 3822 5806 per-

2221 5814 2396 5874 petua:
2423 5805 2611 5858 mortis
2643 5805 2872 5860 incurrit
2900 5801 3103 5879 (Jua‘ic.
3139 5811 3277 5878 xw).
