4072 6324
309 221 448 279 {065

1335 217 1676 278 COLLATIO
1715 218 1882 277 XVII.
1915 248 1983 265 ο·-
2016 221 2102 276 DE
2143 217 2576 282 DEFINIENDO.

3466 236 3606 297 1066

307 335 660 404 abluendam,
693 341 749 392 et
780 331 925 391 velut
953 333 1274 392 nubeculam
1305 336 1592 408 quamdam
1619 336 1748 391 ﬂatu
1781 336 1903 406 Spi-
1931 339 1978 399 Α
2007 338 2261 409 pingebat
2292 339 2343 394 in
2381 341 2580 396 ostium
2612 348 2806 411 portae,
2837 341 3256 416 dcﬂuebantqne
3279 349 3463 408 saliva:
3485 353 3605 424 ejus

307 433 447 486 ritus
461 430 637 486 sancti
654 429 915 485 velociter
928 429 1341 497 absumendam,
1360 438 1520 501 atque
1535 429 1786 484 uberiora
1803 428 1904 483 sibi

311 539 407 592 per
431 524 571 578 lianc
607 521 986 578 all'ectaticiam
1013 523 1414 579 simulationem
1439 538 1599 593 quam
1632 538 1728 592 per
1756 522 1904 577 illam

310 615 609 684 ingenitam
628 614 932 680 veritatem,
959 615 1274 670 meritorum
1305 615 1525 685 prazmia
1553 614 1903 671 conferenda.

879 705 1110 763 CAPUT
1151 706 1331 763 XVIII.

313 800 572 872 Objectio,
601 801 738 872 quod
779 801 860 854 illi
899 809 1101 872 tantum
1131 800 1343 867 impune
1378 801 1646 856 mendacio
1675 802 1756 856 usi
1782 803 1907 867 sint,

798 871 888 942 qui
909 871 1002 925 sub
1028 871 1139 942 lege
1166 873 1424 926 vixerunt.

383 986 689 1042 Germanus
721 1001 736 1039 :
767 982 885 1039 Non
918 983 1112 1039 mirum
1142 993 1230 1039 est
1260 984 1357 1040 has
1379 983 1811 1057 dispensationes
1857 986 1909 1040 in

313 1082 485 1137 veleri
527 1081 909 1146 Testamento,
960 1079 1213 1135 licentius
1249 1089 1565 1149 usurpatas,
1609 1096 1671 1136 ac
1701 1089 1728 1118 ⁸
1777 1095 1914 1134 non-

315 1188 609 1244 numquam
635 1174 780 1228 viros
811 1180 1028 1228 sanctos
1059 1173 1400 1228 veniabiliter
1431 1172 1600 1229 fuisse
1631 1173 1909 1240 mentitos,

313 1263 342 1304 δ
389 1281 516 1321 cum
550 1266 720 1320 multo
752 1265 957 1334 majora
989 1265 1067 1319 eis
1107 1281 1208 1334 pro
1247 1274 1550 1336 temporum
1590 1266 1914 1320 rudimentis

314 1360 538 1414 licuisse
564 1359 866 1413 videamus.
897 1356 1007 1412 Cur
1034 1358 1177 1412 enim
1205 1357 1402 1412 mirum
1435 1357 1526 1422 sit,
1556 1358 1698 1428 quod
1728 1358 1914 1413 beatus

317 1451 488 1506 David
522 1450 736 1520 fugiens
785 1449 1024 1516 Saulem,
1059 1449 1398 1520 percontanti
1429 1449 1778 1504 Acbimeleclt
1829 1463 1916 1503 sa-

314 1542 524 1598 cerdmi
571 1550 732 1612 atque
775 1541 974 1596 dicenti
1003 1558 1015 1594 :
1063 1541 1237 1607 Quare
1266 1549 1320 1594 tu
1348 1541 1511 1606 solus,
1557 1549 1604 1596 et
1636 1540 1815 1594 nullus
1841 1548 1917 1593 est

315 1635 523 1688 tecum?
551 1633 624 1687 ita
653 1617 968 1701 respondit:
1001 1631 1134 1698 Rex,
1169 1632 1362 1701 inquit,
1394 1633 1639 1702 prtccepit
1658 1631 1787 1685 mihi
1813 1649 1919 1686 ser—

2009 430 2062 485 in
2111 431 2332 487 barbam
2384 451 2396 486 :
2440 449 2562 488 cum
2603 433 2762 489 etiam
2799 450 3029 491 uxorum
3077 439 3607 517 concubinarumque

2008 525 2262 594 gregibus
2298 525 2453 582 licito
2481 526 2833 596 fruerentur,
2875 545 2976 585 nec
3001 531 3165 587 ullum
3195 534 3276 588 eis
3314 535 3610 606 imputare-
3659 545 3673 604 ῖς

2010 621 2098 669 tur
2124 631 2194 670 ex
2221 615 2320 671 bac
2344 624 2498 687 parte
2521 627 2834 688 peccatum;
2868 621 3086 692 insuper
3113 633 3134 662 ο
3161 625 3324 680 etiam
3357 629 3607 684 inimico-
3666 673 3674 686 ,.

2012 721 2131 760 rum
2163 708 2481 777 sanguinem
2538 712 2753 780 propria
2806 728 2968 768 manu
3010 715 3323 786 frequenter
3363 720 3606 778 effunde-

2013 811 2156 866 rent,
2189 801 2348 870 idque
2396 818 2501 858 non
2530 805 2705 860 solum
2758 821 2865 861 non
2911 799 3364 882 repreh’ensibile,
3416 831 3605 872 verum

2014 895 2176 950 etiam
2206 895 2477 952 laudabile
2505 899 2839 955 crederetur.
2869 901 3001 967 Qua:
3023 904 3094 957 ita
3119 920 3280 970 nunc,
3313 907 3610 977 Evangelio

2015 999 2354 1056 coruscante,
2403 990 2648 1049 videmus
2679 995 3006 1051 omnimodis
3052 999 3371 1066 interdicta,
3403 1010 3462 1055 ut
3490 1003 3608 1058 sine

2013 1083 2218 1154 ingenti
2264 1084 2490 1141 crimine
2515 1099 2576 1139 ac
2618 1089 2901 1158 sacrilegio
2952 1092 3143 1147 borum
3177 1093 3466 1163 quidquam
3501 1112 3610 1152 non

2017 1175 2191 1246 possit
2222 1175 2454 1234 admitti.
2506 1178 2973 1243 Quemadmodum
3007 1200 3108 1239 nec
3146 1187 3488 1242 mendacium
3521 1190 3608 1243 ul-

2017 1266 2151 1332 lum,
2199 1268 2498 1337 quamlibet
2545 1270 2634 1340 pio
2673 1273 2853 1327 colore
2903 1283 3236 1343 contectum,
3271 1294 3376 1334 non
3434 1280 3610 1336 dicam

2016 1359 2404 1430 probabiliter,
2442 1361 2534 1416 sed
2569 1377 2670 1418 nec
2698 1366 3044 1422 veniabilitcr
3073 1385 3102 1423 a
3134 1386 3406 1442 quoquam
3435 1374 3616 1430 credi-

2020 1468 2141 1505 mus
2173 1454 2445 1522 usurpari,
2470 1454 2685 1510 dicente
2721 1456 2985 1512 Domino:
3021 1459 3102 1513 Sit
3135 1479 3298 1516 sermo
3329 1473 3513 1534 vester,
3539 1477 3614 1521 est

2021 1553 2116 1612 est,
2156 1563 2255 1600 non
2281 1564 2414 1613 non;
2436 1548 2574 1616 quod
2604 1558 2778 1603 autent
2805 1552 2882 1604 his
2905 1552 3251 1610 abundantius
3279 1567 3383 1625 est,
3417 1577 3448 1613 a
3473 1560 3612 1615 malo

2019 1646 2093 1691 est
2145 1637 2363 1708 (Matth.
2419 1644 2473 1708 v)
2522 1656 2534 1698 :
2581 1640 2843 1712 Apostolo
2883 1660 3098 1714 quoque
3150 1648 3201 1702 in
3237 1651 3426 1706 eadem
3475 1668 3612 1709 con-

313 1741 516 1779 manem
535 1766 550 1792 ,
578 1733 624 1779 et
655 1725 786 1778 dixit
818 1740 837 1778 :
869 1723 1036 1778 Nemo
1065 1725 1192 1779 sciat
1225 1741 1331 1778 rem
1364 1734 1574 1794 propter
1611 1741 1765 1796 quant
1793 1725 1916 1778 mis-
1943 1730 1990 1790 Β
2017 1743 2266 1802 gruente,
2302 1732 2478 1788 Nolite
2508 1737 2716 1790 mentiri
2745 1738 2963 1792 invicem
2985 1739 3184 1811 (Colos.
3214 1745 3312 1813 ιη).

314 1836 403 1872 sus
429 1836 482 1872 es
516 1835 533 1872 :
565 1835 687 1871 nam
717 1825 764 1873 et
787 1819 964 1884 pueris
996 1819 1202 1873 condixi
1228 1819 1281 1872 in
1304 1819 1478 1883 illum,
1508 1827 1555 1873 et
1584 1820 1635 1872 in
1657 1819 1808 1873 illum
1839 1819 1915 1872 lo-

316 1929 434 1965 cum
459 1911 501 1982 (I
533 1911 661 1983 Reg.
695 1911 833 1981 1m).
865 1911 930 1966 Et
961 1911 1154 1965 iterum
1184 1929 1194 1963 :
1227 1911 1287 1966 Si
1317 1912 1471 1966 habes
1500 1912 1586 1966 hic
1608 1912 1676 1965 ad
1707 1929 1915 1966 manum

317 2007 518 2058 hastam
547 2014 634 2057 aut
661 2004 918 2074 gladium,
950 2004 1072 2073 quia
1101 2003 1332 2074 gladium
1358 2020 1526 2058 meum
1555 2013 1603 2058 et
1632 2015 1775 2058 arma
1803 2021 1915 2060 mea

318 2115 420 2152 non
459 2098 554 2151 tuli
593 2113 792 2151 mecum
836 2095 1056 2166 (Ibid.);
1089 2110 1272 2151 sermo
1309 2096 1454 2151 enim
1495 2096 1638 2166 regis
1667 2098 1910 2166 urgebat.

319 2191 416 2246 Vel
451 2189 582 2245 illud
615 2208 626 2243 :
652 2189 787 2245 Cum
820 2190 1110 2258 perductus
1139 2188 1206 2244 ad
1236 2189 1402 2246 Achis
1432 2204 1613 2260 regem
1636 2190 1798 2259 Geth,
1831 2195 1912 2246 in-

317 2299 512 2339 sanum
537 2299 595 2338 se
618 2284 988 2354 furiosumque
1013 2282 1304 2349 simulavit,
1330 2298 1394 2338 ac
1419 2283 1645 2338 mutavit
1669 2299 1732 2339 os
1755 2300 1910 2340 suum

315 2391 500 2432 coram
533 2376 642 2444 eis,
673 2386 727 2431 et
757 2375 1130 2432 collabebatur
1177 2376 1228 2431 in
1270 2391 1462 2430 manus
1491 2391 1678 2432 eorum
1710 2384 1766 2432 et
1795 2377 1912 2432 im-

2608 1850 2833 1907 CAPUT
2874 1853 3017 1908 XIX.

2019 1939 2305 2016 Responsio
2330 1943 2560 2016 eo‘quod
2591 1943 2797 2016 lice_ntia
2824 1949 3109 2011 mendacii,
3135 1966 3250 2016 qua:
3281 1968 3344 2004 ne
3378 1954 3427 2007 in
3457 1959 3615 2010 veteri

2089 2014 2294 2082 quidem
2322 2012 2526 2066 indulta
2556 2022 2629 2068 est
2660 2012 3008 2082 Testamento,
3036 2012 3353 2076 veniabiliter
3378 2042 3409 2078 a
3437 2027 3615 2081 multis

2089 2083 2244 2152 fuerit
2271 2094 2547 2154 usurpata.

2089 2195 2290 2265 .loseph
2342 2213 2355 2250 :
2411 2193 2437 2233 ά
2507 2196 2743 2254 Uxorum
2799 2201 3017 2271 quidem
3082 2206 3612 2282 concubinarumque

2019 2287 2308 2342 multarum
2338 2288 2429 2343 illa
2461 2289 2708 2357 libertas,
2737 2294 2971 2348 instante
3009 2297 3120 2364 jam
3169 2308 3472 2367 temporum
3508 2305 3615 2360 fine

2017 2386 2072 2433 et
2094 2378 2546 2449 multiplicatione
2569 2383 2817 2438 humana:
2843 2389 3212 2456 generationis
3234 2393 3466 2462 expleta,
3503 2413 3610 2452 non

1397 2505 1658 2563 ALARDI
1698 2507 1928 2564 GAZ/EI
1965 2507 2528 2572 COMMENTARIUS.

391 2613 416 2642 α
450 2603 603 2659 Circa
635 2603 779 2658 lumc
806 2601 981 2656 locum
1023 2601 1256 2655 notanda
1287 2601 1437 2656 venit
1469 2601 1680 2670 vulgata
1719 2600 1913 2656 distin-

317 2676 426 2730 ctio
442 2675 706 2730 mendacii
725 2674 792 2728 ab
810 2672 1111 2742 Augustino
1133 2672 1348 2738 tradita,
1365 2673 1416 2726 in
1434 2673 1770 2727 mendacium
1785 2673 1877 2727 olli
1893 2705 1911 2716 -

315 2747 550 2814 ciosum,
578 2746 821 2816 jocosum
852 2755 906 2799 et
935 2743 1337 2816 perniciosum,
1370 2743 1524 2816 cujus
1550 2742 1913 2816 distinctionis

317 2819 371 2872 in
403 2819 504 2872 hac
527 2814 888 2886 disputatione
920 2819 1189 2886 praecipua
1221 2814 1467 2869 habenda
1494 2824 1576 2868 est
1601 2815 1757 2886 ratio.
1783 2815 1913 2870 Offi-

314 2891 526 2944 ciosum
561 2884 789 2953 dicitur,
821 2885 962 2956 quod
1013 2884 1132 2940 sine
1189 2886 1414 2940 alterius
1464 2885 1661 2954 injuria
1711 2885 1770 2940 lit
1815 2901 1912 2956 pro

314 2962 493 3016 Salute
524 2961 605 3015 vel
635 2955 919 3013 commodo
966 2955 1212 3024 alicujus.
1257 2957 1511 3012 Jocosum
1541 3000 1556 3024 ,
1599 2958 1740 3026 quod
1794 2955 1910 3013 scla

316 3031 566 3100 placendi
594 3032 714 3085 sive
757 3027 1058 3084 delectandi
1092 3029 1369 3083 voluntate
1399 3029 1688 3100 profertur.
1722 3027 1912 3083 Perni-

315 3097 550 3167 ciosum,
574 3117 684 3171 quo
704 3115 867 3169 grave
890 3110 1270 3171 nocumentum
1298 3100 1456 3153 alicui
1483 3097 1736 3154 infertur.
1765 3100 1914 3155 Inter

315 3173 436 3228 hzcc
475 3169 660 3227 autem
690 3173 791 3227 tria
823 3169 1226 3225 mendaciorum
1255 3185 1477 3239 genera,
1524 3172 1696 3224 solum
1733 3173 1916 3240 perni-

313 3247 526 3298 ciosum
555 3259 756 3312 genere
783 3258 882 3296 suo
913 3241 1253 3312 tnortilerum
1285 3255 1429 3303 esse,
1456 3241 1543 3312 vel
1569 3255 1634 3294 ex
1670 3243 1782 3311 ipsa
1811 3259 1909 3296 no-

315 3316 481 3370 minis
511 3311 636 3370 ηοω
664 3319 876 3369 constat
904 3330 915 3366 :
945 3311 1191 3381 jocosum
1225 3325 1374 3381 vero,
1407 3311 1550 3381 quod
1583 3313 1786 3367 nemini
1815 3328 1913 3368 no-

314 3398 431 3452 cct;
475 3395 532 3441 et
564 3385 883 3450 officiosum,
924 3384 1065 3449 quod
1110 3385 1274 3438 etiam
1310 3384 1527 3450 prodest
1571 3383 1750 3449 alicui,
1804 3399 1910 3439 non

317 3460 420 3512 nisi
452 3457 706 3512 veniaiia.
741 3456 877 3512 Hinc
918 3453 981 3508 D.
1023 3455 1358 3525 Augustinus
1393 3453 1634 3525 (Enchir.
1676 3470 1723 3508 ε.
1774 3457 1909 3525 xxn)

313 3531 370 3583 in
404 3531 744 3597 expositione
776 3525 967 3597 psalmi
998 3522 1168 3594 quinti
1212 3543 1225 3579 ε
1259 3522 1380 3597 Duo
1404 3522 1548 3588 sunt,
1580 3522 1774 3595 inquit,
1809 3522 1913 3579 om?-

311 3603 437 3654 nino
461 3596 846 3653 mendaciorum
876 3612 1087 3670 genera,
1118 3597 1169 3649 in
1198 3596 1380 3670 quibus
1409 3612 1509 3648 non
1536 3611 1725 3670 magna
1753 3597 1911 3664 culpa

309 3682 422 3735 est;
450 3672 540 3724 sed
567 3679 735 3723 tamen
765 3668 1008 3723 non'sunt
1036 3675 1146 3719 sine
1167 3668 1319 3737 culpa
1351 3681 1368 3719 :
1397 3682 1511 3719 cum
1541 3678 1628 3720 aut
1643 3668 1906 3737 jocamur,

311 3753 404 3796 aut
448 3751 505 3795 ut
539 3742 792 3809 prosimus
834 3739 1104 3809 proximis,
1147 3740 1443 3791 mentimur.
1479 3738 1543 3809 Et
1591 3737 1720 3792 alibi
1768 3738 1908 3809 (Lib.

311 3823 456 3866 cont.
502 3808 684 3866 Mend.
717 3829 764 3865 c.
795 3808 870 3879 9),
907 3809 974 3864 de
1003 3809 1243 3863 officioso
1281 3808 1563 3862 mendacio
1592 3808 1910 3879 disputatio-

312 3901 439 3940 item
480 3879 854 3938 concludens:
899 3879 1176 3934 Peccatum
1206 3895 1326 3950 ergo
1356 3889 1449 3943 est,
1483 3880 1675 3950 inquit,
1710 3881 1798 3934 sed
1828 3897 1910 3935 ve-

310 3958 472 4019 niale,
495 3955 639 4026 quod
666 3953 1270 4026 benevolentia_excus_at.
1300 3951 1470 4026 Porro
1497 3952 1565 4026 de
1598 3951 1906 4026 hujusmodi

307 4021 632 4094 mendaciis,
680 4041 798 4096 qua:
845 4021 1072 4096 subinde
1102 4022 1233 4076 viris
1279 4025 1480 4076 sanctis
1527 4024 1599 4096 ίῐ]⁸
1629 4023 1907 4091 Scriptura

309 4093 1033 4166 ascribuntur,'gencratim_
1057 4094 1126 4146 ita
1161 4097 1512 4166 pronuntiat:
1547 4093 1676 4148 ch
1701 4099 1908 4162 quando

307 4171 364 4222 in
391 4169 681 4241 Scripturis
711 4164 897 4241 sanctis
935 4164 1170 4241 legimus,
1202 4181 1304 4218 non
1333 4164 1452 4218 ideo
1478 4166 1600 4241 quia
1631 4167 1771 4235 facta
1799 4182 1909 4219 cre-

309 4235 523 4305 dimus,
571 4241 724 4293 etiam
751 4235 995 4308 facienda
1033 4236 1324 4298 credamus,
1372 4253 1436 4308 ne
1466 4236 1723 4308 uiolentus
1767 4253 1906 4308 pra:-

308 4323 486 4379 cepta,
520 4311 644 4364 dum
675 4305 868 4380 passim
893 4315 1146 4362 sectamur
1175 4306 1433 4378 exempla.
1465 4307 1539 4380 Et
1562 4306 1740 4380 infra:
1769 4305 1905 4380 cort-

306 4378 414 4436 stat
465 4383 604 4452 quod
650 4378 750 4435 non
790 4381 962 4433 omnia
1003 4393 1181 4452 qutc‘a
1228 4380 1418 4452 sanctis
1463 4379 1540 4431 vel
1584 4378 1744 4452 justis
1784 4378 1904 4452 viris

307 4447 529 4524 legimus
557 4453 723 4521 facta,
749 4447 1029 4524 transl‘erré
1059 4447 1294 4503 debemus
1317 4449 1370 4501 in
1402 4465 1568 4524 mores
1586 4447 1610 4502 V:
1636 4449 1724 4501 sed
1745 4449 1901 4501 etiam

306 4520 432 4576 hinc
453 4520 670 4591 discere,
713 4538 867 4591 quam
895 4522 1000 4574 late
1028 4529 1220 4591 pateat,
1266 4528 1316 4573 et
1342 4520 1410 4571 ad
1439 4536 1566 4590 quos
1595 4535 1754 4581 usque
1785 4537 1902 4588 per-

304 4595 481 4647 veniat
507 4587 944 4663 quod-Apostolus
971 4587 1042 4644 ait
1076 4607 1094 4644 :
1125 4587 1361 4663 lf’ratres,
1390 4587 1519 4644 et'si
1571 4587 1902 4663 prazoccupa-

305 4674 392 4718 tus
420 4661 577 4734 fuerit
621 4665 772 4718 homo
819 4664 874 4716 in
914 4663 1088 4734 aliqua
1129 4661 1358 4734 delicto,
1399 4677 1484 4715 vos
1524 4661 1902 4734 quispiritales

303 4730 449 4800 estis,
475 4737 712 4790 instruite
732 4730 1031 4805 huiusmodi
1052 4733 1103 4786 in
1125 4731 1556 4805 spiritulenitatis
1579 4730 1776 4805 (Galat.
1803 4734 1900 4801 vr).

381 4805 408 4845 δ
444 4807 669 4861 Videtur
700 4802 1130 4862 hic—Germanus
1154 4802 1516 4857 existimasse
1562 4802 1898 4858 mendacium

301 4878 362 4932 in
396 4879 566 4933 veteri
599 4877 715 4948 lege
745 4875 914 4931 fuisse
944 4875 1287 4948 permissum2
1318 4874 1552 4948 perinde
1580 4890 1646 4948 _a_c
1677 4875 1898 4948 polyga-

300 4949 502 5014 miam;
553 4943 696 5018 quod
740 4943 988 5018 sequenti
1031 4961 1151 5012 cap.
1190 4943 1494 5018 refellitur,
1541 4944 1632 5000 ubi
1663 4943 1897 5018 Adicitur,

299 5019 448 5089 quod
481 5015 784 5090 polygamia
817 5015 940 5072 tunc
973 5015 1234 5090 temporis
1266 5017 1437 5090 potuit
1468 5030 1601 5090 esse
1631 5015 1750 5090 sine
1777 5032 1901 5090 pec-

297 5085 446 5158 cato,
477 5085 814 5146 mendacium
843 5103 948 5143 non
976 5087 1127 5142 item.
1154 5085 1324 5140 Porro
1345 5086 1413 5141 de
1444 5087 1725 5142 mendacio
1751 5085 1802 5142 et
1825 5088 1900 5142 si-

297 5157 602 5218 mulatione
629 5161 847 5215 Davidis
875 5175 980 5214 non
1016 5159 1227 5214 videtur
1259 5157 1345 5212 hic
1373 5158 1753 5224 laborandum,
1777 5173 1900 5214 cum

295 5235 449 5288 nulla
485 5237 626 5288 ratio
661 5240 917 5302 appareat
939 5246 1060 5285 eum
1088 5245 1116 5284 a
1149 5228 1430 5284 mendacio
1457 5227 1701 5286 officioso
1731 5238 1781 5284 et
1807 5245 1899 5302 ve-

295 5305 433 5358 niali
480 5300 774 5360 excusandi
827 5321 839 5354 :
876 5302 1171 5370 prmsertim
1205 5315 1327 5355 cum
1376 5301 1620 5369 sequenti
1654 5315 1773 5369 cap.
1819 5300 1900 5355 fa-

295 5385 485 5430 teatur
515 5376 602 5430 hic
625 5375 794 5430 abbas
839 5373 1098 5427 Davidem
1128 5370 1476 5427 veniabiliter
1511 5371 1676 5425 fuisse
1709 5373 1905 5426 menti-

297 5455 445 5510 tum.
476 5458 534 5501 ut
583 5461 644 5502 se
673 5445 740 5500 ab
781 5444 977 5512 injusta
1017 5442 1193 5497 Saulis
1226 5443 1605 5512 persecutione
1642 5441 1900 5499 salvaret.

292 5518 538 5574 Excusat
563 5517 780 5588 quidem
809 5514 1147 5588 aliquatenus
1180 5513 1242 5588 β.
1269 5512 1504 5588 Thomas
1534 5512 1742 5588 (2:2,(1.
1775 5514 1899 5588 1H,

292 5599 406 5642 art.
440 5589 466 5643 1
499 5584 625 5643 σά]
658 5587 711 5658 ),
760 5585 902 5658 quod
943 5585 1045 5658 illa
1088 5585 1233 5658 fictio
1284 5585 1399 5640 sive
1449 5584 1718 5658 simulatio
1762 5586 1902 5658 apud

293 5675 487 5727 regem
539 5655 704 5714 Achis
752 5655 992 5728 ﬁguratis
1023 5655 1213 5728 fuerit;
1265 5670 1424 5724 quam
1469 5655 1697 5726 figuram
1730 5656 1901 5725 expli-

293 5742 388 5790 cat
418 5731 478 5787 D.
510 5727 843 5797 Augustinus
873 5729 926 5782 in
955 5727 1221 5796 psalmum
1252 5742 1416 5794 xxxi;
1449 5737 1503 5783 at
1527 5736 1676 5783 certe
1707 5727 1901 5796 figura-

585 5825 864 5896 ΡΑτιιοι..
905 5810 1140 5882 XLIX.
1214 5817 1219 5825 ’

2019 2605 2473 2691 tivasigniticatio
2508 2609 2776 2666 mendacii
2806 2622 2989 2670 notam
3018 2631 3126 2673 non
3160 2622 3426 2691 excludit,
3462 2636 3517 2681 tit
3543 2641 3610 2684 ex

2016 2675 2175 2730 dictis
2206 2687 2369 2744 patet.

2091 2748 2413 2840 :Quodkbli'c
2441 2750 2542 2805 sibi
2571 2752 2702 2807 vclit
2732 2755 3067 2840 ‘Germanus,
3115 2777 3236 2840 non
3256 2765 3388 2821 satis
3431 2770 3607 2840 capio.

2015 2816 2147 2901 Plain
2194 2829 2248 2901 et
2282 2820 2656 2901 bella_ger_cre
2695 2834 2750 2880 et
2796 2816 3110 2896 sanguinem
3166 2816 3607 2897 intutié'éruui'in

2015 2887 2354 2982 Prelio-justo
2390 2887 2669 2982 effundere
2717 2911 2826 2982 non
2873 2887 3052 2982 minus
3100 2887 3610 2982 licituntqsubnlege

2016 2959 2531 3045 Evangelica‘quam
2583 2966 2696 3045 sub.
2717 2967 2831 3036 lege
2863 2973 3047 3045 veteri.
3103 2975 3250 3030 Alias
3294 2959 3465 3044 vero",

2016 3036 2222 3120 privata
2244 3036 2586 3120 auctoritate,
2613 3036 2699 3120 vel
2725 3041 2938 3108 propria
2963 3047 3268 3120 temeritate
3291 3036 3608 3120 sanguinein

2018 3101 2310 3183 humanum
2344 3105 2589 3171 fundere,
2621 3101 2780 3183 etiam
2810 3101 2932 3183 ante
2963 3113 3133 3183 legem
3161 3101 3610 3180 veterrima—atde:

2017 3175 2280 3260 ealogu'm.
2300 3191 2558 3260 espresse
2584 3180 2813 3260 vetitum
2842 3181 2942 3236 fuit
2971 3175 3197 3242 GEnesis
3225 3205 3279 3244 rx
3313 3210 3325 3243 :
3361 3175 3610 3260 Quicum-

2015 3260 2112 3339 q'ue
2138 3247 2380 3339 e/i'ritberit
2409 3251 2712 3332 sanguinein
2747 3251 3023 3339 humanum
3052 3297 3066 3316 ,
3117 3247 3610 3339 fundeturwsanquis

2013 3314 2292 3403 illius.'Ad
2320 3314 2596 3403 ima-quiem
2623 3322 2812 3403 quippe
2837 3321 2935 3376 Dei
2959 3314 3128 3403 factus
3154 3342 3228 3382 cst
3247 3314 3608 3403 lzornolvbattoid

2014 3387 2059 3471 si
2090 3387 2159 3439 ad
2191 3387 2360 3456 legem
2385 3387 2536 3471 illam
2581 3387 2798 3446 talionis
2823 3387 3064 3471 respicit,
3097 3416 3214 3468 qua:
3235 3387 3609 3471 jubebat‘ocu:

2015 3458 2252 3542 tumlpro‘
2278 3460 2449 3542 oculo,
2478 3460 2680 3542 deutem
2714 3479 2807 3529 pro
2835 3458 3006 3542 dente,
3044 3458 3255 3542 vulnus.
3271 3489 3366 3542 pro
3397 3458 3608 3534 vulnere

2012 3527 2162 3609 reddi
2183 3527 2512 3609 (Exo_d._xn,
2540 3527 2867 3609 Levitdpuv,
2892 3527 3086 3609 blalfh.
3109 3539 3193 3609 v),
3226 3527 3603 3603 constat

2013 3596 2486 3677 legem‘judicibus
2514 3609 2570 3677 et
2611 3596 3009 3677 magistratibus
3046 3596 3225 3663 datam

2011 3669 2192 3755 gulam
2241 3686 2400 3739 quam
2432 3672 2486 3724 in
2527 3671 2748 3755 judiciis
2787 3681 3112 3755 exercendis
3156 3691 3210 3755 et
3257 3669 3478 3740 delictis
3508 3669 3606 3755 pu-

2014 3741 2226 3818 niendis
2250 3752 2632 3818 sequerentur,
2665 3759 2770 3797 non
2803 3758 2978 3818 autem
3013 3752 3228 3818 privatis
3258 3741 3568 3816 hominibus

2011 3812 2204 3899 quibus
2235 3807 2422 3868 contra
2469 3807 2670 3867 dictum
2713 3827 2808 3899 est.
2838 3807 3133 3899 [aevitfxtx
3181 3841 3192 3875 :

2011 3883 2257 3958 ultiouem
2277 3924 2291 3948 ,
2325 3901 2416 3958 nec
2442 3900 2639 3937 memor
2661 3885 2762 3939 eris
2790 3888 2997 3958 injuria:
3017 3895 3204 3948 civium
3233 3883 3455 3953 tuorum.

2081 3949 2108 3989 ά
2157 3953 2737 4041 PLuralitas‘uxorum
2787 3949 2946 4013 simul
3003 3972 3058 4017 et
3113 3949 3601 4041 eodemtempore

2011 4039 2167 4110 quam
2194 4025 2376 4110 Franci
2404 4026 2759 4110 polvgatttia.m
2787 4042 3004 4110 vorant,
3027 4040 3271 4110 quamvis
3300 4055 3399 4095 nec
3422 4025 3601 4110 pér'éé

2009 4096 2260 4177 Optanda.
2281 4112 2383 4152 nec
2397 4096 3312 4177 perlectiouietprimteinslitutioni
3333 4096 3602 4170 mairiiuo:

2010 4172 2084 4219 nii
2113 4178 2473 4246 consentanea
2497 4179 2643 4246 esset
2661 4172 2826 4240 (unde
2846 4174 3038 4229 merito
3057 4179 3470 4246 l't'pl‘CIlClltIIIttl'
3495 4186 3601 4241 La-

2010 4238 2167 4292 meclt
2187 4238 2463 4320 (C_en._rv),
2483 4241 2572 4320 qui
2602 4238 2805 4309 prunus
2831 4259 2947 4298 cam
2966 4238 3201 4320 invenit,
3222 4255 3436 4320 quando
3464 4238 3597 4313 duas

2011 4323 2208 4382 uxores
2236 4311 2412 4375 duxit,
2441 4313 2525 4366 vel
2554 4328 2711 4366 uuam
2733 4331 2935 4369 carnem
2957 4319 3008 4370 in
3032 4318 3160 4372 duas
3185 4311 3357 4376 divisit
3386 4342 3569 4382 uxores

2013 4379 2086 4466 ait
2205 4371 2609 4466 [Ποῖ-«με’γηιυε),
2635 4395 2764 4466 pust_
2781 4386 3042 4442 diluvium
3076 4371 3595 4466 tauiéiﬁti"ﬁliﬁéi

2009 4461 2190 4536 esseut
2222 4454 2498 4534 homines,
2529 4455 2718 4536 et‘vita
2751 4454 3233 4536 IlltlllanzlulllllIlllm
3260 4454 3592 4536 abbreviata,

2005 4537 2070 4606 c_x
2125 4521 2526 4606 dispensatione
2574 4523 2755 4578 divina
2809 4527 2908 4606 fuit
2960 4529 3055 4606 illa
3105 4532 3186 4586 lcx
3236 4521 3594 4606 monoganiiie'

2003 4592 2257 4659 abrogata
2283 4602 2376 4648 aut
2398 4595 2663 4667 relaxata;
2710 4605 2766 4650 et
2792 4598 3090 4667 polygamia
3127 4592 3436 4662 hominibus
3465 4592 3596 4665 cro—ni-

2004 4677 2177 4743 cessa,
2211 4675 2319 4718 tum
2347 4665 2412 4743 ad
2438 4665 2939 4743 mttltiplica_tion_em
2959 4674 3176 4738 generis
3203 4677 3445 4743 humani,
3481 4691 3594 4736 ιηη,

2005 4734 2070 4815 ad
2100 4735 2541 4820 propagationent
2584 4737 2762 4820 populi
2796 4734 3046 4820 fidelis'ct
3071 4747 3249 4820 cultus
3280 4734 3470 4816 divini,
3500 4734 3589 4820 qui

2005 4807 2057 4885 in
2095 4807 2206 4860 sola
2226 4807 2728 4885 fantilianAbrabae,
2752 4823 2823 4885 ac
2847 4811 3040 4885 deinde
3069 4814 3120 4867 in
3154 4821 3353 4885 populo
3379 4807 3592 4878 Israeli-

2003 4874 2113 4930 tico
2136 4875 2382 4954 residuus
2405 4878 2520 4954 fuit.
2554 4877 2708 4954 Unde
2726 4880 3003 4954 AAbrabam
3039 4874 3391 4954 tres'uvorcs,
3413 4874 3592 4950 dacto-li

2005 4955 2272 5030 quarunt”
2293 4949 2465 5030 David
2489 4949 2659 5003 multo
2689 4950 2869 5017 plures
2898 4951 3152 5030 habuisse
3181 4949 3397 5026 legitur.
3433 4949 3587 5030 Quod

2004 5018 2308 5092 autenrltic
2340 5019 2538 5074 dicitur
2570 5035 2795 5075 uxorum
2827 5031 2880 5077 et
2909 5018 3334 5084 concubinarinm
3369 5018 3590 5092 libertas

2004 5090 2625 5173 antiquituspermissa,
2673 5094 3286 5173 non_sic_accipie_ndum
3327 5115 3408 5157 est
3437 5090 3589 5173 quasi

2005 5161 2138 5240 viris
2159 5161 2359 5240 sanctis
2373 5177 2424 5217 et
2445 5162 2767 5240 patriarchis
2783 5165 2980 5240 fuerint
3007 5161 3225 5236 pelliccs
3242 5182 3294 5226 et
3311 5161 3510 5240 scorta,
3533 5161 3593 5232 ut

2006 5230 2242 5315 hazretici
2266 5230 2690 5314 calumniantur,
2711 5235 2802 5289 sed
2825 5236 2876 5289 in
2896 5236 2986 5290 illa
3008 5230 3315 5315 pluralitate
3337 5230 3587 5315 uxorum,

2005 5311 2126 5383 post
2145 5304 2449 5371 primariam
2465 5320 2711 5383 uxorem,
2731 5321 2886 5360 unam
2901 5304 3248 5383 autalteram,
3263 5330 3383 5383 qua:
3400 5332 3504 5372 non
3520 5304 3589 5374 ad

2007 5373 2109 5446 tori
2128 5383 2362 5441 tantum,
2387 5377 2480 5431 sed
2506 5374 2573 5429 ad
2599 5376 2858 5430 bonorum
2889 5381 3128 5434 omnium
3149 5373 3589 5446 comntuniouem

2006 5443 2412 5518 admittebatur,
2459 5446 2772 5502 concubinae
2814 5448 3134 5507 dicebantur
3172 5443 3591 5518 secundarimiet

2006 5515 2310 5598 inferiores,
2331 5532 2653 5601 quamquam
2675 5529 2884 5601 verte‘et
2906 5521 3154 5591 legitima:
3172 5528 3450 5597 conjuges,
3467 5515 3591 5601 qua:

2008 5587 2314 5668 promiscue
2331 5603 2527 5668 uxores
2550 5589 2632 5668 χοι
2651 5587 3386 5668 ςοιιουὴίηωίη-υηουρξιηἰυῖε
3403 5587 3590 5668 quem;

2006 5658 2295 5712 admodum
2315 5660 2457 5727 Agar
2477 5666 2531 5714 et
2550 5659 2784 5714 Cethura
2803 5665 3117 5718 concubina:
3141 5658 3370 5724 Abrahae
3394 5658 3589 5728 v'ocan-

2006 5737 2097 5784 tttr
2120 5728 2314 5785 Genes.
2340 5745 2465 5800 xxv,
2493 5740 2547 5786 et
2570 5730 2790 5785 Davidis
2812 5735 3138 5790 concubinas
3166 5738 3391 5810 legimus
3414 5743 3432 5798 I
3454 5743 3586 5819 Reg.

2987 5829 3065 5892 35
